{"host":"k6ilj82p5tklmruc","time":1609355982,"event":{"mods":["Act Like it!","Aspiration","BaseMod","Better Third Choice","Colored Map","Colored Powertips","DeckTracker","Energized Spire","GifTheSpireLib","GungeonMod","Hubris","Infinite Spire","Ironclad Rager","Marked Mod","Mimic Mod","Minty Spire (QoL Compilation)","Relic Filter","Relic Stats","Replay The Spire","Reworked Bosses","Spikes Relics","StSLib"],"gold_per_floor":[119,119,294,311,311,346,346,374,374,404,23,23,23,52,4,32,32,128,128,147,147,158,68,87,87,104,104,127,153,228,228,228,228],"floor_reached":32,"playtime":5284,"items_purged":["Doubt"],"score":437,"play_id":"537d6419-e8fd-4b3a-9e5b-e57c56e6825f","local_time":"20201230201942","daily_mods":["DeadlyEvents","Elite Swarm"],"is_ascension_mode":true,"campfire_choices":[{"floor":7,"key":"REST"},{"data":"infinitespire:Neurotoxin","floor":25,"key":"SMITH"}],"circlet_count":0,"master_deck":["Strike_G","Strike_G","Strike_G","Strike_G+1","Defend_G","Defend_G","Defend_G+1","Defend_G","Defend_G","Survivor","Neutralize","Slice","Corpse Explosion+1","Dodge and Roll","Poison Darts","Venomology","infinitespire:Neurotoxin+1","Backflip","Dodge and Roll","ICR:Paralyse","ICR:Paralyse","Doubt","Escape Plan","Catalyst","hubris:Gluttony","hubris:Gluttony","Corpse Explosion","Corpse Explosion","hubris:Fate"],"relics":["Ring of the Snake","aspiration:HiddenCompartment","Simple Rune","ReplayTheSpireMod:Shallot","infinitespire:Joker Card","DemoMod:GnawedKey","Lantern","hubris:BundleOfHerbs","DemoMod:LamentConfigurum","Replay:Ancient Bell","RollingBoulder","infinitespire:Bottled Soul","Dead Branch","ReplayTheSpireMod:Ring of Challenge","Ring of Hypnosis","Letter Opener","Strawberry","DemoMod:GlassGuonStoneRelic","Garlic","Vajra","Iron Hammer"],"acts_visited":["Exordium","TheCity"],"potions_floor_usage":[4,6,8,8,8,8,8,8,10,16,16,18,18,32],"damage_taken":[{"damage":10,"enemies":"Cultist","floor":1,"turns":4},{"damage":2,"enemies":"Jaw Worm","floor":4,"turns":5},{"damage":27,"enemies":"3 Sentries","floor":6,"turns":6},{"damage":13,"enemies":"Gremlin Nob","floor":8,"turns":3},{"damage":1,"enemies":"Replay:BlueRogue","floor":10,"turns":6},{"damage":4,"enemies":"3 Sentries","floor":14,"turns":3},{"damage":0,"enemies":"Lagavulin","floor":16,"turns":4},{"damage":33,"enemies":"Hexaghost","floor":18,"turns":8},{"damage":0,"enemies":"2 Thieves","floor":20,"turns":2},{"damage":0,"enemies":"Spheric Guardian","floor":22,"turns":2},{"damage":2,"enemies":"Snake Plant","floor":23,"turns":8},{"damage":0,"enemies":"Snecko","floor":24,"turns":5},{"damage":0,"enemies":"Shelled Parasite and Fungi","floor":26,"turns":3},{"damage":3,"enemies":"Slavers","floor":29,"turns":4},{"damage":7,"enemies":"Replay:Snechameleon","floor":30,"turns":4},{"damage":0,"enemies":"Gremlin Leader","floor":32,"turns":3}],"seed_played":"-1069341010186482844","potions_obtained":[{"floor":1,"key":"PowerPotion"},{"floor":5,"key":"EntropicBrew"},{"floor":5,"key":"CultistPotion"},{"floor":5,"key":"EntropicBrew"},{"floor":8,"key":"BlessingOfTheForge"},{"floor":10,"key":"GamblersBrew"},{"floor":18,"key":"Strength Potion"},{"floor":24,"key":"Milkshake"}],"is_trial":true,"path_per_floor":["M","?","?","M","?","E","R","E","T","E","$","PTL","PTL","E","$","E","R_BF","B",null,"M","?","M","M","M","R","M","?","T","E","E","AVR","E"],"character_chosen":"THE_SILENT","items_purchased":["Backflip","DemoMod:GnawedKey","Lantern","Dodge and Roll"],"campfire_rested":1,"item_purchase_floors":[11,11,11,15],"current_hp_per_floor":[60,60,60,58,58,31,52,39,39,38,38,38,38,34,34,34,55,43,70,70,70,70,68,68,68,68,68,75,72,65,65,65,65],"gold":228,"neow_bonus":"","is_daily":false,"chose_seed":false,"campfire_upgraded":1,"win_rate":0.0,"timestamp":1609355982,"path_taken":["M","?","?","M","?","E","R","E","T","E","$","PTL","PTL","?","$","E","R_BF","BOSS","M","?","?","M","M","R","M","?","T","E","?","AVR","E"],"items_purchased_type":["Card","Relic","Relic","Card"],"build_version":"2020-12-22","purchased_purges":1,"victory":false,"max_hp_per_floor":[70,70,70,70,70,70,70,70,70,70,70,70,70,70,70,70,70,70,70,70,70,70,70,70,70,70,70,77,77,77,77,77,77],"relic_stats":{"counters":[16,70],"Dead Branch":[51],"Letter Opener":[45],"obtain_stats":[{"Lantern":11,"Ring of Hypnosis":21,"Dead Branch":19,"Vajra":30,"DemoMod:GlassGuonStoneRelic":1,"infinitespire:Joker Card":10,"Replay:Ancient Bell":19,"Letter Opener":26,"aspiration:HiddenCompartment":6,"ReplayTheSpireMod:Shallot":9,"infinitespire:Bottled Soul":19,"Strawberry":28,"Simple Rune":8,"DemoMod:LamentConfigurum":16,"RollingBoulder":19,"hubris:BundleOfHerbs":14,"Iron Hammer":31,"DemoMod:GnawedKey":11,"Garlic":29,"ReplayTheSpireMod:Ring of Challenge":21,"Ring of the Snake":0},{"Lantern":5,"Ring of Hypnosis":9,"Dead Branch":8,"Vajra":15,"DemoMod:GlassGuonStoneRelic":1,"infinitespire:Joker Card":5,"Replay:Ancient Bell":8,"Letter Opener":13,"aspiration:HiddenCompartment":3,"ReplayTheSpireMod:Shallot":4,"infinitespire:Bottled Soul":8,"Strawberry":13,"Simple Rune":4,"DemoMod:LamentConfigurum":7,"RollingBoulder":8,"hubris:BundleOfHerbs":6,"Iron Hammer":15,"DemoMod:GnawedKey":5,"Garlic":14,"ReplayTheSpireMod:Ring of Challenge":9,"Ring of the Snake":0},{"Lantern":24,"Ring of Hypnosis":41,"Dead Branch":39,"Vajra":67,"DemoMod:GlassGuonStoneRelic":4,"infinitespire:Joker Card":24,"Replay:Ancient Bell":39,"Letter Opener":59,"aspiration:HiddenCompartment":15,"ReplayTheSpireMod:Shallot":18,"infinitespire:Bottled Soul":39,"Strawberry":59,"Simple Rune":18,"DemoMod:LamentConfigurum":31,"RollingBoulder":39,"hubris:BundleOfHerbs":27,"Iron Hammer":67,"DemoMod:GnawedKey":24,"Garlic":63,"ReplayTheSpireMod:Ring of Challenge":41,"Ring of the Snake":0}],"Ring of the Snake":[32]},"card_choices":[{"not_picked":["Distraction","Sucker Punch"],"picked":"Slice","floor":1},{"not_picked":["Hidden Blade","PiercingWail"],"picked":"Dodge and Roll","floor":4},{"not_picked":["ICR:Paralyse","Grand Finale"],"picked":"Poison Darts","floor":6},{"not_picked":["Tools of the Trade","Glass Knife"],"picked":"Venomology","floor":8},{"not_picked":["aspiration:Lunge","Poison Darts"],"picked":"infinitespire:Neurotoxin","floor":10},{"not_picked":["Phantasmal Killer","Tools of the Trade","Unload"],"picked":"SKIP","floor":14},{"not_picked":["Bullet Time","ReplayTheSpireMod:From All Sides"],"picked":"ICR:Paralyse","floor":16},{"not_picked":["Envenom","Venomology"],"picked":"ICR:Paralyse","floor":18},{"not_picked":["Shame","hubris:Lust"],"picked":"Doubt","floor":19},{"not_picked":["Hatred","Hallucinations"],"picked":"ReplayTheSpireMod:IOU","floor":19},{"not_picked":["hubris:Greed","Hallucinations"],"picked":"CloudedMind","floor":19},{"not_picked":["Dagger Spray","Sucker Punch+1","Underhanded Strike"],"picked":"SKIP","floor":20},{"not_picked":["Dodge and Roll","Sucker Punch","hubris:TrickCloak+1"],"picked":"SKIP","floor":22},{"not_picked":["Flying Knee","Heel Hook"],"picked":"Escape Plan","floor":23},{"not_picked":["Quick Slash+1","hubris:Counter","PiercingWail"],"picked":"SKIP","floor":24},{"not_picked":["ReplayTheSpireMod:Speed Training","Backstab"],"picked":"Catalyst","floor":26},{"not_picked":["ReplayTheSpireMod:From All Sides","Replay:Bag of Tricks"],"picked":"Corpse Explosion","floor":29},{"not_picked":["Phantasmal Killer","A Thousand Cuts"],"picked":"Corpse Explosion","floor":30}],"player_experience":85590,"relics_obtained":[{"floor":6,"key":"aspiration:HiddenCompartment"},{"floor":8,"key":"Simple Rune"},{"floor":9,"key":"ReplayTheSpireMod:Shallot"},{"floor":10,"key":"infinitespire:Joker Card"},{"floor":14,"key":"hubris:BundleOfHerbs"},{"floor":16,"key":"DemoMod:LamentConfigurum"},{"floor":21,"key":"ReplayTheSpireMod:Ring of Challenge"},{"floor":21,"key":"Ring of Hypnosis"},{"floor":28,"key":"Strawberry"},{"floor":29,"key":"Garlic"},{"floor":30,"key":"Vajra"}],"event_choices":[{"damage_healed":0,"gold_gain":0,"cards_transformed":["Strike_G"],"player_choice":"Change","damage_taken":0,"max_hp_gain":0,"max_hp_loss":0,"event_name":"Living Wall","floor":2,"gold_loss":0,"cards_obtained":["Corpse Explosion"]},{"damage_healed":0,"gold_gain":175,"player_choice":"AGREE","damage_taken":119,"max_hp_gain":0,"max_hp_loss":0,"event_name":"betterThird:BetterSerpent","floor":3,"gold_loss":0},{"damage_healed":0,"gold_gain":0,"player_choice":"Got Potions","damage_taken":0,"max_hp_gain":0,"max_hp_loss":0,"event_name":"Lab","floor":5,"gold_loss":0},{"damage_healed":0,"gold_gain":0,"cards_transformed":["Looming Evil","CloudedMind"],"player_choice":"Became Test Subject","damage_taken":0,"max_hp_gain":0,"max_hp_loss":0,"event_name":"Drug Dealer","floor":27,"gold_loss":0,"cards_obtained":["hubris:Gluttony","hubris:Gluttony"]}],"is_beta":false,"boss_relics":[{"not_picked":["hubris:ScarierMask","Replay:Drink Me"],"picked":"Replay:Ancient Bell"},{"not_picked":["hubris:AncientText","DemoMod:WeirdEgg"],"picked":"RollingBoulder"},{"not_picked":["LugNut","Chameleon Ring"],"picked":"infinitespire:Bottled Soul"},{"not_picked":["infinitespire:Lychee Nut","BlackRope"],"picked":"Dead Branch"}],"items_purged_floors":[11],"is_endless":false,"potions_floor_spawned":[1,8,10,18,24,29],"killed_by":"Gremlin Leader","ascension_level":4}}