{"host":"qc1sjgtdjonvdsd8","time":1609314963,"event":{"mods":["BaseMod","Colored Map","Colored Powertips","Curses Come First","Minty Spire (QoL Compilation)","Replay The Spire","StSLib","The Disciple"],"gold_per_floor":[111,111,123,136,136,136,155,155,155,54,54,54,70,70,70,167,167,180,191,215,76,76,76,76,90,138,158,257,82,82,100,100,197,197,212,230,242,260,279,279,279],"floor_reached":40,"playtime":4611,"items_purged":["Defend_Br","Strike_Br","Strike_Br"],"score":380,"play_id":"05b03775-64a6-4d0f-b642-9307ef7dbb90","local_time":"20201229235603","is_ascension_mode":false,"campfire_choices":[{"data":"AlternateTimeline","floor":6,"key":"SMITH"},{"floor":11,"key":"REST"},{"floor":15,"key":"REST"},{"data":"SecondHand","floor":23,"key":"SMITH"},{"floor":30,"key":"REST"},{"data":"Echoward","floor":32,"key":"SMITH"}],"circlet_count":0,"master_deck":["Defend_Br","Defend_Br+1","Defend_Br","SecondHand+1","PatternShift","RageCommand+1","Echoward+1","Goo+28","AlternateTimeline+1","LockedBlood","BlueShift","PrimeTime+1","OracleForm","LockedScales","BiteCommand+1","LockedBlood","Ritenuto","CrunchTime+1","ReapSow+17","Echonomics","CurseOfTheBell","WindUp+1","Echoward","Cuckoo","Stagnate"],"relics":["Chronometer","Mercury?","Molten Egg 2","Vajra","Snecko Eye","MawBank","Replay:Rubber Ducky","Calling Bell","Replay:Baseball","Mirror","Thread and Needle"],"acts_visited":["Exordium","TheCity","TheBeyond"],"potions_floor_usage":[19,33,40],"damage_taken":[{"damage":2,"enemies":"Small Slimes","floor":1,"turns":5},{"damage":0,"enemies":"Jaw Worm","floor":3,"turns":5},{"damage":0,"enemies":"2 Louse","floor":4,"turns":3},{"damage":0,"enemies":"Red Slaver","floor":7,"turns":4},{"damage":6,"enemies":"2 Fungi Beasts","floor":13,"turns":4},{"damage":4,"enemies":"Hexaghost","floor":16,"turns":9},{"damage":26,"enemies":"2 Thieves","floor":18,"turns":4},{"damage":10,"enemies":"Shell Parasite","floor":19,"turns":4},{"damage":5,"enemies":"3 Cultists","floor":25,"turns":5},{"damage":0,"enemies":"Cultist and Chosen","floor":27,"turns":6},{"damage":0,"enemies":"Snecko","floor":31,"turns":4},{"damage":50,"enemies":"Collector","floor":33,"turns":9},{"damage":0,"enemies":"3 Shapes","floor":35,"turns":4},{"damage":0,"enemies":"3 Darklings","floor":36,"turns":5},{"damage":20,"enemies":"4 Shapes","floor":37,"turns":5},{"damage":1,"enemies":"Transient","floor":38,"turns":5},{"damage":37,"enemies":"Maw","floor":39,"turns":8},{"damage":37,"enemies":"Giant Head","floor":40,"turns":7}],"seed_played":"-2607964014288246157","potions_obtained":[{"floor":3,"key":"Elixir"},{"floor":16,"key":"Regen Potion"},{"floor":27,"key":"Ancient Potion"},{"floor":31,"key":"SkillPotion"},{"floor":39,"key":"Block Potion"}],"is_trial":false,"path_per_floor":["M","?","M","M","?","R","M","?","T","$","R","?","M","?","R","B",null,"M","M","T","$","?","R","?","M","T","M","?","$","R","M","R","B",null,"M","M","M","M","M","E"],"character_chosen":"CHRONO_CLASS","items_purchased":["BlueShift","LockedBlood","ReapSow+1"],"campfire_rested":3,"item_purchase_floors":[10,21,29],"current_hp_per_floor":[63,63,63,63,50,50,50,25,25,25,44,44,42,42,61,63,65,43,45,45,45,34,34,34,39,39,43,43,43,64,66,66,24,70,70,70,56,57,28,0,0],"gold":279,"neow_bonus":"TRANSFORM_CARD","is_daily":false,"chose_seed":false,"campfire_upgraded":3,"win_rate":0.0,"timestamp":1609314963,"path_taken":["M","?","M","M","?","R","M","?","T","$","R","?","M","?","R","BOSS","M","M","?","$","?","R","?","?","T","M","?","?","R","M","R","BOSS","M","M","M","M","M","E"],"items_purchased_type":["Card","Card","Card"],"build_version":"2020-12-22","purchased_purges":3,"victory":false,"max_hp_per_floor":[65,65,65,65,65,65,65,65,65,65,65,65,65,65,65,65,65,65,65,65,65,70,70,70,70,70,70,70,70,70,70,70,70,70,70,70,70,70,70,70,70],"card_choices":[{"not_picked":["Parity","CrunchTime"],"picked":"Echoward","floor":1},{"not_picked":["LockedBlood","PrimeTime"],"picked":"Goo","floor":3},{"not_picked":["Echoward","LockedScales"],"picked":"AlternateTimeline","floor":4},{"not_picked":["Fragmentalize","Echoward"],"picked":"LockedBlood","floor":7},{"not_picked":["HandsUpB","Engulf+1"],"picked":"PrimeTime+1","floor":13},{"not_picked":["OldTimer+1","Pendulum"],"picked":"OracleForm","floor":16},{"not_picked":["Engulf+1","LockedMedicine+1"],"picked":"LockedScales","floor":18},{"not_picked":["ShortSighted","PrimeTime+1"],"picked":"BiteCommand+1","floor":19},{"not_picked":["ShortSighted+1","HandsUpC+1"],"picked":"Tempo","floor":25},{"not_picked":["SlimeSpray+1","HandsUpC+1"],"picked":"CrunchTime+1","floor":27},{"not_picked":["SlimeSpray+1","Recurrance+1","HandsUpB"],"picked":"SKIP","floor":31},{"not_picked":["LockedBell","Pendulum"],"picked":"Echonomics","floor":33},{"not_picked":["HandsUpC+1","FormalWear+1"],"picked":"WindUp+1","floor":35},{"not_picked":["WindUp+1","Parity"],"picked":"Echoward","floor":36},{"not_picked":["Echoward","Facsimile"],"picked":"Cuckoo","floor":37},{"not_picked":["DaylightSavings+1","HandsUpC+1"],"picked":"Stagnate","floor":38},{"not_picked":["PrimeTime+1","Keepsakes+1","LockedPlans+1"],"picked":"SKIP","floor":39}],"player_experience":206131,"relics_obtained":[{"floor":20,"key":"MawBank"},{"floor":26,"key":"Replay:Rubber Ducky"},{"floor":34,"key":"Replay:Baseball"},{"floor":34,"key":"Mirror"},{"floor":34,"key":"Thread and Needle"}],"event_choices":[{"damage_healed":0,"gold_gain":0,"player_choice":"Entered Light","damage_taken":13,"max_hp_gain":0,"max_hp_loss":0,"event_name":"Shining Light","floor":5,"gold_loss":0,"cards_upgraded":["Goo","Defend_Br"]},{"damage_healed":0,"gold_gain":0,"player_choice":"Success","damage_taken":25,"relics_obtained":["Molten Egg 2"],"max_hp_gain":0,"max_hp_loss":0,"event_name":"Scrap Ooze","floor":8,"gold_loss":0},{"cards_removed":["Strike_Br"],"damage_healed":0,"gold_gain":0,"player_choice":"Forget","damage_taken":0,"max_hp_gain":0,"max_hp_loss":0,"event_name":"Living Wall","floor":12,"gold_loss":0},{"damage_healed":0,"gold_gain":0,"player_choice":"Gave Potion","damage_taken":0,"relics_obtained":["Vajra"],"max_hp_gain":0,"max_hp_loss":0,"event_name":"WeMeetAgain","floor":14,"gold_loss":0},{"damage_healed":0,"gold_gain":0,"player_choice":"Shed Blood","damage_taken":16,"max_hp_gain":5,"max_hp_loss":0,"event_name":"Forgotten Altar","floor":22,"gold_loss":0},{"damage_healed":0,"gold_gain":0,"player_choice":"Upgraded","damage_taken":0,"max_hp_gain":0,"max_hp_loss":0,"event_name":"Upgrade Shrine","floor":24,"gold_loss":0,"cards_upgraded":["RageCommand"]},{"damage_healed":0,"gold_gain":99,"player_choice":"Stole From Cult","damage_taken":0,"max_hp_gain":0,"max_hp_loss":0,"event_name":"Nest","floor":28,"gold_loss":0}],"is_beta":false,"boss_relics":[{"not_picked":["Pandora\u0027s Box","Painkiller Herb"],"picked":"Snecko Eye"},{"not_picked":["SacredBark","Cursed Key"],"picked":"Calling Bell"}],"items_purged_floors":[10,21,29],"is_endless":false,"potions_floor_spawned":[3,16,27,31,39],"killed_by":"Giant Head","ascension_level":0}}