{"host":"mj8akmyfd5lo602f","time":1609360467,"event":{"mods":["2.2 Compatiblity","Act Like it!","BaseMod","Bestiary","BshForSts","Colored Map","Colored Powertips","Downfall","Highlight Path","Minty Spire (QoL Compilation)","Permanent Neow","Relic Stats","StSLib","The Servant 0.9.4"],"gold_per_floor":[99,118,134,40,50,50,50,62,73,173,173,173,173,76,92,197,197,197,182,182,182],"floor_reached":19,"playtime":951,"items_purged":[],"score":157,"play_id":"ff505a35-a5cd-4731-8560-b3faa29eb786","local_time":"20201230203427","is_ascension_mode":false,"campfire_choices":[{"data":"champ:Taunt","floor":1.0,"key":"SMITH"},{"data":"champ:GladiatorStyle","floor":6.0,"key":"SMITH"},{"data":"expansioncontent:BronzeBeam","floor":11.0,"key":"SMITH"},{"data":"champ:Haymaker","floor":13.0,"key":"SMITH"},{"data":"champ:PerfectForm","floor":18,"key":"SMITH"}],"circlet_count":0,"master_deck":["champ:Strike","champ:Strike","champ:Strike","champ:Strike","champ:Defend","champ:Defend","champ:Defend","champ:Defend","champ:Execute","champ:Taunt+1","expansioncontent:BronzeBeam+1","champ:FlashCut","champ:ArenaPreparation","champ:Haymaker+1","champ:GladiatorStyle+1","champ:Balance","champ:PerfectForm+1","champ:RageSigil+1"],"relics":["champ:ChampionCrown","Bottled Flame","Incense Burner","Philosopher\u0027s Stone"],"acts_visited":["Exordium","TheCity"],"potions_floor_usage":[],"damage_taken":[{"damage":7.0,"enemies":"2 Louse","floor":2.0,"turns":3.0},{"damage":0.0,"enemies":"Small Slimes","floor":3.0,"turns":3.0},{"damage":10.0,"enemies":"downfall:FleeingMerchant","floor":4.0,"turns":4.0},{"damage":5.0,"enemies":"Cultist","floor":5.0,"turns":3.0},{"damage":20.0,"enemies":"Lots of Slimes","floor":8.0,"turns":4.0},{"damage":13.0,"enemies":"Large Slime","floor":9.0,"turns":7.0},{"damage":15.0,"enemies":"downfall:FleeingMerchant","floor":14.0,"turns":4.0},{"damage":9.0,"enemies":"2 Fungi Beasts","floor":15.0,"turns":3.0},{"damage":21.0,"enemies":"downfall:Watcher","floor":16.0,"turns":12.0},{"damage":32,"enemies":"downfall:FleeingMerchant","floor":19,"turns":4}],"seed_played":"-2884042617313323294","potions_obtained":[{"floor":2.0,"key":"EssenceOfSteel"},{"floor":3.0,"key":"GamblersBrew"},{"floor":16.0,"key":"hexamod:EctoCoolerPotion"}],"is_trial":false,"path_per_floor":["R","M","M","$","M","R","T","M","M","?","R","?","R","$","M","B",null,"R","$"],"character_chosen":"THE_CHAMP","items_purchased":["champ:GladiatorStyle","champ:Balance"],"campfire_rested":0,"item_purchase_floors":[4,14],"current_hp_per_floor":[90,83,83,83,83,83,83,78,75,75,75,72,72,62,53,45,90,90,80,80,80],"gold":182,"neow_bonus":"RANDOM_COLORLESS","is_daily":false,"chose_seed":false,"campfire_upgraded":5,"win_rate":0.0,"timestamp":1609360467,"path_taken":["R","M","M","$","M","R","T","M","M","?","R","?","R","$","M","BOSS","R","$"],"items_purchased_type":["Card","Card"],"build_version":"2020-12-22","purchased_purges":0,"victory":false,"max_hp_per_floor":[90,90,90,90,90,90,90,90,90,90,90,90,90,90,90,90,90,90,90,90,90],"relic_stats":{"counters":[10,47],"obtain_stats":[{"Bottled Flame":7,"champ:ChampionCrown":0,"Philosopher\u0027s Stone":17,"Incense Burner":12},{"Bottled Flame":4,"champ:ChampionCrown":0,"Philosopher\u0027s Stone":9,"Incense Burner":6},{"Bottled Flame":13,"champ:ChampionCrown":0,"Philosopher\u0027s Stone":43,"Incense Burner":24}]},"card_choices":[{"not_picked":["expansioncontent:PolyBeam","expansioncontent:Chronoboost"],"picked":"expansioncontent:BronzeBeam","floor":0.0},{"not_picked":["champ:HeartStrike","champ:GladiatorsShout"],"picked":"champ:FlashCut","floor":2.0},{"not_picked":["champ:GladiatorsShout","champ:BladeFlurry"],"picked":"champ:ArenaPreparation","floor":3.0},{"not_picked":["champ:ArenaPreparation","champ:BerserkersShout"],"picked":"champ:Haymaker","floor":4.0},{"not_picked":["champ:SwordThrow","champ:CrookedStrike","champ:BladeFlurry"],"picked":"SKIP","floor":5.0},{"not_picked":["champ:Haymaker","champ:FlashCut","champ:CrookedStrike"],"picked":"SKIP","floor":8.0},{"not_picked":["champ:BladeFlurry","champ:Duel","champ:Circumvent"],"picked":"SKIP","floor":9.0},{"not_picked":["champ:FanOfKnives","champ:Lariat","champ:TornadoPunch"],"picked":"SKIP","floor":14.0},{"not_picked":["champ:BladeFlurry","champ:Haymaker","champ:StanceDance"],"picked":"SKIP","floor":15.0},{"not_picked":["champ:Devastate","champ:HeavySlash"],"picked":"champ:PerfectForm","floor":16.0},{"not_picked":["champ:BringItOn","champ:CrookedStrike"],"picked":"champ:RageSigil+1","floor":19}],"player_experience":468709,"relics_obtained":[{"floor":7.0,"key":"Bottled Flame"}],"event_choices":[{"damage_healed":0.0,"max_hp_gain":0.0,"max_hp_loss":0.0,"gold_gain":0.0,"event_name":"Scrap Ooze","player_choice":"Success","floor":12.0,"gold_loss":0.0,"damage_taken":3.0,"relics_obtained":["Incense Burner"]}],"is_beta":false,"boss_relics":[{"not_picked":["Snecko Eye","Cursed Key"],"picked":"Philosopher\u0027s Stone"}],"items_purged_floors":[],"is_endless":false,"potions_floor_spawned":[2,3,16],"ascension_level":0}}