{"host":"8fjsnt81u6xsmhji","time":1609308112,"event":{"mods":["BaseMod","Beaked The Cultist","Colored Powertips","Downfall","Glutton Mod","Hermit","Minty Spire (QoL Compilation)","Quick Restart","StSLib","The Bug Knight","The Forsaken","The Hierophant"],"gold_per_floor":[113,113,113,128,146,146,176,192,261,280,294,294,310,328,328,423,423,443,443,143,162,173,173,207,207,284,303,303,303,322,337,337,436,436,450,450,470,520,86,86,116,116,116,16,16,16,51,51,51,51,51],"floor_reached":50,"playtime":2490,"items_purged":["Writhe","Amplify"],"score":552,"play_id":"e28fcb27-accb-43c5-be7a-0240c0591631","local_time":"20201230000152","is_ascension_mode":true,"campfire_choices":[{"data":"White Noise","floor":6.0,"key":"SMITH"},{"floor":12.0,"key":"REST"},{"floor":15.0,"key":"RECALL"},{"floor":23.0,"key":"REST"},{"floor":25.0,"key":"REST"},{"floor":32.0,"key":"REST"},{"floor":40.0,"key":"REST"},{"data":"Echo Form","floor":42.0,"key":"SMITH"},{"floor":49,"key":"REST"}],"circlet_count":0,"master_deck":["Strike_B","Strike_B","Strike_B","Defend_B","Defend_B","Defend_B","Defend_B","Zap","Dualcast","Ball Lightning","White Noise+1","Tempest","Self Repair","BootSequence","Melter+1","Chill","Auto Shields","Thunder Strike+1","Echo Form+1","Go for the Eyes+1","Necronomicurse","Fusion","Conserve Battery+1","Beam Cell+1","Hologram","Echo Form+1","Apotheosis","Defragment"],"relics":["Cracked Core","StoneCalendar","Emotion Chip","Molten Egg 2","beaked:SacredDeck","Necronomicon","Juzu Bracelet","Sling","Red Mask","Question Card","Orichalcum","Inserter","TungstenRod","PreservedInsect","Oddly Smooth Stone","Pen Nib","Guardian:PocketSentry"],"acts_visited":["Exordium","TheCity","TheBeyond"],"potions_floor_usage":[],"damage_taken":[{"damage":7.0,"enemies":"Small Slimes","floor":1.0,"turns":3.0},{"damage":2.0,"enemies":"Jaw Worm","floor":4.0,"turns":2.0},{"damage":0.0,"enemies":"2 Louse","floor":5.0,"turns":2.0},{"damage":19.0,"enemies":"Gremlin Nob","floor":7.0,"turns":4.0},{"damage":15.0,"enemies":"2 Fungi Beasts","floor":8.0,"turns":3.0},{"damage":3.0,"enemies":"Blue Slaver","floor":10.0,"turns":2.0},{"damage":14.0,"enemies":"Lots of Slimes","floor":11.0,"turns":3.0},{"damage":1.0,"enemies":"2 Fungi Beasts","floor":13.0,"turns":3.0},{"damage":0.0,"enemies":"Exordium Wildlife","floor":14.0,"turns":3.0},{"damage":38.0,"enemies":"Hexaghost","floor":16.0,"turns":7.0},{"damage":21.0,"enemies":"Shell Parasite","floor":18.0,"turns":5.0},{"damage":11.0,"enemies":"Spheric Guardian","floor":21.0,"turns":3.0},{"damage":32.0,"enemies":"Snecko","floor":22.0,"turns":6.0},{"damage":29.0,"enemies":"Masked Bandits","floor":24.0,"turns":4.0},{"damage":24.0,"enemies":"Shelled Parasite and Fungi","floor":27.0,"turns":7.0},{"damage":5.0,"enemies":"3 Cultists","floor":30.0,"turns":5.0},{"damage":7.0,"enemies":"Cultist and Chosen","floor":31.0,"turns":5.0},{"damage":31.0,"enemies":"Automaton","floor":33.0,"turns":12.0},{"damage":28.0,"enemies":"Orb Walker","floor":35.0,"turns":5.0},{"damage":0.0,"enemies":"3 Shapes","floor":37.0,"turns":7.0},{"damage":14.0,"enemies":"Mind Bloom Boss Battle","floor":38.0,"turns":11.0},{"damage":8.0,"enemies":"Giant Head","floor":41.0,"turns":7.0},{"damage":68,"enemies":"Reptomancer","floor":47,"turns":7},{"damage":35,"enemies":"Awakened One","floor":50,"turns":5}],"seed_played":"-8025499727129636975","potions_obtained":[{"floor":1.0,"key":"Weak Potion"},{"floor":4.0,"key":"EssenceOfSteel"},{"floor":5.0,"key":"BlessingOfTheForge"},{"floor":13.0,"key":"FocusPotion"},{"floor":14.0,"key":"EssenceOfDarkness"},{"floor":24.0,"key":"EssenceOfDarkness"},{"floor":30.0,"key":"Block Potion"},{"floor":33.0,"key":"Guardian:BlockOnCardUsePotion"},{"floor":38.0,"key":"Block Potion"}],"is_trial":false,"path_per_floor":["M","?","?","M","M","R","E","M","T","M","M","R","M","M","R","B",null,"M","?","$","M","M","R","?","R","T","M","?","?","M","M","R","B",null,"M","?","M","?","$","R","E","R","T","$","?","$","E","?","R","B"],"character_chosen":"DEFECT","items_purchased":["Juzu Bracelet","Sling","Apotheosis","PreservedInsect","Energy Potion"],"campfire_rested":6,"item_purchase_floors":[20,20,39,39,39],"current_hp_per_floor":[61,66,66,64,64,64,45,37,37,41,34,55,54,61,61,30,73,66,50,50,39,14,35,6,27,27,17,17,17,19,19,40,23,73,52,52,52,52,52,73,73,73,73,73,73,73,12,12,33,0,0],"gold":51,"neow_bonus":"ONE_RARE_RELIC","is_daily":false,"chose_seed":false,"campfire_upgraded":2,"win_rate":0.0,"timestamp":1609308112,"path_taken":["M","?","?","M","M","R","E","M","T","?","M","R","M","M","R","BOSS","M","?","$","M","M","R","?","R","T","M","?","?","M","M","R","BOSS","M","?","M","?","$","R","E","R","T","?","?","?","E","?","R","BOSS"],"items_purchased_type":["Relic","Relic","Card","Relic","Potion"],"build_version":"2020-12-22","purchased_purges":2,"victory":false,"max_hp_per_floor":[68,73,73,73,73,73,73,73,73,73,73,73,73,73,73,73,73,73,73,73,73,73,73,73,73,73,73,73,73,73,73,73,73,73,73,73,73,73,73,73,73,73,73,73,73,73,73,73,73,73,73],"card_choices":[{"not_picked":["FTL","Sweeping Beam"],"picked":"Ball Lightning","floor":1.0},{"not_picked":["Rip and Tear","Capacitor"],"picked":"White Noise","floor":4.0},{"not_picked":["Coolheaded","Gash"],"picked":"Tempest","floor":5.0},{"not_picked":["Conserve Battery","Coolheaded"],"picked":"Self Repair","floor":7.0},{"not_picked":["Undo","Redo"],"picked":"BootSequence","floor":8.0},{"not_picked":["Redo","Stack"],"picked":"Melter+1","floor":10.0},{"not_picked":["Coolheaded","Redo","Ball Lightning+1"],"picked":"SKIP","floor":11.0},{"not_picked":["Sweeping Beam+1","Turbo"],"picked":"Chill","floor":13.0},{"not_picked":["Redo","All For One+1"],"picked":"Auto Shields","floor":14.0},{"not_picked":["Core Surge+1","Fission"],"picked":"Thunder Strike+1","floor":16.0},{"not_picked":["Coolheaded","Loop"],"picked":"Go for the Eyes+1","floor":18.0},{"not_picked":["FTL+1","Turbo"],"picked":"Fusion","floor":21.0},{"not_picked":["Go for the Eyes+1","Turbo+1","Steam"],"picked":"SKIP","floor":22.0},{"not_picked":["Reprogram","Rebound+1"],"picked":"Conserve Battery+1","floor":24.0},{"not_picked":["Hologram","Turbo+1","Conserve Battery"],"picked":"Beam Cell+1","floor":27.0},{"not_picked":["Beam Cell+1","Streamline+1","Ball Lightning+1"],"picked":"Hologram","floor":30.0},{"not_picked":["Leap","Compile Driver+1","Steam+1"],"picked":"Amplify","floor":31.0},{"not_picked":["Core Surge+1","Seek","Biased Cognition"],"picked":"Echo Form","floor":33.0},{"not_picked":["Stack","Steam+1","Beam Cell+1","Barrage+1"],"picked":"SKIP","floor":35.0},{"not_picked":["Steam+1","Compile Driver+1","Leap","Redo+1"],"picked":"SKIP","floor":37.0},{"not_picked":["Blizzard+1","Turbo+1","Ball Lightning+1"],"picked":"Defragment","floor":41.0},{"not_picked":["Coolheaded","Streamline+1","Rebound+1","Go for the Eyes+1"],"picked":"SKIP","floor":47}],"player_experience":622644,"relics_obtained":[{"floor":7.0,"key":"Emotion Chip"},{"floor":9.0,"key":"Molten Egg 2"},{"floor":19.0,"key":"Necronomicon"},{"floor":24.0,"key":"Red Mask"},{"floor":26.0,"key":"Question Card"},{"floor":38.0,"key":"TungstenRod"},{"floor":41.0,"key":"Oddly Smooth Stone"},{"floor":47,"key":"Guardian:PocketSentry"}],"event_choices":[{"damage_healed":0.0,"max_hp_gain":5.0,"max_hp_loss":0.0,"gold_gain":0.0,"event_name":"Big Fish","player_choice":"Donut","floor":2.0,"gold_loss":0.0,"damage_taken":0.0},{"cards_removed":["Strike_B"],"damage_healed":0.0,"max_hp_gain":0.0,"max_hp_loss":0.0,"gold_gain":0.0,"event_name":"Living Wall","player_choice":"Forget","floor":3.0,"gold_loss":0.0,"damage_taken":0.0},{"damage_healed":0.0,"max_hp_gain":0.0,"max_hp_loss":0.0,"gold_gain":0.0,"event_name":"Cursed Tome","player_choice":"Obtained Book","floor":19.0,"gold_loss":0.0,"damage_taken":16.0},{"damage_healed":0.0,"max_hp_gain":0.0,"max_hp_loss":0.0,"gold_gain":0.0,"event_name":"Masked Bandits","player_choice":"Fought Bandits","floor":24.0,"gold_loss":0.0,"damage_taken":0.0},{"damage_healed":0.0,"max_hp_gain":0.0,"max_hp_loss":0.0,"gold_gain":0.0,"event_name":"The Mausoleum","player_choice":"Opened","floor":28.0,"gold_loss":0.0,"damage_taken":0.0,"relics_obtained":["Orichalcum"],"cards_obtained":["Writhe"]},{"damage_healed":0.0,"max_hp_gain":0.0,"max_hp_loss":0.0,"gold_gain":0.0,"event_name":"Upgrade Shrine","player_choice":"Upgraded","floor":29.0,"gold_loss":0.0,"damage_taken":0.0,"cards_upgraded":["Echo Form"]},{"damage_healed":0.0,"max_hp_gain":0.0,"max_hp_loss":0.0,"gold_gain":0.0,"event_name":"Mysterious Sphere","player_choice":"Ignored","floor":36.0,"gold_loss":0.0,"damage_taken":0.0},{"damage_healed":0.0,"max_hp_gain":0.0,"max_hp_loss":0.0,"gold_gain":0.0,"event_name":"MindBloom","player_choice":"Fight","floor":38.0,"gold_loss":0.0,"damage_taken":0.0},{"damage_healed":0.0,"max_hp_gain":0.0,"max_hp_loss":0.0,"gold_gain":0.0,"event_name":"WeMeetAgain","player_choice":"Gave Potion","floor":45.0,"gold_loss":0.0,"damage_taken":0.0,"relics_obtained":["Pen Nib"]}],"is_beta":false,"boss_relics":[{"not_picked":["Pandora\u0027s Box","SacredBark"],"picked":"beaked:SacredDeck"},{"not_picked":["Coffee Dripper","Nuclear Battery"],"picked":"Inserter"}],"items_purged_floors":[39,44],"is_endless":false,"potions_floor_spawned":[1,4,5,13,14,24,30,33,38],"killed_by":"Awakened One","ascension_level":2}}