{"host":"zr590xw2unlz0wv7","time":1609345404,"event":{"mods":["BaseMod","Minty Spire (QoL Compilation)","READ ME - Guardian Mod","StSLib"],"gold_per_floor":[111,111,11,27,106,106,133,148,148,223,243,243,49,49,49,174,174,192,211,211,65,80,123,135,186,198,210,222,247,279,307,319,452,464,491,517,429,444,166,200,200,200],"floor_reached":41,"playtime":2427,"items_purged":["Defend_B","Strike_B"],"score":726,"play_id":"10799c03-b22c-4d61-8e73-71f287dd108f","local_time":"20201231002324","is_ascension_mode":true,"campfire_choices":[{"data":"Dualcast","floor":6.0,"key":"SMITH"},{"data":"Loop","floor":12.0,"key":"SMITH"},{"floor":15.0,"key":"REST"},{"floor":24.0,"key":"REST"},{"floor":27,"key":"REST"},{"floor":32,"key":"REST"}],"circlet_count":0,"master_deck":["Strike_B+1","Strike_B+1","Defend_B","Defend_B","Defend_B","Zap+1","Dualcast+1","Capacitor","Leap","Loop+1","Doom and Gloom","Doom and Gloom","Multi-Cast+1","Glacier+1","Leap+1","Multi-Cast+1","Leap+1","Leap+1","Coolheaded+1","Consume+1","Fusion+1","Echo Form","Barrage+1","Redo+1","Hologram+1","Redo+1","Fusion+1"],"relics":["FrozenCore","NeowsBlessing","Toxic Egg 2","Whetstone","TungstenRod","Runic Capacitor","Golden Idol","Fusion Hammer","DollysMirror","MawBank","InkBottle","Ginger","DataDisk","Torii"],"acts_visited":["Exordium","TheCity","TheBeyond"],"potions_floor_usage":[25,33,41],"damage_taken":[{"damage":0.0,"enemies":"2 Louse","floor":1.0,"turns":1.0},{"damage":0.0,"enemies":"Cultist","floor":4.0,"turns":1.0},{"damage":0.0,"enemies":"Gremlin Nob","floor":7.0,"turns":1.0},{"damage":0.0,"enemies":"Small Slimes","floor":8.0,"turns":2.0},{"damage":30.0,"enemies":"Exordium Thugs","floor":11.0,"turns":4.0},{"damage":62.0,"enemies":"The Guardian","floor":16.0,"turns":8.0},{"damage":17.0,"enemies":"3 Byrds","floor":18.0,"turns":4.0},{"damage":11.0,"enemies":"Shell Parasite","floor":19.0,"turns":6.0},{"damage":16.0,"enemies":"Sentry and Sphere","floor":22.0,"turns":5.0},{"damage":0.0,"enemies":"Gremlin Leader","floor":23.0,"turns":3.0},{"damage":22,"enemies":"Book of Stabbing","floor":25,"turns":8},{"damage":10,"enemies":"Snake Plant","floor":29,"turns":4},{"damage":18,"enemies":"Centurion and Healer","floor":30,"turns":7},{"damage":6,"enemies":"Snecko","floor":31,"turns":6},{"damage":0,"enemies":"Champ","floor":33,"turns":12},{"damage":6,"enemies":"3 Shapes","floor":35,"turns":4},{"damage":0,"enemies":"Orb Walker","floor":36,"turns":3},{"damage":13,"enemies":"Maw","floor":38,"turns":6},{"damage":34,"enemies":"Giant Head","floor":40,"turns":11},{"damage":12,"enemies":"Writhing Mass","floor":41,"turns":4}],"seed_played":"-7365950950675354225","potions_obtained":[{"floor":4.0,"key":"Block Potion"},{"floor":8.0,"key":"Regen Potion"},{"floor":11.0,"key":"SteroidPotion"},{"floor":19.0,"key":"LiquidMemories"},{"floor":22.0,"key":"Fire Potion"},{"floor":31,"key":"Swift Potion"},{"floor":38,"key":"Strength Potion"},{"floor":40,"key":"SteroidPotion"}],"is_trial":false,"path_per_floor":["M","?","$","M","T","R","E","M","T","?","M","R","$","?","R","B",null,"M","M","?","$","M","E","R","E","T","R","?","M","M","M","R","B",null,"M","M","$","M","$","E","M"],"character_chosen":"DEFECT","items_purchased":["Capacitor","Leap","Runic Capacitor","Doom and Gloom","DollysMirror","Hologram+1","DataDisk","Redo+1"],"campfire_rested":4,"item_purchase_floors":[3,3,13,13,21,37,39,39],"current_hp_per_floor":[75,75,75,75,75,75,75,75,75,65,44,44,44,44,64,2,52,35,24,24,24,8,8,28,6,6,26,49,39,21,15,35,35,61,55,55,55,42,42,8,0,0],"gold":200,"neow_bonus":"THREE_ENEMY_KILL","is_daily":false,"chose_seed":false,"campfire_upgraded":2,"win_rate":0.0,"timestamp":1609345404,"path_taken":["M","?","$","?","?","R","E","?","T","?","M","R","$","?","R","BOSS","M","M","?","?","M","E","R","E","T","R","?","M","M","M","R","BOSS","M","M","$","M","$","E","M"],"items_purchased_type":["Card","Card","Relic","Card","Relic","Card","Relic","Card"],"build_version":"2020-12-22","purchased_purges":2,"victory":false,"max_hp_per_floor":[75,75,75,75,75,75,75,75,75,75,75,75,75,69,69,69,69,69,69,69,69,69,69,69,69,69,69,69,69,69,69,69,69,69,69,69,69,69,69,69,69,69],"card_choices":[{"not_picked":["Beam Cell","Coolheaded","Sweeping Beam"],"picked":"SKIP","floor":1.0},{"not_picked":["Hello World","Go for the Eyes","Sunder"],"picked":"SKIP","floor":4.0},{"not_picked":["FTL","Self Repair"],"picked":"Loop","floor":7.0},{"not_picked":["Stack+1","Sweeping Beam"],"picked":"Doom and Gloom","floor":8.0},{"not_picked":["Glacier+1","Steam+1","Sunder"],"picked":"SKIP","floor":11.0},{"not_picked":["Seek+1","Machine Learning"],"picked":"Multi-Cast+1","floor":16.0},{"not_picked":["Barrage+1","Blizzard"],"picked":"Glacier+1","floor":18.0},{"not_picked":["Rebound","Turbo+1"],"picked":"Leap+1","floor":19.0},{"not_picked":["Meteor Strike","Coolheaded+1","Recycle+1"],"picked":"SKIP","floor":22.0},{"not_picked":["Sweeping Beam","Hello World"],"picked":"Leap+1","floor":23.0},{"not_picked":["Meteor Strike","Sunder+1"],"picked":"Leap+1","floor":25},{"not_picked":["Rebound","Self Repair+1"],"picked":"Coolheaded+1","floor":29},{"not_picked":["Coolheaded+1","Cold Snap+1"],"picked":"Consume+1","floor":30},{"not_picked":["Beam Cell","Scrape"],"picked":"Fusion+1","floor":31},{"not_picked":["Machine Learning","Buffer"],"picked":"Echo Form","floor":33},{"not_picked":["Sweeping Beam+1","Steam+1"],"picked":"Barrage+1","floor":35},{"not_picked":["Doom and Gloom+1","Turbo+1"],"picked":"Redo+1","floor":36},{"not_picked":["Streamline+1","Steam+1","Stack+1"],"picked":"SKIP","floor":38},{"not_picked":["Turbo+1","Redo+1"],"picked":"Fusion+1","floor":40}],"player_experience":528385,"relics_obtained":[{"floor":5.0,"key":"Toxic Egg 2"},{"floor":7.0,"key":"Whetstone"},{"floor":9.0,"key":"TungstenRod"},{"floor":23.0,"key":"MawBank"},{"floor":25,"key":"InkBottle"},{"floor":26,"key":"Ginger"},{"floor":40,"key":"Torii"}],"event_choices":[{"cards_removed":["Strike_B"],"damage_healed":0.0,"max_hp_gain":0.0,"max_hp_loss":0.0,"gold_gain":0.0,"event_name":"Purifier","player_choice":"Purged","floor":2.0,"gold_loss":0.0,"damage_taken":0.0},{"damage_healed":0.0,"max_hp_gain":0.0,"max_hp_loss":0.0,"gold_gain":75.0,"event_name":"World of Goop","player_choice":"Gather Gold","floor":10.0,"gold_loss":0.0,"damage_taken":11.0},{"damage_healed":0.0,"max_hp_gain":0.0,"max_hp_loss":6.0,"gold_gain":0.0,"event_name":"Golden Idol","player_choice":"Lose Max HP","floor":14.0,"gold_loss":0.0,"damage_taken":0.0,"relics_obtained":["Golden Idol"]},{"damage_healed":0.0,"max_hp_gain":0.0,"max_hp_loss":0.0,"gold_gain":0.0,"event_name":"Upgrade Shrine","player_choice":"Upgraded","floor":20.0,"gold_loss":0.0,"damage_taken":0.0,"cards_upgraded":["Zap"]},{"damage_healed":23,"gold_gain":0,"player_choice":"Heal","damage_taken":0,"max_hp_gain":0,"max_hp_loss":0,"event_name":"The Library","floor":28,"gold_loss":0}],"is_beta":false,"boss_relics":[{"not_picked":["SacredBark","Velvet Choker"],"picked":"Fusion Hammer"},{"not_picked":["Sozu","Cursed Key"],"picked":"FrozenCore"}],"items_purged_floors":[37,39],"is_endless":false,"potions_floor_spawned":[4,8,11,19,22,31,38,40],"killed_by":"Writhing Mass","ascension_level":5}}