{"host":"lstuuc6roym1046h","time":1609365202,"event":{"mods":["AchievementEnabler","BaseMod","Minty Spire (QoL Compilation)","Relic Stats","StSLib"],"gold_per_floor":[119,50,64,74,98,118,143,143,143,176,189,189,200,220,220,220,220],"floor_reached":16,"playtime":703,"items_purged":[],"score":228,"play_id":"b8d72f69-58a4-461b-a19e-6f30049f5102","local_time":"20201230215322","is_ascension_mode":true,"campfire_choices":[{"floor":8,"key":"REST"},{"data":"Capacitor","floor":15,"key":"SMITH"}],"circlet_count":0,"master_deck":["AscendersBane","Strike_B","Strike_B","Strike_B","Defend_B","Defend_B","Zap","Dualcast","Biased Cognition+1","Reboot+1","Turbo+1","Compile Driver","Coolheaded","Cold Snap","Capacitor+1","Cold Snap","Coolheaded","Glacier","Skim"],"relics":["Astrolabe","Bag of Preparation","Nunchaku","Sundial","Symbiotic Virus","Dream Catcher"],"acts_visited":["Exordium"],"potions_floor_usage":[10,14,16],"damage_taken":[{"damage":0,"enemies":"2 Louse","floor":1,"turns":2},{"damage":6,"enemies":"Cultist","floor":3,"turns":3},{"damage":0,"enemies":"Small Slimes","floor":4,"turns":2},{"damage":0,"enemies":"Exordium Thugs","floor":6,"turns":4},{"damage":30,"enemies":"3 Sentries","floor":7,"turns":9},{"damage":11,"enemies":"Gremlin Nob","floor":10,"turns":4},{"damage":0,"enemies":"Exordium Wildlife","floor":11,"turns":3},{"damage":1,"enemies":"Blue Slaver","floor":13,"turns":3},{"damage":0,"enemies":"Gremlin Gang","floor":14,"turns":4},{"damage":34,"enemies":"The Guardian","floor":16,"turns":9}],"seed_played":"2830495597798439398","potions_obtained":[{"floor":4,"key":"Weak Potion"},{"floor":7,"key":"DistilledChaos"},{"floor":11,"key":"SmokeBomb"},{"floor":13,"key":"Swift Potion"}],"is_trial":false,"path_per_floor":["M","?","M","M","T","M","E","R","T","E","M","?","M","M","R","B"],"character_chosen":"DEFECT","items_purchased":[],"campfire_rested":1,"item_purchase_floors":[],"current_hp_per_floor":[64,64,58,58,58,58,28,49,49,38,38,33,32,32,32,0,0],"gold":220,"neow_bonus":"BOSS_RELIC","is_daily":false,"chose_seed":false,"campfire_upgraded":1,"win_rate":0.0,"timestamp":1609365202,"path_taken":["M","?","M","?","?","M","E","R","T","E","M","?","M","M","R","BOSS"],"items_purchased_type":[],"build_version":"2020-12-22","purchased_purges":0,"victory":false,"max_hp_per_floor":[71,71,71,71,71,71,71,71,71,71,71,71,71,71,71,71,71],"relic_stats":{"Nunchaku":[5],"Dream Catcher":0,"counters":[10,43],"Sundial":[4],"Astrolabe":["Biased Cognition","Reboot","Turbo"],"Bag of Preparation":[18],"obtain_stats":[{"Nunchaku":5,"Dream Catcher":12,"Sundial":9,"Astrolabe":0,"Bag of Preparation":2,"Cracked Core":0,"Symbiotic Virus":10},{"Nunchaku":3,"Dream Catcher":7,"Sundial":5,"Astrolabe":0,"Bag of Preparation":1,"Cracked Core":0,"Symbiotic Virus":6},{"Nunchaku":7,"Dream Catcher":27,"Sundial":20,"Astrolabe":0,"Bag of Preparation":2,"Cracked Core":0,"Symbiotic Virus":24}]},"card_choices":[{"not_picked":["Go for the Eyes","Sunder"],"picked":"Compile Driver","floor":1},{"not_picked":["Gash","Reprogram"],"picked":"Coolheaded","floor":3},{"not_picked":["Hologram","Rip and Tear"],"picked":"Cold Snap","floor":4},{"not_picked":["Rebound","Turbo"],"picked":"Capacitor","floor":6},{"not_picked":["Stack","Barrage","Double Energy"],"picked":"SKIP","floor":7},{"not_picked":["Storm","Conserve Battery"],"picked":"Cold Snap","floor":10},{"not_picked":["Reinforced Body","Leap"],"picked":"Coolheaded","floor":11},{"not_picked":["Conserve Battery","Fusion"],"picked":"Glacier","floor":13},{"not_picked":["Self Repair","Steam"],"picked":"Skim","floor":14}],"player_experience":844392,"relics_obtained":[{"floor":5,"key":"Nunchaku"},{"floor":9,"key":"Sundial"},{"floor":10,"key":"Symbiotic Virus"}],"event_choices":[{"damage_healed":0,"gold_gain":0,"player_choice":"Paid Gold","damage_taken":0,"relics_obtained":["Bag of Preparation"],"max_hp_gain":0,"max_hp_loss":0,"event_name":"WeMeetAgain","floor":2,"gold_loss":69},{"damage_healed":0,"gold_gain":0,"player_choice":"Success","damage_taken":5,"relics_obtained":["Dream Catcher"],"max_hp_gain":0,"max_hp_loss":0,"event_name":"Scrap Ooze","floor":12,"gold_loss":0}],"is_beta":false,"boss_relics":[],"items_purged_floors":[],"is_endless":false,"potions_floor_spawned":[4,7,11,13],"killed_by":"The Guardian","ascension_level":20}}