{"host":"jyuuog6ydc2s7nd8","time":1609304124,"event":{"mods":["BaseMod","Better Vampires","Minty Spire (QoL Compilation)","Shop Mod","StSLib","The Hierophant","The Servant 0.9.4","TheBandit","[IsaacMod]ÒÔÈö¼âËþ"],"gold_per_floor":[368,293,303,303,323,323,343,3,57,77,103,103,138,149,409,427,427,447,459,359,359,384,148,230,257,257,291,311,330,330,330,330],"floor_reached":18,"playtime":888,"items_purged":["Strike_R","Strike_R","Strike_R+1"],"score":349,"play_id":"af51b7ee-e693-4f71-804f-5c1f8294f6a8","local_time":"20201230125524","is_ascension_mode":true,"campfire_choices":[{"data":"EpicFetus","floor":6.0,"key":"SMITH"},{"data":"Pommel Strike","floor":12.0,"key":"SMITH"},{"data":"Bash","floor":15.0,"key":"SMITH"},{"data":"Body Slam","floor":21.0,"key":"SMITH"},{"data":"Burning Pact","floor":26.0,"key":"SMITH"},{"data":"Power Through","floor":30.0,"key":"SMITH"}],"circlet_count":0,"master_deck":["AscendersBane","Strike_R+1","Defend_R","Defend_R","Defend_R","Defend_R","Bash+1","EpicFetus+1","Pommel Strike+1","Burning Pact+1","Shrug It Off","Sever Soul","Body Slam+1","Dark Embrace+1","Power Through+1"],"relics":["Burning Blood","HushsDoor","Strawberry","Frozen Egg 2","Bronze Scales","BloodDonationBag","Diplopia","Membership Card","Eternal Feather","Blue Candle","Boot"],"acts_visited":["Exordium"],"potions_floor_usage":[],"damage_taken":[{"damage":2.0,"enemies":"2 Louse","floor":1.0,"turns":3.0},{"damage":0.0,"enemies":"Cultist","floor":3.0,"turns":3.0},{"damage":4.0,"enemies":"Small Slimes","floor":5.0,"turns":3.0},{"damage":12.0,"enemies":"2 Fungi Beasts","floor":7.0,"turns":3.0},{"damage":6.0,"enemies":"Exordium Wildlife","floor":10.0,"turns":5.0},{"damage":6.0,"enemies":"Gremlin Nob","floor":11.0,"turns":3.0},{"damage":10.0,"enemies":"Lagavulin","floor":13.0,"turns":5.0},{"damage":19.0,"enemies":"Lots of Slimes","floor":14.0,"turns":4.0},{"damage":1.0,"enemies":"2 Louse","floor":16.0,"turns":3.0},{"damage":0.0,"enemies":"Cultist","floor":18.0,"turns":3.0},{"damage":3.0,"enemies":"Small Slimes","floor":19.0,"turns":3.0},{"damage":15.0,"enemies":"Lagavulin","floor":22.0,"turns":5.0},{"damage":8.0,"enemies":"Gremlin Nob","floor":25.0,"turns":3.0},{"damage":20.0,"enemies":"3 Sentries","floor":27.0,"turns":4.0},{"damage":26.0,"enemies":"Gremlin Gang","floor":28.0,"turns":4.0},{"damage":6.0,"enemies":"Looter","floor":29.0,"turns":2.0},{"damage":0,"enemies":"Shell Parasite","floor":18,"turns":1}],"seed_played":"-3402485380730925865","potions_obtained":[{"floor":5.0,"key":"EntropicBrew"},{"floor":7.0,"key":"PowerPotion"},{"floor":11.0,"key":"ColorlessPotion"},{"floor":14.0,"key":"Energy Potion"},{"floor":18.0,"key":"BloodPotion"},{"floor":22.0,"key":"ElixirPotion"},{"floor":28.0,"key":"FearPotion"}],"is_trial":false,"path_per_floor":["M","$","M","?","M","R","M","$","T","M","E","R","E","M","R","M","?","M","M","$","R","E","$","T","E","R","E","M","M","R","M"],"character_chosen":"IRONCLAD","items_purchased":["ForgetMeNow","Membership Card"],"campfire_rested":0,"item_purchase_floors":[8,23],"current_hp_per_floor":[54,54,60,60,62,62,56,56,63,63,63,63,59,46,46,51,26,32,35,35,35,42,42,42,40,46,32,12,12,67,67,67],"gold":330,"neow_bonus":"TWO_FIFTY_GOLD","is_daily":false,"chose_seed":false,"campfire_upgraded":6,"win_rate":0.0,"timestamp":1609304124,"path_taken":["M","$","M","?","?","R","M","?","T","M","E","R","E","M","R","M","?","M","M","$","R","E","$","T","E","R","E","M","M","R","M"],"items_purchased_type":["Relic","Relic"],"build_version":"2020-12-22","purchased_purges":3,"victory":false,"max_hp_per_floor":[75,75,75,75,75,75,75,75,82,82,82,82,82,82,82,82,82,82,82,82,82,82,82,82,82,82,82,82,82,82,82,82],"card_choices":[{"not_picked":[],"picked":"EpicFetus","floor":0.0},{"not_picked":["Second Wind","Thunderclap"],"picked":"Pommel Strike","floor":1.0},{"not_picked":["Dark Embrace","Wild Strike","Searing Blow"],"picked":"SKIP","floor":3.0},{"not_picked":["Disarm","Havoc","Pummel"],"picked":"SKIP","floor":5.0},{"not_picked":["Wild Strike","Headbutt"],"picked":"Burning Pact","floor":7.0},{"not_picked":["Twin Strike","Iron Wave"],"picked":"Shrug It Off","floor":10.0},{"not_picked":["Armaments","Bomb"],"picked":"Sever Soul","floor":11.0},{"not_picked":["Double Tap","Clothesline","Inflame+1"],"picked":"SKIP","floor":13.0},{"not_picked":["Havoc","Inflame+1","Headbutt"],"picked":"SKIP","floor":14.0},{"not_picked":["Evolve+1","Anger","Headbutt"],"picked":"SKIP","floor":16.0},{"not_picked":["Shockwave","Wild Strike"],"picked":"Body Slam","floor":18.0},{"not_picked":["Warcry","Rampage","Blood for Blood"],"picked":"SKIP","floor":19.0},{"not_picked":["Heavy Blade","Warcry"],"picked":"Dark Embrace+1","floor":22.0},{"not_picked":["Cleave","Headbutt","Searing Blow"],"picked":"SKIP","floor":25.0},{"not_picked":["Warcry","Clothesline","Shrug It Off"],"picked":"SKIP","floor":27.0},{"not_picked":["Iron Wave","Perfected Strike","Clothesline"],"picked":"SKIP","floor":28.0},{"not_picked":["Thunderclap","Bludgeon"],"picked":"Power Through","floor":29.0}],"player_experience":1787270,"relics_obtained":[{"floor":9.0,"key":"Strawberry"},{"floor":11.0,"key":"Frozen Egg 2"},{"floor":13.0,"key":"Bronze Scales"},{"floor":22.0,"key":"Diplopia"},{"floor":24.0,"key":"Eternal Feather"},{"floor":25.0,"key":"Blue Candle"},{"floor":27.0,"key":"Boot"}],"event_choices":[{"cards_removed":["Strike_R"],"damage_healed":0.0,"max_hp_gain":0.0,"max_hp_loss":0.0,"gold_gain":0.0,"event_name":"Living Wall","player_choice":"Forget","floor":4.0,"gold_loss":0.0,"damage_taken":0.0},{"damage_healed":0.0,"max_hp_gain":0.0,"max_hp_loss":0.0,"gold_gain":0.0,"event_name":"Shining Light","player_choice":"Entered Light","floor":17.0,"gold_loss":0.0,"damage_taken":25.0,"cards_upgraded":["Strike_R","Strike_R"]}],"is_beta":false,"boss_relics":[],"items_purged_floors":[2,20,23],"is_endless":false,"potions_floor_spawned":[5,7,11,13,14,18,19,22,28],"killed_by":"Shell Parasite","ascension_level":20}}