{"host":"kpyoctgc7jne3jiy","time":1609371162,"event":{"mods":["AchievementEnabler","BaseMod","Minty Spire (QoL Compilation)","Relic Stats"],"gold_per_floor":[115,134,134,209,229,229,229,256,256,256,290,313,313,332,332,436,436,452,66,76,76,76,106,106,141,218,236,247,247,267,285,285,383,383,403,418,418,262,275,301,319,319,319],"floor_reached":42,"playtime":2007,"items_purged":["Strike_B"],"score":575,"play_id":"84da641d-32df-46eb-b8eb-ba4bcc3a855c","local_time":"20201231003242","is_ascension_mode":true,"campfire_choices":[{"data":"Ball Lightning","floor":6,"key":"SMITH"},{"floor":10,"key":"REST"},{"data":"Rainbow","floor":13,"key":"SMITH"},{"data":"Conserve Battery","floor":15,"key":"SMITH"},{"floor":24,"key":"REST"},{"floor":29,"key":"REST"},{"data":"Defragment","floor":32,"key":"SMITH"}],"circlet_count":0,"master_deck":["Strike_B","Strike_B","Strike_B+1","Defend_B","Defend_B+1","Defend_B","Defend_B","Zap","Dualcast","Ball Lightning+1","Self Repair","Melter","Conserve Battery+1","Rainbow+1","All For One","Glacier+1","Cold Snap+1","Streamline","Electrodynamics","Go for the Eyes+1","Doom and Gloom","Defragment+1","Go for the Eyes+1","Glacier","Reboot","Steam+1","Heatsinks+1","Echo Form","CurseOfTheBell","Compile Driver+1","Storm+1","Machine Learning","Static Discharge+1","Parasite","Defragment"],"relics":["Sozu","Incense Burner","Peace Pipe","Lantern","Philosopher\u0027s Stone","Shuriken","Orrery","Orichalcum","Akabeko","White Beast Statue","Calling Bell","Toy Ornithopter","Cables","Shovel","Anchor"],"acts_visited":["Exordium","TheCity","TheBeyond"],"potions_floor_usage":[],"damage_taken":[{"damage":3,"enemies":"Jaw Worm","floor":1,"turns":4},{"damage":2,"enemies":"2 Louse","floor":2,"turns":2},{"damage":0,"enemies":"Small Slimes","floor":5,"turns":3},{"damage":20,"enemies":"3 Sentries","floor":8,"turns":6},{"damage":15,"enemies":"Lagavulin","floor":11,"turns":6},{"damage":9,"enemies":"Exordium Thugs","floor":14,"turns":3},{"damage":29,"enemies":"Hexaghost","floor":16,"turns":9},{"damage":0,"enemies":"Chosen","floor":18,"turns":4},{"damage":21,"enemies":"3 Byrds","floor":20,"turns":4},{"damage":27,"enemies":"Slavers","floor":23,"turns":4},{"damage":39,"enemies":"Gremlin Leader","floor":25,"turns":6},{"damage":3,"enemies":"Snake Plant","floor":27,"turns":4},{"damage":0,"enemies":"3 Cultists","floor":28,"turns":3},{"damage":4,"enemies":"Cultist and Chosen","floor":30,"turns":4},{"damage":1,"enemies":"Centurion and Healer","floor":31,"turns":7},{"damage":12,"enemies":"Automaton","floor":33,"turns":8},{"damage":3,"enemies":"Orb Walker","floor":35,"turns":4},{"damage":7,"enemies":"3 Shapes","floor":36,"turns":3},{"damage":4,"enemies":"Maw","floor":39,"turns":6},{"damage":48,"enemies":"Giant Head","floor":40,"turns":10},{"damage":12,"enemies":"Writhing Mass","floor":41,"turns":5},{"damage":36,"enemies":"3 Darklings","floor":42,"turns":2}],"seed_played":"7548156259633709390","potions_obtained":[],"is_trial":false,"path_per_floor":["M","M","?","?","M","R","?","E","T","R","E","T","R","M","R","B",null,"M","$","M","?","?","E","R","E","T","M","M","R","M","M","R","B",null,"M","M","?","$","M","E","M","M"],"character_chosen":"DEFECT","items_purchased":["Shuriken","Orrery","Machine Learning"],"campfire_rested":3,"item_purchase_floors":[19,19,38],"current_hp_per_floor":[72,70,55,44,51,51,56,43,43,67,59,59,59,57,57,35,80,80,80,66,66,66,39,63,31,31,35,35,59,55,61,61,56,80,77,77,77,77,80,39,34,0,0],"gold":319,"neow_bonus":"BOSS_RELIC","is_daily":false,"chose_seed":false,"campfire_upgraded":4,"win_rate":0.0,"timestamp":1609371162,"path_taken":["M","M","?","?","M","R","?","E","T","R","E","?","R","M","R","BOSS","M","$","M","?","?","E","R","E","T","M","?","R","?","M","R","BOSS","M","M","?","$","?","E","M","M"],"items_purchased_type":["Relic","Relic","Card"],"build_version":"2020-12-22","purchased_purges":1,"victory":false,"max_hp_per_floor":[75,75,75,75,75,75,80,80,80,80,80,80,80,80,80,80,80,80,80,80,80,80,80,80,80,80,80,80,80,80,80,80,80,80,80,80,80,80,80,80,80,80,80],"relic_stats":{"Sozu":16,"Peace Pipe":0,"Shovel":0,"counters":[22,107],"Shuriken":[30],"Orichalcum":[84],"obtain_stats":[{"Lantern":12,"Incense Burner":8,"Orichalcum":23,"Akabeko":25,"White Beast Statue":26,"Cables":34,"Sozu":0,"Peace Pipe":11,"Calling Bell":34,"Anchor":40,"Shovel":34,"Shuriken":19,"Orrery":19,"Philosopher\u0027s Stone":17,"Cracked Core":0,"Toy Ornithopter":34},{"Lantern":5,"Incense Burner":4,"Orichalcum":10,"Akabeko":11,"White Beast Statue":11,"Cables":16,"Sozu":0,"Peace Pipe":5,"Calling Bell":16,"Anchor":20,"Shovel":16,"Shuriken":8,"Orrery":8,"Philosopher\u0027s Stone":7,"Cracked Core":0,"Toy Ornithopter":16},{"Lantern":21,"Incense Burner":15,"Orichalcum":45,"Akabeko":51,"White Beast Statue":51,"Cables":77,"Sozu":0,"Peace Pipe":21,"Calling Bell":77,"Anchor":100,"Shovel":77,"Shuriken":37,"Orrery":37,"Philosopher\u0027s Stone":33,"Cracked Core":0,"Toy Ornithopter":77}],"Toy Ornithopter":0,"Cables":[23,13,7,3,0]},"card_choices":[{"not_picked":["Cold Snap","Lockon"],"picked":"Ball Lightning","floor":1},{"not_picked":["Steam","Barrage"],"picked":"Self Repair","floor":2},{"not_picked":["Beam Cell","Auto Shields"],"picked":"Melter","floor":5},{"not_picked":["Sweeping Beam","Rebound"],"picked":"Conserve Battery","floor":8},{"not_picked":["Gash","Chill"],"picked":"Rainbow","floor":11},{"not_picked":["Beam Cell","Rebound","Recycle"],"picked":"SKIP","floor":14},{"not_picked":["Amplify","Thunder Strike"],"picked":"All For One","floor":16},{"not_picked":["Redo","Compile Driver"],"picked":"Glacier","floor":18},{"not_picked":["Stack+1","Melter"],"picked":"Cold Snap+1","floor":19},{"not_picked":["Cold Snap+1","Turbo"],"picked":"Streamline","floor":19},{"not_picked":["Conserve Battery","Compile Driver"],"picked":"Electrodynamics","floor":19},{"not_picked":["Cold Snap+1","Steam+1"],"picked":"Go for the Eyes+1","floor":19},{"not_picked":["Go for the Eyes","Steam"],"picked":"Doom and Gloom","floor":19},{"not_picked":["Cold Snap","Blizzard"],"picked":"Defragment","floor":20},{"not_picked":["Scrape+1","Cold Snap"],"picked":"Go for the Eyes+1","floor":23},{"not_picked":["Blizzard","Chaos"],"picked":"Glacier","floor":25},{"not_picked":["Glacier","Ball Lightning"],"picked":"Reboot","floor":27},{"not_picked":["Storm","Go for the Eyes"],"picked":"Steam+1","floor":28},{"not_picked":["Beam Cell","Double Energy"],"picked":"Heatsinks+1","floor":30},{"not_picked":["Turbo","Steam+1","Redo"],"picked":"SKIP","floor":31},{"not_picked":["Hyperbeam","Core Surge"],"picked":"Echo Form","floor":33},{"not_picked":["Cold Snap+1","Reinforced Body"],"picked":"Compile Driver+1","floor":35},{"not_picked":["FTL+1","Genetic Algorithm"],"picked":"Storm+1","floor":36},{"not_picked":["Heatsinks","Go for the Eyes+1","Storm+1"],"picked":"SKIP","floor":39},{"not_picked":["Hologram+1","Sunder+1"],"picked":"Static Discharge+1","floor":40},{"not_picked":["Ball Lightning+1","Beam Cell+1"],"picked":"Defragment","floor":41}],"player_experience":266598,"relics_obtained":[{"floor":8,"key":"Incense Burner"},{"floor":11,"key":"Peace Pipe"},{"floor":12,"key":"Lantern"},{"floor":23,"key":"Orichalcum"},{"floor":25,"key":"Akabeko"},{"floor":26,"key":"White Beast Statue"},{"floor":34,"key":"Toy Ornithopter"},{"floor":34,"key":"Cables"},{"floor":34,"key":"Shovel"},{"floor":40,"key":"Anchor"}],"event_choices":[{"damage_healed":0,"gold_gain":0,"player_choice":"Entered Light","damage_taken":15,"max_hp_gain":0,"max_hp_loss":0,"event_name":"Shining Light","floor":3,"gold_loss":0,"cards_upgraded":["Defend_B","Strike_B"]},{"damage_healed":0,"gold_gain":75,"player_choice":"Gather Gold","damage_taken":11,"max_hp_gain":0,"max_hp_loss":0,"event_name":"World of Goop","floor":4,"gold_loss":0},{"damage_healed":0,"gold_gain":0,"player_choice":"Donut","damage_taken":0,"max_hp_gain":5,"max_hp_loss":0,"event_name":"Big Fish","floor":7,"gold_loss":0},{"damage_healed":0,"gold_gain":0,"player_choice":"Ignored","damage_taken":0,"max_hp_gain":0,"max_hp_loss":0,"event_name":"Ghosts","floor":21,"gold_loss":0},{"damage_healed":0,"gold_gain":0,"player_choice":"Upgraded","damage_taken":0,"max_hp_gain":0,"max_hp_loss":0,"event_name":"Upgrade Shrine","floor":22,"gold_loss":0,"cards_upgraded":["Glacier"]},{"damage_healed":0,"gold_gain":0,"player_choice":"Bought 0 Potions","damage_taken":0,"max_hp_gain":0,"max_hp_loss":0,"event_name":"The Woman in Blue","floor":37,"gold_loss":0}],"is_beta":false,"boss_relics":[{"not_picked":["Snecko Eye","Runic Dome"],"picked":"Philosopher\u0027s Stone"},{"not_picked":["Nuclear Battery","Astrolabe"],"picked":"Calling Bell"}],"items_purged_floors":[38],"is_endless":false,"potions_floor_spawned":[5,8,14,16,20,25,27,28,30,31,33,35,36,39,40,41],"killed_by":"3 Darklings","ascension_level":3}}