{"host":"dw0lfiijjtrmelew","time":1609291317,"event":{"mods":["BaseMod","Minty Spire (QoL Compilation)","Relic Stats","StSLib"],"gold_per_floor":[117,192,208,173,184,219,219,219,219],"floor_reached":8,"playtime":327,"items_purged":[],"score":112,"play_id":"8015b3dc-b1ea-450b-9833-876a670a0d3f","local_time":"20201229192157","is_ascension_mode":true,"campfire_choices":[{"floor":7,"key":"REST"}],"circlet_count":0,"master_deck":["AscendersBane","Strike_G","Strike_G","Strike_G","Strike_G","Strike_G","Defend_G","Defend_G","Defend_G","Defend_G","Defend_G","Survivor","Neutralize","Eviscerate","Dagger Throw","Dagger Spray"],"relics":["Ring of the Snake","Regal Pillow"],"acts_visited":["Exordium"],"potions_floor_usage":[6,6],"damage_taken":[{"damage":0,"enemies":"Jaw Worm","floor":1,"turns":6},{"damage":0,"enemies":"2 Louse","floor":3,"turns":3},{"damage":4,"enemies":"Small Slimes","floor":5,"turns":3},{"damage":24,"enemies":"3 Sentries","floor":6,"turns":7},{"damage":63,"enemies":"Lagavulin","floor":8,"turns":9}],"seed_played":"-6398156116899170412","potions_obtained":[{"floor":0,"key":"Strength Potion"},{"floor":0,"key":"CunningPotion"}],"is_trial":false,"path_per_floor":["M","?","M","?","M","E","R","E"],"character_chosen":"THE_SILENT","items_purchased":[],"campfire_rested":1,"item_purchase_floors":[],"current_hp_per_floor":[59,48,48,64,60,36,66,3,3],"gold":219,"neow_bonus":"THREE_SMALL_POTIONS","is_daily":false,"chose_seed":false,"campfire_upgraded":0,"win_rate":0.0,"timestamp":1609291317,"path_taken":["M","?","M","?","M","E","R","E"],"items_purchased_type":[],"build_version":"2020-12-22","purchased_purges":0,"victory":false,"max_hp_per_floor":[66,66,66,66,66,66,66,66,66],"relic_stats":{"Regal Pillow":11,"counters":[5,28],"obtain_stats":[{"Regal Pillow":6,"Ring of the Snake":0},{"Regal Pillow":4,"Ring of the Snake":0},{"Regal Pillow":19,"Ring of the Snake":0}],"Ring of the Snake":[10]},"card_choices":[{"not_picked":["Outmaneuver","Blade Dance"],"picked":"Eviscerate","floor":1},{"not_picked":["Calculated Gamble","Terror"],"picked":"Dagger Throw","floor":3},{"not_picked":["Outmaneuver","Sucker Punch"],"picked":"Dagger Spray","floor":5},{"not_picked":["Deflect","Heel Hook","Infinite Blades"],"picked":"SKIP","floor":6}],"player_experience":1181660,"relics_obtained":[{"floor":6,"key":"Regal Pillow"}],"event_choices":[{"damage_healed":0,"gold_gain":75,"player_choice":"Gather Gold","damage_taken":11,"max_hp_gain":0,"max_hp_loss":0,"event_name":"World of Goop","floor":2,"gold_loss":0},{"damage_healed":16,"gold_gain":0,"player_choice":"Healed","damage_taken":0,"max_hp_gain":0,"max_hp_loss":0,"event_name":"The Cleric","floor":4,"gold_loss":35}],"is_beta":false,"boss_relics":[],"items_purged_floors":[],"is_endless":false,"potions_floor_spawned":[1,3],"killed_by":"Lagavulin","ascension_level":20}}