{"host":"mcdusr64esz012l0","time":1609365913,"event":{"mods":["BaseMod","Minty Spire (QoL Compilation)","Relic Stats"],"gold_per_floor":[118,118,133,133,133,133,151,164,187,187,33,61,81,114,114,191,191,203,220,240,240,240],"floor_reached":21,"playtime":862,"items_purged":[],"score":372,"play_id":"84b60ea5-b88b-416a-a1de-265d797a0812","local_time":"20201230170513","is_ascension_mode":true,"campfire_choices":[{"data":"Eruption","floor":6,"key":"SMITH"},{"data":"ThirdEye","floor":10,"key":"SMITH"},{"floor":15,"key":"REST"}],"circlet_count":0,"master_deck":["AscendersBane","Strike_P","Strike_P","Strike_P+1","Strike_P","Defend_P","Defend_P","Defend_P","Defend_P","Eruption+1","Vigilance","ReachHeaven+1","BowlingBash","Decay","ReachHeaven","ThirdEye+1","Weave","Wireheading","Blasphemy","EmptyFist","DevaForm","Weave","Scrawl","CutThroughFate","ClearTheMind","Protect"],"relics":["PureWater","NeowsBlessing","Dream Catcher","Vajra","Unceasing Top","Fusion Hammer"],"acts_visited":["Exordium","TheCity"],"potions_floor_usage":[12,13,14,19],"damage_taken":[{"damage":0,"enemies":"Cultist","floor":1,"turns":1},{"damage":0,"enemies":"Small Slimes","floor":3,"turns":1},{"damage":0,"enemies":"2 Louse","floor":7,"turns":1},{"damage":8,"enemies":"Red Slaver","floor":8,"turns":3},{"damage":2,"enemies":"Gremlin Nob","floor":12,"turns":2},{"damage":13,"enemies":"Gremlin Gang","floor":13,"turns":4},{"damage":20,"enemies":"Lagavulin","floor":14,"turns":3},{"damage":33,"enemies":"Hexaghost","floor":16,"turns":6},{"damage":22,"enemies":"3 Byrds","floor":18,"turns":6},{"damage":25,"enemies":"2 Thieves","floor":19,"turns":3},{"damage":15,"enemies":"Centurion and Healer","floor":20,"turns":3},{"damage":0,"enemies":"Sentry and Sphere","floor":21,"turns":2}],"seed_played":"-4242517877173372572","potions_obtained":[{"floor":1,"key":"DistilledChaos"},{"floor":7,"key":"EntropicBrew"},{"floor":18,"key":"FairyPotion"},{"floor":19,"key":"Strength Potion"}],"is_trial":false,"path_per_floor":["M","?","M","?","?","R","M","M","T","R","$","E","M","E","R","B",null,"M","M","M","M"],"character_chosen":"WATCHER","items_purchased":["Weave","Wireheading"],"campfire_rested":1,"item_purchase_floors":[11,11],"current_hp_per_floor":[61,41,41,63,63,63,63,55,55,55,55,53,40,20,40,7,53,31,6,11,11,11],"gold":240,"neow_bonus":"THREE_ENEMY_KILL","is_daily":false,"chose_seed":false,"campfire_upgraded":2,"win_rate":0.0,"timestamp":1609365913,"path_taken":["M","?","M","?","?","R","?","M","T","R","?","E","?","E","R","BOSS","M","M","?","?"],"items_purchased_type":["Card","Card"],"build_version":"2020-12-22","purchased_purges":0,"victory":false,"max_hp_per_floor":[68,68,68,68,68,68,68,68,68,68,68,68,68,68,68,68,68,68,68,68,68,68],"relic_stats":{"Dream Catcher":1,"counters":[12,35],"obtain_stats":[{"Dream Catcher":9,"NeowsBlessing":0,"Vajra":12,"Fusion Hammer":17,"PureWater":0,"Unceasing Top":14},{"Dream Catcher":4,"NeowsBlessing":0,"Vajra":5,"Fusion Hammer":8,"PureWater":0,"Unceasing Top":7},{"Dream Catcher":6,"NeowsBlessing":0,"Vajra":8,"Fusion Hammer":21,"PureWater":0,"Unceasing Top":15}],"Unceasing Top":[2]},"card_choices":[{"not_picked":["DeceiveReality","SashWhip"],"picked":"ReachHeaven","floor":1},{"not_picked":["PathToVictory","FollowUp"],"picked":"BowlingBash","floor":3},{"not_picked":["Halt","EmptyMind"],"picked":"ReachHeaven","floor":7},{"not_picked":["SignatureMove","CutThroughFate"],"picked":"ThirdEye","floor":8},{"not_picked":["Protect","Halt"],"picked":"Blasphemy","floor":12},{"not_picked":["Worship","FollowUp"],"picked":"EmptyFist","floor":13},{"not_picked":["Conclude","Pray"],"picked":"DevaForm","floor":14},{"not_picked":["SashWhip","Halt"],"picked":"Weave","floor":15},{"not_picked":["DevaForm","Brilliance"],"picked":"Scrawl","floor":16},{"not_picked":["PathToVictory","SashWhip+1"],"picked":"CutThroughFate","floor":18},{"not_picked":["MasterReality","Crescendo"],"picked":"ClearTheMind","floor":19},{"not_picked":["SashWhip+1","WindmillStrike"],"picked":"Protect","floor":20}],"player_experience":1017005,"relics_obtained":[{"floor":9,"key":"Dream Catcher"},{"floor":12,"key":"Vajra"},{"floor":14,"key":"Unceasing Top"}],"event_choices":[{"damage_healed":0,"gold_gain":0,"player_choice":"Entered Light","damage_taken":20,"max_hp_gain":0,"max_hp_loss":0,"event_name":"Shining Light","floor":2,"gold_loss":0,"cards_upgraded":["Strike_P","ReachHeaven"]},{"damage_healed":22,"gold_gain":0,"player_choice":"Banana","damage_taken":0,"max_hp_gain":0,"max_hp_loss":0,"event_name":"Big Fish","floor":4,"gold_loss":0},{"damage_healed":0,"gold_gain":0,"player_choice":"Cursed","damage_taken":0,"max_hp_gain":0,"max_hp_loss":0,"event_name":"Wheel of Change","floor":5,"gold_loss":0,"cards_obtained":["Decay"]}],"is_beta":false,"boss_relics":[{"not_picked":["Ectoplasm","Runic Dome"],"picked":"Fusion Hammer"}],"items_purged_floors":[],"is_endless":false,"potions_floor_spawned":[1,7,13,18,19],"killed_by":"Sentry and Sphere","ascension_level":19}}