{"host":"2820e8i2y38gm4bp","time":1609351331,"event":{"mods":["2.2 Compatiblity","Act Like it!","BaseMod","Better Note","BetterRewards","Downfall","Elementarium","GungeonMod","Hubris","Jorbs\u0027s Wanderer Trilogy","Marisa????????","Minty Spire (QoL Compilation)","Potionbrewer","Rare Cards Sparkle","Replay The Spire","Shop Mod","StSLib","The Bug Knight","The Jungle","TheBandit"],"gold_per_floor":[14,14,89,11,27,27,27,42,42,42,61,61,27,62,62,162,162,174,84,100,104,122,122,162,212,212,217,217],"floor_reached":27,"playtime":1083,"items_purged":["ReplayTheSpireMod:Restless Dread"],"score":229,"play_id":"9b6f49f5-e506-4046-89cf-50f2142a4cd2","local_time":"20201230130211","is_ascension_mode":false,"campfire_choices":[{"data":"DemoMod:TableSutra","floor":6,"key":"SMITH"},{"data":"DemoMod:RustySidearm","floor":10,"key":"SMITH"},{"data":"DemoMod:BSG","floor":12,"key":"SMITH"},{"data":"DemoMod:ShadowBullets","floor":15,"key":"SMITH"},{"floor":23,"key":"REST"}],"circlet_count":0,"master_deck":["DemoMod:Strike_Huntress","DemoMod:Defend_Huntress","DemoMod:Defend_Huntress","DemoMod:Defend_Huntress+1","DemoMod:Defend_Huntress","DemoMod:Roll","DemoMod:RustySidearm+1","DemoMod:CrossBow","DemoMod:JK47","DemoMod:TableSutra+1","DemoMod:GunslingerForm+1","DemoMod:StickyCrossBow","DemoMod:BSG+1","DemoMod:ShadowBullets+1","DemoMod:SAA","DemoMod:Slinger","DemoMod:TeaPot+1","DemoMod:ProbeStrike","DemoMod:StickyCrossBow+1"],"relics":["DemoMod:Dog","BranchBurnRelic","DemoMod:MeltedRock","Bronze Scales","hubris:HollowSoul","ReplayTheSpireMod:CursedCoin","Matryoshka","Toy Ornithopter","hubris:TenFootPole"],"acts_visited":["Exordium","TheCity"],"potions_floor_usage":[18,22],"damage_taken":[{"damage":1,"enemies":"Small Slimes","floor":1,"turns":3},{"damage":2,"enemies":"2 Louse","floor":5,"turns":4},{"damage":7,"enemies":"Jaw Worm","floor":8,"turns":4},{"damage":0,"enemies":"Blue Slaver","floor":11,"turns":4},{"damage":5,"enemies":"Gremlin Nob","floor":14,"turns":3},{"damage":41,"enemies":"Hexaghost","floor":16,"turns":9},{"damage":34,"enemies":"2 Thieves","floor":18,"turns":3},{"damage":26,"enemies":"Spheric Guardian","floor":20,"turns":5},{"damage":0,"enemies":"3 Cultists","floor":22,"turns":2},{"damage":42,"enemies":"Gremlin Leader","floor":24,"turns":5},{"damage":15,"enemies":"Cultist and Chosen","floor":27,"turns":4}],"seed_played":"2088555839553894941","potions_obtained":[{"floor":5,"key":"Explosive Potion"},{"floor":11,"key":"DistilledChaos"},{"floor":18,"key":"Milkshake"}],"is_trial":false,"path_per_floor":["M","?","?","$","M","R","?","M","T","R","M","R","$","E","R","B",null,"M","?","M","$","M","R","E","?","T","M"],"character_chosen":"HUNTRESS","items_purchased":["DemoMod:TableSutra","DemoMod:ShadowBullets","ReplayTheSpireMod:CursedCoin","DemoMod:ProbeStrike"],"campfire_rested":1,"item_purchase_floors":[4,13,21,21],"current_hp_per_floor":[69,62,51,51,49,49,49,56,56,56,68,68,68,65,65,35,70,36,36,10,10,10,31,3,3,3,0,0],"gold":217,"neow_bonus":"ONE_RARE_RELIC","is_daily":false,"chose_seed":false,"campfire_upgraded":4,"win_rate":0.0,"timestamp":1609351331,"path_taken":["M","?","?","$","M","R","?","M","T","R","M","R","$","E","R","BOSS","M","?","M","$","M","R","E","?","T","M"],"items_purchased_type":["Card","Card","Relic","Card"],"build_version":"2020-12-22","purchased_purges":1,"victory":false,"max_hp_per_floor":[70,70,70,70,70,70,70,70,70,70,70,70,70,70,70,70,70,70,70,70,70,70,70,70,70,70,70,70],"card_choices":[{"not_picked":["DemoMod:MachoBrace","DemoMod:FastSwitch"],"picked":"DemoMod:JK47","floor":1},{"not_picked":["DemoMod:Unmoved","DemoMod:ZorGun","DemoMod:DoubleSwitch"],"picked":"SKIP","floor":5},{"not_picked":["DemoMod:MegaHand","DemoMod:DoubleSwitch"],"picked":"DemoMod:StickyCrossBow","floor":8},{"not_picked":["DemoMod:Unity","DemoMod:JK47"],"picked":"DemoMod:BSG","floor":11},{"not_picked":["DemoMod:Slinger","DemoMod:AbyssalTentacle"],"picked":"DemoMod:SAA","floor":14},{"not_picked":["DemoMod:BulletBore","DemoMod:BSG"],"picked":"DemoMod:Slinger","floor":16},{"not_picked":["DemoMod:AC15","DemoMod:Ejector"],"picked":"DemoMod:TeaPot+1","floor":18},{"not_picked":["DemoMod:BoxingGlove","DemoMod:GunstockTap","DemoMod:FastSwitch"],"picked":"SKIP","floor":20},{"not_picked":["DemoMod:SniperShot","DemoMod:HighKaliber","DemoMod:ConditionalReflex"],"picked":"SKIP","floor":22},{"not_picked":["DemoMod:Polaris","DemoMod:HardPowerCard"],"picked":"DemoMod:StickyCrossBow+1","floor":24}],"player_experience":505286,"relics_obtained":[{"floor":9,"key":"DemoMod:MeltedRock"},{"floor":14,"key":"Bronze Scales"},{"floor":24,"key":"Matryoshka"},{"floor":26,"key":"Toy Ornithopter"},{"floor":26,"key":"hubris:TenFootPole"}],"event_choices":[{"cards_removed":["DemoMod:Strike_Huntress"],"damage_healed":0,"gold_gain":0,"player_choice":"Card Removal","damage_taken":7,"max_hp_gain":0,"max_hp_loss":0,"event_name":"Golden Wing","floor":2,"gold_loss":0},{"damage_healed":0,"gold_gain":75,"player_choice":"Gather Gold","damage_taken":11,"max_hp_gain":0,"max_hp_loss":0,"event_name":"World of Goop","floor":3,"gold_loss":0},{"cards_removed":["DemoMod:Strike_Huntress"],"damage_healed":0,"gold_gain":0,"player_choice":"Upgrade and Remove","damage_taken":0,"max_hp_gain":0,"max_hp_loss":0,"event_name":"Designer","floor":19,"gold_loss":90,"cards_upgraded":["DemoMod:Defend_Huntress"]},{"damage_healed":0,"gold_gain":100,"player_choice":"Bet on Murderer","damage_taken":0,"max_hp_gain":0,"max_hp_loss":0,"event_name":"The Joust","floor":25,"gold_loss":50}],"is_beta":false,"boss_relics":[{"not_picked":["Velvet Choker","Kintsugi"],"picked":"hubris:HollowSoul"}],"items_purged_floors":[21],"is_endless":false,"potions_floor_spawned":[5,11,18],"killed_by":"Cultist and Chosen","ascension_level":0}}