{"host":"dhyczjm99amxd3qx","time":1609297281,"event":{"mods":["BaseMod","Colored Map","Googly Eyes","Highlight Path","Minty Spire (QoL Compilation)","Quick Restart","StSLib"],"gold_per_floor":[116,134,149,159,109,109,141,141,191,207,234,234,409,409,409,530,530,543,558,186,186,199,243,107,32,32,72,88,3,21,59,59,183,183,206,224,224,245,345,345,384,397,397,397,78,121,121,121,121,121,121],"floor_reached":50,"playtime":5416,"items_purged":["Doubt","PathToVictory","Conclude"],"score":693,"play_id":"fe436a92-ca54-433c-bece-6b980d21a414","local_time":"20201229220121","is_ascension_mode":false,"campfire_choices":[{"data":"Vault","floor":6.0,"key":"SMITH"},{"data":"DevaForm","floor":15.0,"key":"SMITH"},{"data":"Adaptation","floor":32.0,"key":"SMITH"},{"data":"Study","floor":40.0,"key":"SMITH"},{"data":"DeusExMachina","floor":47.0,"key":"SMITH"},{"data":"Eruption","floor":49.0,"key":"SMITH"}],"circlet_count":0,"master_deck":["Defend_P","Defend_P","Eruption+1","Vigilance","Vault+1","Protect","DevaForm+1","Study+1","DeusExMachina+1","EmptyBody+1","Bite","Bite","Bite","Bite","Bite","CutThroughFate+1","Adaptation+1","Nirvana+1","Meditate"],"relics":["HolyWater","Meat on the Bone","Bag of Marbles","Vajra","Singing Bowl","Golden Idol","PreservedInsect","Art of War","Centennial Puzzle","Bird Faced Urn","Pen Nib","Potion Belt","Pear","Philosopher\u0027s Stone","Bottled Lightning","Mummified Hand","Ancient Tea Set","Bronze Scales"],"acts_visited":["Exordium","TheCity","TheBeyond"],"potions_floor_usage":[50,50],"damage_taken":[{"damage":7.0,"enemies":"Small Slimes","floor":1.0,"turns":4.0},{"damage":0.0,"enemies":"2 Louse","floor":2.0,"turns":3.0},{"damage":0.0,"enemies":"Jaw Worm","floor":3.0,"turns":4.0},{"damage":9.0,"enemies":"Large Slime","floor":4.0,"turns":6.0},{"damage":32.0,"enemies":"3 Sentries","floor":7.0,"turns":10.0},{"damage":10.0,"enemies":"Looter","floor":10.0,"turns":3.0},{"damage":0.0,"enemies":"Lagavulin","floor":11.0,"turns":6.0},{"damage":23.0,"enemies":"Hexaghost","floor":16.0,"turns":11.0},{"damage":30.0,"enemies":"3 Byrds","floor":18.0,"turns":8.0},{"damage":5.0,"enemies":"Shell Parasite","floor":19.0,"turns":6.0},{"damage":59.0,"enemies":"Cultist and Chosen","floor":22.0,"turns":10.0},{"damage":11.0,"enemies":"Book of Stabbing","floor":23.0,"turns":5.0},{"damage":22.0,"enemies":"Slavers","floor":27.0,"turns":6.0},{"damage":9.0,"enemies":"Snake Plant","floor":28.0,"turns":4.0},{"damage":5.0,"enemies":"Chosen and Byrds","floor":30.0,"turns":4.0},{"damage":0.0,"enemies":"Gremlin Leader","floor":31.0,"turns":5.0},{"damage":74.0,"enemies":"Automaton","floor":33.0,"turns":10.0},{"damage":2.0,"enemies":"Orb Walker","floor":35.0,"turns":4.0},{"damage":21.0,"enemies":"3 Darklings","floor":36.0,"turns":7.0},{"damage":34.0,"enemies":"Spire Growth","floor":38.0,"turns":3.0},{"damage":31.0,"enemies":"Nemesis","floor":41.0,"turns":5.0},{"damage":16.0,"enemies":"Sphere and 2 Shapes","floor":42.0,"turns":5.0},{"damage":52.0,"enemies":"Reptomancer","floor":46.0,"turns":6.0},{"damage":106,"enemies":"Awakened One","floor":50,"turns":9}],"seed_played":"8837167034078064293","potions_obtained":[{"floor":3.0,"key":"StancePotion"},{"floor":7.0,"key":"BottledMiracle"},{"floor":10.0,"key":"CultistPotion"},{"floor":16.0,"key":"Swift Potion"},{"floor":18.0,"key":"DistilledChaos"},{"floor":19.0,"key":"Strength Potion"},{"floor":23.0,"key":"SkillPotion"},{"floor":31.0,"key":"Explosive Potion"},{"floor":41.0,"key":"SpeedPotion"},{"floor":42.0,"key":"DuplicationPotion"}],"is_trial":false,"path_per_floor":["M","M","M","M","?","R","E","?","T","M","E","?","?","?","R","B",null,"M","M","$","?","M","E","$","?","T","E","M","?","M","E","R","B",null,"M","M","?","M","?","R","E","M","T","?","$","E","R","?","R","B"],"character_chosen":"WATCHER","items_purchased":["PreservedInsect","Art of War","Adaptation","Ancient Tea Set","Meditate"],"campfire_rested":0,"item_purchase_floors":[20,20,24,45,45],"current_hp_per_floor":[44,44,44,35,35,35,3,27,27,29,41,34,34,34,34,23,67,37,46,46,46,18,37,37,37,37,37,42,42,56,68,68,28,68,68,70,70,44,44,44,39,53,53,55,55,47,47,47,47,0,0],"gold":121,"neow_bonus":"THREE_RARE_CARDS","is_daily":false,"chose_seed":false,"campfire_upgraded":6,"win_rate":0.0,"timestamp":1609297281,"path_taken":["M","M","M","M","?","R","E","?","T","?","E","?","?","?","R","BOSS","M","M","$","?","M","E","$","?","T","E","M","?","?","E","R","BOSS","M","M","?","M","?","R","E","?","T","?","?","E","R","?","R","BOSS"],"items_purchased_type":["Relic","Relic","Card","Relic","Card"],"build_version":"2020-12-22","purchased_purges":3,"victory":false,"max_hp_per_floor":[72,72,72,72,72,72,72,72,72,72,72,72,72,67,67,67,67,67,69,69,48,50,50,50,50,50,52,54,54,56,68,68,68,68,68,70,70,72,72,72,74,76,76,78,78,80,80,76,76,76,76],"card_choices":[{"not_picked":["LessonLearned","Omniscience"],"picked":"Vault","floor":0.0},{"not_picked":["FollowUp","BowlingBash"],"picked":"PathToVictory","floor":1.0},{"not_picked":["ReachHeaven","BowlingBash"],"picked":"Conclude","floor":2.0},{"not_picked":["Indignation","Worship"],"picked":"Protect","floor":3.0},{"not_picked":["Study","Crescendo","FearNoEvil"],"picked":"SKIP","floor":4.0},{"not_picked":["InnerPeace","Consecrate"],"picked":"DevaForm","floor":7.0},{"not_picked":["SashWhip","CrushJoints"],"picked":"Study","floor":10.0},{"not_picked":["FollowUp","Vengeance","SashWhip"],"picked":"SKIP","floor":11.0},{"not_picked":["Establishment","Devotion"],"picked":"DeusExMachina","floor":16.0},{"not_picked":["Worship+1","Weave"],"picked":"EmptyBody+1","floor":18.0},{"not_picked":["JustLucky","Halt","ThirdEye+1"],"picked":"Singing Bowl","floor":19.0},{"not_picked":["ThirdEye","Conclude","CrushJoints+1"],"picked":"Singing Bowl","floor":22.0},{"not_picked":["ThirdEye","Study"],"picked":"CutThroughFate+1","floor":23.0},{"not_picked":["CrushJoints","Crescendo+1","Devotion"],"picked":"Singing Bowl","floor":27.0},{"not_picked":["JustLucky","ClearTheMind","Sanctity+1"],"picked":"Singing Bowl","floor":28.0},{"not_picked":["EmptyBody","ThirdEye","JustLucky+1"],"picked":"Singing Bowl","floor":30.0},{"not_picked":["FlurryOfBlows+1","Evaluate+1","WheelKick"],"picked":"Singing Bowl","floor":31.0},{"not_picked":["LessonLearned","MasterReality"],"picked":"Vault","floor":33.0},{"not_picked":["Crescendo+1","SandsOfTime"],"picked":"Nirvana+1","floor":35.0},{"not_picked":["Crescendo+1","Adaptation+1","Collect"],"picked":"Singing Bowl","floor":36.0},{"not_picked":["Indignation+1","BattleHymn","BowlingBash"],"picked":"Singing Bowl","floor":38.0},{"not_picked":["Conclude+1","JustLucky","LessonLearned"],"picked":"Singing Bowl","floor":41.0},{"not_picked":["EmptyBody","EmptyFist","Consecrate+1"],"picked":"Singing Bowl","floor":42.0},{"not_picked":["Good Instincts","Flash of Steel","Blind"],"picked":"Singing Bowl","floor":44.0},{"not_picked":["JustLucky","Collect","Crescendo+1"],"picked":"Singing Bowl","floor":46.0}],"player_experience":197589,"relics_obtained":[{"floor":7.0,"key":"Meat on the Bone"},{"floor":9.0,"key":"Bag of Marbles"},{"floor":11.0,"key":"Vajra"},{"floor":23.0,"key":"Centennial Puzzle"},{"floor":26.0,"key":"Bird Faced Urn"},{"floor":27.0,"key":"Pen Nib"},{"floor":31.0,"key":"Pear"},{"floor":41.0,"key":"Bottled Lightning"},{"floor":43.0,"key":"Mummified Hand"},{"floor":46.0,"key":"Bronze Scales"}],"event_choices":[{"cards_removed":["Defend_P"],"damage_healed":0.0,"max_hp_gain":0.0,"max_hp_loss":0.0,"gold_gain":0.0,"event_name":"The Cleric","player_choice":"Card Removal","floor":5.0,"gold_loss":50.0,"damage_taken":0.0},{"damage_healed":24.0,"max_hp_gain":0.0,"max_hp_loss":0.0,"gold_gain":0.0,"event_name":"Big Fish","player_choice":"Banana","floor":8.0,"gold_loss":0.0,"damage_taken":0.0},{"damage_healed":0.0,"max_hp_gain":0.0,"max_hp_loss":0.0,"gold_gain":0.0,"event_name":"Scrap Ooze","player_choice":"Success","floor":12.0,"gold_loss":0.0,"damage_taken":7.0,"relics_obtained":["Singing Bowl"]},{"damage_healed":0.0,"max_hp_gain":0.0,"max_hp_loss":0.0,"gold_gain":175.0,"event_name":"Liars Game","player_choice":"AGREE","floor":13.0,"gold_loss":0.0,"damage_taken":0.0,"cards_obtained":["Doubt"]},{"damage_healed":0.0,"max_hp_gain":0.0,"max_hp_loss":5.0,"gold_gain":0.0,"event_name":"Golden Idol","player_choice":"Lose Max HP","floor":14.0,"gold_loss":0.0,"damage_taken":0.0,"relics_obtained":["Golden Idol"]},{"damage_healed":0.0,"max_hp_gain":0.0,"max_hp_loss":21.0,"gold_gain":0.0,"event_name":"Vampires","player_choice":"Became a vampire","floor":21.0,"gold_loss":0.0,"damage_taken":0.0,"cards_obtained":["Bite","Bite","Bite","Bite","Bite"]},{"cards_removed":["Defend_P"],"damage_healed":0.0,"max_hp_gain":0.0,"max_hp_loss":0.0,"gold_gain":0.0,"event_name":"Beggar","player_choice":"Gave Gold","floor":25.0,"gold_loss":75.0,"damage_taken":0.0},{"damage_healed":0.0,"max_hp_gain":0.0,"max_hp_loss":0.0,"gold_gain":0.0,"event_name":"Addict","player_choice":"Obtained Relic","floor":29.0,"gold_loss":85.0,"damage_taken":0.0,"relics_obtained":["Potion Belt"]},{"cards_removed":["Vault"],"damage_healed":0.0,"max_hp_gain":0.0,"max_hp_loss":0.0,"gold_gain":0.0,"event_name":"Falling","player_choice":"Removed Skill","floor":37.0,"gold_loss":0.0,"damage_taken":0.0},{"damage_healed":0.0,"max_hp_gain":0.0,"max_hp_loss":0.0,"gold_gain":100.0,"event_name":"Golden Shrine","player_choice":"Pray","floor":39.0,"gold_loss":0.0,"damage_taken":0.0},{"damage_healed":0.0,"max_hp_gain":0.0,"max_hp_loss":0.0,"gold_gain":0.0,"event_name":"SensoryStone","player_choice":"Memory 1","floor":44.0,"gold_loss":0.0,"damage_taken":0.0},{"damage_healed":0.0,"max_hp_gain":0.0,"max_hp_loss":4.0,"gold_gain":0.0,"event_name":"Winding Halls","player_choice":"Max HP","floor":48.0,"gold_loss":0.0,"damage_taken":0.0}],"is_beta":false,"boss_relics":[{"not_picked":["Cursed Key","Coffee Dripper"],"picked":"HolyWater"},{"not_picked":["Pandora\u0027s Box","Black Star"],"picked":"Philosopher\u0027s Stone"}],"items_purged_floors":[20,24,45],"is_endless":false,"potions_floor_spawned":[3,7,10,16,18,19,23,31,41,42],"killed_by":"Awakened One","ascension_level":0}}