{"host":"j0vzbnzm6n2ctevn","time":1609321459,"event":{"mods":["AchievementEnabler","BaseMod","Minty Spire (QoL Compilation)","Quick Restart","Shop Mod","Spicy Shops","StSLib"],"gold_per_floor":[111,36,56,74,84,84,95,120,120,120,120,136,165,165,165,262,262,281,33,47,47,47,47,47],"floor_reached":23,"playtime":1138,"items_purged":["Strike_P","BowlingBash+1"],"score":226,"play_id":"9cbe2081-745f-4c71-b7ca-5f7902be1936","local_time":"20201230174419","is_ascension_mode":false,"campfire_choices":[{"data":"Eruption","floor":6.0,"key":"SMITH"},{"data":"Vault","floor":10.0,"key":"SMITH"},{"floor":15,"key":"REST"}],"circlet_count":0,"master_deck":["Strike_P","Defend_P","Eruption+1","Vigilance","ClearTheMind","Vault+1","CutThroughFate","CutThroughFate","Indignation","FollowUp","DevaForm","ClearTheMind+1","Vengeance+1","Enlightenment","Shame"],"relics":["PureWater","Unceasing Top","Bottled Flame","Kunai","Meat on the Bone","Astrolabe","Membership Card","Juzu Bracelet"],"acts_visited":["Exordium","TheCity"],"potions_floor_usage":[13,16,23],"damage_taken":[{"damage":0.0,"enemies":"Cultist","floor":1.0,"turns":2.0},{"damage":14.0,"enemies":"2 Louse","floor":3.0,"turns":2.0},{"damage":0.0,"enemies":"Small Slimes","floor":4.0,"turns":2.0},{"damage":0.0,"enemies":"2 Fungi Beasts","floor":5.0,"turns":3.0},{"damage":0.0,"enemies":"Exordium Thugs","floor":7.0,"turns":3.0},{"damage":0.0,"enemies":"Gremlin Nob","floor":8.0,"turns":3.0},{"damage":0,"enemies":"Blue Slaver","floor":12,"turns":2},{"damage":18,"enemies":"Lagavulin","floor":13,"turns":4},{"damage":39,"enemies":"The Guardian","floor":16,"turns":7},{"damage":17,"enemies":"Shell Parasite","floor":18,"turns":4},{"damage":10,"enemies":"Chosen","floor":20,"turns":3},{"damage":76,"enemies":"Book of Stabbing","floor":23,"turns":5}],"seed_played":"-9114350240008809484","potions_obtained":[{"floor":1.0,"key":"GamblersBrew"},{"floor":3.0,"key":"FairyPotion"},{"floor":5.0,"key":"SkillPotion"},{"floor":8.0,"key":"SteroidPotion"},{"floor":13,"key":"Weak Potion"}],"is_trial":false,"path_per_floor":["M","$","M","M","M","R","M","E","T","R","?","M","E","?","R","B",null,"M","$","M","?","?","E"],"character_chosen":"WATCHER","items_purchased":["Membership Card","Enlightenment"],"campfire_rested":1,"item_purchase_floors":[19,19],"current_hp_per_floor":[65,65,51,51,51,51,51,51,51,51,56,56,38,20,41,14,70,53,53,43,43,43,0,0],"gold":47,"neow_bonus":"REMOVE_TWO","is_daily":false,"chose_seed":false,"campfire_upgraded":2,"win_rate":0.0,"timestamp":1609321459,"path_taken":["M","$","M","M","?","R","M","E","T","R","?","M","E","?","R","BOSS","M","$","M","?","?","E"],"items_purchased_type":["Relic","Card"],"build_version":"2020-12-22","purchased_purges":2,"victory":false,"max_hp_per_floor":[65,65,65,65,65,65,65,65,65,65,70,70,70,70,70,70,70,70,70,70,70,70,70,70],"card_choices":[{"not_picked":["EmptyBody","CrushJoints"],"picked":"ClearTheMind","floor":1.0},{"not_picked":["FlyingSleeves","SashWhip"],"picked":"Vault","floor":3.0},{"not_picked":["CrushJoints","Crescendo"],"picked":"CutThroughFate","floor":4.0},{"not_picked":["CrushJoints","WheelKick"],"picked":"CutThroughFate","floor":5.0},{"not_picked":["Protect","WaveOfTheHand","DeceiveReality"],"picked":"SKIP","floor":7.0},{"not_picked":["WindmillStrike","CrushJoints"],"picked":"Indignation","floor":8.0},{"not_picked":["CutThroughFate","FlyingSleeves","SashWhip"],"picked":"SKIP","floor":12},{"not_picked":["BowlingBash","Tantrum"],"picked":"FollowUp","floor":13},{"not_picked":["Vault","Blasphemy"],"picked":"DevaForm","floor":16},{"not_picked":["EmptyBody+1","SandsOfTime","BowlingBash"],"picked":"SKIP","floor":18},{"not_picked":["BowlingBash+1","EmptyFist","Nirvana"],"picked":"SKIP","floor":20}],"player_experience":68127,"relics_obtained":[{"floor":8.0,"key":"Unceasing Top"},{"floor":9.0,"key":"Bottled Flame"},{"floor":13,"key":"Kunai"}],"event_choices":[{"damage_healed":0.0,"max_hp_gain":5.0,"max_hp_loss":0.0,"gold_gain":0.0,"event_name":"Big Fish","player_choice":"Donut","floor":11.0,"gold_loss":0.0,"damage_taken":0.0},{"damage_healed":0,"gold_gain":0,"player_choice":"Success","damage_taken":18,"relics_obtained":["Meat on the Bone"],"max_hp_gain":0,"max_hp_loss":0,"event_name":"Scrap Ooze","floor":14,"gold_loss":0},{"damage_healed":0,"gold_gain":0,"player_choice":"Stole Relic","damage_taken":0,"relics_obtained":["Juzu Bracelet"],"max_hp_gain":0,"max_hp_loss":0,"event_name":"Addict","floor":21,"gold_loss":0,"cards_obtained":["Shame"]},{"damage_healed":0,"gold_gain":0,"player_choice":"Ignored","damage_taken":0,"max_hp_gain":0,"max_hp_loss":0,"event_name":"Vampires","floor":22,"gold_loss":0}],"is_beta":false,"boss_relics":[{"not_picked":["Tiny House","Busted Crown"],"picked":"Astrolabe"}],"items_purged_floors":[2,19],"is_endless":false,"potions_floor_spawned":[1,3,5,8,13],"killed_by":"Book of Stabbing","ascension_level":0}}