{"host":"h7xtspmc2x3i8s2i","time":1609290572,"event":{"mods":["2.2 Compatiblity","AchievementEnabler","Act Like it!","AlwaysNeverKeys","Aspiration","Astrologer","BaseMod","Beaked The Cultist","Bestiary","Better Altar","Better Match","Better Note","Better Sensory Stone","Better Skull","Better Third Choice","Better Vampires","Better-Laid Plans","BetterRewards","Challenge The Spire","Colored Map","Colored Powertips","Colorless Booster Pack","Curses Come First","Defuse TimeMaze Blight","Dio Mod","Disable Question Mark Monsters","Dota2Spire","Downfall","Duelist Mod","EXCEPTION","Emptier Cage","Energized Spire","Evolution","Friendly Minions","GifTheSpireLib","Gold Saver","Gremlin Skip","Halation","Hubris","Ironclad Rager","Jedi Mod","Key Reminder","Marked Mod","Minty Spire (QoL Compilation)","Permanent Neow","Potion Indicator Mod","Quick Restart","Random Character Button","Random Character Mod","Rare Cards Sparkle","Relic Filter","Relic Stats","Replay The Spire","SacredBarkPlus","Shop Mod","Somnambulant","Spicy Shops","Spikes Relics","Spire Birthday Party","StSLib","Steal the Spire","Stuff the Spire","SuperFastMode","The Awakened One except there are too many feathers","The Blue Laboratory","The Cursed","The Death Knight","The Dragon Tamer","The Edgeheg","The Hierophant","The Problem Sleuth","The Runesmith","The Wild Card","TheVelvet","Transform Curses","Uncapped","Unceasing Turn Reminder","Virulent Crown","everything is the same but u backflip on backflip","slay the spire mod where everything is the same but ironclad has a cowboy hat","vexMod"],"gold_per_floor":[1299,1317,1327,1327,1327,760,760,770,788,798,648,682,682,697,712,815,815,815,829,839,839,859,235,235,270,270,292,327,344,344,344],"floor_reached":30,"playtime":1935,"items_purged":[],"score":288,"play_id":"c24fa2d9-fc69-442a-a563-257cf91e4997","local_time":"20201229200932","is_ascension_mode":true,"campfire_choices":[{"floor":1,"key":"RECALL"},{"floor":11,"key":"REST"},{"floor":13,"key":"REST"},{"data":"TheCursedMod:CleanUpWorkshop","floor":18,"key":"SMITH"}],"circlet_count":0,"master_deck":["TheCursedMod:CleanUpWorkshop+1","TheCursedMod:CursedSpellbook+1","TheCursedMod:CursedArmor","TheCursedMod:ShockAndAwe","TheCursedMod:CircleOfBlood","TheCursedMod:CircleOfFocus","TheCursedMod:CircleOfAmplification","TheCursedMod:VoidForm","TheCursedMod:RapidMovement","TheCursedMod:EmpowerCircles","TheCursedMod:LuckyCharm","TheCursedMod:SmokeScreen+1","ReplayTheSpireMod:Brewmster","Discovery","TheCursedMod:WearCloak","TheCursedMod:BlessingInDisguise+1","TheCursedMod:RapidMovement","TheCursedMod:ReleasedKnowledge","TheCursedMod:SpitefulPlan","TheCursedMod:ReleasedStrength","TheCursedMod:VoidForm","CurseOfTheBell","TheCursedMod:SmokeScreen+1","TheCursedMod:FleshFromBone","TheCursedMod:SpitefulPray","TheCursedMod:AbyssShockwave","TheCursedMod:AbyssShockwave","CBP: UltraDivineWater","Jack Of All Trades","expansioncontent:PolyBeam","hubris:DuctTapeCard","TheCursedMod:Obscuration","TheCursedMod:CircleOfBlood+1"],"relics":["TheCursedMod:OminousMark","EVO:Axolotl","keyreminder:keyreminder","Dota2Spire:PhaseBoots","hubris:DeckOfHolding","champ:Barbells","halation:TwoAmDonut","MerchantsRug","downfall:HeartBlessingRed","downfall:HeartBlessingBlue","SpikesRelics:DaevaFist","Bag of Marbles","Meat on the Bone","halation:Trompette","StuffTheSpire:Tea","Replay:Bottled Flurry","ReplayTheSpireMod:ShopPack","jedi:crownofsimplicity","hubris:DuctTape","CeramicFish","Nilry\u0027s Codex","Dota2Spire:BattleFury"],"acts_visited":["Exordium","TheCity"],"potions_floor_usage":[9,9,10,10,10,12,15,15,15,15,16,19,19,19,20,25,27,28,28,29,30],"damage_taken":[{"damage":5,"enemies":"Small Slimes","floor":2,"turns":6},{"damage":4,"enemies":"Cultist","floor":3,"turns":6},{"damage":5,"enemies":"downfall:FleeingMerchant","floor":6,"turns":2},{"damage":4,"enemies":"2 Louse","floor":8,"turns":3},{"damage":15,"enemies":"Exordium Thugs","floor":9,"turns":5},{"damage":0,"enemies":"2 Fungi Beasts","floor":10,"turns":6},{"damage":9,"enemies":"3 Sentries","floor":12,"turns":10},{"damage":3,"enemies":"Large Slime","floor":14,"turns":7},{"damage":24,"enemies":"Blue Slaver","floor":15,"turns":3},{"damage":35,"enemies":"downfall:Ironclad","floor":16,"turns":7},{"damage":1,"enemies":"3 Byrds","floor":19,"turns":8},{"damage":21,"enemies":"Chosen","floor":20,"turns":7},{"damage":28,"enemies":"Snake Plant","floor":22,"turns":5},{"damage":10,"enemies":"Slavers","floor":25,"turns":3},{"damage":3,"enemies":"Snecko","floor":27,"turns":6},{"damage":30,"enemies":"Book of Stabbing","floor":28,"turns":4},{"damage":0,"enemies":"Cultist and Chosen","floor":29,"turns":6},{"damage":0,"enemies":"downfall:Defect","floor":30,"turns":1}],"seed_played":"5785559534517920562","potions_obtained":[{"floor":2,"key":"hexamod:EctoCoolerPotion"},{"floor":8,"key":"blueLaboratory:BubblePotion"},{"floor":16,"key":"Block Potion"},{"floor":19,"key":"blueLaboratory:RememoryPotion"},{"floor":22,"key":"jedi:StrikingPotion"},{"floor":25,"key":"Block Potion"},{"floor":28,"key":"Reflective Coating"}],"is_trial":false,"path_per_floor":["R","M","M","?","?","$","T","M","M","M","R","E","R","M","M","B",null,"R","M","M","?","M","$","T","E","?","M","E","M","M"],"character_chosen":"THE_CURSED","items_purchased":["TheCursedMod:SmokeScreen","ReplayTheSpireMod:Brewmster","Discovery","champ:Barbells","halation:TwoAmDonut","MerchantsRug","TheCursedMod:SpitefulPray","TheCursedMod:AbyssShockwave","Replay:Bottled Flurry","ReplayTheSpireMod:ShopPack","jedi:crownofsimplicity"],"campfire_rested":2,"item_purchase_floors":[6,6,6,6,6,6,23,23,23,23,23],"current_hp_per_floor":[75,70,66,50,54,51,51,47,32,32,67,58,83,80,56,21,85,85,84,63,63,49,49,49,51,35,46,28,46,50,50],"gold":344,"neow_bonus":"HUNDRED_GOLD","is_daily":false,"chose_seed":false,"campfire_upgraded":1,"win_rate":0.0,"timestamp":1609290572,"path_taken":["R","M","M","?","?","$","T","M","?","M","R","E","R","M","M","BOSS","R","M","M","?","M","?","T","E","?","M","E","M","?","BOSS"],"items_purchased_type":["Card","Card","Card","Relic","Relic","Relic","Card","Card","Relic","Relic","Relic"],"build_version":"2020-12-22","purchased_purges":0,"victory":false,"max_hp_per_floor":[75,75,75,75,75,75,75,75,75,75,85,85,85,85,85,85,85,85,85,85,85,85,85,85,85,85,85,85,85,85,85],"relic_stats":{"counters":[19,96],"CeramicFish":18,"obtain_stats":[{"champ:Barbells":6,"MerchantsRug":6,"downfall:HeartBlessingRed":11,"hubris:DuctTape":24,"Nilry\u0027s Codex":26,"CeramicFish":25,"Dota2Spire:BattleFury":28,"EVO:Axolotl":0,"jedi:crownofsimplicity":23,"keyreminder:keyreminder":1,"Calling Bell":17,"TheCursedMod:OminousMark":0,"downfall:HeartBlessingBlue":11,"hubris:DeckOfHolding":4,"SpikesRelics:DaevaFist":12,"Bag of Marbles":17,"Replay:Bottled Flurry":23,"halation:TwoAmDonut":6,"halation:Trompette":17,"Dota2Spire:PhaseBoots":4,"Meat on the Bone":17,"StuffTheSpire:Tea":21,"ReplayTheSpireMod:ShopPack":23},{"champ:Barbells":3,"MerchantsRug":3,"downfall:HeartBlessingRed":6,"hubris:DuctTape":13,"Nilry\u0027s Codex":14,"CeramicFish":14,"Dota2Spire:BattleFury":16,"EVO:Axolotl":0,"jedi:crownofsimplicity":13,"keyreminder:keyreminder":0,"Calling Bell":10,"TheCursedMod:OminousMark":0,"downfall:HeartBlessingBlue":6,"hubris:DeckOfHolding":2,"SpikesRelics:DaevaFist":7,"Bag of Marbles":10,"Replay:Bottled Flurry":13,"halation:TwoAmDonut":3,"halation:Trompette":10,"Dota2Spire:PhaseBoots":2,"Meat on the Bone":10,"StuffTheSpire:Tea":12,"ReplayTheSpireMod:ShopPack":13},{"champ:Barbells":14,"MerchantsRug":14,"downfall:HeartBlessingRed":28,"hubris:DuctTape":75,"Nilry\u0027s Codex":78,"CeramicFish":78,"Dota2Spire:BattleFury":88,"EVO:Axolotl":0,"jedi:crownofsimplicity":75,"keyreminder:keyreminder":0,"Calling Bell":55,"TheCursedMod:OminousMark":0,"downfall:HeartBlessingBlue":28,"hubris:DeckOfHolding":12,"SpikesRelics:DaevaFist":38,"Bag of Marbles":55,"Replay:Bottled Flurry":75,"halation:TwoAmDonut":14,"halation:Trompette":55,"Dota2Spire:PhaseBoots":12,"Meat on the Bone":55,"StuffTheSpire:Tea":70,"ReplayTheSpireMod:ShopPack":75}],"Meat on the Bone":60},"card_choices":[{"not_picked":["TheCursedMod:CursedAmulet","TheCursedMod:CircleOfFlame"],"picked":"TheCursedMod:RapidMovement","floor":2},{"not_picked":["TheCursedMod:CircleOfCorruption","TheCursedMod:TroublousMinions"],"picked":"TheCursedMod:EmpowerCircles","floor":3},{"not_picked":["TheCursedMod:CursedBlade","TheCursedMod:VitalStrike"],"picked":"TheCursedMod:LuckyCharm","floor":6},{"not_picked":["TheCursedMod:Hemoplague","TheCursedMod:CircleOfWindfury"],"picked":"TheCursedMod:WearCloak","floor":8},{"not_picked":["TheCursedMod:TacticalStrike","TheCursedMod:PrepareRite"],"picked":"TheCursedMod:BlessingInDisguise","floor":9},{"not_picked":["TheCursedMod:SoulCrush","TheCursedMod:CursedShiv"],"picked":"TheCursedMod:RapidMovement","floor":10},{"not_picked":["TheCursedMod:CursedAmulet","TheCursedMod:VitalStrike"],"picked":"TheCursedMod:ReleasedKnowledge","floor":12},{"not_picked":["TheCursedMod:SmokeScreen","TheCursedMod:PrepareRite"],"picked":"TheCursedMod:SpitefulPlan","floor":14},{"not_picked":["TheCursedMod:AntiAging","TheCursedMod:RapidMovement"],"picked":"TheCursedMod:ReleasedStrength","floor":15},{"not_picked":["TheCursedMod:ForbiddenAlchemy","TheCursedMod:Neurasthenia"],"picked":"TheCursedMod:VoidForm","floor":16},{"not_picked":["TheCursedMod:FleshFromBone","TheCursedMod:CircleOfBlood","TheCursedMod:Torture+1"],"picked":"SKIP","floor":19},{"not_picked":["TheCursedMod:HellsGateOpen","TheCursedMod:CircleOfAmplification"],"picked":"TheCursedMod:SmokeScreen+1","floor":20},{"not_picked":["TheCursedMod:ReleasedStrength","TheCursedMod:CursedShiv"],"picked":"TheCursedMod:FleshFromBone","floor":22},{"not_picked":["theDuelist:OrbMetronome","theEdgeheg:GoldKatana"],"picked":"CBP: UltraDivineWater","floor":23},{"not_picked":["expansioncontent:DefensiveStance","Degenerate"],"picked":"Jack Of All Trades","floor":23},{"not_picked":["Swift Strike","Replay:BasicMightCard"],"picked":"expansioncontent:PolyBeam","floor":23},{"not_picked":["TheCursedMod:ShockAndAwe","TheCursedMod:TacticalStrike","TheCursedMod:FleshFromBone"],"picked":"SKIP","floor":25},{"not_picked":["TheCursedMod:RapidMovement+1","TheCursedMod:FleshFromBone"],"picked":"TheCursedMod:Obscuration","floor":27},{"not_picked":["TheCursedMod:CursedStaff","TheCursedMod:CursedBlade"],"picked":"TheCursedMod:CircleOfBlood+1","floor":28},{"not_picked":["TheCursedMod:Wield","TheCursedMod:CursedShiv","TheCursedMod:Torture"],"picked":"SKIP","floor":29}],"player_experience":626107,"relics_obtained":[{"floor":12,"key":"SpikesRelics:DaevaFist"},{"floor":17,"key":"Bag of Marbles"},{"floor":17,"key":"Meat on the Bone"},{"floor":17,"key":"halation:Trompette"},{"floor":24,"key":"hubris:DuctTape"},{"floor":25,"key":"CeramicFish"},{"floor":26,"key":"Nilry\u0027s Codex"},{"floor":28,"key":"Dota2Spire:BattleFury"}],"event_choices":[{"damage_healed":0,"gold_gain":1,"player_choice":"Relic Relic ","damage_taken":16,"max_hp_gain":0,"max_hp_loss":0,"event_name":"betterThird:BetterScrap","floor":4,"gold_loss":0,"cards_obtained":["jedi:hate"]},{"damage_healed":4,"gold_gain":0,"player_choice":"LEAVE ","damage_taken":0,"relics_obtained":[],"max_hp_gain":0,"max_hp_loss":0,"event_name":"betterSkull:BetterSkull","floor":5,"gold_loss":0,"cards_upgraded":[]}],"is_beta":false,"boss_relics":[{"not_picked":["hubris:CrackedHourglass","Fusion Hammer"],"picked":"Calling Bell"}],"items_purged_floors":[],"is_endless":false,"potions_floor_spawned":[2,8,14,16,19,22,25,28],"killed_by":"downfall:Defect","ascension_level":1}}