{"host":"zxkjcgzis4pm3za5","time":1609299458,"event":{"mods":["AchievementEnabler","BaseMod","Colored Map","Colored Powertips","Minty Spire (QoL Compilation)","Quick Restart","RNG Fix","Random Character Button","StSLib"],"gold_per_floor":[118,136,136,161,182,182,37,37,60,101,122,157,157,193,193,317,317,342,342,4,4,104,104,140,160,183,16,16,16,16,29,29,124,124,140,140,154,154,154,182,182,214,214,240,240,271,287,287,287,287,287,287,66,96,96,96],"floor_reached":55,"playtime":1631,"items_purged":["Regret","Parasite"],"score":1253,"play_id":"6baa570f-74db-436d-9546-aa7086936e94","local_time":"20201230090738","is_ascension_mode":true,"campfire_choices":[{"data":"Fire Breathing","floor":6.0,"key":"SMITH"},{"floor":13.0,"key":"REST"},{"data":"Bash","floor":15.0,"key":"SMITH"},{"data":"1","floor":23.0,"key":"LIFT"},{"data":"2","floor":28.0,"key":"LIFT"},{"data":"3","floor":30.0,"key":"LIFT"},{"data":"Limit Break","floor":32.0,"key":"SMITH"},{"floor":41.0,"key":"RECALL"},{"floor":45.0,"key":"REST"},{"data":"Demon Form","floor":49.0,"key":"SMITH"},{"data":"Barricade","floor":52.0,"key":"SMITH"}],"circlet_count":0,"master_deck":["AscendersBane","Strike_R+1","Strike_R+1","Strike_R+1","Strike_R+1","Strike_R+1","Defend_R+1","Defend_R+1","Defend_R+1","Defend_R+1","Bash+1","Pommel Strike","Shrug It Off","Ghostly Armor","Spot Weakness+1","Cleave","Reaper","Anger","Limit Break+1","Flex+1","Shrug It Off","Thunderclap","Sword Boomerang","Headbutt","Pummel","Impervious","Heavy Blade+1","Twin Strike","Madness","Madness","Demon Form+1","Clothesline","Armaments+1","Barricade+1","Flame Barrier","Body Slam","Shockwave","Intimidate+1"],"relics":["Burning Blood","Mango","Bloody Idol","Pen Nib","Bronze Scales","Regal Pillow","Cursed Key","Girya","Red Skull","Membership Card","Philosopher\u0027s Stone","MealTicket","Omamori","Shuriken","Boot","Lizard Tail","Orrery","Letter Opener"],"acts_visited":["Exordium","TheCity","TheBeyond","TheEnding"],"potions_floor_usage":[],"damage_taken":[{"damage":6.0,"enemies":"Small Slimes","floor":1.0,"turns":3.0},{"damage":25.0,"enemies":"Jaw Worm","floor":2.0,"turns":6.0},{"damage":8.0,"enemies":"Cultist","floor":4.0,"turns":4.0},{"damage":5.0,"enemies":"2 Fungi Beasts","floor":5.0,"turns":4.0},{"damage":44.0,"enemies":"Gremlin Nob","floor":10.0,"turns":5.0},{"damage":16.0,"enemies":"Lots of Slimes","floor":11.0,"turns":3.0},{"damage":12.0,"enemies":"3 Sentries","floor":12.0,"turns":4.0},{"damage":23.0,"enemies":"Gremlin Nob","floor":14.0,"turns":4.0},{"damage":43.0,"enemies":"Hexaghost","floor":16.0,"turns":9.0},{"damage":22.0,"enemies":"Spheric Guardian","floor":18.0,"turns":4.0},{"damage":42.0,"enemies":"Slavers","floor":24.0,"turns":4.0},{"damage":26.0,"enemies":"2 Thieves","floor":25.0,"turns":4.0},{"damage":12.0,"enemies":"Snake Plant","floor":31.0,"turns":3.0},{"damage":47.0,"enemies":"Automaton","floor":33.0,"turns":7.0},{"damage":42.0,"enemies":"3 Shapes","floor":35.0,"turns":4.0},{"damage":16.0,"enemies":"Orb Walker","floor":37.0,"turns":5.0},{"damage":12.0,"enemies":"Giant Head","floor":40.0,"turns":5.0},{"damage":32.0,"enemies":"Nemesis","floor":42.0,"turns":3.0},{"damage":49.0,"enemies":"Giant Head","floor":44.0,"turns":7.0},{"damage":62.0,"enemies":"Nemesis","floor":46.0,"turns":7.0},{"damage":20.0,"enemies":"4 Shapes","floor":47.0,"turns":4.0},{"damage":95.0,"enemies":"Time Eater","floor":50.0,"turns":7.0},{"damage":113.0,"enemies":"Shield and Spear","floor":54.0,"turns":7.0},{"damage":92,"enemies":"The Heart","floor":55,"turns":3}],"seed_played":"-7314492718579215688","potions_obtained":[{"floor":4.0,"key":"SteroidPotion"},{"floor":5.0,"key":"Ancient Potion"},{"floor":12.0,"key":"Weak Potion"},{"floor":14.0,"key":"Fire Potion"},{"floor":18.0,"key":"Fruit Juice"},{"floor":25.0,"key":"LiquidMemories"},{"floor":31.0,"key":"Block Potion"},{"floor":35.0,"key":"BloodPotion"},{"floor":40.0,"key":"SmokeBomb"},{"floor":46.0,"key":"SpeedPotion"},{"floor":48.0,"key":"BloodPotion"},{"floor":48.0,"key":"Weak Potion"},{"floor":54.0,"key":"Ancient Potion"}],"is_trial":false,"path_per_floor":["M","M","?","M","M","R","$","?","T","E","M","E","R","E","R","B",null,"M","?","$","?","?","R","E","M","T","$","R","?","R","M","R","B",null,"M","?","M","?","?","E","R","E","T","E","R","E","M","?","R","B",null,"R","$","E","B"],"character_chosen":"IRONCLAD","items_purchased":["Spot Weakness","Girya","Shrug It Off","Membership Card","Headbutt","Swift Potion","ElixirPotion","Orrery","Shockwave"],"campfire_rested":2,"item_purchase_floors":[7,20,20,27,27,53,53,53,53],"current_hp_per_floor":[86,67,67,65,66,66,66,66,66,28,18,12,53,36,36,11,68,52,52,57,57,57,57,65,58,58,58,58,58,58,57,57,21,74,60,60,92,80,80,79,79,71,71,46,88,57,92,92,92,92,92,92,89,55,0,0],"gold":96,"neow_bonus":"ONE_RARE_RELIC","is_daily":false,"chose_seed":false,"campfire_upgraded":5,"win_rate":0.0,"timestamp":1609299458,"path_taken":["M","M","?","M","M","R","$","?","T","E","?","E","R","E","R","BOSS","M","?","$","?","?","R","E","?","T","$","R","?","R","M","R","BOSS","M","?","M","?","?","E","R","E","T","E","R","E","M","?","R","BOSS","R","$","E","BOSS"],"items_purchased_type":["Card","Relic","Card","Relic","Card","Potion","Potion","Relic","Card"],"build_version":"2020-12-22","purchased_purges":2,"victory":false,"max_hp_per_floor":[94,94,87,87,87,87,87,87,87,87,87,87,87,87,87,87,87,87,87,92,92,92,92,92,92,92,92,92,92,92,92,92,92,92,92,92,92,92,92,92,92,92,92,92,92,92,92,92,92,92,92,92,89,89,89,89],"card_choices":[{"not_picked":["True Grit","Burning Pact"],"picked":"Fire Breathing","floor":1.0},{"not_picked":["Iron Wave","Clothesline"],"picked":"Pommel Strike","floor":2.0},{"not_picked":["Armaments","Wild Strike"],"picked":"Shrug It Off","floor":4.0},{"not_picked":["Clothesline","Bloodletting"],"picked":"Ghostly Armor","floor":5.0},{"not_picked":["Exhume","Clash"],"picked":"Cleave","floor":10.0},{"not_picked":["Perfected Strike","Pommel Strike","Infernal Blade"],"picked":"SKIP","floor":11.0},{"not_picked":["Rupture","Reckless Charge"],"picked":"Reaper","floor":12.0},{"not_picked":["Heavy Blade","Iron Wave"],"picked":"Anger","floor":14.0},{"not_picked":["Immolate","Bludgeon"],"picked":"Limit Break","floor":16.0},{"not_picked":["Havoc+1","Reckless Charge"],"picked":"Flex+1","floor":18.0},{"not_picked":["Cleave","Pommel Strike"],"picked":"Thunderclap","floor":24.0},{"not_picked":["Thunderclap","True Grit"],"picked":"Sword Boomerang","floor":25.0},{"not_picked":["Rampage","Battle Trance"],"picked":"Pummel","floor":31.0},{"not_picked":["Barricade","Reaper"],"picked":"Impervious","floor":33.0},{"not_picked":["Cleave+1","Wild Strike+1"],"picked":"Heavy Blade+1","floor":35.0},{"not_picked":["Perfected Strike","Headbutt+1"],"picked":"Twin Strike","floor":37.0},{"not_picked":["Heavy Blade","Iron Wave"],"picked":"Demon Form","floor":40.0},{"not_picked":["Sword Boomerang+1","Thunderclap+1"],"picked":"Clothesline","floor":42.0},{"not_picked":["Headbutt+1","Rupture"],"picked":"Armaments+1","floor":44.0},{"not_picked":["Flex+1","Pommel Strike","Warcry"],"picked":"SKIP","floor":46.0},{"not_picked":["Rupture+1","Second Wind+1"],"picked":"Barricade","floor":47.0},{"not_picked":["Heavy Blade+1","Whirlwind"],"picked":"Flame Barrier","floor":53.0},{"not_picked":["Pommel Strike","Perfected Strike+1"],"picked":"Body Slam","floor":53.0},{"not_picked":["Wild Strike+1","Dual Wield"],"picked":"Intimidate+1","floor":54.0}],"player_experience":159070,"relics_obtained":[{"floor":9.0,"key":"Pen Nib"},{"floor":10.0,"key":"Bronze Scales"},{"floor":12.0,"key":"Regal Pillow"},{"floor":24.0,"key":"Red Skull"},{"floor":40.0,"key":"MealTicket"},{"floor":42.0,"key":"Omamori"},{"floor":43.0,"key":"Shuriken"},{"floor":44.0,"key":"Boot"},{"floor":46.0,"key":"Lizard Tail"},{"floor":54.0,"key":"Letter Opener"}],"event_choices":[{"damage_healed":0.0,"max_hp_gain":0.0,"max_hp_loss":7.0,"gold_gain":0.0,"event_name":"Golden Idol","player_choice":"Lose Max HP","floor":3.0,"gold_loss":0.0,"damage_taken":0.0,"relics_obtained":["Golden Idol"]},{"damage_healed":0.0,"max_hp_gain":0.0,"max_hp_loss":0.0,"gold_gain":0.0,"event_name":"Upgrade Shrine","player_choice":"Upgraded","floor":8.0,"gold_loss":0.0,"damage_taken":0.0,"cards_upgraded":["Spot Weakness"]},{"damage_healed":0.0,"max_hp_gain":0.0,"max_hp_loss":0.0,"gold_gain":0.0,"event_name":"Back to Basics","player_choice":"Simplicity","floor":19.0,"gold_loss":0.0,"damage_taken":0.0,"cards_upgraded":["Strike_R","Strike_R","Strike_R","Strike_R","Strike_R","Defend_R","Defend_R","Defend_R","Defend_R"]},{"damage_healed":0.0,"max_hp_gain":0.0,"max_hp_loss":0.0,"gold_gain":0.0,"event_name":"N\u0027loth","player_choice":"Ignored","floor":21.0,"gold_loss":0.0,"damage_taken":0.0},{"damage_healed":0.0,"max_hp_gain":0.0,"max_hp_loss":0.0,"gold_gain":100.0,"event_name":"Golden Shrine","player_choice":"Pray","floor":22.0,"gold_loss":0.0,"damage_taken":0.0},{"damage_healed":0.0,"max_hp_gain":0.0,"max_hp_loss":0.0,"gold_gain":0.0,"event_name":"Forgotten Altar","player_choice":"Gave Idol","floor":29.0,"relics_lost":["Golden Idol"],"gold_loss":0.0,"damage_taken":0.0,"relics_obtained":["Bloody Idol"]},{"cards_removed":["Fire Breathing"],"damage_healed":0.0,"max_hp_gain":0.0,"max_hp_loss":0.0,"gold_gain":0.0,"event_name":"Falling","player_choice":"Removed Power","floor":36.0,"gold_loss":0.0,"damage_taken":0.0},{"damage_healed":0.0,"max_hp_gain":0.0,"max_hp_loss":0.0,"gold_gain":0.0,"event_name":"Winding Halls","player_choice":"Embrace Madness","floor":38.0,"gold_loss":0.0,"damage_taken":12.0,"cards_obtained":["Madness","Madness"]},{"damage_healed":0.0,"max_hp_gain":0.0,"max_hp_loss":0.0,"gold_gain":0.0,"event_name":"Tomb of Lord Red Mask","player_choice":"Ignored","floor":39.0,"gold_loss":0.0,"damage_taken":0.0},{"damage_healed":0.0,"max_hp_gain":0.0,"max_hp_loss":0.0,"gold_gain":0.0,"event_name":"Lab","player_choice":"Got Potions","floor":48.0,"gold_loss":0.0,"damage_taken":0.0}],"is_beta":false,"boss_relics":[{"not_picked":["Snecko Eye","Calling Bell"],"picked":"Cursed Key"},{"not_picked":["Sozu","SacredBark"],"picked":"Philosopher\u0027s Stone"}],"items_purged_floors":[7,53],"is_endless":false,"potions_floor_spawned":[4,5,12,14,18,25,31,35,40,46,54],"killed_by":"The Heart","ascension_level":11}}