{"host":"msepye59htvs4aw4","time":1609334183,"event":{"mods":["BaseMod","Colored Map","DeckTracker","Highlight Path","Minty Spire (QoL Compilation)","Shop Mod","StSLib","SuperFastMode"],"gold_per_floor":[111,111,130,140,110,110,121,121,147,147,34,46,16,49,49,49,49],"floor_reached":16,"playtime":590,"items_purged":["Defend_G"],"score":175,"play_id":"316adaf7-c8e0-427f-96fb-ad358d1bbd45","local_time":"20201230141623","is_ascension_mode":true,"campfire_choices":[{"data":"Dodge and Roll","floor":6,"key":"SMITH"},{"floor":10,"key":"REST"},{"floor":15,"key":"REST"}],"circlet_count":0,"master_deck":["AscendersBane","Strike_G","Strike_G","Strike_G","Strike_G","Defend_G","Defend_G","Defend_G","Defend_G","Survivor","Neutralize","Malaise","Dodge and Roll+1","PiercingWail","Poisoned Stab","Leg Sweep","Crippling Poison"],"relics":["Ring of the Snake","Tiny Chest","Strawberry"],"acts_visited":["Exordium"],"potions_floor_usage":[3],"damage_taken":[{"damage":0,"enemies":"2 Louse","floor":1,"turns":4},{"damage":0,"enemies":"Cultist","floor":3,"turns":5},{"damage":2,"enemies":"Small Slimes","floor":4,"turns":4},{"damage":3,"enemies":"Looter","floor":5,"turns":4},{"damage":9,"enemies":"Exordium Thugs","floor":7,"turns":8},{"damage":0,"enemies":"Exordium Wildlife","floor":12,"turns":7},{"damage":2,"enemies":"Looter","floor":13,"turns":4},{"damage":58,"enemies":"Gremlin Nob","floor":14,"turns":8},{"damage":0,"enemies":"Slime Boss","floor":16,"turns":3}],"seed_played":"-6545581195560329605","potions_obtained":[{"floor":1,"key":"AttackPotion"},{"floor":12,"key":"GamblersBrew"},{"floor":14,"key":"GhostInAJar"}],"is_trial":false,"path_per_floor":["M","$","M","M","M","R","M","?","T","R","$","M","M","E","R","B"],"character_chosen":"THE_SILENT","items_purchased":["Leg Sweep"],"campfire_rested":2,"item_purchase_floors":[11],"current_hp_per_floor":[59,59,59,57,54,54,45,45,45,64,64,64,62,11,32,32,32],"gold":49,"neow_bonus":"ONE_RANDOM_RARE_CARD","is_daily":false,"chose_seed":false,"campfire_upgraded":1,"win_rate":0.0,"timestamp":1609334183,"path_taken":["M","$","M","M","M","R","M","?","T","R","$","M","?","E","R","BOSS"],"items_purchased_type":["Card"],"build_version":"2020-12-22","purchased_purges":1,"victory":false,"max_hp_per_floor":[66,66,66,66,66,66,66,66,66,66,66,66,66,73,73,73,73],"card_choices":[{"not_picked":["Endless Agony","Slice","Finisher"],"picked":"SKIP","floor":1},{"not_picked":["Slice","Flying Knee","Deflect"],"picked":"SKIP","floor":3},{"not_picked":["Cloak And Dagger","Infinite Blades"],"picked":"Dodge and Roll","floor":4},{"not_picked":["Prepared","Dagger Spray"],"picked":"PiercingWail","floor":5},{"not_picked":["Finisher","Setup"],"picked":"Poisoned Stab","floor":7},{"not_picked":["Bane","Blade Dance"],"picked":"Crippling Poison","floor":12},{"not_picked":["Outmaneuver","Deflect","Calculated Gamble"],"picked":"SKIP","floor":13},{"not_picked":["Flechettes","Acrobatics","Riddle With Holes"],"picked":"SKIP","floor":14}],"player_experience":1612714,"relics_obtained":[{"floor":9,"key":"Tiny Chest"},{"floor":14,"key":"Strawberry"}],"event_choices":[{"cards_removed":["Strike_G"],"damage_healed":0,"gold_gain":0,"player_choice":"Offered Basic","damage_taken":0,"max_hp_gain":0,"max_hp_loss":0,"event_name":"Bonfire Elementals","floor":8,"gold_loss":0}],"is_beta":false,"boss_relics":[],"items_purged_floors":[11],"is_endless":false,"potions_floor_spawned":[1,12,14],"killed_by":"Slime Boss","ascension_level":15}}