{"host":"fxgsgr3e13htip8z","time":1609366963,"event":{"mods":["Arknights The Spire","Aspiration","BaseMod","Dota2Spire","Hubris","Hyrulean Relics","Minty Spire (QoL Compilation)","Relic Stats","Replay The Spire","Robot Space Explorer","StSLib","The Cursed","The Marked","Trackpad","Wandering Minibosses","vexMod"],"gold_per_floor":[118,136,146,163,181,213,213,36,89,102,102,136,156,156,156,156,156],"floor_reached":16,"playtime":1320,"items_purged":[],"score":114,"play_id":"b520434c-ec95-4cbc-885e-14d38cb1de2d","local_time":"20201230162243","is_ascension_mode":false,"campfire_choices":[{"data":"ats:Closed Bolt Burst Fire","floor":7,"key":"SMITH"},{"floor":15,"key":"DIG"}],"circlet_count":0,"master_deck":["ats:Strike G","ats:Strike S","ats:Armor Crushing Shot","ats:Defend","ats:Defend","ats:Defend","ats:Defend","ats:Emotion Absorption","ats:Closed Bolt Burst Fire+1","ats:Poison Spread","ats:Magnetic Hammer","ats:Blood Oath","Chrysalis","ats:Defend Order","ats:Dogmatic Field+1","ats:Defend Order"],"relics":["ats:Sanity","aspiration:Nostalgia","Sizzling Blood","ats:Originium","Replay:Wax Seal","Dota2Spire:ShadowBlade","ReplayTheSpireMod:Shallot","Turnip"],"acts_visited":["Exordium"],"potions_floor_usage":[6,6],"damage_taken":[{"damage":4,"enemies":"2 Louse","floor":1,"turns":3},{"damage":0,"enemies":"Small Slimes","floor":2,"turns":3},{"damage":3,"enemies":"Jaw Worm","floor":3,"turns":3},{"damage":2,"enemies":"Looter","floor":4,"turns":3},{"damage":1,"enemies":"3 Louse","floor":5,"turns":2},{"damage":14,"enemies":"3 Sentries","floor":6,"turns":6},{"damage":0,"enemies":"Large Slime","floor":10,"turns":4},{"damage":70,"enemies":"Gremlin Nob","floor":12,"turns":6},{"damage":0,"enemies":"2 Fungi Beasts","floor":13,"turns":4},{"damage":213,"enemies":"Hexaghost","floor":16,"turns":15}],"seed_played":"3674811126472296318","potions_obtained":[{"floor":1,"key":"Dota2Spire:Clarity"},{"floor":4,"key":"Swift Potion"},{"floor":13,"key":"GamblersBrew"}],"is_trial":false,"path_per_floor":["M","M","M","M","M","E","R","$","T","M","?","E","M","?","R","B"],"character_chosen":"DOCTOR_CLASS","items_purchased":["Chrysalis"],"campfire_rested":0,"item_purchase_floors":[8],"current_hp_per_floor":[76,76,76,76,76,66,66,66,66,73,73,66,76,76,76,0,0],"gold":156,"neow_bonus":"NOSTALGIA","is_daily":false,"chose_seed":false,"campfire_upgraded":1,"win_rate":0.0,"timestamp":1609366963,"path_taken":["M","M","M","M","M","E","R","$","T","M","?","E","M","?","R","BOSS"],"items_purchased_type":["Card"],"build_version":"2020-12-22","purchased_purges":0,"victory":false,"max_hp_per_floor":[76,76,76,76,76,76,76,76,76,76,76,76,76,76,76,76,76],"relic_stats":{"counters":[10,49],"Turnip":[0],"obtain_stats":[{"ats:Originium":6,"ReplayTheSpireMod:Shallot":12,"aspiration:Nostalgia":0,"Dota2Spire:ShadowBlade":9,"Turnip":15,"Sizzling Blood":0,"ats:Sanity":0,"Replay:Wax Seal":6},{"ats:Originium":6,"ReplayTheSpireMod:Shallot":8,"aspiration:Nostalgia":0,"Dota2Spire:ShadowBlade":6,"Turnip":9,"Sizzling Blood":0,"ats:Sanity":0,"Replay:Wax Seal":6},{"ats:Originium":20,"ReplayTheSpireMod:Shallot":30,"aspiration:Nostalgia":0,"Dota2Spire:ShadowBlade":20,"Turnip":34,"Sizzling Blood":0,"ats:Sanity":0,"Replay:Wax Seal":20}]},"card_choices":[{"not_picked":["ats:Cat Scratch","ats:Curse Doll"],"picked":"ats:Closed Bolt Burst Fire","floor":1},{"not_picked":["ats:Burning Ground","ats:Ignite"],"picked":"ats:Poison Spread","floor":2},{"not_picked":["ats:Childhood Dance","ats:Curse Doll"],"picked":"ats:Magnetic Hammer","floor":3},{"not_picked":["ats:Encircling Forest","ats:Powerful Strike","ats:Cat Scratch"],"picked":"SKIP","floor":4},{"not_picked":["ats:Childhood Dance","ats:Poison Spread","ats:Apocalypse"],"picked":"SKIP","floor":5},{"not_picked":["ats:Ignite","ats:Support Order"],"picked":"ats:Blood Oath","floor":6},{"not_picked":["ats:Hammer On","ats:Ignite"],"picked":"ats:Defend Order","floor":10},{"not_picked":["ats:Song Of Battle","ats:Shadow Raid"],"picked":"ats:Defend Order","floor":12},{"not_picked":["ats:Flexible Camouflage","ats:Consecutive Shot Auto","ats:Childhood Dance"],"picked":"SKIP","floor":13}],"player_experience":1512799,"relics_obtained":[{"floor":6,"key":"ats:Originium"},{"floor":6,"key":"Replay:Wax Seal"},{"floor":9,"key":"Dota2Spire:ShadowBlade"},{"floor":12,"key":"ats:Originium"},{"floor":12,"key":"ReplayTheSpireMod:Shallot"},{"floor":15,"key":"Turnip"}],"event_choices":[],"is_beta":false,"boss_relics":[],"items_purged_floors":[],"is_endless":false,"potions_floor_spawned":[1,4,13],"killed_by":"Hexaghost","ascension_level":0}}