{"host":"2lrkmsuh7nz013qb","time":1609316775,"event":{"mods":["BaseMod","Colored Map","DeckTracker","Minty Spire (QoL Compilation)","SuperFastMode","everything is the same but u backflip on backflip"],"gold_per_floor":[109,123,140,65,140,140,65,98,121,132,148,148,163,179,179,179,179],"floor_reached":16,"playtime":442,"items_purged":["Strike_G"],"score":208,"play_id":"5c67621d-0cec-4bb3-906c-20241555aafc","local_time":"20201230172615","is_ascension_mode":true,"campfire_choices":[{"data":"Cloak And Dagger","floor":6,"key":"SMITH"},{"data":"Skewer","floor":12,"key":"SMITH"},{"floor":15,"key":"REST"}],"circlet_count":0,"master_deck":["AscendersBane","Strike_G","Strike_G","Strike_G","Defend_G","Defend_G","Defend_G","Defend_G","Defend_G","Survivor","Neutralize","Poisoned Stab","Cloak And Dagger+1","Cloak And Dagger","Terror","Skewer+1","Deflect"],"relics":["Ring of the Snake","Anchor","Happy Flower","Bag of Marbles"],"acts_visited":["Exordium"],"potions_floor_usage":[16,16],"damage_taken":[{"damage":0,"enemies":"Small Slimes","floor":1,"turns":5},{"damage":0,"enemies":"2 Louse","floor":2,"turns":3},{"damage":2,"enemies":"Jaw Worm","floor":3,"turns":3},{"damage":37,"enemies":"3 Sentries","floor":8,"turns":15},{"damage":0,"enemies":"Blue Slaver","floor":10,"turns":4},{"damage":0,"enemies":"2 Fungi Beasts","floor":11,"turns":3},{"damage":0,"enemies":"3 Louse","floor":13,"turns":2},{"damage":0,"enemies":"Lots of Slimes","floor":14,"turns":5},{"damage":65,"enemies":"Slime Boss","floor":16,"turns":6}],"seed_played":"528465522731043339","potions_obtained":[{"floor":2,"key":"ColorlessPotion"},{"floor":3,"key":"SpeedPotion"},{"floor":11,"key":"Strength Potion"},{"floor":13,"key":"BlessingOfTheForge"}],"is_trial":false,"path_per_floor":["M","M","M","$","?","R","?","E","T","M","M","R","M","M","R","B"],"character_chosen":"THE_SILENT","items_purchased":[],"campfire_rested":1,"item_purchase_floors":[],"current_hp_per_floor":[59,59,57,57,46,46,46,9,9,9,9,9,9,9,28,0,0],"gold":179,"neow_bonus":"RANDOM_COMMON_RELIC","is_daily":false,"chose_seed":false,"campfire_upgraded":2,"win_rate":0.0,"timestamp":1609316775,"path_taken":["M","M","M","$","?","R","?","E","T","M","?","R","M","M","R","BOSS"],"items_purchased_type":[],"build_version":"2020-12-22","purchased_purges":1,"victory":false,"max_hp_per_floor":[66,66,66,66,66,66,66,66,66,66,66,66,66,66,66,66,66],"card_choices":[{"not_picked":["Infinite Blades","Expertise"],"picked":"Poisoned Stab","floor":1},{"not_picked":["Caltrops","Deadly Poison"],"picked":"Cloak And Dagger","floor":2},{"not_picked":["Prepared","Flechettes"],"picked":"Cloak And Dagger","floor":3},{"not_picked":["Flechettes","Well Laid Plans"],"picked":"Terror","floor":8},{"not_picked":["Sucker Punch","Setup"],"picked":"Skewer","floor":10},{"not_picked":["Sucker Punch","Flechettes","Endless Agony"],"picked":"SKIP","floor":11},{"not_picked":["Acrobatics","Bane"],"picked":"Deflect","floor":13},{"not_picked":["Storm of Steel","Setup","Crippling Poison"],"picked":"SKIP","floor":14}],"player_experience":709035,"relics_obtained":[{"floor":8,"key":"Happy Flower"},{"floor":9,"key":"Bag of Marbles"}],"event_choices":[{"damage_healed":0,"gold_gain":75,"player_choice":"Gather Gold","damage_taken":11,"max_hp_gain":0,"max_hp_loss":0,"event_name":"World of Goop","floor":5,"gold_loss":0},{"cards_removed":["Strike_G"],"damage_healed":0,"gold_gain":0,"player_choice":"Card Removal","damage_taken":0,"max_hp_gain":0,"max_hp_loss":0,"event_name":"The Cleric","floor":7,"gold_loss":75}],"is_beta":false,"boss_relics":[],"items_purged_floors":[4],"is_endless":false,"potions_floor_spawned":[2,3,11,13,14],"killed_by":"Slime Boss","ascension_level":20}}