{"host":"h4lp0eeso8a0ssq0","time":1609287800,"event":{"mods":["2.2 Compatiblity","AchievementEnabler","Astrologer","BaseMod","CapriCore","Colored Map","Downfall","Hermit","Lobotomy","Marisa£¨Ùöéë¡¡Øª×âÞÞ£©","Minty Spire (QoL Compilation)","StSLib","SuperFastMode","The Cursed","The Hierophant","The Immortal"],"gold_per_floor":[16,31,31,31,51,51,51,51,76,101,125,50,50,68,68,192,192,217,233,249,262,275,275,275,275,275],"floor_reached":24,"playtime":916,"items_purged":["MokouMod:Strike"],"score":192,"play_id":"7b40a7cd-579a-45bb-a6ba-d8111d893812","local_time":"20201230092320","is_ascension_mode":false,"campfire_choices":[{"data":"Apotheosis","floor":6.0,"key":"SMITH"},{"data":"MokouMod:Wildfire","floor":15.0,"key":"SMITH"},{"floor":23,"key":"REST"}],"circlet_count":0,"master_deck":["MokouMod:Strike","MokouMod:Strike","MokouMod:Defend","MokouMod:Defend","MokouMod:Defend","MokouMod:Defend","MokouMod:HeatSpark","Apotheosis+1","MokouMod:Wildfire+1","MokouMod:FlareStarter","MokouMod:Ember","MokouMod:Geothermal","MokouMod:CrimsonArmoury","MokouMod:SubterraneanCore+1","MokouMod:IndiscriminateIgnition"],"relics":["MokouMod:PhoenixFeather","Golden Idol","Bag of Preparation","FaceOfCleric","SlaversCollar"],"acts_visited":["Exordium","TheCity"],"potions_floor_usage":[16],"damage_taken":[{"damage":2.0,"enemies":"Small Slimes","floor":1.0,"turns":3.0},{"damage":3.0,"enemies":"Jaw Worm","floor":2.0,"turns":2.0},{"damage":0.0,"enemies":"Cultist","floor":5.0,"turns":3.0},{"damage":10.0,"enemies":"Gremlin Gang","floor":10.0,"turns":7.0},{"damage":0.0,"enemies":"Large Slime","floor":11.0,"turns":5.0},{"damage":0.0,"enemies":"Red Slaver","floor":14.0,"turns":3.0},{"damage":16,"enemies":"The Guardian","floor":16,"turns":9},{"damage":2,"enemies":"Spheric Guardian","floor":18,"turns":4},{"damage":6,"enemies":"Shell Parasite","floor":19,"turns":5},{"damage":25,"enemies":"Sentry and Sphere","floor":20,"turns":7},{"damage":0,"enemies":"3 Cultists","floor":21,"turns":5},{"damage":30,"enemies":"Snake Plant","floor":22,"turns":5},{"damage":3,"enemies":"Gremlin Leader","floor":24,"turns":2}],"seed_played":"8558249858211837136","potions_obtained":[{"floor":2.0,"key":"Block Potion"},{"floor":5.0,"key":"LiquidBronze"},{"floor":11.0,"key":"Swift Potion"},{"floor":18,"key":"Dexterity Potion"},{"floor":21,"key":"SmokeBomb"}],"is_trial":false,"path_per_floor":["M","M","?","?","M","R","?","$","T","M","M","$","?","M","R","B",null,"M","M","M","M","M","R","E"],"character_chosen":"MKU","items_purchased":[],"campfire_rested":1,"item_purchase_floors":[],"current_hp_per_floor":[73,70,52,45,45,45,45,45,45,35,35,35,35,36,36,21,77,76,71,47,48,19,43,40,40,40],"gold":275,"neow_bonus":"RANDOM_COLORLESS_2","is_daily":false,"chose_seed":false,"campfire_upgraded":2,"win_rate":0.0,"timestamp":1609287800,"path_taken":["M","M","?","?","?","R","?","?","T","M","M","$","?","M","R","BOSS","M","M","M","M","M","R","E"],"items_purchased_type":[],"build_version":"2020-12-22","purchased_purges":1,"victory":false,"max_hp_per_floor":[75,75,75,75,75,75,75,75,75,75,75,75,75,76,76,77,77,78,79,80,81,82,82,82,82,82],"card_choices":[{"not_picked":["Thinking Ahead","Violence"],"picked":"Apotheosis","floor":0.0},{"not_picked":["MokouMod:Firecracker","MokouMod:WarmUp"],"picked":"MokouMod:Wildfire","floor":1.0},{"not_picked":["MokouMod:InfernalWave","MokouMod:CrimsonFlare"],"picked":"MokouMod:FlareStarter","floor":2.0},{"not_picked":["MokouMod:SearingShot","MokouMod:RisingSunBarrier","MokouMod:GuidingSmoke"],"picked":"SKIP","floor":5.0},{"not_picked":["MokouMod:Firecracker","MokouMod:Meltdown","MokouMod:Stoke"],"picked":"SKIP","floor":10.0},{"not_picked":["MokouMod:SearingShot","MokouMod:Stoke"],"picked":"MokouMod:Ember","floor":11.0},{"not_picked":["MokouMod:SearingShot","MokouMod:FlareStarter","MokouMod:RoaringFlare"],"picked":"SKIP","floor":14.0},{"not_picked":["MokouMod:Rekindle","MokouMod:BurningHiddenBullet"],"picked":"MokouMod:Geothermal","floor":16},{"not_picked":["MokouMod:Firecracker+1","MokouMod:Singe+1","MokouMod:EternalBurstReactor"],"picked":"SKIP","floor":18},{"not_picked":["MokouMod:ImperishableFlame","MokouMod:SearingShot"],"picked":"MokouMod:CrimsonArmoury","floor":19},{"not_picked":["MokouMod:TemporalFireSeal","MokouMod:CrimsonArmoury","MokouMod:Firecracker"],"picked":"SKIP","floor":20},{"not_picked":["MokouMod:RisingSunBarrier","MokouMod:RetainTemperature"],"picked":"MokouMod:SubterraneanCore+1","floor":21},{"not_picked":["MokouMod:IgnitionBarrier","MokouMod:ScorchingColumn"],"picked":"MokouMod:IndiscriminateIgnition","floor":22}],"player_experience":40587,"relics_obtained":[{"floor":9.0,"key":"Bag of Preparation"}],"event_choices":[{"damage_healed":0.0,"max_hp_gain":0.0,"max_hp_loss":0.0,"gold_gain":0.0,"event_name":"Golden Idol","player_choice":"Take Damage","floor":3.0,"gold_loss":0.0,"damage_taken":18.0,"relics_obtained":["Golden Idol"]},{"cards_removed":["MokouMod:Strike"],"damage_healed":0.0,"max_hp_gain":0.0,"max_hp_loss":0.0,"gold_gain":0.0,"event_name":"Golden Wing","player_choice":"Card Removal","floor":4.0,"gold_loss":0.0,"damage_taken":7.0},{"cards_removed":["MokouMod:Strike"],"damage_healed":0.0,"max_hp_gain":0.0,"max_hp_loss":0.0,"gold_gain":0.0,"event_name":"Living Wall","player_choice":"Forget","floor":7.0,"gold_loss":0.0,"damage_taken":0.0},{"damage_healed":0.0,"max_hp_gain":0.0,"max_hp_loss":0.0,"gold_gain":0.0,"event_name":"FaceTrader","player_choice":"Trade","floor":13.0,"gold_loss":0.0,"damage_taken":0.0,"relics_obtained":["FaceOfCleric"]}],"is_beta":false,"boss_relics":[{"not_picked":["Snecko Eye","Empty Cage"],"picked":"SlaversCollar"}],"items_purged_floors":[12],"is_endless":false,"potions_floor_spawned":[2,5,11,18,21],"killed_by":"Gremlin Leader","ascension_level":0}}