{"host":"sc0o2qwpf9j16a4i","time":1609341191,"event":{"mods":["AchievementEnabler","BaseMod","BetterRewards","Block Reminder","Colored Map","Colored Powertips","Custom Start","Highlight Path","Minty Spire (QoL Compilation)","Relic Stats"],"gold_per_floor":[117,117,132,132,132,132,132,132],"floor_reached":7,"playtime":113,"items_purged":[],"score":78,"play_id":"4c33d129-17d4-4b5a-be57-201bb54d67f3","local_time":"20201230171311","is_ascension_mode":true,"campfire_choices":[{"floor":6,"key":"REST"}],"circlet_count":0,"master_deck":["AscendersBane","Strike_B","Strike_B","Strike_B","Strike_B","Defend_B","Defend_B","Defend_B","Defend_B","Zap","Dualcast","Coolheaded","Echo Form"],"relics":["Fusion Hammer","Golden Idol","Nunchaku"],"acts_visited":["Exordium"],"potions_floor_usage":[],"damage_taken":[{"damage":2,"enemies":"Jaw Worm","floor":1,"turns":4},{"damage":6,"enemies":"2 Louse","floor":3,"turns":3},{"damage":82,"enemies":"Gremlin Nob","floor":7,"turns":4}],"seed_played":"921964187936268211","potions_obtained":[],"is_trial":false,"path_per_floor":["M","?","M","?","?","R","E"],"character_chosen":"DEFECT","items_purchased":[],"campfire_rested":1,"item_purchase_floors":[],"current_hp_per_floor":[62,67,61,61,50,69,0,0],"gold":132,"neow_bonus":"BOSS_RELIC","is_daily":false,"chose_seed":false,"campfire_upgraded":0,"win_rate":0.0,"timestamp":1609341191,"path_taken":["M","?","M","?","?","R","E"],"items_purchased_type":[],"build_version":"2020-12-22","purchased_purges":0,"victory":false,"max_hp_per_floor":[71,76,76,69,69,69,69,69],"relic_stats":{"Nunchaku":[0],"counters":[3,11],"Golden Idol":0,"obtain_stats":[{"Nunchaku":5,"Golden Idol":4,"Fusion Hammer":0,"Cracked Core":0},{"Nunchaku":2,"Golden Idol":2,"Fusion Hammer":0,"Cracked Core":0},{"Nunchaku":7,"Golden Idol":7,"Fusion Hammer":0,"Cracked Core":0}]},"card_choices":[{"not_picked":["Stack","Ball Lightning"],"picked":"Coolheaded","floor":1},{"not_picked":["Sweeping Beam","Heatsinks"],"picked":"Echo Form","floor":3}],"player_experience":451195,"relics_obtained":[],"event_choices":[{"damage_healed":0,"gold_gain":0,"player_choice":"Donut","damage_taken":0,"max_hp_gain":5,"max_hp_loss":0,"event_name":"Big Fish","floor":2,"gold_loss":0},{"damage_healed":0,"gold_gain":0,"player_choice":"Lose Max HP","damage_taken":0,"relics_obtained":["Golden Idol"],"max_hp_gain":0,"max_hp_loss":7,"event_name":"Golden Idol","floor":4,"gold_loss":0},{"damage_healed":0,"gold_gain":0,"player_choice":"Success","damage_taken":11,"relics_obtained":["Nunchaku"],"max_hp_gain":0,"max_hp_loss":0,"event_name":"Scrap Ooze","floor":5,"gold_loss":0}],"is_beta":false,"boss_relics":[],"items_purged_floors":[],"is_endless":false,"potions_floor_spawned":[],"killed_by":"Gremlin Nob","ascension_level":20}}