{"host":"z9grmtg2w0nmz8n1","time":1609301338,"event":{"mods":["Aspiration","Bard","BaseMod","Beaked The Cultist","Better Altar","Better Match","Better Note","Better Sensory Stone","Better Skull","Better Third Choice","BetterRewards","CCEM","Colored Map","Conspire","Downfall","GifTheSpireLib","Googly Eyes","Halation","Hermit","Highlight Path","Hubris","Hunter ??","Jedi Mod","Jorbs\u0027s Wanderer Trilogy","Mad Scientist","Marisa????????","Minty Spire (QoL Compilation)","Permanent Neow","Replay The Spire","Shade Mod","Shop Mod","Spicy Shops","StSLib","Stuff the Spire","The Bug Knight","The Construct","The Necromancer","The Runesmith","The Witch"],"gold_per_floor":[109,144,144,144,164,191,266,295,318,336,144,175,194,194,194],"floor_reached":14,"playtime":522,"items_purged":["Strike_B"],"score":119,"play_id":"19c63979-b4e4-4add-9727-fa03c225511b","local_time":"20201230020858","is_ascension_mode":true,"campfire_choices":[],"circlet_count":0,"master_deck":["Strike_B","Strike_B","Defend_B","Defend_B","Defend_B","Defend_B","Zap","Dualcast","Tempest","Ball Lightning","Ball Lightning","Conserve Battery","Defragment","Thunder Strike","White Noise"],"relics":["Cracked Core","aspiration:Lifesprig","hubris:RGBLights","Cables","aspiration:HatOfInfinitePower"],"acts_visited":["Exordium"],"potions_floor_usage":[6,6,12,13,14],"damage_taken":[{"damage":0,"enemies":"Small Slimes","floor":1,"turns":3},{"damage":6,"enemies":"conspire:MimicChest","floor":2,"turns":4},{"damage":7,"enemies":"Jaw Worm","floor":5,"turns":3},{"damage":4,"enemies":"Gremlin Nob","floor":6,"turns":3},{"damage":18,"enemies":"3 Sentries","floor":8,"turns":4},{"damage":0,"enemies":"Cultist","floor":10,"turns":2},{"damage":19,"enemies":"Lagavulin","floor":12,"turns":4},{"damage":7,"enemies":"Red Slaver","floor":13,"turns":2},{"damage":18,"enemies":"Gremlin Nob","floor":14,"turns":2}],"seed_played":"-964523995347071586","potions_obtained":[{"floor":1,"key":"Weak Potion"},{"floor":2,"key":"FearPotion"},{"floor":5,"key":"sneckomod:MuddlingPotion"},{"floor":12,"key":"Fire Potion"},{"floor":13,"key":"SteroidPotion"}],"is_trial":false,"path_per_floor":["M","?","?","?","M","E","?","E","T","M","$","E","M","E"],"character_chosen":"DEFECT","items_purchased":["Defragment"],"campfire_rested":0,"item_purchase_floors":[11],"current_hp_per_floor":[75,69,69,75,68,64,53,35,35,35,35,16,9,0,0],"gold":194,"neow_bonus":"REMOVE_CARD","is_daily":false,"chose_seed":false,"campfire_upgraded":0,"win_rate":0.0,"timestamp":1609301337,"path_taken":["M","?","?","?","M","E","?","E","T","M","$","E","M","E"],"items_purchased_type":["Card"],"build_version":"2020-12-22","purchased_purges":1,"victory":false,"max_hp_per_floor":[75,75,75,75,75,75,75,75,75,75,75,75,75,75,75],"card_choices":[{"not_picked":["Melter","Cold Snap"],"picked":"Tempest","floor":1},{"not_picked":["Chill","jedi:BurstLightning"],"picked":"Ball Lightning","floor":2},{"not_picked":["Gash","Rip and Tear"],"picked":"Ball Lightning","floor":5},{"not_picked":["jedi:overflow","StuffTheSpire:ForEach","Lockon"],"picked":"SKIP","floor":6},{"not_picked":["Barrage","Compile Driver"],"picked":"Conserve Battery","floor":8},{"not_picked":["Panic Button","Go for the Eyes","Gash"],"picked":"SKIP","floor":10},{"not_picked":["Machine Learning","White Noise"],"picked":"Thunder Strike","floor":12},{"not_picked":["Barrage","StuffTheSpire:LoadUp"],"picked":"White Noise","floor":13}],"player_experience":744870,"relics_obtained":[{"floor":2,"key":"aspiration:Lifesprig"},{"floor":6,"key":"hubris:RGBLights"},{"floor":8,"key":"Cables"},{"floor":12,"key":"aspiration:HatOfInfinitePower"}],"event_choices":[{"damage_healed":0,"gold_gain":0,"player_choice":"Ignored","damage_taken":144,"max_hp_gain":0,"max_hp_loss":0,"event_name":"betterThird:BetterSerpent","floor":3,"gold_loss":0},{"damage_healed":0,"gold_gain":75,"player_choice":"Gold","damage_taken":11,"max_hp_gain":0,"max_hp_loss":0,"event_name":"betterThird:BetterGoop","floor":7,"gold_loss":0}],"is_beta":false,"boss_relics":[],"items_purged_floors":[11],"is_endless":false,"potions_floor_spawned":[1,2,5,12,13],"killed_by":"Gremlin Nob","ascension_level":2}}