{"host":"n3vqtvx9hbigdfc4","time":1609307867,"event":{"mods":["AchievementEnabler","BaseMod","Better Third Choice","Block Reminder","Colored Map","Colored Powertips","Downfall","Minty Spire (QoL Compilation)","Permanent Neow","Rare Cards Sparkle","Relic Stats","Replay The Spire","Shop Mod","StSLib"],"gold_per_floor":[111,124,0,12,12,45,45,72,145,145,145],"floor_reached":10,"playtime":720,"items_purged":[],"score":114,"play_id":"aaad3abf-2b18-4794-aeda-f9c92fbdbb58","local_time":"20201229235747","is_ascension_mode":true,"campfire_choices":[{"data":"Clothesline","floor":7,"key":"SMITH"}],"circlet_count":0,"master_deck":["AscendersBane","Strike_R","Strike_R","Strike_R","Strike_R","Strike_R","Defend_R","Defend_R","Defend_R","Defend_R","Bash","Thunderclap","Clothesline+1","Warcry","Enlightenment","Iron Wave","Flex","Cleave"],"relics":["Burning Blood","Gambling Chip","Replay:Mystery Machine","Bottled Flame","Replay:Bottled Flurry"],"acts_visited":["Exordium"],"potions_floor_usage":[],"damage_taken":[{"damage":4,"enemies":"2 Louse","floor":1,"turns":4},{"damage":5,"enemies":"Jaw Worm","floor":2,"turns":4},{"damage":4,"enemies":"Cultist","floor":4,"turns":3},{"damage":52,"enemies":"Replay:BlueRogue","floor":6,"turns":10},{"damage":32,"enemies":"Lagavulin","floor":8,"turns":8},{"damage":20,"enemies":"3 Sentries","floor":10,"turns":3}],"seed_played":"752441201709454818","potions_obtained":[{"floor":2,"key":"BloodPotion"},{"floor":8,"key":"Ancient Potion"}],"is_trial":false,"path_per_floor":["M","M","?","M","?","E","R","E","T","E"],"character_chosen":"IRONCLAD","items_purchased":[],"campfire_rested":0,"item_purchase_floors":[],"current_hp_per_floor":[74,75,81,83,83,37,37,11,11,0,0],"gold":145,"neow_bonus":"THREE_CARDS","is_daily":false,"chose_seed":false,"campfire_upgraded":1,"win_rate":0.0,"timestamp":1609307867,"path_taken":["M","M","?","M","?","E","R","E","T","E"],"items_purchased_type":[],"build_version":"2020-12-22","purchased_purges":0,"victory":false,"max_hp_per_floor":[80,80,86,86,86,86,86,86,86,86,86],"relic_stats":{"counters":[6,32],"Gambling Chip":[4],"obtain_stats":[{"Bottled Flame":8,"Gambling Chip":5,"Replay:Bottled Flurry":9,"Replay:Mystery Machine":6,"Burning Blood":0},{"Bottled Flame":5,"Gambling Chip":3,"Replay:Bottled Flurry":5,"Replay:Mystery Machine":4,"Burning Blood":0},{"Bottled Flame":29,"Gambling Chip":11,"Replay:Bottled Flurry":29,"Replay:Mystery Machine":21,"Burning Blood":0}],"Burning Blood":30},"card_choices":[{"not_picked":["Perfected Strike","Twin Strike"],"picked":"Thunderclap","floor":0},{"not_picked":["Anger","Twin Strike"],"picked":"Clothesline","floor":1},{"not_picked":["Dual Wield","ReplayTheSpireMod:Strike From Hell"],"picked":"Warcry","floor":2},{"not_picked":["Armaments","Pummel"],"picked":"Iron Wave","floor":4},{"not_picked":["ReplayReversal","Pummel"],"picked":"Flex","floor":6},{"not_picked":["Wild Strike","Clothesline"],"picked":"Cleave","floor":8}],"player_experience":481066,"relics_obtained":[{"floor":6,"key":"Replay:Mystery Machine"},{"floor":8,"key":"Bottled Flame"},{"floor":9,"key":"Replay:Bottled Flurry"}],"event_choices":[{"damage_healed":0,"gold_gain":0,"player_choice":"RENOUNCE","damage_taken":124,"max_hp_gain":0,"max_hp_loss":0,"event_name":"betterThird:BetterSerpent","floor":3,"gold_loss":124,"cards_obtained":["Enlightenment"]},{"damage_healed":0,"gold_gain":0,"player_choice":"Gave Potion","damage_taken":0,"relics_obtained":["Gambling Chip"],"max_hp_gain":0,"max_hp_loss":0,"event_name":"WeMeetAgain","floor":5,"gold_loss":0}],"is_beta":false,"boss_relics":[],"items_purged_floors":[],"is_endless":false,"potions_floor_spawned":[2,8],"killed_by":"3 Sentries","ascension_level":10}}