{"host":"u3zhfyeznnb1kiy1","time":1609333142,"event":{"mods":["BaseMod","Colored Map","Colored Powertips","Downfall","GifTheSpireLib","Highlight Path","Minty Spire (QoL Compilation)","StSLib"],"gold_per_floor":[99,114,114,114,126,36,61,61,79,144,69,97,126,160,178,274,274,199,211,225,40,140,173,173,188,240,276,285,210,319,363,392,507,507,507,538,538,565,186,226,226,255,285,335,111,111,111,139,165,165,165,206,61,61,61],"floor_reached":56,"playtime":6032,"items_purged":["Regret","hexamod:Strike","hexamod:SecondSeal","hexamod:FirstSeal"],"score":1537,"play_id":"cbb1e662-0597-47a1-9d53-e575ce106f61","local_time":"20201230075902","is_ascension_mode":true,"campfire_choices":[{"floor":1,"key":"RECALL"},{"data":"hexamod:GhostOfSpirePresent","floor":11,"key":"SMITH"},{"data":"hexamod:ParanormalForm","floor":18,"key":"SMITH"},{"data":"hexamod:PowerFromBeyond","floor":29,"key":"SMITH"},{"data":"hexamod:TimeOfNeed","floor":35,"key":"SMITH"},{"data":"J.A.X.","floor":47,"key":"PURGE"},{"data":"hexamod:UnleashSpirits","floor":54,"key":"SMITH"}],"circlet_count":0,"master_deck":["hexamod:Strike+1","hexamod:Strike+1","hexamod:Defend+1","hexamod:Defend+1","hexamod:Defend+1","hexamod:Sear+1","hexamod:Float+1","hexamod:FlamesFromBeyond+1","hexamod:GhostShield","hexamod:Hexaguard","hexamod:InspiringFlames+1","hexamod:GhostOfSpirePresent+1","hexamod:GhostLash+1","hexamod:FastForward","hexamod:ParanormalForm+1","hexamod:Haunt","hexamod:PhantomCloak","hexamod:GhostShield+1","hexamod:EmpoweredFlame+1","hexamod:FirstSeal","hexamod:Hexaguard+1","hexamod:GhostShield+1","hexamod:PowerFromBeyond+1","hexamod:RadiantFlame","hexamod:Hexaguard","hexamod:SpectersWail+1","hexamod:TimeOfNeed+1","hexamod:SpectersWail","expansioncontent:DarkVoid","expansioncontent:PrepareCrush","expansioncontent:LastStand","hexamod:PhantomFireball+1","hexamod:NightmareStrike","hexamod:SpectersWail","Master of Strategy","hexamod:SpectersWail+1","hexamod:EtherealExpedition+1","hexamod:SpectersWail","expansioncontent:CaCaw+1","expansioncontent:QuickStudy","hexamod:Haunt+1","hexamod:UnleashSpirits+1"],"relics":["Black Star","Lantern","Ginger","Ornamental Fan","Lizard Tail","downfall:HeartBlessingGreen","Boot","Matryoshka","Odd Mushroom","Juzu Bracelet","MealTicket","SlaversCollar","downfall:HeartBlessingRed","MutagenicStrength","Pantograph","Orichalcum","Centennial Puzzle","Regal Pillow","CeramicFish","downfall:HeartBlessingBlue","Prayer Wheel","Mercury Hourglass","Eternal Feather","Ice Cream","Busted Crown","hexamod:TheBrokenSeal","Pocketwatch","Gambling Chip","Frozen Egg 2","HornCleat","PreservedInsect","Du-Vu Doll","Peace Pipe","Membership Card","Thread and Needle","Art of War","Meat on the Bone","Omamori","Torii","Pear","Calipers"],"acts_visited":["Exordium","TheCity","TheBeyond","TheEnding"],"potions_floor_usage":[10,10,14,16,25,25,25,30,30,30,31,32,33,45,52,55],"damage_taken":[{"damage":4,"enemies":"Jaw Worm","floor":2,"turns":4},{"damage":2,"enemies":"2 Louse","floor":5,"turns":3},{"damage":6,"enemies":"downfall:FleeingMerchant","floor":6,"turns":4},{"damage":0,"enemies":"Small Slimes","floor":9,"turns":3},{"damage":2,"enemies":"3 Sentries","floor":10,"turns":8},{"damage":15,"enemies":"Gremlin Nob","floor":12,"turns":5},{"damage":0,"enemies":"The Mushroom Lair","floor":13,"turns":4},{"damage":20,"enemies":"Lagavulin","floor":14,"turns":9},{"damage":0,"enemies":"Blue Slaver","floor":15,"turns":5},{"damage":33,"enemies":"downfall:Ironclad","floor":16,"turns":10},{"damage":22,"enemies":"3 Byrds","floor":19,"turns":5},{"damage":23,"enemies":"Chosen","floor":20,"turns":7},{"damage":8,"enemies":"downfall:FleeingMerchant","floor":21,"turns":4},{"damage":11,"enemies":"downfall:Augmenter","floor":22,"turns":6},{"damage":5,"enemies":"Gremlin Leader","floor":23,"turns":6},{"damage":17,"enemies":"Centurion and Healer","floor":25,"turns":9},{"damage":11,"enemies":"Slavers","floor":26,"turns":5},{"damage":15,"enemies":"Shelled Parasite and Fungi","floor":27,"turns":10},{"damage":10,"enemies":"Colosseum Nobs","floor":30,"turns":7},{"damage":18,"enemies":"Book of Stabbing","floor":31,"turns":6},{"damage":5,"enemies":"Cultist and Chosen","floor":32,"turns":4},{"damage":17,"enemies":"downfall:Silent","floor":33,"turns":8},{"damage":54,"enemies":"3 Darklings","floor":36,"turns":5},{"damage":0,"enemies":"downfall:FleeingMerchant","floor":39,"turns":4},{"damage":3,"enemies":"Reptomancer","floor":40,"turns":4},{"damage":0,"enemies":"Orb Walker","floor":42,"turns":2},{"damage":5,"enemies":"Nemesis","floor":43,"turns":5},{"damage":0,"enemies":"Mind Bloom Boss Battle","floor":44,"turns":4},{"damage":3,"enemies":"downfall:FleeingMerchant","floor":45,"turns":2},{"damage":0,"enemies":"Giant Head","floor":48,"turns":4},{"damage":0,"enemies":"Writhing Mass","floor":49,"turns":4},{"damage":4,"enemies":"downfall:Defect","floor":50,"turns":6},{"damage":20,"enemies":"downfall:CharBossMerchant","floor":52,"turns":5},{"damage":0,"enemies":"downfall:NeowBoss","floor":55,"turns":20}],"seed_played":"7546121817197335456","potions_obtained":[{"floor":5,"key":"SkillPotion"},{"floor":9,"key":"ColorlessPotion"},{"floor":12,"key":"hexamod:EctoCoolerPotion"},{"floor":14,"key":"AttackPotion"},{"floor":22,"key":"Fire Potion"},{"floor":23,"key":"ColorlessPotion"},{"floor":25,"key":"Fruit Juice"},{"floor":25,"key":"Fire Potion"},{"floor":26,"key":"Fire Potion"},{"floor":27,"key":"BlessingOfTheForge"},{"floor":27,"key":"Energy Potion"},{"floor":30,"key":"LiquidBronze"},{"floor":31,"key":"hexamod:EctoCoolerPotion"},{"floor":32,"key":"PowerPotion"},{"floor":32,"key":"Block Potion"},{"floor":33,"key":"SpeedPotion"},{"floor":40,"key":"DistilledChaos"},{"floor":42,"key":"Dexterity Potion"},{"floor":52,"key":"Fruit Juice"}],"is_trial":false,"path_per_floor":["R","M","?","?","M","$","T","?","M","E","R","E","?","E","M","B",null,"R","M","M","$","?","E","T","M","E","M","?","R","?","E","M","B",null,"R","M","?","?","$","E","T","M","E","?","?","?","R","E","M","B",null,"E","$","R","B",null],"character_chosen":"THE_SPIRIT","items_purchased":["hexamod:FourthSeal","hexamod:NightmareStrike","hexamod:SpectersWail","Master of Strategy","Membership Card","expansioncontent:CaCaw+1","expansioncontent:QuickStudy","Thread and Needle","Art of War","Calipers"],"campfire_rested":0,"item_purchase_floors":[21,39,39,39,45,45,45,45,45,53],"current_hp_per_floor":[70,66,59,59,64,65,65,53,60,58,58,50,57,44,44,11,70,70,55,39,53,42,44,44,46,49,41,41,51,55,58,74,82,85,85,95,95,85,95,95,95,95,95,95,92,92,95,95,95,95,95,90,105,110,110],"gold":61,"neow_bonus":"BOSS_RELIC","is_daily":false,"chose_seed":false,"campfire_upgraded":5,"win_rate":0.0,"timestamp":1609333142,"path_taken":["R","M","?","?","M","$","T","?","M","E","R","E","?","E","M","BOSS","R","M","M","$","?","E","T","M","E","M","?","R","?","E","M","BOSS","R","M","?","?","$","E","T","M","E","?","?","?","R","E","M","BOSS","E","$","R","BOSS"],"items_purchased_type":["Card","Card","Card","Card","Relic","Card","Card","Relic","Relic","Relic"],"build_version":"2020-12-22","purchased_purges":4,"victory":true,"max_hp_per_floor":[70,70,70,70,70,70,70,70,70,70,70,70,70,70,70,70,70,70,70,70,70,70,70,70,75,75,75,75,85,85,85,85,85,85,85,95,95,95,95,95,95,95,95,95,95,95,95,95,95,95,95,110,110,110,110],"card_choices":[{"not_picked":["hexamod:RainOfEmbers","hexamod:SoulSteal"],"picked":"hexamod:FlamesFromBeyond","floor":2},{"not_picked":["hexamod:FastForward","hexamod:GhostOfSpirePresent"],"picked":"hexamod:GhostShield","floor":5},{"not_picked":["hexamod:EmpoweredFlame","hexamod:GhostShield"],"picked":"hexamod:Hexaguard","floor":6},{"not_picked":["hexamod:Firestarter","hexamod:BurningTouch"],"picked":"hexamod:InspiringFlames","floor":9},{"not_picked":["hexamod:HeatCrush","hexamod:HeatShield"],"picked":"hexamod:GhostOfSpirePresent","floor":10},{"not_picked":["hexamod:BacktrackSmack","hexamod:HauntingEcho","hexamod:HeatMetal"],"picked":"SKIP","floor":12},{"not_picked":["hexamod:NightmareStrike","hexamod:FlamesFromBeyond"],"picked":"hexamod:SixthSeal","floor":13},{"not_picked":["hexamod:SwordOfDarkness","hexamod:AdvancingGuard"],"picked":"hexamod:GhostLash","floor":14},{"not_picked":["hexamod:HeatShield","hexamod:NightmareStrike"],"picked":"hexamod:FastForward","floor":15},{"not_picked":["hexamod:FifthSeal","hexamod:HexaLevel"],"picked":"hexamod:ParanormalForm","floor":16},{"not_picked":["hexamod:ThermalTransfer","hexamod:CatchUp"],"picked":"hexamod:Haunt","floor":19},{"not_picked":["hexamod:GhostShield","hexamod:InspiringFlames+1"],"picked":"hexamod:PhantomCloak","floor":20},{"not_picked":["hexamod:RadiantFlame+1","hexamod:Firestarter"],"picked":"hexamod:GhostShield+1","floor":21},{"not_picked":[],"picked":"J.A.X.","floor":22},{"not_picked":["hexamod:SkipABeat","hexamod:InspiringFlames+1"],"picked":"hexamod:FirstSeal","floor":22},{"not_picked":["hexamod:NecessarySacrifice","hexamod:EmpoweredFlame"],"picked":"hexamod:SecondSeal","floor":23},{"not_picked":["hexamod:SwordOfDarkness","hexamod:HeatShield"],"picked":"hexamod:GhostShield+1","floor":25},{"not_picked":["hexamod:SecondSeal","hexamod:Firestarter"],"picked":"hexamod:FifthSeal","floor":26},{"not_picked":["hexamod:FirstSeal","hexamod:SecondSeal"],"picked":"hexamod:ThirdSeal","floor":27},{"not_picked":["hexamod:BurningTouch","hexamod:RainOfEmbers","hexamod:GhostOfSpirePast"],"picked":"SKIP","floor":27},{"not_picked":["hexamod:GhostShield","hexamod:PhantomFireball"],"picked":"hexamod:FirstSeal","floor":30},{"not_picked":["hexamod:RainOfEmbers","hexamod:FourthSeal"],"picked":"hexamod:RadiantFlame","floor":31},{"not_picked":["hexamod:TurnItUp","hexamod:Haunt"],"picked":"hexamod:Hexaguard","floor":31},{"not_picked":["hexamod:FirstSeal","hexamod:ExtraCrispy+1"],"picked":"hexamod:SpectersWail","floor":32},{"not_picked":["hexamod:ThermalTransfer","hexamod:FirstSeal","hexamod:FastForward"],"picked":"SKIP","floor":32},{"not_picked":["hexamod:ThirdSeal","hexamod:SixthSeal"],"picked":"hexamod:SecondSeal","floor":33},{"not_picked":["hexamod:GiftsFromTheDead","hexamod:EmpoweringStance"],"picked":"hexamod:TimeOfNeed","floor":33},{"not_picked":[],"picked":"hexamod:SpectersWail","floor":36},{"not_picked":["hexamod:HeatMetal"],"picked":"SKIP","floor":36},{"not_picked":["hexamod:FourthSeal"],"picked":"SKIP","floor":36},{"not_picked":[],"picked":"expansioncontent:DarkVoid","floor":38},{"not_picked":[],"picked":"expansioncontent:PrepareCrush","floor":38},{"not_picked":[],"picked":"expansioncontent:LastStand","floor":38},{"not_picked":[],"picked":"hexamod:PhantomFireball+1","floor":39},{"not_picked":[],"picked":"hexamod:SpectersWail+1","floor":40},{"not_picked":[],"picked":"hexamod:EtherealExpedition+1","floor":42},{"not_picked":["hexamod:NightmareGuise"],"picked":"SKIP","floor":42},{"not_picked":["hexamod:ThermalTransfer+1"],"picked":"SKIP","floor":43},{"not_picked":[],"picked":"hexamod:SpectersWail","floor":45},{"not_picked":["hexamod:RainOfEmbers+1"],"picked":"SKIP","floor":48},{"not_picked":[],"picked":"hexamod:Haunt+1","floor":49},{"not_picked":["hexamod:GhostShield"],"picked":"SKIP","floor":49},{"not_picked":[],"picked":"hexamod:UnleashSpirits","floor":52}],"player_experience":1188267,"relics_obtained":[{"floor":7,"key":"Lantern"},{"floor":10,"key":"Ornamental Fan"},{"floor":10,"key":"Lizard Tail"},{"floor":12,"key":"Boot"},{"floor":12,"key":"Matryoshka"},{"floor":13,"key":"Odd Mushroom"},{"floor":14,"key":"Juzu Bracelet"},{"floor":14,"key":"MealTicket"},{"floor":22,"key":"MutagenicStrength"},{"floor":23,"key":"Pantograph"},{"floor":23,"key":"Orichalcum"},{"floor":24,"key":"Centennial Puzzle"},{"floor":26,"key":"Regal Pillow"},{"floor":26,"key":"CeramicFish"},{"floor":30,"key":"Prayer Wheel"},{"floor":30,"key":"Mercury Hourglass"},{"floor":31,"key":"Eternal Feather"},{"floor":31,"key":"Ice Cream"},{"floor":40,"key":"Pocketwatch"},{"floor":40,"key":"Gambling Chip"},{"floor":41,"key":"Frozen Egg 2"},{"floor":41,"key":"HornCleat"},{"floor":43,"key":"PreservedInsect"},{"floor":43,"key":"Du-Vu Doll"},{"floor":44,"key":"Peace Pipe"},{"floor":48,"key":"Meat on the Bone"},{"floor":48,"key":"Omamori"},{"floor":52,"key":"Torii"},{"floor":52,"key":"Pear"}],"event_choices":[{"damage_healed":0,"gold_gain":0,"player_choice":"Success","damage_taken":12,"relics_obtained":["Ginger"],"max_hp_gain":0,"max_hp_loss":0,"event_name":"Scrap Ooze","floor":8,"gold_loss":0},{"damage_healed":0,"gold_gain":0,"player_choice":"Fought Mushrooms","damage_taken":0,"max_hp_gain":0,"max_hp_loss":0,"event_name":"Mushrooms","floor":13,"gold_loss":0},{"damage_healed":0,"gold_gain":0,"player_choice":"Read","damage_taken":0,"max_hp_gain":0,"max_hp_loss":0,"event_name":"The Library","floor":28,"gold_loss":0,"cards_obtained":["hexamod:PowerFromBeyond"]}],"is_beta":false,"boss_relics":[{"not_picked":["Tiny House","Runic Pyramid"],"picked":"SlaversCollar"},{"not_picked":["Cursed Key","Snecko Eye"],"picked":"Busted Crown"}],"items_purged_floors":[6,21,39,45],"is_endless":false,"potions_floor_spawned":[5,9,12,14,25,27,32,33,40,42,43,44,52],"ascension_level":1}}