{"host":"4hhgf71pxvqwkagf","time":1609335258,"event":{"mods":["2.2 Compatiblity","AchievementEnabler","BaseMod","Minty Spire (QoL Compilation)","Permanent Neow","Quick Restart","StSLib","SuperFastMode","The Bug Knight","everything is the same but u backflip on backflip"],"gold_per_floor":[115,65,79,98,21,21,48,48,48,59,74,74,86,140,140,241,241,251,251,251],"floor_reached":19,"playtime":815,"items_purged":[],"score":197,"play_id":"ebb2d7d0-56c7-4e29-813b-dec7e5653c23","local_time":"20201230223418","is_ascension_mode":true,"campfire_choices":[{"data":"HollowMod:MantisMark","floor":6.0,"key":"SMITH"},{"data":"HollowMod:FocusHealStart","floor":8.0,"key":"SMITH"},{"data":"HollowMod:ZotesMagnificence","floor":15.0,"key":"SMITH"}],"circlet_count":0,"master_deck":["HollowMod:NailStrikeStart","HollowMod:NailStrikeStart","HollowMod:NailStrikeStart","HollowMod:QuickDashStart","HollowMod:QuickDashStart","HollowMod:QuickDashStart","HollowMod:QuickDashStart","HollowMod:FocusHealStart+1","HollowMod:PogoStrike","Purity","HollowMod:DashSlash","HollowMod:MantisMark+1","HollowMod:HuntersJournal","HollowMod:FastStrike","HollowMod:HowlingWraiths","HollowMod:MonarchWings","HollowMod:SoulSplash","Decay","HollowMod:GoodIntentions","HollowMod:ZotesMagnificence+1","HollowMod:theNailsmith","HollowMod:PureNailStrike+1"],"relics":["HollowMod:VesselMask","WingedGreaves","Pantograph","HollowMod:MillibellesNoteRelic","SacredBark"],"acts_visited":["Exordium","TheCity"],"potions_floor_usage":[],"damage_taken":[{"damage":4.0,"enemies":"2 Louse","floor":1.0,"turns":3.0},{"damage":2.0,"enemies":"Cultist","floor":3.0,"turns":3.0},{"damage":5.0,"enemies":"Jaw Worm","floor":4.0,"turns":3.0},{"damage":7.0,"enemies":"3 Sentries","floor":7.0,"turns":6.0},{"damage":7.0,"enemies":"Looter","floor":10.0,"turns":2.0},{"damage":8.0,"enemies":"3 Louse","floor":11.0,"turns":3.0},{"damage":5.0,"enemies":"Red Slaver","floor":13.0,"turns":4.0},{"damage":19.0,"enemies":"Lagavulin","floor":14.0,"turns":7.0},{"damage":49.0,"enemies":"The Guardian","floor":16.0,"turns":9.0},{"damage":22,"enemies":"2 Thieves","floor":18,"turns":4},{"damage":51,"enemies":"Shell Parasite","floor":19,"turns":5}],"seed_played":"1233728372761046947","potions_obtained":[{"floor":1.0,"key":"Weak Potion"},{"floor":3.0,"key":"BlessingOfTheForge"},{"floor":4.0,"key":"Swift Potion"},{"floor":7.0,"key":"SneckoOil"},{"floor":13.0,"key":"ColorlessPotion"}],"is_trial":false,"path_per_floor":["M","?","M","M","$","R","E","R","T","M","M","?","M","E","R","B",null,"M","M"],"character_chosen":"THE_BUGKNIGHT","items_purchased":["HollowMod:FastStrike"],"campfire_rested":0,"item_purchase_floors":[5],"current_hp_per_floor":[75,75,73,73,73,73,72,72,72,65,63,63,68,49,49,31,75,53,8,8],"gold":251,"neow_bonus":"RANDOM_COLORLESS","is_daily":false,"chose_seed":false,"campfire_upgraded":3,"win_rate":0.0,"timestamp":1609335258,"path_taken":["M","?","M","M","$","R","E","R","T","M","M","?","?","E","R","BOSS","M","M"],"items_purchased_type":["Card"],"build_version":"2020-12-22","purchased_purges":0,"victory":false,"max_hp_per_floor":[75,75,75,75,75,75,75,75,75,75,75,75,75,75,75,75,75,75,75,75],"card_choices":[{"not_picked":["Forethought","Finesse"],"picked":"Purity","floor":0.0},{"not_picked":["HollowMod:SoulEater","HollowMod:NewLittleFool"],"picked":"HollowMod:DashSlash","floor":1.0},{"not_picked":["HollowMod:NewJinnsSoul","HollowMod:ShadowDash"],"picked":"HollowMod:MantisMark","floor":3.0},{"not_picked":["HollowMod:MawleksShell","HollowMod:SoulEater"],"picked":"HollowMod:HuntersJournal","floor":4.0},{"not_picked":["HollowMod:AbyssShriek","HollowMod:CrystalDash"],"picked":"HollowMod:HowlingWraiths","floor":7.0},{"not_picked":["HollowMod:GoodIntentions","HollowMod:CycloneSlash"],"picked":"HollowMod:MonarchWings","floor":10.0},{"not_picked":["HollowMod:NewLittleFool","HollowMod:HuntersJournal"],"picked":"HollowMod:SoulSplash","floor":11.0},{"not_picked":["HollowMod:SharpenedNail","HollowMod:DashSlash"],"picked":"HollowMod:GoodIntentions","floor":13.0},{"not_picked":["HollowMod:SiblingsSouls","HollowMod:DreamGate"],"picked":"HollowMod:ZotesMagnificence","floor":14.0},{"not_picked":["HollowMod:Hiveblood","HollowMod:ElderbugsWisdom"],"picked":"HollowMod:theNailsmith","floor":16.0},{"not_picked":["HollowMod:WraithStrike","HollowMod:BlackTendrils+1"],"picked":"HollowMod:PureNailStrike+1","floor":18}],"player_experience":381252,"relics_obtained":[{"floor":7.0,"key":"WingedGreaves"},{"floor":9.0,"key":"Pantograph"},{"floor":14.0,"key":"HollowMod:MillibellesNoteRelic"}],"event_choices":[{"cards_removed":["HollowMod:NailStrikeStart"],"damage_healed":0.0,"max_hp_gain":0.0,"max_hp_loss":0.0,"gold_gain":0.0,"event_name":"The Cleric","player_choice":"Card Removal","floor":2.0,"gold_loss":50.0,"damage_taken":0.0},{"damage_healed":0.0,"max_hp_gain":0.0,"max_hp_loss":0.0,"gold_gain":0.0,"event_name":"Wheel of Change","player_choice":"Cursed","floor":12.0,"gold_loss":0.0,"damage_taken":0.0,"cards_obtained":["Decay"]}],"is_beta":false,"boss_relics":[{"not_picked":["Coffee Dripper","Busted Crown"],"picked":"SacredBark"}],"items_purged_floors":[],"is_endless":false,"potions_floor_spawned":[1,3,4,7,13],"killed_by":"Shell Parasite","ascension_level":2}}