{"host":"w36evy4uyf1bcavi","time":1609357964,"event":{"mods":["Act Like it!","Aspiration","BaseMod","Conspire","Hallownest","Jedi Mod","Minty Spire (QoL Compilation)","Replay The Spire","Spicy Shops","StSLib","The Hayseed","The Hierophant"],"gold_per_floor":[115,115,115,40,50,76,76,76,99,116,126,47,81,100,100,204,204,214,233,249,267,286,314,314,314,385,385,413,430,430,447,447,548,548,564,574,593,636,636,636,665,665,665,698,724,2,2,33,33,59,59],"floor_reached":50,"playtime":6878,"items_purged":["Normality"],"score":503,"play_id":"91d345e1-7271-4fc9-90b1-00b7e54c9d0a","local_time":"20201231035244","is_ascension_mode":false,"campfire_choices":[{"data":"TheSimpletonMod:SoilSample","floor":7.0,"key":"SMITH"},{"floor":15.0,"key":"RECALL"},{"floor":24,"key":"REST"},{"floor":27,"key":"DIG"},{"floor":32,"key":"REST"},{"floor":40,"key":"DIG"},{"floor":47,"key":"REST"},{"floor":49,"key":"REST"}],"circlet_count":0,"master_deck":["TheSimpletonMod:Strike_TheSimpleton","TheSimpletonMod:Strike_TheSimpleton","TheSimpletonMod:Strike_TheSimpleton","TheSimpletonMod:Defend_TheSimpleton","TheSimpletonMod:Defend_TheSimpleton+1","TheSimpletonMod:Defend_TheSimpleton+1","TheSimpletonMod:Defend_TheSimpleton","TheSimpletonMod:Haymaker","TheSimpletonMod:ReapAndSow","TheSimpletonMod:ControlledBurn","TheSimpletonMod:BumperCrop","TheSimpletonMod:SoilSample+1","TheSimpletonMod:OnionBloom","TheSimpletonMod:SpiceUp","TheSimpletonMod:ResearchGrant","TheSimpletonMod:Mulch","TheSimpletonMod:SoilSample","TheSimpletonMod:Biorefinement","TheSimpletonMod:Pruning+1","TheSimpletonMod:SpiceUp","TheSimpletonMod:DoubleBarrel","TheSimpletonMod:Innovate","TheSimpletonMod:CropRotation","TheSimpletonMod:BumperCrop","TheSimpletonMod:Swelter","TheSimpletonMod:SlashAndBurn+1","TheSimpletonMod:ErosionControl","TheSimpletonMod:Mulch+1","TheSimpletonMod:SpiceUp+1","TheSimpletonMod:Squash+1","TheSimpletonMod:SoilSample+1","TheSimpletonMod:StockTheCellar+1","TheSimpletonMod:Squash","TheSimpletonMod:OnionBloom+1","Mayhem","TheSimpletonMod:RootDown+1"],"relics":["TheSimpletonMod:SpudOfTheInnocent","TheSimpletonMod:NightSoil","TheSimpletonMod:TheHarvester","Omamori","conspire:TreasureMap","Oddly Smooth Stone","Garlic","Mango","Replay:Towering Pillar of Hats","Cursed Key","Chameleon Ring","Shovel","Happy Flower","Red Mask","Bag of Preparation","conspire:SpecialSausage","jedi:archwizardhat","Replay:Bandana","The Courier","Replay:Bottled Steam","OrangePellets","Mummified Hand"],"acts_visited":["Exordium","TheCity","TheBeyond"],"potions_floor_usage":[29,33,41,45,50],"damage_taken":[{"damage":0.0,"enemies":"2 Louse","floor":1.0,"turns":3.0},{"damage":1.0,"enemies":"Small Slimes","floor":5.0,"turns":3.0},{"damage":9.0,"enemies":"Replay:BlueRogue","floor":6.0,"turns":10.0},{"damage":0.0,"enemies":"conspire:RoseBush","floor":10.0,"turns":3.0},{"damage":0.0,"enemies":"Exordium Thugs","floor":11.0,"turns":5.0},{"damage":8.0,"enemies":"Lagavulin","floor":13.0,"turns":7.0},{"damage":5.0,"enemies":"Gremlin Gang","floor":14.0,"turns":4.0},{"damage":11.0,"enemies":"The Guardian","floor":16.0,"turns":13.0},{"damage":0.0,"enemies":"Shell Parasite","floor":18.0,"turns":6.0},{"damage":8.0,"enemies":"conspire:FuzzyDice","floor":19.0,"turns":7.0},{"damage":12.0,"enemies":"Snake Plant","floor":20.0,"turns":5.0},{"damage":11.0,"enemies":"Snecko","floor":21.0,"turns":5.0},{"damage":16.0,"enemies":"Sentry and Sphere","floor":22.0,"turns":7.0},{"damage":15.0,"enemies":"Slavers","floor":23.0,"turns":7.0},{"damage":24,"enemies":"Masked Bandits","floor":28,"turns":5},{"damage":22,"enemies":"3 Cultists","floor":29,"turns":6},{"damage":11,"enemies":"Shelled Parasite and Fungi","floor":31,"turns":5},{"damage":58,"enemies":"Champ","floor":33,"turns":12},{"damage":2,"enemies":"Orb Walker","floor":35,"turns":3},{"damage":3,"enemies":"3 Shapes","floor":36,"turns":4},{"damage":1,"enemies":"Spire Growth","floor":37,"turns":6},{"damage":62,"enemies":"conspire:MimicChest","floor":38,"turns":12},{"damage":21,"enemies":"Writhing Mass","floor":41,"turns":10},{"damage":4,"enemies":"4 Shapes","floor":44,"turns":10},{"damage":0,"enemies":"Spire Growth","floor":45,"turns":8},{"damage":3,"enemies":"Transient","floor":48,"turns":5},{"damage":69,"enemies":"Replay:Hell Engine","floor":50,"turns":14}],"seed_played":"5014343045041607464","potions_obtained":[{"floor":5.0,"key":"SpeedPotion"},{"floor":6.0,"key":"Ancient Potion"},{"floor":13.0,"key":"Strength Potion"},{"floor":20.0,"key":"SpeedPotion"},{"floor":28,"key":"Strength Potion"},{"floor":31,"key":"TheSimpletonMod:AbundancePotion"},{"floor":37,"key":"SpeedPotion"},{"floor":48,"key":"SneckoOil"}],"is_trial":false,"path_per_floor":["M","?","?","$","M","E","R","?","T","M","M","$","E","M","R","B",null,"M","M","M","M","M","E","R","?","T","R","?","M","?","M","R","B",null,"M","M","M","?","?","R","M","?","T","M","M","$","R","M","R","B"],"character_chosen":"THE_SIMPLETON","items_purchased":["conspire:TreasureMap","Mango","Replay:Bottled Steam","OrangePellets","Mayhem","Mummified Hand"],"campfire_rested":4,"item_purchase_floors":[4,12,46,46,46,46],"current_hp_per_floor":[75,60,60,60,63,58,58,58,58,62,66,80,76,75,75,68,89,89,85,77,70,58,47,73,82,82,82,62,44,44,37,63,9,89,87,86,89,31,31,31,14,14,14,14,14,14,40,41,67,0,0],"gold":59,"neow_bonus":"RANDOM_COMMON_RELIC","is_daily":false,"chose_seed":false,"campfire_upgraded":1,"win_rate":0.0,"timestamp":1609357964,"path_taken":["M","?","?","$","M","E","R","?","T","?","M","$","E","M","R","BOSS","M","M","?","M","M","E","R","?","T","R","?","M","?","M","R","BOSS","M","M","M","?","?","R","M","?","T","M","M","$","R","M","R","BOSS"],"items_purchased_type":["Relic","Relic","Relic","Relic","Card","Relic"],"build_version":"2020-12-22","purchased_purges":1,"victory":false,"max_hp_per_floor":[75,75,75,75,75,75,75,75,75,75,75,89,89,89,89,89,89,89,89,89,89,89,89,89,89,89,89,89,89,89,89,89,89,89,89,89,89,89,89,89,89,89,89,89,89,89,89,89,89,89,89],"card_choices":[{"not_picked":["TheSimpletonMod:SpiceUp","TheSimpletonMod:PestManagement"],"picked":"TheSimpletonMod:ControlledBurn","floor":1.0},{"not_picked":["TheSimpletonMod:DoubleBarrel","TheSimpletonMod:SeedCoat"],"picked":"TheSimpletonMod:SlashAndBurn","floor":5.0},{"not_picked":["TheSimpletonMod:Thresh","TheSimpletonMod:Mulch"],"picked":"TheSimpletonMod:SoilSample","floor":6.0},{"not_picked":["TheSimpletonMod:SeedCoat","TheSimpletonMod:ToughenUp"],"picked":"TheSimpletonMod:SpiceUp","floor":10.0},{"not_picked":["TheSimpletonMod:SlashAndBurn","TheSimpletonMod:KeenEdge"],"picked":"TheSimpletonMod:ResearchGrant","floor":11.0},{"not_picked":["TheSimpletonMod:SoilSample","TheSimpletonMod:CloseScrape"],"picked":"TheSimpletonMod:Mulch","floor":13.0},{"not_picked":["TheSimpletonMod:Pruning","TheSimpletonMod:CloseScrape"],"picked":"TheSimpletonMod:SoilSample","floor":14.0},{"not_picked":["TheSimpletonMod:DesperatePlunge","TheSimpletonMod:Spinach"],"picked":"TheSimpletonMod:Biorefinement","floor":16.0},{"not_picked":["TheSimpletonMod:Swelter","TheSimpletonMod:SlashAndBurn"],"picked":"TheSimpletonMod:Pruning+1","floor":18.0},{"not_picked":["TheSimpletonMod:OnionBloom","TheSimpletonMod:ToughenUp+1"],"picked":"TheSimpletonMod:SpiceUp","floor":19.0},{"not_picked":["TheSimpletonMod:KeenEdge","TheSimpletonMod:SaladShooter+1","TheSimpletonMod:DigIn"],"picked":"SKIP","floor":20.0},{"not_picked":["TheSimpletonMod:Rototilling","TheSimpletonMod:VineRipen"],"picked":"TheSimpletonMod:DoubleBarrel","floor":21.0},{"not_picked":["TheSimpletonMod:Sunseed","TheSimpletonMod:Swelter+1"],"picked":"TheSimpletonMod:Innovate","floor":22.0},{"not_picked":["TheSimpletonMod:Spinach","TheSimpletonMod:Rake"],"picked":"TheSimpletonMod:CropRotation","floor":23},{"not_picked":["TheSimpletonMod:Squash","TheSimpletonMod:PestManagement"],"picked":"TheSimpletonMod:BumperCrop","floor":28},{"not_picked":["TheSimpletonMod:CloseScrape","TheSimpletonMod:PestManagement"],"picked":"TheSimpletonMod:Swelter","floor":29},{"not_picked":["TheSimpletonMod:Aerate+1","TheSimpletonMod:BumperCrop"],"picked":"TheSimpletonMod:SlashAndBurn+1","floor":31},{"not_picked":["TheSimpletonMod:HitTheSack","TheSimpletonMod:CrackOfDawn"],"picked":"TheSimpletonMod:ErosionControl","floor":33},{"not_picked":["TheSimpletonMod:Rototilling+1","TheSimpletonMod:Pruning"],"picked":"TheSimpletonMod:Mulch+1","floor":35},{"not_picked":["TheSimpletonMod:CropRotation","TheSimpletonMod:ToughenUp"],"picked":"TheSimpletonMod:SpiceUp+1","floor":36},{"not_picked":["TheSimpletonMod:Germinate","TheSimpletonMod:Ferment"],"picked":"TheSimpletonMod:Squash+1","floor":37},{"not_picked":["TheSimpletonMod:ToughenUp","TheSimpletonMod:Mulch"],"picked":"TheSimpletonMod:SoilSample+1","floor":38},{"not_picked":["TheSimpletonMod:DoubleBarrel+1","TheSimpletonMod:Corn"],"picked":"TheSimpletonMod:StockTheCellar+1","floor":41},{"not_picked":["TheSimpletonMod:DoubleBarrel+1","TheSimpletonMod:DesperatePlunge"],"picked":"TheSimpletonMod:Squash","floor":44},{"not_picked":["TheSimpletonMod:Pruning+1","TheSimpletonMod:PestManagement"],"picked":"TheSimpletonMod:OnionBloom+1","floor":45},{"not_picked":["TheSimpletonMod:Fertilaser+1","TheSimpletonMod:SeedCoat+1"],"picked":"TheSimpletonMod:RootDown+1","floor":48}],"player_experience":363892,"relics_obtained":[{"floor":6.0,"key":"Oddly Smooth Stone"},{"floor":9.0,"key":"Garlic"},{"floor":13.0,"key":"Replay:Towering Pillar of Hats"},{"floor":23,"key":"Chameleon Ring"},{"floor":26,"key":"Shovel"},{"floor":27,"key":"Happy Flower"},{"floor":28,"key":"Red Mask"},{"floor":38,"key":"jedi:archwizardhat"},{"floor":40,"key":"Replay:Bandana"},{"floor":43,"key":"The Courier"}],"event_choices":[{"damage_healed":0.0,"max_hp_gain":0.0,"max_hp_loss":0.0,"gold_gain":0.0,"event_name":"Shining Light","player_choice":"Entered Light","floor":2.0,"gold_loss":0.0,"damage_taken":15.0,"cards_upgraded":["TheSimpletonMod:Defend_TheSimpleton","TheSimpletonMod:Defend_TheSimpleton"]},{"damage_healed":0.0,"max_hp_gain":0.0,"max_hp_loss":0.0,"gold_gain":0.0,"cards_transformed":["TheSimpletonMod:Strike_TheSimpleton"],"event_name":"Living Wall","player_choice":"Change","floor":3.0,"gold_loss":0.0,"damage_taken":0.0,"cards_obtained":["TheSimpletonMod:BumperCrop"]},{"damage_healed":0.0,"max_hp_gain":0.0,"max_hp_loss":0.0,"gold_gain":0.0,"event_name":"Match and Keep!","player_choice":"1 cards matched","floor":8.0,"gold_loss":0.0,"damage_taken":0.0,"cards_obtained":["TheSimpletonMod:OnionBloom"]},{"damage_healed":0,"gold_gain":0,"player_choice":"Fought Bandits","damage_taken":0,"max_hp_gain":0,"max_hp_loss":0,"event_name":"Masked Bandits","floor":28,"gold_loss":0},{"cards_removed":["TheSimpletonMod:SlashAndBurn"],"damage_healed":0,"gold_gain":0,"player_choice":"Removed Attack","damage_taken":0,"max_hp_gain":0,"max_hp_loss":0,"event_name":"Falling","floor":39,"gold_loss":0},{"damage_healed":0,"gold_gain":0,"player_choice":"Ignored","damage_taken":0,"max_hp_gain":0,"max_hp_loss":0,"event_name":"NoteForYourself","floor":42,"gold_loss":0}],"is_beta":false,"boss_relics":[{"not_picked":["Velvet Choker","Busted Crown"],"picked":"Cursed Key"},{"not_picked":["aspiration:RitualDagger","jedi:paperlyon"],"picked":"conspire:SpecialSausage"}],"items_purged_floors":[46],"is_endless":false,"potions_floor_spawned":[5,6,13,20,22,28,31,37,38,48],"killed_by":"Replay:Hell Engine","ascension_level":0}}