{"host":"t7mx8yfj1no5p62f","time":1609302687,"event":{"mods":["BaseMod","Colored Map","Colored Powertips","Minty Spire (QoL Compilation)","Relic Stats","StSLib"],"gold_per_floor":[109,109,123,136,147,147,163,189,189,214,214,231,247,282,282,354,354,371,384,62,81,98,98,98],"floor_reached":23,"playtime":1063,"items_purged":["Strike_R"],"score":434,"play_id":"b9e17524-e11a-42af-974e-750f36befdfa","local_time":"20201229233127","is_ascension_mode":true,"campfire_choices":[{"data":"Wild Strike","floor":6,"key":"SMITH"},{"data":"Anger","floor":15,"key":"SMITH"}],"circlet_count":0,"master_deck":["AscendersBane","Strike_R","Strike_R","Strike_R","Strike_R","Defend_R","Defend_R","Defend_R+1","Defend_R+1","Bash","Wild Strike+1","Shockwave","Power Through","Feel No Pain","Evolve","Offering","Anger+1","Power Through","Feed","Impervious","CurseOfTheBell","Pommel Strike+1","Sever Soul+1","Feel No Pain","Battle Trance","True Grit"],"relics":["Burning Blood","Dream Catcher","War Paint","Ancient Tea Set","Bronze Scales","Matryoshka","NlothsMask","Red Skull","Calling Bell","Blood Vial","Molten Egg 2","Charon\u0027s Ashes","DollysMirror"],"acts_visited":["Exordium","TheCity"],"potions_floor_usage":[4,5,8,18,19,22],"damage_taken":[{"damage":9,"enemies":"Small Slimes","floor":1,"turns":4},{"damage":0,"enemies":"2 Louse","floor":3,"turns":2},{"damage":4,"enemies":"Cultist","floor":4,"turns":3},{"damage":3,"enemies":"Gremlin Gang","floor":5,"turns":3},{"damage":2,"enemies":"Red Slaver","floor":7,"turns":4},{"damage":23,"enemies":"Lagavulin","floor":8,"turns":8},{"damage":16,"enemies":"Gremlin Nob","floor":10,"turns":4},{"damage":8,"enemies":"Lots of Slimes","floor":12,"turns":5},{"damage":13,"enemies":"Large Slime","floor":13,"turns":6},{"damage":8,"enemies":"3 Sentries","floor":14,"turns":8},{"damage":28,"enemies":"Hexaghost","floor":16,"turns":8},{"damage":7,"enemies":"Chosen","floor":18,"turns":5},{"damage":15,"enemies":"3 Byrds","floor":19,"turns":3},{"damage":52,"enemies":"Snecko","floor":21,"turns":9},{"damage":7,"enemies":"Snake Plant","floor":22,"turns":4},{"damage":48,"enemies":"Gremlin Leader","floor":23,"turns":7}],"seed_played":"7455901146643132682","potions_obtained":[{"floor":1,"key":"BloodPotion"},{"floor":3,"key":"DuplicationPotion"},{"floor":4,"key":"Explosive Potion"},{"floor":10,"key":"BloodPotion"},{"floor":13,"key":"SmokeBomb"},{"floor":16,"key":"EssenceOfSteel"},{"floor":18,"key":"Block Potion"}],"is_trial":false,"path_per_floor":["M","?","M","M","M","R","M","E","T","E","?","M","M","E","R","B",null,"M","M","$","M","M","E"],"character_chosen":"IRONCLAD","items_purchased":["DollysMirror","Battle Trance"],"campfire_rested":0,"item_purchase_floors":[20,20],"current_hp_per_floor":[65,39,45,62,65,65,69,52,52,42,42,40,33,31,31,9,59,78,69,69,25,26,0,0],"gold":98,"neow_bonus":"RANDOM_COMMON_RELIC","is_daily":false,"chose_seed":false,"campfire_upgraded":2,"win_rate":0.0,"timestamp":1609302687,"path_taken":["M","?","M","M","M","R","M","E","T","E","?","?","M","E","R","BOSS","M","M","$","M","?","E"],"items_purchased_type":["Relic","Card"],"build_version":"2020-12-22","purchased_purges":1,"victory":false,"max_hp_per_floor":[75,75,75,75,75,75,75,75,75,75,75,75,75,75,75,75,75,78,78,78,78,78,78,78],"relic_stats":{"Blood Vial":8,"Dream Catcher":0,"counters":[16,83],"Bronze Scales":[238],"Charon\u0027s Ashes":[79],"War Paint":["Defend_R","Defend_R"],"obtain_stats":[{"Charon\u0027s Ashes":17,"War Paint":2,"Ancient Tea Set":8,"Burning Blood":0,"Calling Bell":17,"Blood Vial":17,"Dream Catcher":0,"Matryoshka":10,"DollysMirror":20,"Bronze Scales":9,"Molten Egg 2":17,"Red Skull":14,"NlothsMask":11},{"Charon\u0027s Ashes":11,"War Paint":1,"Ancient Tea Set":6,"Burning Blood":0,"Calling Bell":11,"Blood Vial":11,"Dream Catcher":0,"Matryoshka":7,"DollysMirror":13,"Bronze Scales":6,"Molten Egg 2":11,"Red Skull":10,"NlothsMask":7},{"Charon\u0027s Ashes":55,"War Paint":4,"Ancient Tea Set":24,"Burning Blood":0,"Calling Bell":55,"Blood Vial":55,"Dream Catcher":0,"Matryoshka":28,"DollysMirror":63,"Bronze Scales":24,"Molten Egg 2":55,"Red Skull":47,"NlothsMask":28}],"Burning Blood":90},"card_choices":[{"not_picked":["Dual Wield","Seeing Red"],"picked":"Wild Strike","floor":1},{"not_picked":["Twin Strike","Perfected Strike"],"picked":"Shockwave","floor":3},{"not_picked":["Warcry","Metallicize"],"picked":"Power Through","floor":4},{"not_picked":["Havoc","Cleave"],"picked":"Feel No Pain","floor":5},{"not_picked":["Bloodletting","Shockwave"],"picked":"Evolve","floor":7},{"not_picked":["Thunderclap","Headbutt"],"picked":"Offering","floor":8},{"not_picked":["Searing Blow","Iron Wave"],"picked":"Anger","floor":10},{"not_picked":["Perfected Strike","Sword Boomerang","Searing Blow"],"picked":"SKIP","floor":12},{"not_picked":["Rage","Evolve"],"picked":"Power Through","floor":13},{"not_picked":["Clash","Carnage"],"picked":"Feed","floor":14},{"not_picked":["Exhume","Double Tap"],"picked":"Impervious","floor":16},{"not_picked":["Twin Strike+1","Havoc"],"picked":"Pommel Strike+1","floor":18},{"not_picked":["Twin Strike+1","Uppercut+1"],"picked":"Sever Soul+1","floor":19},{"not_picked":["Pummel+1","Warcry","Sentinel"],"picked":"SKIP","floor":21},{"not_picked":["Clothesline+1","Metallicize"],"picked":"True Grit","floor":22}],"player_experience":1604262,"relics_obtained":[{"floor":8,"key":"Ancient Tea Set"},{"floor":9,"key":"Bronze Scales"},{"floor":10,"key":"Matryoshka"},{"floor":14,"key":"Red Skull"},{"floor":17,"key":"Blood Vial"},{"floor":17,"key":"Molten Egg 2"},{"floor":17,"key":"Charon\u0027s Ashes"}],"event_choices":[{"damage_healed":0,"gold_gain":0,"player_choice":"Success","damage_taken":26,"relics_obtained":["War Paint"],"max_hp_gain":0,"max_hp_loss":0,"event_name":"Scrap Ooze","floor":2,"gold_loss":0},{"damage_healed":0,"gold_gain":0,"player_choice":"Trade","damage_taken":0,"relics_obtained":["NlothsMask"],"max_hp_gain":0,"max_hp_loss":0,"event_name":"FaceTrader","floor":11,"gold_loss":0}],"is_beta":false,"boss_relics":[{"not_picked":["Pandora\u0027s Box","Snecko Eye"],"picked":"Calling Bell"}],"items_purged_floors":[20],"is_endless":false,"potions_floor_spawned":[1,3,4,10,13,16,18],"killed_by":"Gremlin Leader","ascension_level":20}}