{"host":"d7b3eqpbli5gspou","time":1609357220,"event":{"mods":["2.2 Compatiblity","BaseMod","Colored Map","Colored Powertips","Downfall","Minty Spire (QoL Compilation)","Quick Restart","Random Character Button","Random Character Mod","Relic Sorter","StSLib"],"gold_per_floor":[99,119,135,135,135,85,109,69,79,179,127,77,106,126,145,145,145,145],"floor_reached":16,"playtime":956,"items_purged":[],"score":105,"play_id":"9b2922ae-7a6a-4a07-97df-1a14391f1df0","local_time":"20201230144020","is_ascension_mode":true,"campfire_choices":[{"data":"Slimebound:CorrosiveSpit","floor":1,"key":"SMITH"},{"data":"Slimebound:Grow","floor":6,"key":"SMITH"},{"data":"Slimebound:MegaLick","floor":12,"key":"SMITH"}],"circlet_count":0,"master_deck":["Slimebound:Strike_Slimebound","Slimebound:Strike_Slimebound","Slimebound:Strike_Slimebound","Slimebound:Tackle","Slimebound:Defend_Slimebound","Slimebound:Defend_Slimebound","Slimebound:Defend_Slimebound","Slimebound:Defend_Slimebound","Slimebound:Split","Slimebound:CorrosiveSpit+1","Slimebound:RainOfGoop","Slimebound:Grow+1","Slimebound:SplitAcid","Slimebound:DisruptingSlam","Slimebound:ViciousTackle","Slimebound:MegaLick+1","Slimebound:RainOfGoop","Slimebound:LeadByExample","Slimebound:PressTheAttack","Slimebound:RejuvenatingLick"],"relics":["Slimebound:AbsorbEndCombat","Slimebound:GreedOozeRelic","Shuriken","Toy Ornithopter","Potion Belt"],"acts_visited":["Exordium"],"potions_floor_usage":[16,16,16],"damage_taken":[{"damage":5,"enemies":"Jaw Worm","floor":2,"turns":3},{"damage":9,"enemies":"2 Louse","floor":3,"turns":2},{"damage":6,"enemies":"downfall:FleeingMerchant","floor":8,"turns":4},{"damage":4,"enemies":"Cultist","floor":9,"turns":3},{"damage":18,"enemies":"downfall:FleeingMerchant","floor":11,"turns":4},{"damage":17,"enemies":"Gremlin Nob","floor":13,"turns":3},{"damage":4,"enemies":"Large Slime","floor":14,"turns":3},{"damage":0,"enemies":"Exordium Wildlife","floor":15,"turns":3},{"damage":56,"enemies":"downfall:Defect","floor":16,"turns":5}],"seed_played":"3977327649374346711","potions_obtained":[{"floor":2,"key":"Energy Potion"},{"floor":13,"key":"Ancient Potion"},{"floor":14,"key":"BlessingOfTheForge"},{"floor":15,"key":"Explosive Potion"}],"is_trial":false,"path_per_floor":["R","M","M","?","?","R","T","$","M","?","$","R","E","M","M","B"],"character_chosen":"SLIMEBOUND","items_purchased":["Slimebound:ViciousTackle","Slimebound:RainOfGoop"],"campfire_rested":0,"item_purchase_floors":[8,11],"current_hp_per_floor":[60,60,57,57,45,45,45,43,45,45,39,39,26,28,34,0,0,0],"gold":145,"neow_bonus":"THREE_CARDS","is_daily":false,"chose_seed":false,"campfire_upgraded":3,"win_rate":0.0,"timestamp":1609357220,"path_taken":["R","M","M","?","?","R","T","?","?","?","$","R","E","M","M","BOSS"],"items_purchased_type":["Card","Card"],"build_version":"2020-12-22","purchased_purges":0,"victory":false,"max_hp_per_floor":[60,60,60,60,60,60,60,60,60,60,60,60,60,60,60,60,60,60],"card_choices":[{"not_picked":["Slimebound:PressTheAttack","Slimebound:SplitAcid"],"picked":"Slimebound:RainOfGoop","floor":0},{"not_picked":["Slimebound:FlameTackle","Slimebound:SplitLeeching"],"picked":"Slimebound:Grow","floor":2},{"not_picked":["Slimebound:LeechingTouch","Slimebound:FormOfPuddle"],"picked":"Slimebound:SplitAcid","floor":3},{"not_picked":["Slimebound:SplitAcid","Slimebound:HauntingLick"],"picked":"Slimebound:DisruptingSlam","floor":8},{"not_picked":["Slimebound:Schlurp","Slimebound:SlimeSpikes"],"picked":"Slimebound:MegaLick","floor":9},{"not_picked":["Slimebound:SplitBruiser","Slimebound:RollThrough","Slimebound:Schlurp"],"picked":"SKIP","floor":11},{"not_picked":["Slimebound:LivingWall","Slimebound:ProtectTheBoss"],"picked":"Slimebound:LeadByExample","floor":13},{"not_picked":["Slimebound:FlameTackle","Slimebound:TongueLash"],"picked":"Slimebound:PressTheAttack","floor":14},{"not_picked":["Slimebound:LeechEnergy","Slimebound:SamplingLick"],"picked":"Slimebound:RejuvenatingLick","floor":15}],"player_experience":82511,"relics_obtained":[{"floor":7,"key":"Toy Ornithopter"},{"floor":13,"key":"Potion Belt"}],"event_choices":[{"damage_healed":0,"gold_gain":0,"player_choice":"Success","damage_taken":12,"relics_obtained":["Shuriken"],"max_hp_gain":0,"max_hp_loss":0,"event_name":"Scrap Ooze","floor":5,"gold_loss":0}],"is_beta":false,"boss_relics":[],"items_purged_floors":[],"is_endless":false,"potions_floor_spawned":[2,13,14,15],"killed_by":"downfall:Defect","ascension_level":1}}