{"host":"4jrpzl06hw66hx43","time":1609350381,"event":{"mods":["BaseMod","Bestiary","Colored Map","Colored Powertips","Minty Spire (QoL Compilation)","Quick Restart","Relic Sorter","Relic Stats","Spicy Shops","StSLib","??????REMEMod"],"gold_per_floor":[114,114,289,38,54,54,82,82,82,82,93,113,125,125,125,125,125],"floor_reached":16,"playtime":530,"items_purged":[],"score":100,"play_id":"6fc04d62-a8e3-42d8-8823-cfa95ec5e333","local_time":"20201230094621","is_ascension_mode":false,"campfire_choices":[{"data":"Headbutt","floor":6,"key":"SMITH"},{"data":"Rampage","floor":8,"key":"SMITH"},{"floor":10,"key":"REST"},{"floor":15,"key":"REST"}],"circlet_count":0,"master_deck":["Strike_R","Strike_R","Strike_R","Strike_R","Strike_R","Defend_R","Defend_R","Defend_R","Defend_R","Bash","Cleave","Doubt","Searing Blow","Rampage+1","True Grit","Headbutt+1","Bloodletting","Anger","Bloodletting","Clothesline"],"relics":["Burning Blood","REME_ComplimentaryCards","MealTicket","Ancient Tea Set","Golden Idol"],"acts_visited":["Exordium"],"potions_floor_usage":[7,16],"damage_taken":[{"damage":5,"enemies":"Small Slimes","floor":1,"turns":3},{"damage":9,"enemies":"Jaw Worm","floor":5,"turns":5},{"damage":42,"enemies":"Lagavulin","floor":7,"turns":7},{"damage":3,"enemies":"2 Louse","floor":11,"turns":1},{"damage":17,"enemies":"Blue Slaver","floor":12,"turns":3},{"damage":35,"enemies":"Exordium Wildlife","floor":13,"turns":6},{"damage":52,"enemies":"Slime Boss","floor":16,"turns":5}],"seed_played":"1953997854206423369","potions_obtained":[{"floor":5,"key":"REME_GoldPotion"},{"floor":7,"key":"Dexterity Potion"},{"floor":11,"key":"EssenceOfSteel"},{"floor":12,"key":"Block Potion"}],"is_trial":false,"path_per_floor":["M","?","?","$","M","R","E","R","T","R","M","M","M","?","R","B"],"character_chosen":"IRONCLAD","items_purchased":["Searing Blow","Rampage","True Grit","Fire Potion"],"campfire_rested":2,"item_purchase_floors":[4,4,4,4],"current_hp_per_floor":[88,88,88,88,85,85,49,49,49,75,78,67,38,16,42,0,0],"gold":125,"neow_bonus":"TEN_PERCENT_HP_BONUS","is_daily":false,"chose_seed":false,"campfire_upgraded":2,"win_rate":0.0,"timestamp":1609350381,"path_taken":["M","?","?","$","M","R","E","R","T","R","M","M","M","?","R","BOSS"],"items_purchased_type":["Card","Card","Card","Potion"],"build_version":"2020-12-22","purchased_purges":0,"victory":false,"max_hp_per_floor":[88,88,88,88,88,88,88,88,88,88,88,88,88,88,88,88,88],"relic_stats":{"counters":[7,30],"Golden Idol":0,"MealTicket":0,"obtain_stats":[{"Golden Idol":14,"MealTicket":7,"Ancient Tea Set":9,"Burning Blood":0,"REME_ComplimentaryCards":0},{"Golden Idol":6,"MealTicket":3,"Ancient Tea Set":3,"Burning Blood":0,"REME_ComplimentaryCards":0},{"Golden Idol":25,"MealTicket":15,"Ancient Tea Set":15,"Burning Blood":0,"REME_ComplimentaryCards":0}],"Burning Blood":35},"card_choices":[{"not_picked":["Flex","Hemokinesis"],"picked":"Cleave","floor":1},{"not_picked":["Shrug It Off","Warcry"],"picked":"Headbutt","floor":5},{"not_picked":["Barricade","True Grit"],"picked":"Bloodletting","floor":7},{"not_picked":["Flex","Perfected Strike"],"picked":"Anger","floor":11},{"not_picked":["Warcry","Armaments"],"picked":"Bloodletting","floor":12},{"not_picked":["Flame Barrier","Burning Pact"],"picked":"Clothesline","floor":13}],"player_experience":2712,"relics_obtained":[{"floor":7,"key":"MealTicket"},{"floor":9,"key":"Ancient Tea Set"}],"event_choices":[{"damage_healed":29,"gold_gain":0,"player_choice":"Banana","damage_taken":0,"max_hp_gain":0,"max_hp_loss":0,"event_name":"Big Fish","floor":2,"gold_loss":0},{"damage_healed":0,"gold_gain":175,"player_choice":"AGREE","damage_taken":0,"max_hp_gain":0,"max_hp_loss":0,"event_name":"Liars Game","floor":3,"gold_loss":0,"cards_obtained":["Doubt"]},{"damage_healed":0,"gold_gain":0,"player_choice":"Take Damage","damage_taken":22,"relics_obtained":["Golden Idol"],"max_hp_gain":0,"max_hp_loss":0,"event_name":"Golden Idol","floor":14,"gold_loss":0}],"is_beta":false,"boss_relics":[],"items_purged_floors":[],"is_endless":false,"potions_floor_spawned":[5,7,11,12],"killed_by":"Slime Boss","ascension_level":0}}