{"host":"Yuki","time":1609368387,"event":{"mods":["AchievementEnabler","BaseMod","Block Reminder","Colored Map","Colored Powertips","Googly Eyes","Highlight Path","Minty Spire (QoL Compilation)","Permanent Neow","Quick Restart","Random Character Button","Random Character Mod","Relic Stats","StSLib","The Wild Card","everything is the same but u backflip on backflip","slay the spire mod where everything is the same but ironclad has a cowboy hat"],"gold_per_floor":[117,132,6,17,30,30,64,64,139,139,156,172,447,482,482,580,580,570,54,70,84,99,99,99],"floor_reached":23,"playtime":1402,"items_purged":["theWildCard:BasicStrike","Regret"],"score":308,"play_id":"f6b52606-a3e6-4ed7-ab47-034460bb0b5e","local_time":"20201230164627","is_ascension_mode":true,"campfire_choices":[{"data":"theWildCard:SeveringSlash","floor":6.0,"key":"SMITH"},{"data":"theWildCard:Safeguard","floor":8.0,"key":"SMITH"},{"floor":10.0,"key":"REST"},{"data":"theWildCard:Patience","floor":15.0,"key":"SMITH"}],"circlet_count":0,"master_deck":["theWildCard:BasicStrike","theWildCard:BasicStrike","theWildCard:BasicStrike","theWildCard:BasicDefend","theWildCard:BasicDefend","theWildCard:BasicDefend","theWildCard:BasicDefend","theWildCard:CallToAdventure","theWildCard:Arsene","theWildCard:Thanatos","theWildCard:SeveringSlash+1","theWildCard:MaskChange","theWildCard:Safeguard+1","theWildCard:Patience+1","theWildCard:PaleRider","theWildCard:Thanatos","CurseOfTheBell","theWildCard:PaleRider","theWildCard:Safeguard","theWildCard:ArcaneArts+1","theWildCard:LadyLuck+1","theWildCard:Attunement"],"relics":["theWildCard:VelvetContract","Girya","Matryoshka","PreservedInsect","Calling Bell","Bag of Marbles","StrikeDummy","CaptainsWheel","theWildCard:Evoker"],"acts_visited":["Exordium","TheCity"],"potions_floor_usage":[22],"damage_taken":[{"damage":6.0,"enemies":"Jaw Worm","floor":1.0,"turns":3.0},{"damage":0.0,"enemies":"Cultist","floor":2.0,"turns":3.0},{"damage":2.0,"enemies":"2 Louse","floor":4.0,"turns":2.0},{"damage":15.0,"enemies":"Exordium Wildlife","floor":5.0,"turns":6.0},{"damage":6.0,"enemies":"Lagavulin","floor":7.0,"turns":3.0},{"damage":11.0,"enemies":"3 Louse","floor":11.0,"turns":5.0},{"damage":5.0,"enemies":"Large Slime","floor":12.0,"turns":5.0},{"damage":2.0,"enemies":"Gremlin Nob","floor":14.0,"turns":2.0},{"damage":9.0,"enemies":"Slime Boss","floor":16.0,"turns":5.0},{"damage":24.0,"enemies":"2 Thieves","floor":18.0,"turns":4.0},{"damage":4.0,"enemies":"3 Byrds","floor":20.0,"turns":5.0},{"damage":8,"enemies":"Snake Plant","floor":21,"turns":3},{"damage":6,"enemies":"Centurion and Healer","floor":22,"turns":5},{"damage":24,"enemies":"Chosen and Byrds","floor":23,"turns":7}],"seed_played":"-8017957752203363901","potions_obtained":[{"floor":1.0,"key":"EntropicBrew"},{"floor":5.0,"key":"SpeedPotion"},{"floor":7.0,"key":"Energy Potion"},{"floor":12.0,"key":"SteroidPotion"},{"floor":16.0,"key":"SteroidPotion"}],"is_trial":false,"path_per_floor":["M","M","$","M","M","R","E","R","T","R","M","M","?","E","R","B",null,"M","$","M","M","M","M"],"character_chosen":"THE_WILD_CARD","items_purchased":["theWildCard:MaskChange","theWildCard:Evoker","theWildCard:PaleRider","theWildCard:Safeguard"],"campfire_rested":1,"item_purchase_floors":[3,19,19,19],"current_hp_per_floor":[54,54,54,52,37,37,31,31,31,49,38,33,33,31,31,22,60,36,36,32,24,18,0,0],"gold":99,"neow_bonus":"ONE_RANDOM_RARE_CARD","is_daily":false,"chose_seed":false,"campfire_upgraded":3,"win_rate":0.0,"timestamp":1609368387,"path_taken":["M","M","$","M","M","R","E","R","T","R","M","M","?","E","R","BOSS","M","$","M","M","M","M"],"items_purchased_type":["Card","Relic","Card","Card"],"build_version":"2020-12-18","purchased_purges":2,"victory":false,"max_hp_per_floor":[60,60,60,60,60,60,60,60,60,60,60,60,60,60,60,60,60,60,60,60,60,60,60,60],"relic_stats":{"counters":[14,58],"PreservedInsect":0,"obtain_stats":[{"Calling Bell":17,"theWildCard:VelvetContract":0,"Girya":7,"CaptainsWheel":17,"Matryoshka":9,"PreservedInsect":14,"Bag of Marbles":17,"theWildCard:Evoker":19,"StrikeDummy":17},{"Calling Bell":9,"theWildCard:VelvetContract":0,"Girya":5,"CaptainsWheel":9,"Matryoshka":5,"PreservedInsect":8,"Bag of Marbles":9,"theWildCard:Evoker":10,"StrikeDummy":9},{"Calling Bell":34,"theWildCard:VelvetContract":0,"Girya":17,"CaptainsWheel":34,"Matryoshka":17,"PreservedInsect":29,"Bag of Marbles":34,"theWildCard:Evoker":38,"StrikeDummy":34}]},"card_choices":[{"not_picked":["theWildCard:Impatience","theWildCard:UnderLockAndKey","theWildCard:Patience"],"picked":"SKIP","floor":1.0},{"not_picked":["theWildCard:Scathach","theWildCard:EnergizedStroke"],"picked":"theWildCard:SeveringSlash","floor":2.0},{"not_picked":["theWildCard:StingingStrike","theWildCard:SacrificialStroke","theWildCard:SeveringSlash"],"picked":"SKIP","floor":4.0},{"not_picked":["theWildCard:Proficiency","theWildCard:Sakuya","theWildCard:MaskChange"],"picked":"SKIP","floor":5.0},{"not_picked":["theWildCard:EnergizedStroke","theWildCard:Salvation"],"picked":"theWildCard:Safeguard","floor":7.0},{"not_picked":["theWildCard:SeveringSlash","theWildCard:StalwartBlade","theWildCard:Polydeuces"],"picked":"SKIP","floor":11.0},{"not_picked":["theWildCard:Sakuya","theWildCard:EnergizedStroke"],"picked":"theWildCard:Patience","floor":12.0},{"not_picked":["theWildCard:ArcaneArts","theWildCard:TheArcanaUnleashed"],"picked":"theWildCard:PaleRider","floor":14.0},{"not_picked":["theWildCard:Deicide","theWildCard:Caesar"],"picked":"theWildCard:Thanatos","floor":16.0},{"not_picked":["theWildCard:StalwartBlade","theWildCard:Proficiency","theWildCard:SacrificialStroke"],"picked":"SKIP","floor":18.0},{"not_picked":["theWildCard:Loki","theWildCard:Sakuya"],"picked":"theWildCard:ArcaneArts+1","floor":20},{"not_picked":["theWildCard:ArcaneArts","theWildCard:Odin+1"],"picked":"theWildCard:LadyLuck+1","floor":21},{"not_picked":["theWildCard:MaskChange","theWildCard:FuelForTheFire"],"picked":"theWildCard:Attunement","floor":22}],"player_experience":1234986,"relics_obtained":[{"floor":7.0,"key":"Girya"},{"floor":9.0,"key":"Matryoshka"},{"floor":14.0,"key":"PreservedInsect"},{"floor":17.0,"key":"Bag of Marbles"},{"floor":17.0,"key":"StrikeDummy"},{"floor":17.0,"key":"CaptainsWheel"}],"event_choices":[{"damage_healed":0.0,"max_hp_gain":0.0,"max_hp_loss":0.0,"gold_gain":275.0,"event_name":"Golden Shrine","player_choice":"Desecrate","floor":13.0,"gold_loss":0.0,"damage_taken":0.0,"cards_obtained":["Regret"]}],"is_beta":true,"boss_relics":[{"not_picked":["Black Star","theWildCard:Wildcard"],"picked":"Calling Bell"}],"items_purged_floors":[3,19],"is_endless":false,"potions_floor_spawned":[1,5,7,12,16,21],"killed_by":"Chosen and Byrds","ascension_level":2}}