{"host":"cz3p2o9n3b1gdmkz","time":1609313216,"event":{"mods":["AchievementEnabler","BaseMod","CapriCore","GungeonMod","Hermit","Lobotomy","Minty Spire (QoL Compilation)","Replay The Spire","Shop Mod","StSLib","SuperFastMode","The Cursed","The Dragon Tamer","The Gatherer","The Jungle","The Poker Player","The Runesmith"],"gold_per_floor":[116,116,128,1,14,41,58,58,105,105,135,135,32,59,59,136,136,153,168,184,194,213,213,227,261,285,116,116,6,6,18,18,97,97,114,127,127,127,127,127,72,72,72,85,103,103,119,136,136,136,136],"floor_reached":52,"playtime":2037,"items_purged":["Gatherer:Defend_Gatherer"],"score":1550,"play_id":"1ddd58ef-7652-459e-ae00-fb58f3f34705","local_time":"20201230162656","is_ascension_mode":true,"metric_token":1117,"campfire_choices":[{"data":"Gatherer:FlowerShield+1","floor":8.0,"key":"SMITH"},{"data":"Gatherer:FlowerShield","floor":10.0,"key":"SMITH"},{"data":"Gatherer:FlowerShield+1","floor":12.0,"key":"SMITH"},{"data":"Gatherer:Centralize","floor":15.0,"key":"SMITH"},{"data":"Gatherer:FlowerShield","floor":23.0,"key":"SMITH"},{"data":"Gatherer:FlowerWhip+2","floor":30.0,"key":"SMITH"},{"data":"Gatherer:FlowerBeam","floor":32.0,"key":"SMITH"},{"data":"Gatherer:FlowerBeam+2","floor":40,"key":"SMITH"},{"data":"Gatherer:FlowerBeam+1","floor":42,"key":"SMITH"},{"data":"Gatherer:FlowerBeam+2","floor":46,"key":"SMITH"},{"data":"Gatherer:FlowerPower+1","floor":49,"key":"SMITH"}],"circlet_count":0,"master_deck":["AscendersBane","Gatherer:Strike_Gatherer","Gatherer:Strike_Gatherer","Gatherer:Strike_Gatherer","Gatherer:Strike_Gatherer","Gatherer:Strike_Gatherer","Gatherer:Defend_Gatherer","Gatherer:Defend_Gatherer","Gatherer:Defend_Gatherer","Gatherer:Defend_Gatherer","Gatherer:Centralize+1","Gatherer:FlowerWhip+3","Gatherer:FlowerShield+3","Gatherer:Nutrients+1","Gatherer:FlowerFalling+1","Gatherer:FlowerShield+3","Gatherer:FlowerShield+2","Gatherer:FlowerPower+2","Gatherer:FlowerBeam+3","Gatherer:MindSearch+1","Gatherer:MindSearch+1","Gatherer:SpareBottle+1","Gatherer:Overflowing+1","Violence+1","Gatherer:FlowerBeam+3"],"relics":["DemoMod:RiddleOfLead","Blue Doll","DemoMod:PoisonVial","Onion Ring","InkBottle","DemoMod:GlassGuonStoneRelic","StrikeDummy","Simple Rune","DemoMod:MeatBun","Coffee Dripper","Mark of the Bloom","DemoMod:ResourcefulSack"],"acts_visited":["Exordium","TheCity","TheBeyond"],"potions_floor_usage":[50,50],"damage_taken":[{"damage":0.0,"enemies":"Jaw Worm","floor":1.0,"turns":3.0},{"damage":0.0,"enemies":"Cultist","floor":3.0,"turns":4.0},{"damage":0.0,"enemies":"2 Louse","floor":5.0,"turns":2.0},{"damage":0.0,"enemies":"3 Sentries","floor":6.0,"turns":10.0},{"damage":0.0,"enemies":"Large Slime","floor":7.0,"turns":5.0},{"damage":25.0,"enemies":"Lagavulin","floor":11.0,"turns":8.0},{"damage":20.0,"enemies":"Gremlin Nob","floor":14.0,"turns":4.0},{"damage":3.0,"enemies":"Slime Boss","floor":16.0,"turns":10.0},{"damage":0.0,"enemies":"Spheric Guardian","floor":18.0,"turns":1.0},{"damage":17.0,"enemies":"Chosen","floor":19.0,"turns":6.0},{"damage":0.0,"enemies":"Centurion and Healer","floor":20.0,"turns":7.0},{"damage":6.0,"enemies":"Sentry and Sphere","floor":21.0,"turns":8.0},{"damage":10.0,"enemies":"Snake Plant","floor":22.0,"turns":4.0},{"damage":20.0,"enemies":"Shelled Parasite and Fungi","floor":24.0,"turns":8.0},{"damage":8.0,"enemies":"Slavers","floor":25.0,"turns":5.0},{"damage":0.0,"enemies":"Centurion and Healer","floor":31.0,"turns":3.0},{"damage":0.0,"enemies":"Collector","floor":33.0,"turns":11.0},{"damage":0.0,"enemies":"Orb Walker","floor":35.0,"turns":1.0},{"damage":0.0,"enemies":"3 Darklings","floor":36.0,"turns":4.0},{"damage":0,"enemies":"Jaw Worm Horde","floor":44,"turns":2},{"damage":0,"enemies":"Spire Growth","floor":45,"turns":2},{"damage":0,"enemies":"4 Shapes","floor":47,"turns":2},{"damage":0,"enemies":"Sphere and 2 Shapes","floor":48,"turns":2},{"damage":0,"enemies":"Awakened One","floor":50,"turns":6}],"seed_played":"-2491324125701293549","potions_obtained":[{"floor":1.0,"key":"Block Potion"},{"floor":7.0,"key":"LiquidMemories"},{"floor":14.0,"key":"DemoMod:LeadSkinPotion"},{"floor":20.0,"key":"BloodPotion"},{"floor":22.0,"key":"Languid Potion"},{"floor":24.0,"key":"Toxic Potion"},{"floor":31.0,"key":"Block Potion"},{"floor":35.0,"key":"Explosive Potion"},{"floor":39,"key":"EntropicBrew"}],"is_trial":false,"path_per_floor":["M","?","M","$","M","E","M","R","T","R","E","R","$","E","R","B",null,"M","M","M","M","M","R","M","E","T","$","?","$","R","M","R","B",null,"M","M","?","?","?","R","$","R","T","M","M","R","M","M","R","B",null,null],"character_chosen":"THE_GATHERER","items_purchased":["Gatherer:FlowerShield","Gatherer:Nutrients","Gatherer:FlowerPower","DemoMod:MeatBun","GhostInAJar","Gatherer:FlowerBeam+1"],"campfire_rested":0,"item_purchase_floors":[4,4,13,27,29,41],"current_hp_per_floor":[77,77,77,77,77,77,77,77,77,77,52,52,52,32,32,29,65,65,48,48,42,32,32,27,19,19,33,33,33,33,33,33,33,66,66,66,66,66,66,66,66,66,66,66,66,66,66,66,66,66,66],"gold":136,"neow_bonus":"BOSS_RELIC","is_daily":false,"chose_seed":false,"campfire_upgraded":11,"win_rate":0.0,"timestamp":1609313216,"path_taken":["M","?","?","$","M","E","M","R","T","R","E","R","?","E","R","BOSS","M","M","?","M","M","R","M","E","T","$","?","$","R","M","R","BOSS","M","?","?","?","?","R","$","R","T","M","?","R","M","M","R","BOSS"],"items_purchased_type":["Card","Card","Card","Relic","Potion","Card"],"build_version":"2020-12-22","purchased_purges":1,"victory":true,"max_hp_per_floor":[77,77,77,77,77,77,77,77,77,77,77,77,77,77,77,77,77,77,77,77,77,77,77,77,77,77,77,77,77,77,77,77,77,77,77,77,77,77,77,77,77,77,77,77,77,77,77,77,77,77,77],"card_choices":[{"not_picked":["Gatherer:TacticalStrike","Gatherer:FeelingFine","Gatherer:GatherMaterial"],"picked":"SKIP","floor":1.0},{"not_picked":["Gatherer:EnergyBasket","Gatherer:RottenStipe","Gatherer:Herbalism"],"picked":"SKIP","floor":3.0},{"not_picked":["Gatherer:AromaProtection","Gatherer:ScherryThrow"],"picked":"Gatherer:FlowerFalling","floor":5.0},{"not_picked":["Gatherer:CollectorsShot","Gatherer:MiningStrike"],"picked":"Gatherer:FlowerShield","floor":6.0},{"not_picked":["Gatherer:EchoOfNature","Gatherer:Herbalism","Gatherer:AcidicSpray"],"picked":"SKIP","floor":7.0},{"not_picked":["Gatherer:HeartToFruit","Gatherer:GlowingPlant"],"picked":"Gatherer:FlowerShield","floor":11.0},{"not_picked":["Gatherer:QuickSynthesis","Gatherer:PoisonMastery"],"picked":"Gatherer:FlowerBeam","floor":14.0},{"not_picked":["Gatherer:Examine","Gatherer:BomberForm"],"picked":"Gatherer:MindSearch","floor":16.0},{"not_picked":["Gatherer:VenomBarrier","Gatherer:Frenzy","Gatherer:FlowerShield"],"picked":"SKIP","floor":18.0},{"not_picked":["Gatherer:GatherMaterial","Gatherer:ScrollOfWall"],"picked":"Gatherer:MindSearch","floor":19.0},{"not_picked":["Gatherer:Snatch","Gatherer:GlowingPlant","Gatherer:Convert"],"picked":"SKIP","floor":20.0},{"not_picked":["Gatherer:DrugPower","Gatherer:SealedBomb","Gatherer:BambuSword+1"],"picked":"SKIP","floor":21.0},{"not_picked":["Gatherer:ScherryThrow","Gatherer:SaveValuables","Gatherer:HeartToFruit"],"picked":"SKIP","floor":22.0},{"not_picked":["Gatherer:Frenzy+1","Gatherer:Liquidism","Gatherer:EnergyBasket"],"picked":"SKIP","floor":24.0},{"not_picked":["Gatherer:FlowerBeam","Gatherer:Uplift"],"picked":"Gatherer:BlackTea","floor":25.0},{"not_picked":["Gatherer:WoolGloves","Gatherer:ScentOfRosmari","Gatherer:Duality"],"picked":"SKIP","floor":31.0},{"not_picked":["Gatherer:BomberForm","Gatherer:ScrollOfPurity"],"picked":"Gatherer:Overflowing","floor":33.0},{"not_picked":["Gatherer:BalancedGrowth","Gatherer:ScherryThrow","Gatherer:WoolGloves"],"picked":"SKIP","floor":35.0},{"not_picked":["Gatherer:EnergyBasket","Gatherer:FragileHammer","Gatherer:AromaProtection"],"picked":"SKIP","floor":36.0},{"not_picked":["ReplayUltimateDefense","Discovery"],"picked":"Violence","floor":37.0},{"not_picked":["Gatherer:DrugPower+1","Gatherer:Herbalism+1","Gatherer:GatherMaterial+1"],"picked":"SKIP","floor":44},{"not_picked":["Gatherer:GatherMaterial","Gatherer:Frenzy","Gatherer:Snatch+1"],"picked":"SKIP","floor":45},{"not_picked":["Gatherer:VenomBarrier","Gatherer:ScherryThrow","Gatherer:AromaProtection"],"picked":"SKIP","floor":47},{"not_picked":["Gatherer:AromaProtection+1","Gatherer:WitheringStrike","Gatherer:ScherryThrow+1"],"picked":"SKIP","floor":48}],"player_experience":1060797,"relics_obtained":[{"floor":6.0,"key":"Blue Doll"},{"floor":9.0,"key":"DemoMod:PoisonVial"},{"floor":11.0,"key":"Onion Ring"},{"floor":14.0,"key":"InkBottle"},{"floor":25.0,"key":"StrikeDummy"},{"floor":26.0,"key":"Simple Rune"},{"floor":43,"key":"DemoMod:ResourcefulSack"}],"event_choices":[{"damage_healed":0.0,"max_hp_gain":0.0,"max_hp_loss":0.0,"gold_gain":0.0,"event_name":"Accursed Blacksmith","player_choice":"Forge","floor":2.0,"gold_loss":0.0,"damage_taken":0.0,"cards_upgraded":["Gatherer:FlowerWhip"]},{"cards_removed":["Gatherer:BlackTea"],"damage_healed":0.0,"max_hp_gain":0.0,"max_hp_loss":0.0,"gold_gain":0.0,"event_name":"Gatherer:BottleCollector","player_choice":"Got a Spare Bottle","floor":28.0,"gold_loss":0.0,"damage_taken":0.0,"cards_obtained":["Gatherer:SpareBottle"]},{"damage_healed":0.0,"max_hp_gain":0.0,"max_hp_loss":0.0,"gold_gain":0.0,"event_name":"SensoryStone","player_choice":"Memory 1","floor":37.0,"gold_loss":0.0,"damage_taken":0.0},{"damage_healed":0,"gold_gain":0,"player_choice":"Upgrade","damage_taken":0,"relics_obtained":["Mark of the Bloom"],"max_hp_gain":0,"max_hp_loss":0,"event_name":"MindBloom","floor":38,"gold_loss":0,"cards_upgraded":["Gatherer:Strike_Gatherer","Gatherer:Strike_Gatherer","Gatherer:Strike_Gatherer","Gatherer:Strike_Gatherer","Gatherer:Strike_Gatherer","Gatherer:Defend_Gatherer","Gatherer:Defend_Gatherer","Gatherer:Defend_Gatherer","Gatherer:Defend_Gatherer","Gatherer:FlowerShield","Gatherer:Nutrients","Gatherer:FlowerFalling","Gatherer:FlowerShield","Gatherer:FlowerShield","Gatherer:FlowerPower","Gatherer:FlowerBeam","Gatherer:MindSearch","Gatherer:MindSearch","Gatherer:SpareBottle","Gatherer:Overflowing","Violence"]},{"damage_healed":0,"gold_gain":0,"player_choice":"Got Potions","damage_taken":0,"max_hp_gain":0,"max_hp_loss":0,"event_name":"Lab","floor":39,"gold_loss":0}],"is_beta":false,"boss_relics":[{"not_picked":["Kintsugi","Replay:Fungal Core","Snecko Eye"]},{"not_picked":["Ring of Chaos","ReplayTheSpireMod:DimensionalGlitch"],"picked":"Coffee Dripper"}],"items_purged_floors":[13],"is_endless":false,"potions_floor_spawned":[1,7,14,20,22,24,31,35,45,47,48],"ascension_level":19}}