{"host":"y3iy5gb13b300rns","time":1609320768,"event":{"mods":["BaseMod","Bestiary","Curses Come First","Minty Spire (QoL Compilation)","Replay The Spire","StSLib","The Runesmith"],"gold_per_floor":[112,112,42,67,67,108,108,133,133,133,147,147,9,48,48,177,177,191,43,81,81,100,100,141,69,69,69,85,85,85,85],"floor_reached":30,"playtime":1394,"items_purged":[],"score":291,"play_id":"a10966a9-9de0-4926-af68-f1f4bf217c0b","local_time":"20201230033248","is_ascension_mode":true,"campfire_choices":[{"data":"Eruption","floor":10,"key":"SMITH"},{"floor":12,"key":"REST"},{"data":"Searing Blow","floor":15,"key":"SMITH"},{"floor":23,"key":"REST"},{"data":"Ragnarok","floor":27,"key":"SMITH"},{"floor":29,"key":"REST"}],"circlet_count":0,"master_deck":["Strike_R","Strike_R","Strike_R","Strike_R","Strike_R","Defend_R","Defend_R","Defend_R","Defend_R","Clash","Injury","Inflame","Searing Blow+1","Battle Trance","Eruption+1","BowlingBash","CrushJoints","Bludgeon","ReplayTheSpireMod:Muscle Training","Ragnarok+1","Cleave","Run Through","Corruption+1","Pommel Strike+1","Fire Breathing+1","Shame","Carnage"],"relics":["NeowsBlessing","Golden Idol","Frozen Egg 2","Replay:M_SmolderingBlood","Odd Mushroom","Cursed Key","Oddly Smooth Stone","Red Mask","Nloth\u0027s Gift","Boot","Kunai"],"acts_visited":["Exordium","TheCity"],"potions_floor_usage":[8,16,28,30],"damage_taken":[{"damage":0,"enemies":"Jaw Worm","floor":1,"turns":1},{"damage":0,"enemies":"Small Slimes","floor":4,"turns":1},{"damage":0,"enemies":"Lagavulin","floor":6,"turns":1},{"damage":26,"enemies":"The Mushroom Lair","floor":8,"turns":5},{"damage":6,"enemies":"2 Louse","floor":11,"turns":2},{"damage":6,"enemies":"Gremlin Nob","floor":14,"turns":3},{"damage":38,"enemies":"Slime Boss","floor":16,"turns":8},{"damage":1,"enemies":"3 Byrds","floor":18,"turns":4},{"damage":20,"enemies":"Masked Bandits","floor":20,"turns":3},{"damage":6,"enemies":"Chosen","floor":22,"turns":3},{"damage":19,"enemies":"Gremlin Leader","floor":24,"turns":3},{"damage":19,"enemies":"Sentry and Sphere","floor":28,"turns":4},{"damage":64,"enemies":"Book of Stabbing","floor":30,"turns":4}],"seed_played":"-1737625165504486434","potions_obtained":[{"floor":4,"key":"BlessingOfTheForge"},{"floor":11,"key":"Toxic Potion"},{"floor":16,"key":"SpeedPotion"},{"floor":24,"key":"Adrenaline Potion"},{"floor":28,"key":"Elixir"}],"is_trial":false,"path_per_floor":["M","?","$","M","$","E","?","?","T","R","M","R","$","E","R","B",null,"M","$","?","?","M","R","E","$","T","R","M","R","E"],"character_chosen":"IRONCLAD","items_purchased":["Inflame","Bludgeon","Oddly Smooth Stone","Fire Breathing+1"],"campfire_rested":3,"item_purchase_floors":[3,13,19,25],"current_hp_per_floor":[80,80,80,80,80,80,80,54,54,54,48,72,72,66,66,28,80,79,79,59,59,53,77,58,58,58,58,39,63,0,0],"gold":85,"neow_bonus":"THREE_ENEMY_KILL","is_daily":false,"chose_seed":false,"campfire_upgraded":3,"win_rate":0.0,"timestamp":1609320768,"path_taken":["M","?","$","M","$","E","?","?","T","R","?","R","?","E","R","BOSS","M","$","?","?","?","R","E","$","T","R","M","R","E"],"items_purchased_type":["Card","Card","Relic","Card"],"build_version":"2020-12-22","purchased_purges":0,"victory":false,"max_hp_per_floor":[80,80,80,80,80,80,80,80,80,80,80,80,80,80,80,80,80,80,80,80,80,80,80,80,80,80,80,80,80,80,80],"card_choices":[{"not_picked":["Evolve","Wild Strike"],"picked":"Clash","floor":1},{"not_picked":["Uppercut","Clothesline"],"picked":"Searing Blow","floor":4},{"not_picked":["Shrug It Off","Body Slam"],"picked":"Battle Trance","floor":6},{"not_picked":["WreathOfFlame","Wild Strike"],"picked":"BowlingBash","floor":8},{"not_picked":["Iron Wave","Hemokinesis"],"picked":"CrushJoints","floor":11},{"not_picked":["ReplayTheSpireMod:LeadingStrike","FlyingSleeves"],"picked":"ReplayTheSpireMod:Muscle Training","floor":14},{"not_picked":["Demonic Infusion","Hemogenesis"],"picked":"Ragnarok","floor":16},{"not_picked":["Wild Strike","Bloodletting"],"picked":"Cleave","floor":18},{"not_picked":["Clothesline","True Grit+1"],"picked":"Run Through","floor":20},{"not_picked":["Carnage","Blood for Blood"],"picked":"Corruption+1","floor":22},{"not_picked":["ReplayTheSpireMod:Stacked","Abandon"],"picked":"Pommel Strike+1","floor":24},{"not_picked":["Flex","Iron Wave"],"picked":"Carnage","floor":28}],"player_experience":384260,"relics_obtained":[{"floor":6,"key":"Frozen Egg 2"},{"floor":8,"key":"Odd Mushroom"},{"floor":14,"key":"Bag of Preparation"},{"floor":20,"key":"Red Mask"},{"floor":24,"key":"Boot"},{"floor":26,"key":"Kunai"}],"event_choices":[{"damage_healed":0,"gold_gain":0,"player_choice":"Take Wound","damage_taken":0,"relics_obtained":["Golden Idol"],"max_hp_gain":0,"max_hp_loss":0,"event_name":"Golden Idol","floor":2,"gold_loss":0,"cards_obtained":["Injury"]},{"damage_healed":0,"gold_gain":0,"player_choice":"Fought Mushrooms","damage_taken":0,"max_hp_gain":0,"max_hp_loss":0,"event_name":"Mushrooms","floor":8,"gold_loss":0},{"damage_healed":0,"gold_gain":0,"player_choice":"Fought Bandits","damage_taken":0,"max_hp_gain":0,"max_hp_loss":0,"event_name":"Masked Bandits","floor":20,"gold_loss":0},{"damage_healed":0,"gold_gain":0,"player_choice":"Traded Relic","damage_taken":0,"relics_obtained":["Nloth\u0027s Gift"],"max_hp_gain":0,"max_hp_loss":0,"event_name":"N\u0027loth","floor":21,"relics_lost":["Bag of Preparation"],"gold_loss":0}],"is_beta":false,"boss_relics":[{"not_picked":["Snecko Eye","Replay:Ancient Bell"],"picked":"Cursed Key"}],"items_purged_floors":[],"is_endless":false,"potions_floor_spawned":[4,11,16,24,28],"killed_by":"Book of Stabbing","ascension_level":1}}