{"host":"873t0y8ybyo38pfq","time":1609363971,"event":{"mods":["BaseMod","Bestiary","Colored Map","Colored Powertips","Highlight Path","Minty Spire (QoL Compilation)","Quick Restart","RNG Fix","Rare Cards Sparkle","Relic Stats","StSLib"],"gold_per_floor":[115,126,126,142,155,155,190,190,190,265,230,230,260,17,17,115,115,128,403,416,416,436,462,462,462,462],"floor_reached":25,"playtime":1707,"items_purged":[],"score":275,"play_id":"10dd593d-8db9-4ab5-9cd9-c9f8302c0644","local_time":"20201230163251","is_ascension_mode":true,"campfire_choices":[{"data":"Consume","floor":6,"key":"SMITH"},{"floor":12,"key":"REST"},{"data":"Mayhem","floor":15,"key":"SMITH"},{"floor":24,"key":"REST"}],"circlet_count":0,"master_deck":["Strike_B","Strike_B","Strike_B","Defend_B","Defend_B","Defend_B","Defend_B","Zap","Dualcast","Consume+1","Redo","Darkness","Coolheaded","Core Surge","White Noise","Ball Lightning","Mayhem+1","Biased Cognition","Regret","Leap","Sweeping Beam+1","Hologram+1"],"relics":["Cracked Core","NeowsBlessing","Akabeko","Pen Nib","Centennial Puzzle","Membership Card","Inserter","Shuriken"],"acts_visited":["Exordium","TheCity"],"potions_floor_usage":[7,16,22],"damage_taken":[{"damage":0,"enemies":"Small Slimes","floor":1,"turns":1},{"damage":0,"enemies":"Jaw Worm","floor":2,"turns":1},{"damage":0,"enemies":"2 Louse","floor":4,"turns":1},{"damage":20,"enemies":"Exordium Wildlife","floor":5,"turns":3},{"damage":52,"enemies":"Gremlin Nob","floor":7,"turns":5},{"damage":20,"enemies":"3 Sentries","floor":13,"turns":18},{"damage":21,"enemies":"The Guardian","floor":16,"turns":9},{"damage":12,"enemies":"Chosen","floor":18,"turns":3},{"damage":41,"enemies":"2 Thieves","floor":20,"turns":4},{"damage":3,"enemies":"3 Cultists","floor":22,"turns":5},{"damage":30,"enemies":"Gremlin Leader","floor":23,"turns":4},{"damage":39,"enemies":"Sentry and Sphere","floor":25,"turns":4}],"seed_played":"-3336834518785128558","potions_obtained":[{"floor":1,"key":"FairyPotion"},{"floor":4,"key":"LiquidMemories"},{"floor":5,"key":"SkillPotion"},{"floor":7,"key":"LiquidBronze"},{"floor":23,"key":"SkillPotion"}],"is_trial":false,"path_per_floor":["M","M","?","M","M","R","E","?","T","?","?","R","E","$","R","B",null,"M","?","M","?","M","E","R","M"],"character_chosen":"DEFECT","items_purchased":["Membership Card","Ball Lightning","Mayhem"],"campfire_rested":2,"item_purchase_floors":[14,14,14],"current_hp_per_floor":[75,75,75,75,55,55,3,28,28,17,35,57,37,37,37,16,75,63,63,22,22,19,17,39,0,0],"gold":462,"neow_bonus":"THREE_ENEMY_KILL","is_daily":false,"chose_seed":false,"campfire_upgraded":2,"win_rate":0.0,"timestamp":1609363971,"path_taken":["M","M","?","?","M","R","E","?","T","?","?","R","E","$","R","BOSS","M","?","M","?","M","E","R","?"],"items_purchased_type":["Relic","Card","Card"],"build_version":"2020-12-22","purchased_purges":0,"victory":false,"max_hp_per_floor":[75,75,75,75,75,75,75,75,75,75,75,75,75,75,75,75,75,75,75,75,75,75,75,75,75,75],"relic_stats":{"Centennial Puzzle":[18],"Inserter":[10],"counters":[12,58],"Shuriken":[0],"Pen Nib":[4],"obtain_stats":[{"Centennial Puzzle":13,"Inserter":17,"NeowsBlessing":0,"Shuriken":23,"Pen Nib":9,"Membership Card":14,"Cracked Core":0,"Akabeko":7},{"Centennial Puzzle":6,"Inserter":7,"NeowsBlessing":0,"Shuriken":11,"Pen Nib":5,"Membership Card":6,"Cracked Core":0,"Akabeko":5},{"Centennial Puzzle":29,"Inserter":38,"NeowsBlessing":0,"Shuriken":54,"Pen Nib":11,"Membership Card":29,"Cracked Core":0,"Akabeko":11}]},"card_choices":[{"not_picked":["Conserve Battery","Glacier"],"picked":"Consume","floor":1},{"not_picked":["Stack","Barrage"],"picked":"Redo","floor":2},{"not_picked":["Beam Cell","Compile Driver"],"picked":"Darkness","floor":4},{"not_picked":["Steam","Fusion"],"picked":"Coolheaded","floor":5},{"not_picked":["Lockon","Storm"],"picked":"Core Surge","floor":7},{"not_picked":["Gash","Storm"],"picked":"White Noise","floor":13},{"not_picked":["Fission","Thunder Strike"],"picked":"Biased Cognition","floor":16},{"not_picked":["Compile Driver","Sunder","Redo"],"picked":"SKIP","floor":18},{"not_picked":["Self Repair","Barrage"],"picked":"Leap","floor":20},{"not_picked":["Rebound","Stack"],"picked":"Sweeping Beam+1","floor":22},{"not_picked":["Coolheaded","Barrage+1"],"picked":"Hologram+1","floor":23}],"player_experience":1431748,"relics_obtained":[{"floor":7,"key":"Akabeko"},{"floor":9,"key":"Pen Nib"},{"floor":13,"key":"Centennial Puzzle"},{"floor":23,"key":"Shuriken"}],"event_choices":[{"cards_removed":["Strike_B"],"damage_healed":0,"gold_gain":0,"player_choice":"Purged","damage_taken":0,"max_hp_gain":0,"max_hp_loss":0,"event_name":"Purifier","floor":3,"gold_loss":0},{"damage_healed":25,"gold_gain":0,"player_choice":"Banana","damage_taken":0,"max_hp_gain":0,"max_hp_loss":0,"event_name":"Big Fish","floor":8,"gold_loss":0},{"damage_healed":0,"gold_gain":75,"player_choice":"Gather Gold","damage_taken":11,"max_hp_gain":0,"max_hp_loss":0,"event_name":"World of Goop","floor":10,"gold_loss":0},{"damage_healed":18,"gold_gain":0,"player_choice":"Healed","damage_taken":0,"max_hp_gain":0,"max_hp_loss":0,"event_name":"The Cleric","floor":11,"gold_loss":35},{"damage_healed":0,"gold_gain":275,"player_choice":"Desecrate","damage_taken":0,"max_hp_gain":0,"max_hp_loss":0,"event_name":"Golden Shrine","floor":19,"gold_loss":0,"cards_obtained":["Regret"]},{"damage_healed":0,"gold_gain":0,"player_choice":"Ignored","damage_taken":0,"max_hp_gain":0,"max_hp_loss":0,"event_name":"Cursed Tome","floor":21,"gold_loss":0}],"is_beta":false,"boss_relics":[{"not_picked":["Philosopher\u0027s Stone","Fusion Hammer"],"picked":"Inserter"}],"items_purged_floors":[],"is_endless":false,"potions_floor_spawned":[1,4,5,7,23],"killed_by":"Sentry and Sphere","ascension_level":4}}