{"host":"vpxex9ryma3s0oll","time":1609357401,"event":{"mods":["AchievementEnabler","BaseMod","Bestiary","Minty Spire (QoL Compilation)","Quick Restart","Shop Mod","StSLib"],"gold_per_floor":[116,134,59,75,86,117,117,135,135,135,135],"floor_reached":10,"playtime":508,"items_purged":["Strike_P"],"score":74,"play_id":"67c74f9e-14c9-4199-86c8-b25bbfe05d2c","local_time":"20201230144321","is_ascension_mode":true,"campfire_choices":[{"floor":7,"key":"REST"}],"circlet_count":0,"master_deck":["Strike_P","Strike_P","Strike_P","Defend_P","Defend_P","Defend_P","Defend_P","Eruption","Vigilance","EmptyMind","Nirvana","Consecrate","Crescendo","CarveReality"],"relics":["Sozu","Thread and Needle","Mummified Hand"],"acts_visited":["Exordium"],"potions_floor_usage":[],"damage_taken":[{"damage":1.0,"enemies":"Jaw Worm","floor":1.0,"turns":4.0},{"damage":0.0,"enemies":"2 Louse","floor":2.0,"turns":2.0},{"damage":0.0,"enemies":"Small Slimes","floor":4.0,"turns":3.0},{"damage":6.0,"enemies":"Exordium Wildlife","floor":5.0,"turns":5.0},{"damage":56,"enemies":"Lagavulin","floor":6,"turns":8},{"damage":12,"enemies":"Red Slaver","floor":8,"turns":3},{"damage":7,"enemies":"3 Sentries","floor":10,"turns":3}],"seed_played":"7727952578076367307","potions_obtained":[],"is_trial":false,"path_per_floor":["M","M","$","M","M","E","R","M","T","E"],"character_chosen":"WATCHER","items_purchased":[],"campfire_rested":1,"item_purchase_floors":[],"current_hp_per_floor":[71,71,71,71,65,9,30,18,18,11,11],"gold":135,"neow_bonus":"BOSS_RELIC","is_daily":false,"chose_seed":false,"campfire_upgraded":0,"win_rate":0.0,"timestamp":1609357401,"path_taken":["M","M","$","M","M","E","R","M","T","E"],"items_purchased_type":[],"build_version":"2020-12-22","purchased_purges":1,"victory":false,"max_hp_per_floor":[72,72,72,72,72,72,72,72,72,72,72],"card_choices":[{"not_picked":["ForeignInfluence","Prostrate"],"picked":"EmptyMind","floor":1.0},{"not_picked":["JustLucky","PathToVictory","FollowUp"],"picked":"SKIP","floor":2.0},{"not_picked":["EmptyFist","Pray"],"picked":"Nirvana","floor":4.0},{"not_picked":["Halt","FlyingSleeves"],"picked":"Consecrate","floor":5.0},{"not_picked":["Scrawl","InnerPeace"],"picked":"Crescendo","floor":6},{"not_picked":["Consecrate","FlurryOfBlows"],"picked":"CarveReality","floor":8}],"player_experience":57922,"relics_obtained":[{"floor":6,"key":"Thread and Needle"},{"floor":9,"key":"Mummified Hand"}],"event_choices":[],"is_beta":false,"boss_relics":[],"items_purged_floors":[3],"is_endless":false,"potions_floor_spawned":[1,4,8],"killed_by":"3 Sentries","ascension_level":1}}