{"host":"qxeepl7ydvsgmfdb","time":1609307745,"event":{"mods":["AchievementEnabler","BaseMod","Colored Powertips","Minty Spire (QoL Compilation)","Quick Restart","slay the spire mod where everything is the same but ironclad has a cowboy hat"],"gold_per_floor":[110,110,110,84,259,259,272,272,297,297,18,44,64,82,82,183,183,200,229,229,198,78,78,78,78,146,146,163,182,282,282,282,282,282],"floor_reached":33,"playtime":1135,"items_purged":["Doubt"],"score":279,"play_id":"074acfe4-4614-4c7c-ba96-f457c988b5b0","local_time":"20201230005545","is_ascension_mode":true,"campfire_choices":[{"data":"Inflame","floor":6.0,"key":"SMITH"},{"data":"Wild Strike","floor":8.0,"key":"SMITH"},{"data":"Armaments","floor":10.0,"key":"SMITH"},{"data":"Perfected Strike","floor":15.0,"key":"SMITH"},{"floor":23,"key":"REST"},{"floor":25,"key":"REST"},{"floor":32,"key":"REST"}],"circlet_count":0,"master_deck":["Strike_R+1","Strike_R+1","Strike_R+1","Strike_R+1","Strike_R+1","Defend_R+1","Defend_R+1","Defend_R+1","Defend_R+1","Bash+1","Inflame+1","Wild Strike+1","Armaments+1","Thunderclap","Perfected Strike+1","Offering","CurseOfTheBell","Iron Wave+1","Flex","Flex","Feed","Heavy Blade"],"relics":["Burning Blood","NeowsBlessing","Oddly Smooth Stone","War Paint","PreservedInsect","Boot","Calling Bell","Toy Ornithopter","Shuriken","Mango","Red Mask","Ornamental Fan","Unceasing Top","Molten Egg 2"],"acts_visited":["Exordium","TheCity"],"potions_floor_usage":[16,30,30,33],"damage_taken":[{"damage":0.0,"enemies":"Small Slimes","floor":1.0,"turns":2.0},{"damage":0.0,"enemies":"Jaw Worm","floor":7.0,"turns":1.0},{"damage":0.0,"enemies":"2 Louse","floor":13.0,"turns":1.0},{"damage":11.0,"enemies":"Looter","floor":14.0,"turns":3.0},{"damage":36,"enemies":"The Guardian","floor":16,"turns":7},{"damage":48,"enemies":"3 Byrds","floor":18,"turns":5},{"damage":22,"enemies":"Masked Bandits","floor":19,"turns":4},{"damage":23,"enemies":"2 Thieves","floor":21,"turns":5},{"damage":24,"enemies":"Snake Plant","floor":28,"turns":3},{"damage":20,"enemies":"3 Cultists","floor":29,"turns":7},{"damage":27,"enemies":"Colosseum Slavers","floor":30,"turns":5},{"damage":18,"enemies":"Colosseum Nobs","floor":30,"turns":3},{"damage":68,"enemies":"Automaton","floor":33,"turns":6}],"seed_played":"1134283139526687386","potions_obtained":[{"floor":28,"key":"Weak Potion"},{"floor":29,"key":"FearPotion"}],"is_trial":false,"path_per_floor":["M","?","?","$","?","R","M","R","T","R","$","T","M","M","R","B",null,"M","?","?","M","$","R","?","R","T","?","M","M","?","$","R","B"],"character_chosen":"IRONCLAD","items_purchased":["Wild Strike","PreservedInsect","PowerPotion","Feed","PowerPotion"],"campfire_rested":3,"item_purchase_floors":[4,11,11,22,22],"current_hp_per_floor":[80,64,46,46,46,46,52,52,52,52,52,52,58,53,53,23,94,52,36,36,19,19,47,47,75,75,75,57,46,26,26,56,0,0],"gold":282,"neow_bonus":"THREE_ENEMY_KILL","is_daily":false,"chose_seed":false,"campfire_upgraded":4,"win_rate":0.0,"timestamp":1609307745,"path_taken":["M","?","?","$","?","R","M","R","T","R","?","?","M","M","R","BOSS","M","?","?","M","$","R","?","R","T","?","?","M","?","?","R","BOSS"],"items_purchased_type":["Card","Relic","Potion","Card","Potion"],"build_version":"2020-12-22","purchased_purges":1,"victory":false,"max_hp_per_floor":[80,80,80,80,80,80,80,80,80,80,80,80,80,80,80,80,94,94,94,94,94,94,94,94,94,94,94,94,97,100,100,100,100,100],"card_choices":[{"not_picked":["Body Slam","Seeing Red"],"picked":"Inflame","floor":1.0},{"not_picked":["Sword Boomerang","Searing Blow"],"picked":"Armaments","floor":7.0},{"not_picked":["Shrug It Off","Metallicize"],"picked":"Thunderclap","floor":13.0},{"not_picked":["Evolve","Headbutt"],"picked":"Perfected Strike","floor":14.0},{"not_picked":["Brutality","Limit Break"],"picked":"Offering","floor":16},{"not_picked":["Twin Strike","Sword Boomerang"],"picked":"Iron Wave+1","floor":18},{"not_picked":["True Grit+1","Shrug It Off"],"picked":"Flex","floor":19},{"not_picked":["Headbutt","Flame Barrier"],"picked":"Flex","floor":21},{"not_picked":["Disarm","Cleave"],"picked":"Heavy Blade","floor":28},{"not_picked":["Twin Strike","True Grit","Armaments"],"picked":"SKIP","floor":29}],"player_experience":313636,"relics_obtained":[{"floor":9.0,"key":"War Paint"},{"floor":12.0,"key":"Boot"},{"floor":17,"key":"Toy Ornithopter"},{"floor":17,"key":"Shuriken"},{"floor":17,"key":"Mango"},{"floor":19,"key":"Red Mask"},{"floor":26,"key":"Ornamental Fan"},{"floor":30,"key":"Unceasing Top"},{"floor":30,"key":"Molten Egg 2"}],"event_choices":[{"damage_healed":0.0,"max_hp_gain":0.0,"max_hp_loss":0.0,"gold_gain":0.0,"event_name":"Shining Light","player_choice":"Entered Light","floor":2.0,"gold_loss":0.0,"damage_taken":16.0,"cards_upgraded":["Bash","Strike_R"]},{"damage_healed":0.0,"max_hp_gain":0.0,"max_hp_loss":0.0,"gold_gain":0.0,"event_name":"Scrap Ooze","player_choice":"Success","floor":3.0,"gold_loss":0.0,"damage_taken":18.0,"relics_obtained":["Oddly Smooth Stone"]},{"damage_healed":0.0,"max_hp_gain":0.0,"max_hp_loss":0.0,"gold_gain":175.0,"event_name":"Liars Game","player_choice":"AGREE","floor":5.0,"gold_loss":0.0,"damage_taken":0.0,"cards_obtained":["Doubt"]},{"damage_healed":0,"gold_gain":0,"player_choice":"Fought Bandits","damage_taken":0,"max_hp_gain":0,"max_hp_loss":0,"event_name":"Masked Bandits","floor":19,"gold_loss":0},{"damage_healed":0,"gold_gain":0,"player_choice":"Ignored","damage_taken":0,"max_hp_gain":0,"max_hp_loss":0,"event_name":"Vampires","floor":20,"gold_loss":0},{"damage_healed":0,"gold_gain":0,"player_choice":"Ignored","damage_taken":0,"max_hp_gain":0,"max_hp_loss":0,"event_name":"Ghosts","floor":24,"gold_loss":0},{"damage_healed":0,"gold_gain":0,"player_choice":"Simplicity","damage_taken":0,"max_hp_gain":0,"max_hp_loss":0,"event_name":"Back to Basics","floor":27,"gold_loss":0,"cards_upgraded":["Strike_R","Strike_R","Strike_R","Strike_R","Defend_R","Defend_R"]},{"damage_healed":0,"gold_gain":0,"player_choice":"Fight","damage_taken":0,"max_hp_gain":0,"max_hp_loss":0,"event_name":"Colosseum","floor":30,"gold_loss":0},{"damage_healed":0,"gold_gain":0,"player_choice":"Fought Nobs","damage_taken":0,"max_hp_gain":0,"max_hp_loss":0,"event_name":"Colosseum","floor":30,"gold_loss":0}],"is_beta":false,"boss_relics":[{"not_picked":["Sozu","Velvet Choker"],"picked":"Calling Bell"}],"items_purged_floors":[11],"is_endless":false,"potions_floor_spawned":[28,29,30],"killed_by":"Automaton","ascension_level":2}}