{"host":"lpcxcvdszk9zyesf","time":1609311205,"event":{"mods":["BaseMod","Better Third Choice","BetterRewards","Minty Spire (QoL Compilation)","Rare Cards Sparkle","Relic Stats","Say the Spire","Spicy Shops","StSLib"],"gold_per_floor":[114,114,114,114,127,154,154,172,198,198,1,59,59,59,59,161,161,180,10,10,10,10,10,23,48,74,74,74,74,74,86,86,182,182,199,252,252,265,21,0,0,0,0,12,12,12],"floor_reached":45,"playtime":9300,"items_purged":["Strike_R","Strike_R","Strike_R+1","Strike_R+1"],"score":922,"play_id":"9cd2f1ba-78ea-43db-a5ee-c7eed2ac9506","local_time":"20201230145325","is_ascension_mode":true,"campfire_choices":[{"floor":7.0,"key":"REST"},{"data":"Sadistic Nature","floor":10.0,"key":"SMITH"},{"data":"Bash","floor":15.0,"key":"SMITH"},{"data":"Inflame","floor":23.0,"key":"SMITH"},{"floor":28.0,"key":"REST"},{"floor":32.0,"key":"REST"},{"data":"1","floor":41.0,"key":"LIFT"}],"circlet_count":0,"master_deck":["AscendersBane","Defend_R","Defend_R","Defend_R","Bash+1","Burning Pact","Sadistic Nature+1","Intimidate","Dual Wield","Limit Break+1","Inflame+1","Reaper","Dropkick","Dark Embrace","Rupture","Reckless Charge+1","Flex","Double Tap","Heavy Blade","Bloodletting","Madness","Madness","Trip","Regret","Parasite","Inflame"],"relics":["Black Blood","Dead Branch","Blood Vial","Ancient Tea Set","Smiling Mask","MealTicket","Kunai","Letter Opener","Cursed Key","White Beast Statue","Happy Flower","PreservedInsect","Girya","Membership Card","Red Mask","Pantograph"],"acts_visited":["Exordium","TheCity","TheBeyond"],"potions_floor_usage":[45,45,45,45,45,45],"damage_taken":[{"damage":1.0,"enemies":"2 Louse","floor":1.0,"turns":2.0},{"damage":16.0,"enemies":"Jaw Worm","floor":5.0,"turns":5.0},{"damage":15.0,"enemies":"3 Sentries","floor":6.0,"turns":3.0},{"damage":1.0,"enemies":"Cultist","floor":8.0,"turns":4.0},{"damage":33.0,"enemies":"Gremlin Nob","floor":12.0,"turns":4.0},{"damage":7.0,"enemies":"The Guardian","floor":16.0,"turns":12.0},{"damage":23.0,"enemies":"2 Thieves","floor":18.0,"turns":4.0},{"damage":31.0,"enemies":"Shell Parasite","floor":24.0,"turns":5.0},{"damage":89.0,"enemies":"Slavers","floor":25.0,"turns":6.0},{"damage":27.0,"enemies":"Centurion and Healer","floor":31.0,"turns":4.0},{"damage":55.0,"enemies":"Champ","floor":33.0,"turns":7.0},{"damage":42.0,"enemies":"3 Darklings","floor":35.0,"turns":5.0},{"damage":45.0,"enemies":"2 Orb Walkers","floor":36.0,"turns":5.0},{"damage":9.0,"enemies":"3 Shapes","floor":38.0,"turns":2.0},{"damage":44.0,"enemies":"Writhing Mass","floor":44.0,"turns":4.0},{"damage":57,"enemies":"4 Shapes","floor":45,"turns":3}],"seed_played":"-7257968894798636422","potions_obtained":[{"floor":6.0,"key":"PowerPotion"},{"floor":8.0,"key":"GamblersBrew"},{"floor":18.0,"key":"LiquidMemories"},{"floor":24.0,"key":"DistilledChaos"},{"floor":25.0,"key":"CultistPotion"},{"floor":31.0,"key":"Explosive Potion"},{"floor":33.0,"key":"SteroidPotion"},{"floor":35.0,"key":"LiquidBronze"},{"floor":36.0,"key":"Dexterity Potion"},{"floor":38.0,"key":"EntropicBrew"},{"floor":44.0,"key":"EssenceOfSteel"}],"is_trial":false,"path_per_floor":["M","?","?","?","M","E","R","M","T","R","$","?","$","?","R","B",null,"M","$","?","$","T","R","M","E","T","?","R","$","?","M","R","B",null,"M","?","?","M","$","?","R","?","T","M","M"],"character_chosen":"IRONCLAD","items_purchased":["Burning Pact","Dead Branch","Blood Vial","PowerPotion","Kunai","Inflame","Dropkick","Membership Card"],"campfire_rested":3,"item_purchase_floors":[0,0,0,0,11,11,19,39],"current_hp_per_floor":[79,84,67,67,59,52,77,84,84,84,85,58,73,73,73,74,82,67,82,82,85,85,85,79,16,16,16,41,56,56,37,62,42,74,85,52,41,46,61,61,61,61,61,31,0,0],"gold":12,"neow_bonus":"","is_daily":false,"chose_seed":false,"campfire_upgraded":3,"win_rate":0.0,"timestamp":1609311205,"path_taken":["M","?","?","?","?","E","R","M","T","R","?","?","$","?","R","BOSS","M","?","?","$","?","R","?","E","T","?","R","$","?","M","R","BOSS","M","?","?","M","$","?","R","?","T","M","M"],"items_purchased_type":["Card","Relic","Relic","Potion","Relic","Card","Card","Relic"],"build_version":"2020-12-22","purchased_purges":4,"victory":false,"max_hp_per_floor":[80,85,85,85,85,85,85,85,85,85,85,85,85,85,85,85,85,85,85,85,85,85,85,85,85,85,85,85,85,85,85,85,85,85,85,85,85,85,85,85,85,85,85,85,85,85],"relic_stats":{"Happy Flower":[10],"counters":[75,330],"Dead Branch":[62],"Black Blood":435,"PreservedInsect":0,"Letter Opener":[147],"Smiling Mask":88,"Cursed Key":3,"Blood Vial":26,"Pantograph":0,"MealTicket":64,"Kunai":[11],"obtain_stats":[{"Gremlin Horn":40,"Boot":0,"Blood Vial":0,"Centennial Puzzle":29,"HornCleat":26,"Strawberry":38,"Philosopher\u0027s Stone":17,"Prayer Wheel":28,"MealTicket":9,"Fusion Hammer":17,"HandDrill":0,"Necronomicon":24,"Kunai":6,"Runic Cube":17,"Girya":36,"Happy Flower":25,"Dead Branch":0,"Letter Opener":12,"War Paint":19,"Question Card":9,"Akabeko":9,"Bottled Flame":41,"Mark of Pain":34,"Regal Pillow":11,"Singing Bowl":0,"Black Blood":17,"Bag of Preparation":10,"Smiling Mask":7,"Ancient Tea Set":4,"Cursed Key":17,"Burning Blood":0,"SsserpentHead":19,"Pantograph":10,"Toolbox":28,"Red Mask":21,"Potion Belt":21,"NeowsBlessing":0,"Golden Idol":3,"Thread and Needle":3,"PreservedInsect":0,"The Courier":26,"White Beast Statue":22,"Mercury Hourglass":0,"Anchor":8,"CaptainsWheel":21,"Bag of Marbles":0,"Art of War":7,"Membership Card":39,"TungstenRod":0},{"Gremlin Horn":40,"Boot":45,"Blood Vial":59,"Centennial Puzzle":20,"HornCleat":33,"Strawberry":39,"Philosopher\u0027s Stone":30,"Prayer Wheel":55,"MealTicket":63,"Fusion Hammer":5,"HandDrill":21,"Necronomicon":32,"Kunai":24,"Runic Cube":14,"Girya":72,"Happy Flower":68,"Dead Branch":59,"Letter Opener":64,"War Paint":15,"Question Card":3,"Akabeko":11,"Bottled Flame":40,"Mark of Pain":37,"Regal Pillow":3,"Singing Bowl":45,"Black Blood":52,"Bag of Preparation":26,"Smiling Mask":3,"Ancient Tea Set":60,"Cursed Key":65,"Burning Blood":0,"SsserpentHead":31,"Pantograph":3,"Toolbox":55,"Red Mask":16,"Potion Belt":32,"NeowsBlessing":0,"Golden Idol":1,"Thread and Needle":8,"PreservedInsect":7,"The Courier":55,"White Beast Statue":66,"Mercury Hourglass":45,"Anchor":25,"CaptainsWheel":32,"Bag of Marbles":45,"Art of War":48,"Membership Card":73,"TungstenRod":21},{"Gremlin Horn":173,"Boot":200,"Blood Vial":255,"Centennial Puzzle":91,"HornCleat":147,"Strawberry":167,"Philosopher\u0027s Stone":134,"Prayer Wheel":232,"MealTicket":269,"Fusion Hammer":24,"HandDrill":94,"Necronomicon":142,"Kunai":106,"Runic Cube":66,"Girya":321,"Happy Flower":300,"Dead Branch":255,"Letter Opener":273,"War Paint":68,"Question Card":3,"Akabeko":50,"Bottled Flame":173,"Mark of Pain":162,"Regal Pillow":3,"Singing Bowl":200,"Black Blood":222,"Bag of Preparation":115,"Smiling Mask":3,"Ancient Tea Set":257,"Cursed Key":285,"Burning Blood":0,"SsserpentHead":138,"Pantograph":3,"Toolbox":232,"Red Mask":72,"Potion Belt":142,"NeowsBlessing":0,"Golden Idol":1,"Thread and Needle":37,"PreservedInsect":33,"The Courier":232,"White Beast Statue":289,"Mercury Hourglass":200,"Anchor":112,"CaptainsWheel":142,"Bag of Marbles":200,"Art of War":207,"Membership Card":323,"TungstenRod":94}]},"card_choices":[{"not_picked":["Iron Wave","Flex"],"picked":"Intimidate","floor":1.0},{"not_picked":["Heavy Blade","Body Slam"],"picked":"Dual Wield","floor":5.0},{"not_picked":["Disarm","Clothesline"],"picked":"Limit Break","floor":6.0},{"not_picked":["Warcry","Armaments","True Grit"],"picked":"SKIP","floor":8.0},{"not_picked":["Offering","Exhume"],"picked":"Reaper","floor":16.0},{"not_picked":["Clash","Power Through","Clothesline"],"picked":"SKIP","floor":18.0},{"not_picked":["Headbutt","Wild Strike","Dual Wield"],"picked":"SKIP","floor":24.0},{"not_picked":["Perfected Strike+1","Second Wind"],"picked":"Reckless Charge+1","floor":25.0},{"not_picked":["Second Wind","Headbutt"],"picked":"Flex","floor":31.0},{"not_picked":["Brutality","Juggernaut"],"picked":"Double Tap","floor":33.0},{"not_picked":["Rampage","Armaments+1"],"picked":"Heavy Blade","floor":35.0},{"not_picked":["Anger","Heavy Blade"],"picked":"Bloodletting","floor":36.0},{"not_picked":["True Grit+1","Warcry+1","Dropkick"],"picked":"SKIP","floor":38.0},{"not_picked":["Mind Blast","Dark Shackles"],"picked":"Trip","floor":42.0},{"not_picked":["Warcry+1","Feel No Pain"],"picked":"Inflame","floor":44.0}],"player_experience":282433,"relics_obtained":[{"floor":6.0,"key":"Smiling Mask"},{"floor":9.0,"key":"MealTicket"},{"floor":12.0,"key":"Letter Opener"},{"floor":22.0,"key":"White Beast Statue"},{"floor":25.0,"key":"Happy Flower"},{"floor":26.0,"key":"PreservedInsect"},{"floor":36.0,"key":"Girya"},{"floor":43.0,"key":"Pantograph"}],"event_choices":[{"damage_healed":0.0,"max_hp_gain":5.0,"max_hp_loss":0.0,"gold_gain":0.0,"event_name":"Big Fish","player_choice":"Donut","floor":2.0,"gold_loss":0.0,"damage_taken":0.0},{"damage_healed":84.0,"max_hp_gain":0.0,"max_hp_loss":85.0,"gold_gain":0.0,"event_name":"betterThird:BetterShining","player_choice":"Upgrade","floor":3.0,"gold_loss":0.0,"damage_taken":17.0,"cards_upgraded":["Strike_R","Strike_R"]},{"damage_healed":0.0,"max_hp_gain":0.0,"max_hp_loss":0.0,"gold_gain":0.0,"event_name":"WeMeetAgain","player_choice":"Gave Potion","floor":4.0,"gold_loss":0.0,"damage_taken":0.0,"relics_obtained":["Ancient Tea Set"]},{"damage_healed":0.0,"max_hp_gain":0.0,"max_hp_loss":0.0,"gold_gain":0.0,"event_name":"Dead Adventurer","player_choice":"Searched \u00272\u0027 times","floor":12.0,"gold_loss":0.0,"damage_taken":0.0},{"damage_healed":0.0,"max_hp_gain":0.0,"max_hp_loss":0.0,"gold_gain":0.0,"event_name":"Upgrade Shrine","player_choice":"Upgraded","floor":14.0,"gold_loss":0.0,"damage_taken":0.0,"cards_upgraded":["Limit Break"]},{"damage_healed":0.0,"max_hp_gain":0.0,"max_hp_loss":0.0,"gold_gain":0.0,"cards_transformed":["Strike_R","Defend_R"],"event_name":"Drug Dealer","player_choice":"Became Test Subject","floor":20.0,"gold_loss":0.0,"damage_taken":0.0,"cards_obtained":["Dark Embrace","Rupture"]},{"damage_healed":0.0,"max_hp_gain":0.0,"max_hp_loss":0.0,"gold_gain":0.0,"event_name":"Forgotten Altar","player_choice":"Smashed Altar","floor":27.0,"gold_loss":0.0,"damage_taken":0.0,"cards_obtained":["Decay"]},{"cards_removed":["Decay","Clumsy","Regret"],"damage_healed":0.0,"max_hp_gain":0.0,"max_hp_loss":0.0,"gold_gain":0.0,"event_name":"Fountain of Cleansing","player_choice":"Removed Curses","floor":30.0,"gold_loss":0.0,"damage_taken":0.0},{"damage_healed":0.0,"max_hp_gain":0.0,"max_hp_loss":0.0,"gold_gain":0.0,"event_name":"Mysterious Sphere","player_choice":"Fight","floor":36.0,"gold_loss":0.0,"damage_taken":0.0},{"damage_healed":0.0,"max_hp_gain":0.0,"max_hp_loss":0.0,"gold_gain":0.0,"event_name":"Winding Halls","player_choice":"Embrace Madness","floor":37.0,"gold_loss":0.0,"damage_taken":11.0,"cards_obtained":["Madness","Madness"]},{"damage_healed":0.0,"max_hp_gain":0.0,"max_hp_loss":0.0,"gold_gain":0.0,"event_name":"Tomb of Lord Red Mask","player_choice":"Paid","floor":40.0,"gold_loss":21.0,"damage_taken":0.0,"relics_obtained":["Red Mask"]},{"damage_healed":0.0,"max_hp_gain":0.0,"max_hp_loss":0.0,"gold_gain":0.0,"event_name":"SensoryStone","player_choice":"Memory 1","floor":42.0,"gold_loss":0.0,"damage_taken":0.0}],"is_beta":false,"boss_relics":[{"not_picked":["Fusion Hammer","Black Star"],"picked":"Cursed Key"},{"not_picked":["Runic Pyramid","SlaversCollar"],"picked":"Black Blood"}],"items_purged_floors":[0,19,39,39],"is_endless":false,"potions_floor_spawned":[6,8,18,24,25,31,33,35,36,38,44],"killed_by":"4 Shapes","ascension_level":10}}