{"host":"6pgtslebjnyv5xmi","time":1609343573,"event":{"mods":["AchievementEnabler","BaseMod","Colored Map","Marisa£¨Ùöéë¡¡Øª×âÞÞ£©","Minty Spire (QoL Compilation)","Rare Cards Sparkle","StSLib","SuperFastMode","everything is the same but u backflip on backflip"],"gold_per_floor":[367,542,617,617,635,635,655,655,655,685,685,685,685,695,695,797,797,809,809,809,734,753,764,764,764,764,563,563,581,593,606,606,606,606],"floor_reached":33,"playtime":1176,"items_purged":["Doubt","Strike_P+1"],"score":235,"play_id":"2e73dd86-0e76-4aac-96c7-a82ca20fb05b","local_time":"20201231005253","is_ascension_mode":false,"campfire_choices":[{"data":"Adaptation","floor":6,"key":"SMITH"},{"data":"Eruption","floor":8,"key":"SMITH"},{"data":"Vigilance","floor":11,"key":"SMITH"},{"data":"ReachHeaven","floor":13,"key":"SMITH"},{"data":"MentalFortress","floor":15,"key":"SMITH"},{"data":"DevaForm","floor":24,"key":"SMITH"},{"floor":28,"key":"REST"},{"floor":32,"key":"REST"}],"circlet_count":0,"master_deck":["Strike_P+1","Strike_P+1","Strike_P+1","Defend_P+1","Defend_P+1","Defend_P+1","Eruption+1","Vigilance+1","ReachHeaven+1","Adaptation+1","MentalFortress+1","DevaForm+1","ClearTheMind+1","Crescendo","WindmillStrike+1"],"relics":["HolyWater"],"acts_visited":["Exordium","TheCity"],"potions_floor_usage":[14,16,28,33,33,33],"damage_taken":[{"damage":0,"enemies":"2 Louse","floor":1,"turns":2},{"damage":0,"enemies":"Small Slimes","floor":5,"turns":3},{"damage":3,"enemies":"Jaw Worm","floor":7,"turns":2},{"damage":2,"enemies":"2 Fungi Beasts","floor":14,"turns":2},{"damage":28,"enemies":"The Guardian","floor":16,"turns":4},{"damage":31,"enemies":"Chosen","floor":18,"turns":7},{"damage":24,"enemies":"3 Byrds","floor":22,"turns":4},{"damage":3,"enemies":"3 Cultists","floor":23,"turns":4},{"damage":0,"enemies":"Sentry and Sphere","floor":29,"turns":3},{"damage":2,"enemies":"Centurion and Healer","floor":30,"turns":4},{"damage":34,"enemies":"Cultist and Chosen","floor":31,"turns":7},{"damage":36,"enemies":"Champ","floor":33,"turns":7}],"seed_played":"2264193976235888730","potions_obtained":[{"floor":1,"key":"FearPotion"},{"floor":7,"key":"Fire Potion"},{"floor":16,"key":"DuplicationPotion"},{"floor":23,"key":"DistilledChaos"},{"floor":29,"key":"Strength Potion"}],"is_trial":false,"path_per_floor":["M","?","?","?","M","R","M","R","T","?","R","?","R","M","R","B",null,"M","?","?","$","M","M","R","?","T","$","R","M","M","M","R","B"],"character_chosen":"WATCHER","items_purchased":["Fruit Juice"],"campfire_rested":2,"item_purchase_floors":[27],"current_hp_per_floor":[65,65,54,54,54,54,51,51,51,51,51,65,65,63,63,35,65,34,55,55,55,31,28,28,22,22,22,46,46,44,10,31,0,0],"gold":606,"neow_bonus":"TWO_FIFTY_GOLD","is_daily":false,"chose_seed":false,"campfire_upgraded":6,"win_rate":0.0,"timestamp":1609343573,"path_taken":["M","?","?","?","M","R","?","R","T","?","R","?","R","M","R","BOSS","M","?","?","$","M","M","R","?","T","$","R","M","M","?","R","BOSS"],"items_purchased_type":["Potion"],"build_version":"2020-12-22","purchased_purges":2,"victory":false,"max_hp_per_floor":[65,65,65,65,65,65,65,65,65,65,65,65,65,65,65,65,65,65,65,65,65,65,65,65,65,65,65,70,70,70,70,70,70,70],"card_choices":[{"not_picked":["WaveOfTheHand","Halt"],"picked":"ReachHeaven","floor":1},{"not_picked":["Protect","CutThroughFate","CrushJoints"],"picked":"SKIP","floor":5},{"not_picked":["FlyingSleeves","Protect","Prostrate"],"picked":"SKIP","floor":7},{"not_picked":["WindmillStrike","EmptyFist"],"picked":"MentalFortress","floor":14},{"not_picked":["Scrawl","Brilliance"],"picked":"DevaForm","floor":16},{"not_picked":["ForeignInfluence","Evaluate","FlurryOfBlows"],"picked":"SKIP","floor":18},{"not_picked":["MentalFortress+1","CutThroughFate"],"picked":"ClearTheMind+1","floor":22},{"not_picked":["Fasting2+1","MentalFortress"],"picked":"Crescendo","floor":23},{"not_picked":["ReachHeaven","Protect+1","LessonLearned"],"picked":"SKIP","floor":29},{"not_picked":["Indignation","Evaluate"],"picked":"WindmillStrike+1","floor":30},{"not_picked":["Prostrate+1","CarveReality","Adaptation"],"picked":"SKIP","floor":31}],"player_experience":630454,"relics_obtained":[],"event_choices":[{"damage_healed":0,"gold_gain":175,"player_choice":"AGREE","damage_taken":0,"max_hp_gain":0,"max_hp_loss":0,"event_name":"Liars Game","floor":2,"gold_loss":0,"cards_obtained":["Doubt"]},{"damage_healed":0,"gold_gain":75,"player_choice":"Gather Gold","damage_taken":11,"max_hp_gain":0,"max_hp_loss":0,"event_name":"World of Goop","floor":3,"gold_loss":0},{"damage_healed":0,"gold_gain":0,"cards_transformed":["Defend_P"],"player_choice":"Change","damage_taken":0,"max_hp_gain":0,"max_hp_loss":0,"event_name":"Living Wall","floor":4,"gold_loss":0,"cards_obtained":["Adaptation"]},{"damage_healed":0,"gold_gain":30,"player_choice":"Searched \u00271\u0027 times","damage_taken":0,"max_hp_gain":0,"max_hp_loss":0,"event_name":"Dead Adventurer","floor":10,"gold_loss":0},{"damage_healed":21,"gold_gain":0,"player_choice":"Banana","damage_taken":0,"max_hp_gain":0,"max_hp_loss":0,"event_name":"Big Fish","floor":12,"gold_loss":0},{"damage_healed":21,"gold_gain":0,"player_choice":"Heal","damage_taken":0,"max_hp_gain":0,"max_hp_loss":0,"event_name":"The Library","floor":19,"gold_loss":0},{"damage_healed":0,"gold_gain":0,"player_choice":"Simplicity","damage_taken":0,"max_hp_gain":0,"max_hp_loss":0,"event_name":"Back to Basics","floor":20,"gold_loss":0,"cards_upgraded":["Strike_P","Strike_P","Strike_P","Strike_P","Defend_P","Defend_P","Defend_P"]},{"damage_healed":0,"gold_gain":0,"player_choice":"","damage_taken":6,"max_hp_gain":0,"max_hp_loss":0,"event_name":"Knowing Skull","floor":25,"potions_obtained":[],"gold_loss":0,"cards_obtained":[]}],"is_beta":false,"boss_relics":[{"not_picked":["Astrolabe","Fusion Hammer"],"picked":"HolyWater"}],"items_purged_floors":[21,27],"is_endless":false,"potions_floor_spawned":[1,7,16,23,29,31],"killed_by":"Champ","ascension_level":0}}