{"host":"k5r1bw2xsm891wjv","time":1609346152,"event":{"mods":["Act Like it!","BaseMod","Downfall","Minty Spire (QoL Compilation)","StSLib"],"gold_per_floor":[99,116,133,133,144,32,32,57,7,25,37,37,72,84,104,209,209,159,176,189,200,200,200,200,36,64,14,31,61,61,61,72,170,170,120,139,49,65,65,80,126,143,169,110,60,60,10,26,39,39],"floor_reached":51,"playtime":5978,"items_purged":["Slimebound:Tackle","expansioncontent:CaCaw"],"score":746,"play_id":"7b8fe918-a367-4bda-9d13-d545ed22d2f7","local_time":"20201230113545","is_ascension_mode":false,"campfire_choices":[{"data":"Slimebound:CorrosiveSpit","floor":1,"key":"SMITH"},{"data":"Slimebound:Gluttony","floor":9,"key":"SMITH"},{"data":"Slimebound:SpikyOuterGoop","floor":18,"key":"SMITH"},{"floor":27,"key":"REST"},{"data":"Slimebound:Split","floor":35,"key":"SMITH"},{"floor":45,"key":"REST"},{"data":"Slimebound:Repurpose","floor":47,"key":"SMITH"}],"circlet_count":0,"master_deck":["Slimebound:Defend_Slimebound","Slimebound:Defend_Slimebound","Slimebound:Defend_Slimebound","Slimebound:Defend_Slimebound","Slimebound:Split+1","Slimebound:CorrosiveSpit+1","Slimebound:GrowthPunch","Slimebound:Schlurp","Slimebound:Gluttony+1","Slimebound:SplitLeeching","Slimebound:Repurpose+1","Slimebound:PressTheAttack","Slimebound:LeechingTouch","Slimebound:SpikyOuterGoop+1","Slimebound:FinishingTackle","Slimebound:MassFeed","Slimebound:SlimeSpikes+1","Slimebound:Repurpose","Slimebound:GrowthPunch","Slimebound:Tackle+1","Slimebound:Tackle+1","Slimebound:Tackle+1","Slimebound:SplitMire+1","Slimebound:Teamwork","Slimebound:LeechLife","Slimebound:MassRepurpose","Slimebound:SlimeTap+1","Slimebound:WasteNot","Slimebound:SplitMire+1"],"relics":["Slimebound:AbsorbEndCombat","Slimebound:GreedOozeRelic","Boot","Odd Mushroom","Pear","Empty Cage","HornCleat","Strange Spoon","Ornamental Fan","Bottled Tornado","downfall:RedIOU","Philosopher\u0027s Stone","Toy Ornithopter","Bottled Lightning","ClockworkSouvenir","Regal Pillow"],"acts_visited":["Exordium","TheCity","TheBeyond"],"potions_floor_usage":[13,13,16,29,33,33,50],"damage_taken":[{"damage":4,"enemies":"2 Louse","floor":2,"turns":2},{"damage":8,"enemies":"Small Slimes","floor":3,"turns":4},{"damage":10,"enemies":"Jaw Worm","floor":5,"turns":2},{"damage":5,"enemies":"downfall:FleeingMerchant","floor":6,"turns":4},{"damage":21,"enemies":"The Mushroom Lair","floor":8,"turns":4},{"damage":19,"enemies":"3 Louse","floor":10,"turns":3},{"damage":15,"enemies":"2 Fungi Beasts","floor":11,"turns":3},{"damage":21,"enemies":"Gremlin Nob","floor":13,"turns":4},{"damage":2,"enemies":"Lots of Slimes","floor":14,"turns":3},{"damage":14,"enemies":"2 Fungi Beasts","floor":15,"turns":3},{"damage":26,"enemies":"downfall:Watcher","floor":16,"turns":7},{"damage":26,"enemies":"3 Byrds","floor":19,"turns":5},{"damage":24,"enemies":"Snake Plant","floor":20,"turns":4},{"damage":25,"enemies":"Cultist and Chosen","floor":21,"turns":7},{"damage":8,"enemies":"downfall:FleeingMerchant","floor":25,"turns":4},{"damage":41,"enemies":"Slavers","floor":26,"turns":6},{"damage":25,"enemies":"Chosen and Byrds","floor":28,"turns":5},{"damage":37,"enemies":"Book of Stabbing","floor":29,"turns":5},{"damage":20,"enemies":"Snake Plant","floor":32,"turns":4},{"damage":68,"enemies":"downfall:Silent","floor":33,"turns":9},{"damage":38,"enemies":"3 Darklings","floor":36,"turns":6},{"damage":16,"enemies":"downfall:FleeingMerchant","floor":37,"turns":4},{"damage":37,"enemies":"3 Shapes","floor":38,"turns":3},{"damage":30,"enemies":"Transient","floor":40,"turns":5},{"damage":52,"enemies":"Sphere and 2 Shapes","floor":42,"turns":6},{"damage":75,"enemies":"Reptomancer","floor":43,"turns":7},{"damage":25,"enemies":"downfall:FleeingMerchant","floor":44,"turns":4},{"damage":28,"enemies":"Writhing Mass","floor":48,"turns":5},{"damage":11,"enemies":"Spire Growth","floor":49,"turns":5},{"damage":54,"enemies":"downfall:Defect","floor":50,"turns":6}],"seed_played":"1662117619521943083","potions_obtained":[{"floor":3,"key":"Weak Potion"},{"floor":8,"key":"champ:CounterPotion"},{"floor":11,"key":"Swift Potion"},{"floor":13,"key":"Energy Potion"},{"floor":19,"key":"LiquidBronze"},{"floor":28,"key":"PowerPotion"},{"floor":29,"key":"EssenceOfSteel"},{"floor":36,"key":"Slimebound:SlimedPotion"},{"floor":40,"key":"Energy Potion"},{"floor":43,"key":"Dexterity Potion"},{"floor":49,"key":"CultistPotion"}],"is_trial":false,"path_per_floor":["R","M","M","?","M","$","T","?","R","M","M","T","E","M","M","B",null,"R","M","M","M","?","?","T","$","E","R","M","E","?","?","M","B",null,"R","M","$","M","?","M","T","M","E","?","R","$","R","M","M","B",null],"character_chosen":"SLIMEBOUND","items_purchased":["expansioncontent:CaCaw","Strange Spoon","ClockworkSouvenir","Regal Pillow"],"campfire_rested":2,"item_purchase_floors":[6,25,44,44],"current_hp_per_floor":[66,66,66,66,64,66,66,57,57,52,45,55,52,62,64,64,76,76,71,59,56,41,41,41,57,47,73,74,61,61,61,55,38,90,90,88,90,78,78,79,79,65,52,43,85,85,85,91,93,93],"gold":39,"neow_bonus":"TEN_PERCENT_HP_BONUS","is_daily":false,"chose_seed":false,"campfire_upgraded":5,"win_rate":0.0,"timestamp":1609346145,"path_taken":["R","M","M","?","M","$","T","?","R","M","M","?","E","M","M","BOSS","R","M","M","M","?","?","T","$","E","R","M","E","?","?","M","BOSS","R","M","$","M","?","M","T","?","E","?","R","?","R","M","M","BOSS"],"items_purchased_type":["Card","Relic","Relic","Relic"],"build_version":"2020-12-22","purchased_purges":2,"victory":true,"max_hp_per_floor":[66,66,66,66,66,66,66,66,66,66,66,76,76,76,76,76,76,76,79,79,79,84,84,84,84,87,87,87,87,87,87,87,90,90,90,90,90,93,93,93,93,93,93,93,93,93,93,93,93,93],"card_choices":[{"not_picked":["Slimebound:ComboTackle","Slimebound:GoopSpray"],"picked":"Slimebound:GrowthPunch","floor":2},{"not_picked":["Slimebound:SplitLeeching","Slimebound:FinishingTackle"],"picked":"Slimebound:Schlurp","floor":3},{"not_picked":["Slimebound:GoopSpray","Slimebound:SplitMire"],"picked":"Slimebound:Gluttony","floor":5},{"not_picked":["Slimebound:DuplicatedForm","Slimebound:PressTheAttack"],"picked":"Slimebound:SplitLeeching","floor":6},{"not_picked":["Slimebound:GoopSpray","Slimebound:Equalize"],"picked":"Slimebound:Repurpose","floor":8},{"not_picked":["Slimebound:RollThrough","Slimebound:SlimeBarrage"],"picked":"Slimebound:PressTheAttack","floor":10},{"not_picked":["Slimebound:RollThrough","Slimebound:SlimeBrawl"],"picked":"Slimebound:LeechingTouch","floor":11},{"not_picked":["Slimebound:RallyTheTroops","Slimebound:ViciousTackle"],"picked":"Slimebound:SpikyOuterGoop","floor":13},{"not_picked":["Slimebound:SplitLeeching","Slimebound:PressTheAttack"],"picked":"Slimebound:FinishingTackle","floor":14},{"not_picked":["Slimebound:ForwardTackle","Slimebound:FlameTackle","Slimebound:PressTheAttack"],"picked":"SKIP","floor":15},{"not_picked":["Slimebound:WasteNot","Slimebound:OneTwoCombo"],"picked":"Slimebound:MassFeed","floor":16},{"not_picked":["Slimebound:Schlurp+1","Slimebound:LevelUp"],"picked":"Slimebound:SlimeSpikes+1","floor":19},{"not_picked":["Slimebound:ForwardTackle","Slimebound:RollThrough"],"picked":"Slimebound:Repurpose","floor":20},{"not_picked":["Slimebound:LevelUp","Slimebound:Prepare"],"picked":"Slimebound:GrowthPunch","floor":21},{"not_picked":["Slimebound:SplitLeeching","Slimebound:GoopSpray"],"picked":"Slimebound:SplitMire+1","floor":25},{"not_picked":["Slimebound:SplitLeeching","Slimebound:SamplingLick"],"picked":"Slimebound:Teamwork","floor":26},{"not_picked":["Slimebound:Schlurp","Slimebound:SplitAcid+1","Slimebound:FinishingTackle"],"picked":"SKIP","floor":28},{"not_picked":["Slimebound:DouseInSlime","Slimebound:Overexert"],"picked":"Slimebound:LeechLife","floor":29},{"not_picked":["Slimebound:LeadByExample","Slimebound:ViciousTackle","Slimebound:SplitAcid"],"picked":"SKIP","floor":32},{"not_picked":["Slimebound:LeechLife","Slimebound:SlimeSlap"],"picked":"Slimebound:MassRepurpose","floor":33},{"not_picked":["Slimebound:FormOfPuddle+1","Slimebound:LeechEnergy"],"picked":"Slimebound:SlimeTap+1","floor":36},{"not_picked":["Slimebound:Equalize+1","Slimebound:SlimeSpikes+1","Slimebound:SlimeTap+1"],"picked":"SKIP","floor":37},{"not_picked":["Slimebound:PressTheAttack+1","Slimebound:Grow","Slimebound:SamplingLick"],"picked":"SKIP","floor":38},{"not_picked":["Slimebound:GrowthPunch","Slimebound:SplitMire+1","Slimebound:FinishingTackle+1"],"picked":"SKIP","floor":40},{"not_picked":["Slimebound:ForwardTackle","Slimebound:SplitBruiser+1"],"picked":"Slimebound:WasteNot","floor":42},{"not_picked":["Slimebound:SlimeBrawl+1","Slimebound:SplitMire","Slimebound:Gluttony"],"picked":"SKIP","floor":43},{"not_picked":["Slimebound:LevelUp+1","Slimebound:SplitMire","Slimebound:Overexert"],"picked":"SKIP","floor":44},{"not_picked":["Slimebound:LeechEnergy","Slimebound:ProtectTheBoss+1"],"picked":"Slimebound:SplitMire+1","floor":48},{"not_picked":["Slimebound:LeechEnergy+1","Slimebound:RollThrough+1","Slimebound:SplitAcid+1"],"picked":"SKIP","floor":49}],"player_experience":258343,"relics_obtained":[{"floor":7,"key":"Boot"},{"floor":8,"key":"Odd Mushroom"},{"floor":12,"key":"Pear"},{"floor":13,"key":"Nunchaku"},{"floor":24,"key":"HornCleat"},{"floor":26,"key":"Ornamental Fan"},{"floor":29,"key":"Bottled Tornado"},{"floor":41,"key":"Toy Ornithopter"},{"floor":43,"key":"Bottled Lightning"}],"event_choices":[{"damage_healed":0,"gold_gain":0,"player_choice":"Fought Mushrooms","damage_taken":0,"max_hp_gain":0,"max_hp_loss":0,"event_name":"Mushrooms","floor":8,"gold_loss":0},{"damage_healed":0,"gold_gain":0,"player_choice":"Ignored","damage_taken":0,"max_hp_gain":0,"max_hp_loss":0,"event_name":"Ghosts","floor":31,"gold_loss":0},{"damage_healed":0,"gold_gain":0,"player_choice":"Ignored","damage_taken":0,"max_hp_gain":0,"max_hp_loss":0,"event_name":"NoteForYourself","floor":39,"gold_loss":0}],"is_beta":false,"boss_relics":[{"not_picked":["Coffee Dripper","Busted Crown"],"picked":"Empty Cage"},{"not_picked":["SlaversCollar","Snecko Eye"],"picked":"Philosopher\u0027s Stone"}],"items_purged_floors":[37,44],"is_endless":false,"potions_floor_spawned":[3,8,11,13,19,28,29,32,36,40,42,43,49],"ascension_level":0}}