{"host":"hm3ikmf8oxbtqms2","time":1609347966,"event":{"mods":["BaseMod","Best Route Mod","Bestiary","Better Vampires","Block Reminder","Colored Map","Colored Powertips","Curses Come First","DeckTracker","Displayed Cursed Tome","Highlight Path","Minty Spire (QoL Compilation)","Quick Restart","StSLib"],"gold_per_floor":[109,127,137,137,137,137,178,178,178,178,178],"floor_reached":10,"playtime":730,"items_purged":[],"score":76,"play_id":"aeebd96f-1e8e-48a5-b052-e0e159897ea3","local_time":"20201230120606","is_ascension_mode":true,"campfire_choices":[{"data":"Backflip","floor":6.0,"key":"SMITH"},{"floor":8.0,"key":"REST"}],"circlet_count":0,"master_deck":["Strike_G","Strike_G","Strike_G","Strike_G","Strike_G","Defend_G","Defend_G","Defend_G","Defend_G","Defend_G","Survivor","Neutralize+1","Heel Hook","Backflip+1","Slice","PiercingWail","Injury","Flying Knee"],"relics":["Ring of the Snake","Golden Idol","Happy Flower","Matryoshka"],"acts_visited":["Exordium"],"potions_floor_usage":[],"damage_taken":[{"damage":1.0,"enemies":"Cultist","floor":1.0,"turns":3.0},{"damage":2.0,"enemies":"Small Slimes","floor":2.0,"turns":3.0},{"damage":4.0,"enemies":"2 Louse","floor":3.0,"turns":3.0},{"damage":39.0,"enemies":"Lagavulin","floor":7.0,"turns":7.0},{"damage":45,"enemies":"Gremlin Nob","floor":10,"turns":5}],"seed_played":"2624620232835770992","potions_obtained":[{"floor":3.0,"key":"CunningPotion"}],"is_trial":false,"path_per_floor":["M","M","M","?","?","R","E","R","T","E"],"character_chosen":"THE_SILENT","items_purchased":[],"campfire_rested":1,"item_purchase_floors":[],"current_hp_per_floor":[69,67,63,63,63,63,24,45,45,0,0],"gold":178,"neow_bonus":"THREE_CARDS","is_daily":false,"chose_seed":false,"campfire_upgraded":1,"win_rate":0.0,"timestamp":1609347966,"path_taken":["M","M","?","?","?","R","E","R","T","E"],"items_purchased_type":[],"build_version":"2020-12-22","purchased_purges":0,"victory":false,"max_hp_per_floor":[70,70,70,70,70,70,70,70,70,70,70],"card_choices":[{"not_picked":["Quick Slash","Distraction"],"picked":"Heel Hook","floor":0.0},{"not_picked":["Underhanded Strike","PiercingWail"],"picked":"Backflip","floor":1.0},{"not_picked":["Distraction","Underhanded Strike"],"picked":"Slice","floor":2.0},{"not_picked":["Dagger Spray","Predator"],"picked":"PiercingWail","floor":3.0},{"not_picked":["Wraith Form v2","Quick Slash"],"picked":"Flying Knee","floor":7.0}],"player_experience":245886,"relics_obtained":[{"floor":7.0,"key":"Happy Flower"},{"floor":9.0,"key":"Matryoshka"}],"event_choices":[{"damage_healed":0.0,"max_hp_gain":0.0,"max_hp_loss":0.0,"gold_gain":0.0,"event_name":"Golden Idol","player_choice":"Take Wound","floor":4.0,"gold_loss":0.0,"damage_taken":0.0,"relics_obtained":["Golden Idol"],"cards_obtained":["Injury"]},{"damage_healed":0.0,"max_hp_gain":0.0,"max_hp_loss":0.0,"gold_gain":0.0,"event_name":"Accursed Blacksmith","player_choice":"Forge","floor":5.0,"gold_loss":0.0,"damage_taken":0.0,"cards_upgraded":["Neutralize"]}],"is_beta":false,"boss_relics":[],"items_purged_floors":[],"is_endless":false,"potions_floor_spawned":[3],"killed_by":"Gremlin Nob","ascension_level":3}}