{"host":"8yg5xi2a6w9qkgsw","time":1609367916,"event":{"mods":["AchievementEnabler","BaseMod","Block Reminder","Colored Powertips","Minty Spire (QoL Compilation)","MonsterHotkey","Random Character Button","Relic Stats"],"gold_per_floor":[17,29,41,53,65,65,91,103,103,123,123,148,165,165,165,243,243,232,242,254,270,289,289,304,304,328,342,342,342,369,385,385,461,461,474,492,492,492,492,523,538,538,538],"floor_reached":42,"playtime":6471,"items_purged":[],"score":809,"play_id":"91c6c4b6-79f8-4bc0-918f-ad1e3ae6251d","local_time":"20201230233836","is_ascension_mode":true,"campfire_choices":[{"data":"All For One","floor":6.0,"key":"SMITH"},{"floor":11.0,"key":"REST"},{"floor":15.0,"key":"REST"},{"data":"Zap","floor":23.0,"key":"SMITH"},{"data":"Defragment","floor":25.0,"key":"SMITH"},{"data":"Defragment","floor":28.0,"key":"SMITH"},{"floor":32.0,"key":"REST"}],"circlet_count":0,"master_deck":["AscendersBane","Strike_B","Strike_B","Strike_B","Strike_B","Defend_B","Defend_B","Defend_B","Defend_B","Zap+1","Dualcast","All For One+1","Reinforced Body","Double Energy","Go for the Eyes","Turbo","Aggregate","All For One","Defragment+1","Auto Shields","Glacier","Gash","Reboot","Go for the Eyes","Turbo+1","Reinforced Body","Hello World","Defragment+1","Rebound","Gash","Seek","Redo+1","Madness","Madness","Tempest","Coolheaded+1"],"relics":["Cracked Core","Ornamental Fan","Boot","Pen Nib","Tiny Chest","Runic Pyramid","MealTicket","Dream Catcher","SlaversCollar","Bronze Scales","Symbiotic Virus"],"acts_visited":["Exordium","TheCity","TheBeyond"],"potions_floor_usage":[40,41,42],"damage_taken":[{"damage":7.0,"enemies":"Jaw Worm","floor":1.0,"turns":4.0},{"damage":0.0,"enemies":"Cultist","floor":2.0,"turns":4.0},{"damage":0.0,"enemies":"Small Slimes","floor":3.0,"turns":3.0},{"damage":1.0,"enemies":"Blue Slaver","floor":4.0,"turns":3.0},{"damage":2.0,"enemies":"Exordium Thugs","floor":5.0,"turns":4.0},{"damage":16.0,"enemies":"3 Sentries","floor":7.0,"turns":9.0},{"damage":15.0,"enemies":"Gremlin Gang","floor":8.0,"turns":6.0},{"damage":16.0,"enemies":"Blue Slaver","floor":10.0,"turns":3.0},{"damage":20.0,"enemies":"Gremlin Nob","floor":12.0,"turns":5.0},{"damage":2.0,"enemies":"Exordium Wildlife","floor":13.0,"turns":6.0},{"damage":12.0,"enemies":"Hexaghost","floor":16.0,"turns":11.0},{"damage":8.0,"enemies":"2 Thieves","floor":18.0,"turns":4.0},{"damage":0.0,"enemies":"Spheric Guardian","floor":19.0,"turns":3.0},{"damage":3.0,"enemies":"Centurion and Healer","floor":20.0,"turns":9.0},{"damage":13.0,"enemies":"Snake Plant","floor":21.0,"turns":6.0},{"damage":0.0,"enemies":"3 Cultists","floor":22.0,"turns":5.0},{"damage":3.0,"enemies":"Centurion and Healer","floor":24.0,"turns":9.0},{"damage":12.0,"enemies":"Snecko","floor":27.0,"turns":7.0},{"damage":2.0,"enemies":"Snake Plant","floor":31.0,"turns":5.0},{"damage":14,"enemies":"Collector","floor":33,"turns":16},{"damage":5,"enemies":"3 Shapes","floor":35,"turns":6},{"damage":1,"enemies":"Orb Walker","floor":36,"turns":4},{"damage":18,"enemies":"Giant Head","floor":40,"turns":12},{"damage":19,"enemies":"Sphere and 2 Shapes","floor":41,"turns":8},{"damage":13,"enemies":"Reptomancer","floor":42,"turns":2}],"seed_played":"94313545273248613","potions_obtained":[{"floor":1.0,"key":"AttackPotion"},{"floor":3.0,"key":"EssenceOfSteel"},{"floor":5.0,"key":"Strength Potion"},{"floor":10.0,"key":"LiquidBronze"},{"floor":12.0,"key":"LiquidMemories"},{"floor":20.0,"key":"LiquidBronze"},{"floor":21.0,"key":"Block Potion"},{"floor":22.0,"key":"AttackPotion"},{"floor":31.0,"key":"Energy Potion"},{"floor":41,"key":"LiquidBronze"}],"is_trial":false,"path_per_floor":["M","M","M","M","M","R","E","M","T","M","R","E","M","?","R","B",null,"M","M","M","M","M","R","M","R","T","M","R","T","T","M","R","B",null,"M","M","?","?","T","E","M","E"],"character_chosen":"DEFECT","items_purchased":[],"campfire_rested":3,"item_purchase_floors":[],"current_hp_per_floor":[57,57,57,56,54,54,38,23,23,7,28,8,6,6,27,15,57,49,49,46,33,33,33,30,30,30,18,18,18,18,16,37,23,59,54,53,53,40,40,22,3,0,0],"gold":538,"neow_bonus":"THREE_RARE_CARDS","is_daily":false,"chose_seed":false,"campfire_upgraded":4,"win_rate":0.0,"timestamp":1609367916,"path_taken":["M","M","M","M","M","R","E","M","T","M","R","E","M","?","R","BOSS","M","?","M","?","M","R","M","R","T","M","R","?","?","?","R","BOSS","M","M","?","?","?","E","?","E"],"items_purchased_type":[],"build_version":"2020-12-22","purchased_purges":0,"victory":false,"max_hp_per_floor":[71,71,71,71,71,71,71,71,71,71,71,71,71,71,71,71,71,71,71,71,71,71,71,71,71,71,71,71,71,71,71,71,71,71,71,71,71,71,71,71,71,71,71],"relic_stats":{"Dream Catcher":1,"counters":[25,154],"Ornamental Fan":[212],"Bronze Scales":[42],"Tiny Chest":2,"MealTicket":0,"Pen Nib":[24],"Boot":[168],"obtain_stats":[{"SlaversCollar":34,"Dream Catcher":30,"Ornamental Fan":7,"Bronze Scales":39,"Tiny Chest":14,"MealTicket":29,"Pen Nib":12,"Cracked Core":0,"Boot":9,"Symbiotic Virus":40,"Runic Pyramid":17},{"SlaversCollar":20,"Dream Catcher":18,"Ornamental Fan":6,"Bronze Scales":22,"Tiny Chest":10,"MealTicket":18,"Pen Nib":9,"Cracked Core":0,"Boot":7,"Symbiotic Virus":23,"Runic Pyramid":11},{"SlaversCollar":122,"Dream Catcher":101,"Ornamental Fan":27,"Bronze Scales":132,"Tiny Chest":47,"MealTicket":101,"Pen Nib":41,"Cracked Core":0,"Boot":33,"Symbiotic Virus":144,"Runic Pyramid":58}]},"card_choices":[{"not_picked":["Biased Cognition","Rainbow"],"picked":"All For One","floor":0.0},{"not_picked":["Blizzard","Coolheaded"],"picked":"Reinforced Body","floor":1.0},{"not_picked":["Cold Snap","Chaos"],"picked":"Double Energy","floor":2.0},{"not_picked":["Scrape","Beam Cell"],"picked":"Go for the Eyes","floor":3.0},{"not_picked":["Cold Snap","Streamline"],"picked":"Turbo","floor":4.0},{"not_picked":["Conserve Battery","Coolheaded"],"picked":"Aggregate","floor":5.0},{"not_picked":["Rainbow","Ball Lightning"],"picked":"All For One","floor":7.0},{"not_picked":["Steam","Leap"],"picked":"Defragment","floor":8.0},{"not_picked":["Tempest","Redo"],"picked":"Auto Shields","floor":10.0},{"not_picked":["Lockon","Steam"],"picked":"Glacier","floor":12.0},{"not_picked":["Turbo","Creative AI"],"picked":"Gash","floor":13.0},{"not_picked":["Rainbow","Creative AI"],"picked":"Reboot","floor":16.0},{"not_picked":["Sweeping Beam","Compile Driver"],"picked":"Go for the Eyes","floor":18.0},{"not_picked":["Ball Lightning+1","Compile Driver","Rip and Tear"],"picked":"SKIP","floor":19.0},{"not_picked":["White Noise","Skim"],"picked":"Turbo+1","floor":20.0},{"not_picked":["Coolheaded","Fusion"],"picked":"Reinforced Body","floor":21.0},{"not_picked":["Sweeping Beam","Leap"],"picked":"Hello World","floor":22.0},{"not_picked":["Ball Lightning","Compile Driver","Darkness"],"picked":"SKIP","floor":24.0},{"not_picked":["All For One","Go for the Eyes"],"picked":"Defragment","floor":27.0},{"not_picked":["Coolheaded","Leap"],"picked":"Rebound","floor":31.0},{"not_picked":["Steam","Ball Lightning"],"picked":"Gash","floor":32.0},{"not_picked":["Multi-Cast","Buffer"],"picked":"Seek","floor":33},{"not_picked":["Steam","Leap"],"picked":"Redo+1","floor":35},{"not_picked":["Redo","Turbo","Consume"],"picked":"SKIP","floor":36},{"not_picked":["Melter","Coolheaded"],"picked":"Tempest","floor":40},{"not_picked":["Chill","Redo"],"picked":"Coolheaded+1","floor":41}],"player_experience":1451980,"relics_obtained":[{"floor":7.0,"key":"Ornamental Fan"},{"floor":9.0,"key":"Boot"},{"floor":12.0,"key":"Pen Nib"},{"floor":14.0,"key":"Tiny Chest"},{"floor":29.0,"key":"MealTicket"},{"floor":30.0,"key":"Dream Catcher"},{"floor":39,"key":"Bronze Scales"},{"floor":40,"key":"Symbiotic Virus"}],"event_choices":[{"damage_healed":0.0,"max_hp_gain":0.0,"max_hp_loss":0.0,"gold_gain":0.0,"event_name":"Wheel of Change","player_choice":"Relic","floor":14.0,"gold_loss":0.0,"damage_taken":0.0},{"damage_healed":0,"gold_gain":0,"player_choice":"Ignored","damage_taken":0,"max_hp_gain":0,"max_hp_loss":0,"event_name":"Tomb of Lord Red Mask","floor":37,"gold_loss":0},{"damage_healed":0,"gold_gain":0,"player_choice":"Embrace Madness","damage_taken":13,"max_hp_gain":0,"max_hp_loss":0,"event_name":"Winding Halls","floor":38,"gold_loss":0,"cards_obtained":["Madness","Madness"]}],"is_beta":false,"boss_relics":[{"not_picked":["Cursed Key","Snecko Eye"],"picked":"Runic Pyramid"},{"not_picked":["Fusion Hammer","FrozenCore"],"picked":"SlaversCollar"}],"items_purged_floors":[],"is_endless":false,"potions_floor_spawned":[1,3,5,10,12,13,20,21,22,31,33,41],"killed_by":"Reptomancer","ascension_level":15}}