{"host":"xlxcdpipts2sgx0a","time":1609330541,"event":{"mods":["Aspiration","Astrologer","BaseMod","CavMod","Friendly Minions","GungeonMod","HololiveMod","KinomotoSakuraMod(Ä¾Ö®±¾Ó£)","Kiyohime£¨Çå¼§£©","Koishi","LagranYue(À­¸ñÀÊ¡¤ÔÂ)","Marisa£¨ìFÓê¡¡Ä§ÀíÉ³£©","Minty Spire (QoL Compilation)","Nova Terra(ÅµÍÞ¡¤Ì©À­)","Permanent Neow","Prisma Mod","Reimu£¨²©ÀöÁéÃÎ£©","RumiaBox-Â¶Ã×æ«µÄÉñÃØºÐ×Ó","StSLib","Td1madao Mod","TestMod","The Bug Knight","The Mystic","Yohane!","Youmu£¨»êÆÇÑýÃÎ£©","Yuri Mod","[IsaacMod]ÒÔÈö¼âËþ"],"gold_per_floor":[79,94,169,181,200,346,346,375,446,500,28,55,70,89,89,194,194,323,323,323,323,343,343,455,39,39,39,618,631,643,655,772,772,772,680,680,693,706,460,460,460,490,490,522,522,522,522,552,572,582,582,582],"floor_reached":53,"playtime":5502,"items_purged":[],"score":1081,"play_id":"45c395fd-6171-41d6-a68f-0b1477d8b8ab","local_time":"20201230201541","is_ascension_mode":false,"campfire_choices":[{"data":"Hololive_CallTsunomakiWatame","floor":10,"key":"SMITH"},{"floor":15,"key":"RECALL"},{"data":"Hololive_CallNakiriAyame","floor":23,"key":"SMITH"},{"data":"Hololive_SummonFox","floor":27,"key":"SMITH"},{"data":"Hololive_CallOzoraSubaru","floor":33,"key":"SMITH"},{"floor":43,"key":"DIG"},{"floor":46,"key":"DIG"},{"floor":51,"key":"DIG"}],"circlet_count":0,"master_deck":["Hololive_Strike","Hololive_ManjiGathering","Hololive_CallHoushouMarine","Hololive_CallCivia","Hololive_CallNakiriAyame+1","Hololive_CallYuzukiChoco","Hololive_CallShiranuiFlare","Hololive_Teleport","Hololive_CallDoris","Hololive_StarCraft","Hololive_CallTokoyamiTowa","Malaise","Hololive_CallTsunomakiWatame+1","Hololive_CallOzoraSubaru+1","Hololive_OpenUp","Hololive_SummonFox+1","Hololive_CallMurasakiShion","Hololive_WolfAndLamb","Hololive_FlyingPonyTail","Hololive_AWSL","SuperPerseids","Hololive_IdolExercise","Hololive_WolfAndLamb","EscapeVelocity","ClowCardTheMove+1","Clumsy","EscapeVelocity+1","Magnetism+1","Master of Strategy","Hololive_SummonFox","Magnetism+1","Doubt","HollowMod:ChannelNail","Hololive_CallHoushouMarine","ClowCardTheBubbles+1"],"relics":["Hololive_TheStar","testmod-TestBox","HushsDoor","LagranYue:RandomDrawCardRelic","testmod-ChristmasGift","YumHeart","aspiration:Nostalgia","LagranYue:ArmsProficiencyRelics","BloodDonationBag","SharpPlug","testmod-LifeArmor","RuthlessExorcism:ReiMu","testmod-AssaultLearning","DemoMod:BlueGuonStone","Baka2","testmod-NegativeEmotionEnhancer","PrismaticShard","Pantograph","SumBook","MagicDraw3","DemoMod:RatBoots","DemoMod:ResourcefulSack","DemoMod:PartiallyEatenCheese","testmod-BatchProcessingSystem","testmod-Fanaticism","Shovel","Oddly Smooth Stone","Orichalcum","LagranYue:MagicReflectiveArmorRelic","Eternal Feather","yuri:PortableGlitches","testmod-HeartOfStrike"],"acts_visited":["Exordium","TheCity","TheCity","TheBeyond"],"potions_floor_usage":[6,13,13,22,22,24,28,28,28,29,29,29,34,34,34,34,35,35,35,37,37,48,48,48,52],"damage_taken":[{"damage":0,"enemies":"Jaw Worm","floor":1,"turns":3},{"damage":2,"enemies":"2 Louse","floor":2,"turns":2},{"damage":0,"enemies":"Small Slimes","floor":4,"turns":4},{"damage":0,"enemies":"2 Fungi Beasts","floor":5,"turns":3},{"damage":0,"enemies":"HollowMod:MossKnight","floor":6,"turns":4},{"damage":0,"enemies":"Large Slime","floor":8,"turns":3},{"damage":0,"enemies":"Gremlin Nob","floor":12,"turns":4},{"damage":0,"enemies":"Exordium Wildlife","floor":13,"turns":3},{"damage":0,"enemies":"Blue Slaver","floor":14,"turns":3},{"damage":0,"enemies":"The Guardian","floor":16,"turns":4},{"damage":0,"enemies":"3 Byrds","floor":18,"turns":2},{"damage":0,"enemies":"Chosen","floor":22,"turns":3},{"damage":0,"enemies":"Gremlin Leader","floor":24,"turns":4},{"damage":0,"enemies":"DemoMod:Veteran_shot_gun_kin_and_red_shotgun_kin","floor":28,"turns":1},{"damage":0,"enemies":"DemoMod:4_Bullet_Kins","floor":29,"turns":3},{"damage":0,"enemies":"DemoMod:Veteran_shot_gun_kin_and_blue_shotgun_kin","floor":30,"turns":2},{"damage":0,"enemies":"DemoMod:Veteran_shot_gun_kin_and_blue_shotgun_kin_with_gunsinger","floor":31,"turns":2},{"damage":0,"enemies":"DemoMod:Red_and_blue_shotgun_kin_with_gunsinger","floor":32,"turns":4},{"damage":0,"enemies":"DemoMod:ResourcefulRat","floor":35,"turns":11},{"damage":0,"enemies":"3 Shapes","floor":37,"turns":3},{"damage":0,"enemies":"Orb Walker","floor":38,"turns":3},{"damage":0,"enemies":"Giant Head","floor":42,"turns":4},{"damage":0,"enemies":"HollowMod:StalkingDevout","floor":44,"turns":4},{"damage":0,"enemies":"Giant Head","floor":48,"turns":2},{"damage":0,"enemies":"4 Shapes","floor":49,"turns":3},{"damage":0,"enemies":"Sphere and 2 Shapes","floor":50,"turns":3},{"damage":2,"enemies":"Awakened One","floor":52,"turns":4}],"seed_played":"5134817785878604079","potions_obtained":[{"floor":1,"key":"FearPotion"},{"floor":4,"key":"DemoMod:LeadSkinPotion"},{"floor":5,"key":"Dexterity Potion"},{"floor":12,"key":"SkillPotion"},{"floor":14,"key":"SteroidPotion"},{"floor":24,"key":"Block Potion"},{"floor":29,"key":"Explosive Potion"},{"floor":31,"key":"ZuzhouPotion:ReiMu"},{"floor":32,"key":"DemoMod:LeadSkinPotion"},{"floor":38,"key":"FearPotion"},{"floor":42,"key":"Regen Potion"},{"floor":44,"key":"PowerPotion"},{"floor":50,"key":"ColorlessPotion"}],"is_trial":false,"path_per_floor":["M","M","?","M","M","E","?","M","T","R","$","E","M","M","R","B",null,"M","?","?","?","M","R","E","$","T","R","M","M","M","M","M","R","B","B",null,"M","M","$","?","?","E","R","E","T","R","?","E","M","M","R","B",null],"character_chosen":"Hololive_HololiveCharacter","items_purchased":["testmod-LifeArmor","RuthlessExorcism:ReiMu","DemoMod:GnawedKey","Hololive_CallOzoraSubaru","SumBook","Hololive_WolfAndLamb","Master of Strategy","Hololive_SummonFox"],"campfire_rested":0,"item_purchase_floors":[11,11,11,11,25,25,39,39],"current_hp_per_floor":[35,39,28,31,33,40,40,38,38,16,16,24,29,33,33,41,41,37,37,29,29,35,35,20,20,46,46,48,44,51,54,56,56,58,59,59,61,63,63,63,63,65,65,67,67,67,67,69,71,73,73,75],"gold":582,"neow_bonus":"NOSTALGIA","is_daily":false,"chose_seed":false,"campfire_upgraded":4,"win_rate":0.0,"timestamp":1609330541,"path_taken":["M","M","?","M","M","E","?","M","T","R","$","E","M","M","R","BOSS","M","?","?","?","M","R","E","$","T","R","M","M","M","M","M","R","BOSS","BOSS","M","?","$","?","?","E","R","E","T","R","?","E","M","M","R","BOSS"],"items_purchased_type":["Relic","Relic","Relic","Card","Relic","Card","Card","Card"],"build_version":"2020-12-22","purchased_purges":0,"victory":true,"max_hp_per_floor":[35,41,41,41,41,41,41,41,41,41,41,41,41,41,41,41,41,42,42,42,42,44,44,46,46,46,46,48,50,52,54,56,56,58,59,59,61,63,63,63,63,65,65,67,67,67,67,69,71,73,73,75],"card_choices":[{"not_picked":["Hololive_OvertimeWork","Hololive_Trident","Hololive_HuntDinosaur"],"picked":"Hololive_Teleport","floor":1},{"not_picked":["Hololive_CallYuzukiChoco","Hololive_ManjiGathering","Hololive_Psychosis","Hololive_Trident"],"picked":"SKIP","floor":2},{"not_picked":["Hololive_RevenueBasedLive","Hololive_CallYuzukiChoco","Hololive_CallShiroganeNoel"],"picked":"Hololive_CallDoris","floor":4},{"not_picked":["Hololive_RevenueBasedLive","Hololive_StrengthChampion","Hololive_Drill"],"picked":"Hololive_StarCraft","floor":5},{"not_picked":["Hololive_OvertimeWork","Hololive_FlyingPonyTail","Hololive_CallAyundaRisu"],"picked":"Hololive_CallTokoyamiTowa","floor":6},{"not_picked":["Hololive_Psychosis","Hololive_CallHoushouMarine","Hololive_Drill"],"picked":"Hololive_CallTsunomakiWatame","floor":8},{"not_picked":["Hololive_RevenueBasedLive","Hololive_Psychosis","Hololive_OvertimeWork"],"picked":"Hololive_OpenUp","floor":12},{"not_picked":["Hololive_CallShiroganeNoel","Bomb","Hololive_Sequa"],"picked":"Hololive_SummonFox","floor":13},{"not_picked":["Hololive_OvertimeWork","Hololive_StrengthChampion","Hololive_CallTsunomakiWatame"],"picked":"Hololive_CallMurasakiShion","floor":14},{"not_picked":["Hololive_IdolExercise","Hololive_ASMR","Hololive_FlareMind"],"picked":"Hololive_WolfAndLamb","floor":16},{"not_picked":["Hololive_Drill+1","Hololive_LuckPotion","Hololive_Rebound"],"picked":"Hololive_FlyingPonyTail","floor":18},{"not_picked":["Hololive_Sequa+1","Hololive_Trident","Hololive_BringToTrial"],"picked":"Hololive_AWSL","floor":20},{"not_picked":["yuri:InduceGlitch","HollowMod:DoubleDash+1","Yohane:Culinary_Genius"],"picked":"SuperPerseids","floor":22},{"not_picked":["astrologer:Conjunction","PassingAway:ReiMu","AlertArray:ReiMu","Koishi:ApparitionsStalkTheNight"],"picked":"SKIP","floor":24},{"not_picked":["Hololive_HuntDinosaur+1","CAV:MeteorStrike","PhosphorusFlame:ReiMu","KiyohimeMod:ImaginaryAround+1"],"picked":"SKIP","floor":28},{"not_picked":["Hololive_HuntDinosaur+1","CAV:MeteorStrike","PhosphorusFlame:ReiMu","KiyohimeMod:ImaginaryAround+1"],"picked":"SKIP","floor":28},{"not_picked":["KamiSacrifice:ReiMu+1","Yohane:Wrath+1","PrismaMod:ChloeDiscardRecovery+1","DemoMod:HardPowerCard"],"picked":"SKIP","floor":29},{"not_picked":["yuri:GlitchedStrike+1","CAV:Ponder+1","ClowCardTheMist+1"],"picked":"EscapeVelocity","floor":30},{"not_picked":["LagranYue:SkillWoodSpearCard","PhosphoricSlash","yuri:Skip","ClowCardTheVoice+1"],"picked":"SKIP","floor":31},{"not_picked":["Koishi:PhantomStrike","PrismaMod:IllyaPoisonTippedWeapons+1","PrismaMod:MiyuEvokeAll"],"picked":"ClowCardTheMove+1","floor":32},{"not_picked":["testmod-Arrangement","testmod-Reproduce","Secret Weapon"],"picked":"Magnetism","floor":35},{"not_picked":["astrologer:StarOfMisfortune+1","CutThroughFate","ObsessionSword+1","DemoMod:WhiteBlade"],"picked":"SKIP","floor":37},{"not_picked":["LagranYue:SkillBrokenSwordCard+1","DemoMod:HungryBullets+1","PrismaMod:IllyaBlindPoisonToss+1","GalacticHalo"],"picked":"SKIP","floor":38},{"not_picked":["NovaMod:PredatorMissile+1","ClowCardTheMirror+1","mysticmod:Shield+1","Sub Weapons+1"],"picked":"SKIP","floor":42},{"not_picked":["DemoMod:SAA+1","DemoMod:LifeOrb+1","ClowCardTheGlow","BarrageOfMoneybags:ReiMu"],"picked":"SKIP","floor":44},{"not_picked":["yuri:yuriHeavyStrike","Cursed Blade+1","mysticmod:ChargedParry+1"],"picked":"HollowMod:ChannelNail","floor":48},{"not_picked":["DemoMod:GunstockTap+1","InherentArray:ReiMu","yuri:GlitchedStrike","EmptyFist"],"picked":"SKIP","floor":49},{"not_picked":["astrologer:Trine","astrologer:Justice","mysticmod:Probe+1","mysticmod:LightningBolt"],"picked":"SKIP","floor":49},{"not_picked":["Koishi:SprinkleStarAndHeart","testmod-LifeRuler","Koishi:VengefulSpirit","yuri:ThrowBook"],"picked":"SKIP","floor":49},{"not_picked":["HollowMod:LifebloodCocoon","CAV:WaveCannon","PrismaMod:IllyaBoysLove+1","DemoMod:DirectionalPad+1"],"picked":"SKIP","floor":49},{"not_picked":["EmptyMind+1","PrismaMod:MiyuCheapChannelRandom+1","PathToVictory+1"],"picked":"ClowCardTheBubbles+1","floor":50}],"player_experience":178835,"relics_obtained":[{"floor":1,"key":"Baka"},{"floor":6,"key":"BloodDonationMachine"},{"floor":9,"key":"SharpPlug"},{"floor":12,"key":"testmod-AssaultLearning"},{"floor":12,"key":"DemoMod:BlueGuonStone"},{"floor":16,"key":"Baka2"},{"floor":20,"key":"PrismaticShard"},{"floor":24,"key":"Pantograph"},{"floor":35,"key":"MagicDraw3"},{"floor":36,"key":"DemoMod:RatBoots"},{"floor":36,"key":"DemoMod:ResourcefulSack"},{"floor":36,"key":"DemoMod:PartiallyEatenCheese"},{"floor":36,"key":"testmod-BatchProcessingSystem"},{"floor":36,"key":"testmod-Fanaticism"},{"floor":42,"key":"Shovel"},{"floor":43,"key":"Oddly Smooth Stone"},{"floor":44,"key":"Orichalcum"},{"floor":45,"key":"LagranYue:MagicReflectiveArmorRelic"},{"floor":46,"key":"Eternal Feather"},{"floor":48,"key":"yuri:PortableGlitches"},{"floor":51,"key":"testmod-HeartOfStrike"}],"event_choices":[{"damage_healed":0,"gold_gain":75,"player_choice":"Gather Gold","damage_taken":11,"max_hp_gain":0,"max_hp_loss":0,"event_name":"World of Goop","floor":3,"gold_loss":0},{"damage_healed":0,"gold_gain":0,"player_choice":"Ignored","damage_taken":0,"max_hp_gain":0,"max_hp_loss":0,"event_name":"Ghosts","floor":19,"gold_loss":0},{"damage_healed":0,"gold_gain":0,"player_choice":"Upgraded","damage_taken":0,"max_hp_gain":0,"max_hp_loss":0,"event_name":"Upgrade Shrine","floor":40,"gold_loss":0,"cards_upgraded":["Magnetism"]},{"damage_healed":0,"gold_gain":0,"player_choice":"Copied","damage_taken":0,"max_hp_gain":0,"max_hp_loss":0,"event_name":"Duplicator","floor":41,"gold_loss":0,"cards_obtained":["Magnetism"]},{"cards_removed":["Dagger Throw"],"damage_healed":0,"gold_gain":0,"player_choice":"Removed Attack","damage_taken":0,"max_hp_gain":0,"max_hp_loss":0,"event_name":"Falling","floor":47,"gold_loss":0}],"is_beta":false,"boss_relics":[{"not_picked":["Coffee Dripper","testmod-Recursion"],"picked":"testmod-NegativeEmotionEnhancer"},{"not_picked":[]},{"not_picked":[]}],"items_purged_floors":[],"is_endless":false,"potions_floor_spawned":[1,4,5,12,14,22,24,29,31,32,38,42,44,50],"ascension_level":0}}