{"host":"rnys9sj607vajavv","time":1609336879,"event":{"mods":["BaseMod","Colored Map","Downfall","Minty Spire (QoL Compilation)","StSLib"],"gold_per_floor":[99,99,99,99,27,27,27,57,76,107,107,157,157,157,185,283,283,283,283,133,133,133,133,133,133,133,133,133,37,37,37,37,37,37,37,37,37,22,22,22,22,22,22,22,22,22,22,22,22,22,22,22,22,22],"floor_reached":52,"playtime":4773,"items_purged":[],"score":935,"play_id":"4ccb5393-d93f-4023-b704-a4fec02bc3aa","local_time":"20201230060119","is_ascension_mode":true,"campfire_choices":[{"data":"champ:Taunt","floor":1,"key":"SMITH"},{"data":"champ:SwordSigil","floor":11,"key":"SMITH"},{"floor":13,"key":"REST"},{"floor":18,"key":"RECALL"},{"data":"champ:Control","floor":30,"key":"SMITH"},{"data":"Ghostly","floor":35,"key":"SMITH"},{"data":"champ:Backstep","floor":40,"key":"SMITH"},{"data":"champ:Encircle","floor":42,"key":"SMITH"},{"data":"champ:RecklessLeap","floor":46,"key":"SMITH"}],"circlet_count":0,"master_deck":["champ:Strike","champ:Strike","champ:Strike","champ:Strike","champ:Defend","champ:Defend","champ:Defend","champ:Defend","champ:Execute","champ:Taunt+1","champ:AdrenalArmor","champ:Encircle+1","champ:Control+1","champ:SwordSigil+1","champ:GutPunch","Ghostly+1","champ:SwordSigil+1","champ:Backstep+1","champ:Encircle+1","champ:Backstep+1","champ:Encircle","champ:AdrenalArmor","champ:RecklessLeap+1","champ:Encircle+1"],"relics":["champ:ChampionCrown","downfall:HeartsMalice","champ:SignatureFinisher","Gremlin Horn","Juzu Bracelet","CeramicFish","downfall:Hecktoplasm","champ:BerserkersGuideToSlaughter","Bird Faced Urn","Centennial Puzzle","Torii","Red Mask","downfall:HeartBlessingGreen","downfall:HeartBlessingRed","SacredBark","downfall:HeartBlessingBlue","Vajra"],"acts_visited":["Exordium","TheCity","TheBeyond","TheEnding"],"potions_floor_usage":[10,16,16,26,38,52],"damage_taken":[{"damage":0,"enemies":"Small Slimes","floor":2,"turns":1},{"damage":0,"enemies":"Cultist","floor":4,"turns":1},{"damage":0,"enemies":"downfall:FleeingMerchant","floor":5,"turns":1},{"damage":47,"enemies":"3 Sentries","floor":8,"turns":8},{"damage":15,"enemies":"2 Louse","floor":9,"turns":2},{"damage":44,"enemies":"Gremlin Nob","floor":10,"turns":3},{"damage":45,"enemies":"Lots of Slimes","floor":15,"turns":3},{"damage":92,"enemies":"downfall:Silent","floor":16,"turns":6},{"damage":58,"enemies":"3 Byrds","floor":19,"turns":4},{"damage":82,"enemies":"Book of Stabbing","floor":23,"turns":6},{"damage":45,"enemies":"Shell Parasite","floor":25,"turns":3},{"damage":46,"enemies":"Gremlin Leader","floor":26,"turns":4},{"damage":67,"enemies":"Masked Bandits","floor":27,"turns":5},{"damage":32,"enemies":"Snake Plant","floor":28,"turns":2},{"damage":22,"enemies":"downfall:FleeingMerchant","floor":29,"turns":4},{"damage":38,"enemies":"Snecko","floor":32,"turns":3},{"damage":60,"enemies":"downfall:Ironclad","floor":33,"turns":4},{"damage":41,"enemies":"3 Darklings","floor":36,"turns":5},{"damage":38,"enemies":"Orb Walker","floor":37,"turns":2},{"damage":82,"enemies":"downfall:FleeingMerchant","floor":38,"turns":4},{"damage":53,"enemies":"Writhing Mass","floor":39,"turns":5},{"damage":0,"enemies":"downfall:FleeingMerchant","floor":43,"turns":1},{"damage":100,"enemies":"Transient","floor":47,"turns":5},{"damage":52,"enemies":"4 Shapes","floor":49,"turns":3},{"damage":96,"enemies":"downfall:Defect","floor":50,"turns":7},{"damage":122,"enemies":"downfall:CharBossMerchant","floor":52,"turns":5}],"seed_played":"-395107246681003970","potions_obtained":[{"floor":8,"key":"EssenceOfSteel"},{"floor":9,"key":"LiquidBronze"},{"floor":10,"key":"SpeedPotion"},{"floor":19,"key":"champ:OpenerPotion"},{"floor":27,"key":"LiquidBronze"},{"floor":28,"key":"Dexterity Potion"},{"floor":32,"key":"champ:TechniquePotion"},{"floor":39,"key":"SneckoOil"}],"is_trial":false,"path_per_floor":["R","M","?","M","$","?","T","E","M","E","R","T","R","?","M","B",null,"R","M","?","?","?","E","T","M","E","?","M","$","R","?","M","B",null,"R","M","M","?","M","R","T","R","$","?","?","R","M","T","M","B",null,"E"],"character_chosen":"THE_CHAMP","items_purchased":["champ:Encircle","champ:Encircle"],"campfire_rested":1,"item_purchase_floors":[5,29],"current_hp_per_floor":[90,90,90,90,90,75,75,52,52,39,39,39,66,66,61,40,90,90,82,82,82,82,45,45,54,74,78,88,95,95,79,89,95,95,95,95,95,95,100,100,100,110,110,110,110,110,110,110,110,115,115,0,0,0],"gold":22,"neow_bonus":"THREE_ENEMY_KILL","is_daily":false,"chose_seed":false,"campfire_upgraded":7,"win_rate":0.0,"timestamp":1609336879,"path_taken":["R","M","?","?","$","?","T","E","?","E","R","?","R","?","M","BOSS","R","M","?","?","?","E","T","M","E","?","M","$","R","?","M","BOSS","R","M","M","?","M","R","T","R","$","?","?","R","M","?","M","BOSS","E"],"items_purchased_type":["Card","Card"],"build_version":"2020-12-22","purchased_purges":0,"victory":false,"max_hp_per_floor":[90,90,90,90,90,90,90,90,90,90,90,90,90,90,90,90,90,90,90,90,90,90,90,90,90,90,90,90,95,95,95,95,95,95,95,95,95,95,100,100,100,110,110,110,110,110,110,110,110,115,115,115,115,115],"card_choices":[{"not_picked":["champ:FanOfKnives","champ:SwordSigil"],"picked":"champ:StanceDance","floor":2},{"not_picked":["champ:BladeFlurry","champ:CrookedStrike"],"picked":"champ:AdrenalArmor","floor":4},{"not_picked":["champ:ShieldWall","champ:FocusedGladiator","champ:BladeFlurry"],"picked":"SKIP","floor":5},{"not_picked":["champ:FlashCut","champ:Duel"],"picked":"champ:Control","floor":8},{"not_picked":["champ:ArenaPreparation","champ:CheapShot"],"picked":"champ:SwordSigil","floor":9},{"not_picked":["champ:FocusedGladiator","champ:Lariat","champ:ShieldSigil"],"picked":"SKIP","floor":10},{"not_picked":["champ:DefensiveStyle","champ:ShieldSigil"],"picked":"champ:GutPunch","floor":15},{"not_picked":["champ:GladiatorsShout","champ:Shatter","champ:Circumvent"],"picked":"SKIP","floor":19},{"not_picked":["champ:RageSigil","champ:CalledShot+1"],"picked":"champ:SwordSigil+1","floor":23},{"not_picked":["champ:PerfectedStrike","champ:BladeFlurry"],"picked":"champ:Backstep","floor":25},{"not_picked":["champ:BladeFlurry","champ:PerfectedStrike","champ:FanOfKnives+1"],"picked":"SKIP","floor":26},{"not_picked":["champ:EndlessRage","champ:CrookedStrike"],"picked":"champ:Encircle+1","floor":27},{"not_picked":["champ:DeathBlow","champ:Duel+1"],"picked":"champ:FightOn","floor":28},{"not_picked":["champ:Riposte","champ:PreciseThrust"],"picked":"champ:Backstep+1","floor":29},{"not_picked":["champ:BladeFlurry","champ:StanceDance","champ:Backstep"],"picked":"SKIP","floor":32},{"not_picked":["champ:IronFortress+1","champ:GladiatorsShout"],"picked":"champ:AdrenalArmor","floor":36},{"not_picked":["champ:Aggression+1","champ:BringItOn+1"],"picked":"champ:FightOn","floor":37},{"not_picked":["champ:BladeFlurry","champ:ShieldSigil+1","champ:CheapShot"],"picked":"SKIP","floor":38},{"not_picked":["champ:BerserkersShout+1","champ:Circumvent","champ:EnGarde"],"picked":"SKIP","floor":39},{"not_picked":["champ:ShieldSigil+1","champ:Backstep"],"picked":"champ:RecklessLeap","floor":43},{"not_picked":["champ:Backstep+1","champ:GutPunch"],"picked":"champ:FightOn","floor":47},{"not_picked":["champ:Circumvent","champ:DeathBlow","champ:BladeFlurry"],"picked":"SKIP","floor":49}],"player_experience":636879,"relics_obtained":[{"floor":7,"key":"champ:SignatureFinisher"},{"floor":8,"key":"Gremlin Horn"},{"floor":10,"key":"Juzu Bracelet"},{"floor":12,"key":"CeramicFish"},{"floor":23,"key":"Bird Faced Urn"},{"floor":24,"key":"Centennial Puzzle"},{"floor":26,"key":"Torii"},{"floor":27,"key":"Red Mask"},{"floor":48,"key":"Vajra"}],"event_choices":[{"cards_removed":["champ:StanceDance"],"damage_healed":5,"gold_gain":0,"player_choice":"Offered Common","damage_taken":0,"max_hp_gain":0,"max_hp_loss":0,"event_name":"Bonfire Elementals","floor":3,"gold_loss":0},{"cards_removed":["champ:StanceDance"],"damage_healed":5,"gold_gain":0,"player_choice":"Offered Special","damage_taken":0,"max_hp_gain":0,"max_hp_loss":0,"event_name":"Bonfire Elementals","floor":3,"gold_loss":0},{"damage_healed":0,"gold_gain":0,"player_choice":"Fought Bandits","damage_taken":0,"max_hp_gain":0,"max_hp_loss":0,"event_name":"Masked Bandits","floor":27,"gold_loss":0},{"damage_healed":0,"gold_gain":0,"player_choice":"Copied","damage_taken":0,"max_hp_gain":0,"max_hp_loss":0,"event_name":"Duplicator","floor":44,"gold_loss":0,"cards_obtained":["champ:Encircle"]},{"damage_healed":0,"gold_gain":0,"player_choice":"Ignored","damage_taken":0,"max_hp_gain":0,"max_hp_loss":0,"event_name":"Transmorgrifier","floor":45,"gold_loss":0}],"is_beta":false,"boss_relics":[{"not_picked":["Empty Cage","champ:ChampionCrownUpgraded"],"picked":"downfall:Hecktoplasm"},{"not_picked":["Runic Dome","Runic Pyramid"],"picked":"SacredBark"}],"items_purged_floors":[],"is_endless":false,"potions_floor_spawned":[8,9,10,19,27,28,32,39,47],"killed_by":"downfall:CharBossMerchant","ascension_level":4}}