{"host":"64h6jdpsiwrne03s","time":1609328525,"event":{"mods":["Act Like it!","BaseMod","Bestiary","Colored Powertips","Gensokyo","Marisa£®ÏF”Í°°ƒß¿Ì…≥£©","Minty Spire (QoL Compilation)","Reimu£®≤©¿ˆ¡È√Œ£©","Remilia£®¿Ÿ√◊¿Ú—«£©","StSLib","The Servant 0.9.4","Youmu£®ªÍ∆«—˝√Œ£©"],"gold_per_floor":[118,145,245,245,258,277,277,308,308,326,326,48,79,96,96,191,191,210,34,134,134,134,161,161,177,177,177,177,206,239,274,274,369,369,387,387,387,387,404,736,676,676,676,686,700,731,731,731,731,731,731,731,9,42,42],"floor_reached":56,"playtime":5824,"items_purged":["OctopathSalyBorderN:ReiMu","Strike_Lin:ReiMu"],"score":1704,"play_id":"dacd7d77-8f49-46e0-92b3-7d8740795bb0","local_time":"20201230194205","is_ascension_mode":true,"campfire_choices":[{"data":"TightArray:ReiMu","floor":7.0,"key":"SMITH"},{"data":"DependentForm:ReiMu","floor":15.0,"key":"SMITH"},{"data":"KamiRite:ReiMu","floor":24,"key":"SMITH"},{"floor":27,"key":"RECALL"},{"floor":32,"key":"REST"},{"data":"SubcavityFantasy:ReiMu","floor":42,"key":"SMITH"},{"data":"SubcavityFantasy:ReiMu","floor":49,"key":"SMITH"},{"data":"Dreaming:ReiMu","floor":52,"key":"SMITH"}],"circlet_count":0,"master_deck":["Strike_Lin:ReiMu","Strike_Lin:ReiMu","Defend_Lin:ReiMu","Defend_Lin:ReiMu","Defend_Lin:ReiMu","Defend_Lin:ReiMu","NB:ReiMu","Stagnation:ReiMu","TightArray:ReiMu+1","RainPray2:ReiMu","DependentForm:ReiMu+1","TightArray:ReiMu","YinYang:ReiMu","FantasyMoon:ReiMu","SubAcupoint:ReiMu+1","KamiRite:ReiMu+1","FoulBorder2:ReiMu+1","OctopathBindingBorder2:ReiMu","SubcavityFantasy:ReiMu+1","SubcavityFantasy:ReiMu+1","FantasyMoon:ReiMu+1","Dreaming:ReiMu+1","Gensokyo:MorningStar+1"],"relics":["FlyPower:ReiMu","NeowsBlessing","Toy Ornithopter","Thread and Needle","BodyOfKamiR:ReiMu","WingedGreaves","ClockworkSouvenir","Question Card","Oddly Smooth Stone","Black Star","Dead Branch","StoneCalendar","Calipers","White Beast Statue","Potion Belt","PreservedInsect","Matryoshka","Blue Candle","Pocketwatch","Bow_fan:ReiMu","Singing Bowl","Happy Flower","The Courier","DonationBox:ReiMu","Gensokyo:EmptyGrave","Mango","Gensokyo:DualWield","Old Coin","Kunai","Strawberry","Darkstone Periapt","RuthlessExorcism:ReiMu","Gremlin Horn","CheatingSign:ReiMu","Gambling Chip","PureWhite:ReiMu","Mercury Hourglass","Sundial"],"acts_visited":["Gensokyo:Gensokyo","Gensokyo:Gensokyoer","Gensokyo:Gensokyoest","TheEnding"],"potions_floor_usage":[27,30,40,40,54,55,55,55,55,55],"damage_taken":[{"damage":0.0,"enemies":"Gensokyo:3_Fairies","floor":1.0,"turns":2.0},{"damage":0.0,"enemies":"Gensokyo:Mamizou","floor":2.0,"turns":2.0},{"damage":0.0,"enemies":"Gensokyo:Python","floor":5.0,"turns":1.0},{"damage":8.0,"enemies":"Gensokyo:2_Kodama","floor":6.0,"turns":6.0},{"damage":10.0,"enemies":"Gensokyo:Mamizou","floor":8.0,"turns":9.0},{"damage":4.0,"enemies":"Gensokyo:Gryphon_and_Rabbit","floor":10.0,"turns":6.0},{"damage":0.0,"enemies":"Gensokyo:Aya","floor":13.0,"turns":6.0},{"damage":0.0,"enemies":"Gensokyo:VengefulSpirit","floor":14.0,"turns":5.0},{"damage":26.0,"enemies":"Gensokyo:Yukari","floor":16.0,"turns":8.0},{"damage":5.0,"enemies":"Gensokyo:AngelMirror","floor":18.0,"turns":5.0},{"damage":13.0,"enemies":"Gensokyo:AngelMirror","floor":20.0,"turns":10.0},{"damage":0,"enemies":"Gensokyo:Koishi","floor":23,"turns":7},{"damage":0,"enemies":"Gensokyo:Chomper","floor":25,"turns":5},{"damage":11,"enemies":"Gensokyo:Tenshi","floor":29,"turns":5},{"damage":3,"enemies":"Gensokyo:Reisen","floor":30,"turns":6},{"damage":2,"enemies":"Gensokyo:Tenshi","floor":31,"turns":5},{"damage":14,"enemies":"Gensokyo:Kaguya","floor":33,"turns":9},{"damage":0,"enemies":"Gensokyo:AncientGuardian","floor":35,"turns":6},{"damage":9,"enemies":"Gensokyo:3_Bats","floor":39,"turns":2},{"damage":15,"enemies":"Gensokyo:Kasen","floor":40,"turns":3},{"damage":21,"enemies":"Gensokyo:AtlasGolem","floor":44,"turns":6},{"damage":2,"enemies":"Gensokyo:3_Boulders","floor":45,"turns":5},{"damage":0,"enemies":"Gensokyo:Doremy","floor":46,"turns":5},{"damage":6,"enemies":"Gensokyo:Doremy","floor":48,"turns":5},{"damage":10,"enemies":"Gensokyo:Shinki","floor":50,"turns":12},{"damage":22,"enemies":"Shield and Spear","floor":54,"turns":4},{"damage":26,"enemies":"The Heart","floor":55,"turns":7}],"seed_played":"-746071113025268625","potions_obtained":[{"floor":2.0,"key":"Block Potion"},{"floor":5.0,"key":"BottledKami:ReiMu"},{"floor":6.0,"key":"BlessingOfTheForge"},{"floor":14.0,"key":"BottledKami:ReiMu"},{"floor":18.0,"key":"PinkPotion:ReiMu"},{"floor":25,"key":"Fruit Juice"},{"floor":29,"key":"Weak Potion"},{"floor":30,"key":"Strength Potion"},{"floor":31,"key":"PowerPotion"},{"floor":33,"key":"PinkPotion:ReiMu"},{"floor":40,"key":"BlessingOfTheForge"},{"floor":44,"key":"BottledKami:ReiMu"},{"floor":45,"key":"DistilledChaos"},{"floor":54,"key":"Dexterity Potion"}],"is_trial":false,"path_per_floor":["M","?","?","?","M","M","R","E","T","M","?","COS","E","M","R","B",null,"M","COS","?","?","?","E","R","M","T","R","?","E","E","E","R","B",null,"M","?","?","?","M","E","$","R","T","M","M","E","?","?","R","B",null,"R","$","E","B",null],"character_chosen":"REIMU","items_purchased":["CheatingSign:ReiMu","Gambling Chip","PureWhite:ReiMu","ZuzhouPotion:ReiMu"],"campfire_rested":1,"item_purchase_floors":[53,53,53,53],"current_hp_per_floor":[65,65,65,65,65,57,57,47,47,43,30,30,35,35,35,14,52,47,47,34,34,34,34,34,34,34,44,44,33,35,35,56,42,65,65,65,53,53,74,70,70,70,77,58,58,60,60,60,60,50,86,86,86,71,70],"gold":42,"neow_bonus":"THREE_ENEMY_KILL","is_daily":false,"chose_seed":false,"campfire_upgraded":6,"win_rate":0.0,"timestamp":1609328525,"path_taken":["M","?","?","?","?","M","R","E","T","M","?","COS","E","M","R","BOSS","M","COS","?","?","?","E","R","M","T","R","?","E","E","E","R","BOSS","M","?","?","?","M","E","$","R","T","M","M","E","?","?","R","BOSS","R","$","E","BOSS"],"items_purchased_type":["Relic","Relic","Relic","Potion"],"build_version":"2020-12-22","purchased_purges":2,"victory":true,"max_hp_per_floor":[65,65,65,65,65,65,65,65,65,65,65,65,65,65,65,65,65,65,65,65,65,65,65,65,65,65,70,70,70,70,72,72,72,72,72,67,81,81,83,85,85,85,92,94,96,98,98,98,98,98,98,98,98,100,100],"card_choices":[{"not_picked":["Enchanting:ReiMu","SubAcupoint:ReiMu"],"picked":"TightArray:ReiMu","floor":1.0},{"not_picked":["Meditation:ReiMu","MountainWay:ReiMu","Conquer:ReiMu"],"picked":"SKIP","floor":2.0},{"not_picked":["SafetyPray:ReiMu","ManaGlint:ReiMu"],"picked":"RainPray2:ReiMu","floor":4.0},{"not_picked":["TakeOff:ReiMu","Meditation:ReiMu"],"picked":"DependentForm:ReiMu","floor":4.0},{"not_picked":["PhosphorusFlame:ReiMu","SubAcupoint:ReiMu","Amulet:ReiMu"],"picked":"SKIP","floor":5.0},{"not_picked":["SubAcupoint:ReiMu","AirStrike:ReiMu","Mountainwind:ReiMu"],"picked":"SKIP","floor":6.0},{"not_picked":["Gathering:ReiMu","SubAcupoint:ReiMu"],"picked":"TightArray:ReiMu","floor":8.0},{"not_picked":["Conquer:ReiMu","WonderfulDomain:ReiMu"],"picked":"YinYang:ReiMu","floor":10.0},{"not_picked":["Dreaming2:ReiMu","BarrageOfMoneybags:ReiMu","AlertArray:ReiMu"],"picked":"SKIP","floor":13.0},{"not_picked":["PrepareRite:ReiMu","TakeOff:ReiMu","SubAcupoint:ReiMu"],"picked":"FantasyMoon:ReiMu","floor":14.0},{"not_picked":["KyokaiOfKami:ReiMu","CeremonyResonance:ReiMu","PrayRite:ReiMu"],"picked":"OctopathSalyBorderN:ReiMu","floor":16.0},{"not_picked":["SubAcupoint:ReiMu","DoubleButterfly:ReiMu","WonderfulDomain:ReiMu","CareerPray:ReiMu+1"],"picked":"SKIP","floor":18.0},{"not_picked":["MikOfLucky:ReiMu","Meditation:ReiMu","SealNeedle:ReiMu+1"],"picked":"SubAcupoint:ReiMu+1","floor":20.0},{"not_picked":["Free:ReiMu","CardOfSanctity:ReiMu","Shading:ReiMu"],"picked":"KamiRite:ReiMu","floor":23},{"not_picked":["AlertArray:ReiMu","SubAcupoint:ReiMu","SpringWay:ReiMu","Crusade:ReiMu"],"picked":"SKIP","floor":23},{"not_picked":["CareerPray:ReiMu","SafetyPray:ReiMu","Amulet:ReiMu"],"picked":"FoulBorder2:ReiMu+1","floor":25},{"not_picked":["TightArray:ReiMu","Amulet:ReiMu","SealNeedle:ReiMu+1"],"picked":"OctopathBindingBorder2:ReiMu","floor":29},{"not_picked":["CareerPray:ReiMu+1","SpringWay:ReiMu","SpreadBorder2:ReiMu+1"],"picked":"SubcavityFantasy:ReiMu","floor":30},{"not_picked":["AlertArray:ReiMu+1","Meditation:ReiMu","OrbThrow:ReiMu","AirStrike:ReiMu"],"picked":"Singing Bowl","floor":31},{"not_picked":["KyokaiOfKami:ReiMu","Free:ReiMu","Determination:ReiMu"],"picked":"SubcavityFantasy:ReiMu","floor":33},{"not_picked":["TakeOff:ReiMu","EmergencyTakeOff:ReiMu","Meditation:ReiMu"],"picked":"FantasyMoon:ReiMu+1","floor":35},{"not_picked":["Amulet:ReiMu+1","CareerPray:ReiMu+1","FantasyBorder:ReiMu+1","LovePray:ReiMu+1"],"picked":"Singing Bowl","floor":39},{"not_picked":["LearningPray:ReiMu+1","BarrageOfMoneybags:ReiMu","HakureiPhantom:ReiMu","FantasyBorder:ReiMu+1"],"picked":"Singing Bowl","floor":40},{"not_picked":["Meditation:ReiMu","Amulet:ReiMu+1","CareerPray:ReiMu+1","SafetyPray:ReiMu"],"picked":"Singing Bowl","floor":44},{"not_picked":["DependentForm:ReiMu","SafetyPray:ReiMu+1","Enchanting:ReiMu","SubcavityInstant:ReiMu+1"],"picked":"Singing Bowl","floor":45},{"not_picked":["SpiritualOutbreak2:ReiMu+1","FineLineFantasy:ReiMu","Gathering:ReiMu","WonderfulDomain:ReiMu+1"],"picked":"Singing Bowl","floor":46},{"not_picked":["Gensokyo:LifeSpringInfinity+1","Gensokyo:DreamlikeParadise+1"],"picked":"Gensokyo:MorningStar+1","floor":48},{"not_picked":["CollectionFlower2:ReiMu","MountainWay:ReiMu","SafetyPray:ReiMu","Intuition:ReiMu"],"picked":"Singing Bowl","floor":54}],"player_experience":312822,"relics_obtained":[{"floor":2.0,"key":"Toy Ornithopter"},{"floor":8.0,"key":"Thread and Needle"},{"floor":9.0,"key":"BodyOfKamiR:ReiMu"},{"floor":13.0,"key":"Question Card"},{"floor":20.0,"key":"StoneCalendar"},{"floor":20.0,"key":"Calipers"},{"floor":23,"key":"White Beast Statue"},{"floor":23,"key":"Potion Belt"},{"floor":29,"key":"Matryoshka"},{"floor":29,"key":"Blue Candle"},{"floor":30,"key":"Bow_fan:ReiMu"},{"floor":30,"key":"Singing Bowl"},{"floor":31,"key":"Happy Flower"},{"floor":31,"key":"The Courier"},{"floor":40,"key":"Old Coin"},{"floor":40,"key":"Kunai"},{"floor":43,"key":"Strawberry"},{"floor":43,"key":"Darkstone Periapt"},{"floor":46,"key":"RuthlessExorcism:ReiMu"},{"floor":46,"key":"Gremlin Horn"},{"floor":54,"key":"Mercury Hourglass"},{"floor":54,"key":"Sundial"}],"event_choices":[],"is_beta":false,"boss_relics":[{"not_picked":["Sozu","CrownOfHeavens:ReiMu"],"picked":"Black Star"},{"not_picked":["Runic Pyramid","Empty Cage"],"picked":"DonationBox:ReiMu"}],"items_purged_floors":[41,53],"is_endless":false,"potions_floor_spawned":[2,5,6,14,18,20,25,29,30,31,33,35,39,40,44,45,54],"ascension_level":5}}