{"host":"vucub2jtaeo9vgh1","time":1609371759,"event":{"mods":["BaseMod","BetterRewards","Minty Spire (QoL Compilation)","Quick Restart","Robot Space Explorer","StSLib","The Marked"],"gold_per_floor":[113,22,36,47,57,57,70,70,70,70,85,123,123,48,48,173,173,173,173,173,98,98,98,98,98,98,98,23,23,23,23,23,23,23,23,23,23,23,23,23,23,23,23,23,23,23,23,23,23,23,23,23,23,23,23,23],"floor_reached":55,"playtime":2497,"items_purged":["RobotSpaceExplorer:Strike"],"score":994,"play_id":"7f3f867b-1eb0-468f-9125-7c6a8e6fec4e","local_time":"20201231004239","is_ascension_mode":false,"campfire_choices":[{"data":"RobotSpaceExplorer:StarDust","floor":6.0,"key":"SMITH"},{"data":"RobotSpaceExplorer:Pulsar","floor":13.0,"key":"SMITH"},{"floor":15.0,"key":"REST"},{"data":"RobotSpaceExplorer:Multitool","floor":29.0,"key":"SMITH"},{"data":"RobotSpaceExplorer:Pulsar","floor":32.0,"key":"SMITH"},{"data":"RobotSpaceExplorer:StarLightning","floor":41.0,"key":"SMITH"},{"floor":47.0,"key":"RECALL"},{"data":"Madness","floor":49.0,"key":"SMITH"},{"data":"Madness","floor":52.0,"key":"SMITH"}],"circlet_count":0,"master_deck":["RobotSpaceExplorer:Defend","RobotSpaceExplorer:Defend","RobotSpaceExplorer:Defend","RobotSpaceExplorer:Scan","RobotSpaceExplorer:MiniLasers","RobotSpaceExplorer:StarDust+1","RobotSpaceExplorer:Pulsar","RobotSpaceExplorer:StarLightning+1","RobotSpaceExplorer:BigMissile","Doubt","Madness+1","RobotSpaceExplorer:Pulsar+1","RobotSpaceExplorer:Pulsar+1","RobotSpaceExplorer:Multitool+1","RobotSpaceExplorer:DoubleFind+1","RobotSpaceExplorer:TurboDodge","Madness+1","Madness"],"relics":["RobotSpaceExplorer:RoboCore","Gambling Chip","Pear","InkBottle","Blood Vial","Golden Idol","StrikeDummy","Ancient Tea Set","Ectoplasm","Enchiridion","Orichalcum","Happy Flower","Mango","Busted Crown","Pocketwatch","Sundial","Strawberry","TungstenRod"],"acts_visited":["Exordium","TheCity","TheBeyond","TheEnding"],"potions_floor_usage":[],"damage_taken":[{"damage":13.0,"enemies":"Jaw Worm","floor":1.0,"turns":4.0},{"damage":2.0,"enemies":"Cultist","floor":3.0,"turns":4.0},{"damage":0.0,"enemies":"2 Louse","floor":4.0,"turns":3.0},{"damage":6.0,"enemies":"Exordium Thugs","floor":5.0,"turns":4.0},{"damage":0.0,"enemies":"Blue Slaver","floor":7.0,"turns":4.0},{"damage":3.0,"enemies":"3 Louse","floor":11.0,"turns":4.0},{"damage":10.0,"enemies":"3 Sentries","floor":12.0,"turns":5.0},{"damage":18.0,"enemies":"Hexaghost","floor":16.0,"turns":7.0},{"damage":5.0,"enemies":"Spheric Guardian","floor":18.0,"turns":4.0},{"damage":0.0,"enemies":"3 Byrds","floor":19.0,"turns":5.0},{"damage":15.0,"enemies":"Snecko","floor":22.0,"turns":5.0},{"damage":13.0,"enemies":"Slavers","floor":23.0,"turns":5.0},{"damage":0.0,"enemies":"3 Cultists","floor":25.0,"turns":6.0},{"damage":3.0,"enemies":"Book of Stabbing","floor":27.0,"turns":6.0},{"damage":2.0,"enemies":"Sentry and Sphere","floor":30.0,"turns":4.0},{"damage":3.0,"enemies":"Snecko","floor":31.0,"turns":5.0},{"damage":28.0,"enemies":"Collector","floor":33.0,"turns":12.0},{"damage":6.0,"enemies":"Orb Walker","floor":35.0,"turns":4.0},{"damage":2.0,"enemies":"3 Darklings","floor":37.0,"turns":6.0},{"damage":0.0,"enemies":"Mind Bloom Boss Battle","floor":39.0,"turns":9.0},{"damage":0.0,"enemies":"Nemesis","floor":40.0,"turns":7.0},{"damage":0.0,"enemies":"Sphere and 2 Shapes","floor":42.0,"turns":4.0},{"damage":7.0,"enemies":"Giant Head","floor":44.0,"turns":9.0},{"damage":0.0,"enemies":"4 Shapes","floor":45.0,"turns":4.0},{"damage":0.0,"enemies":"Spire Growth","floor":46.0,"turns":5.0},{"damage":12.0,"enemies":"Awakened One","floor":50.0,"turns":11.0},{"damage":49.0,"enemies":"Shield and Spear","floor":54.0,"turns":9.0},{"damage":57,"enemies":"The Heart","floor":55,"turns":3}],"seed_played":"879285473048877859","potions_obtained":[{"floor":3.0,"key":"Fire Potion"},{"floor":5.0,"key":"Fruit Juice"},{"floor":7.0,"key":"LiquidBronze"},{"floor":18.0,"key":"Explosive Potion"},{"floor":19.0,"key":"Energy Potion"},{"floor":22.0,"key":"Block Potion"},{"floor":30.0,"key":"LiquidMemories"},{"floor":37.0,"key":"SteroidPotion"},{"floor":39.0,"key":"Fire Potion"},{"floor":40.0,"key":"AttackPotion"},{"floor":44.0,"key":"Weak Potion"},{"floor":46.0,"key":"BlessingOfTheForge"}],"is_trial":false,"path_per_floor":["M","?","M","M","M","R","M","?","T","?","M","E","R","$","R","B",null,"M","M","?","?","M","E","?","M","T","E","$","R","M","M","R","B",null,"M","$","M","$","?","E","R","M","T","E","M","M","R","?","R","B",null,"R","$","E","B"],"character_chosen":"RobotSpaceExplorer","items_purchased":["RobotSpaceExplorer:StarDust","RobotSpaceExplorer:Pulsar","RobotSpaceExplorer:StarLightning","Madness","LiquidMemories"],"campfire_rested":1,"item_purchase_floors":[0,0,0,0,28],"current_hp_per_floor":[38,38,36,38,34,34,41,41,41,34,33,25,25,25,49,33,83,78,80,64,64,51,40,40,42,42,55,55,55,55,54,54,28,97,91,91,91,91,93,95,95,97,97,97,99,101,101,88,88,78,104,104,104,55,0,0],"gold":23,"neow_bonus":"","is_daily":false,"chose_seed":false,"campfire_upgraded":7,"win_rate":0.0,"timestamp":1609371759,"path_taken":["M","?","M","M","?","R","M","?","T","?","M","E","R","$","R","BOSS","M","M","?","?","M","E","?","M","T","E","$","R","?","M","R","BOSS","M","?","M","?","?","E","R","M","T","E","M","M","R","?","R","BOSS","R","$","E","BOSS"],"items_purchased_type":["Card","Card","Card","Card","Potion"],"build_version":"2020-12-22","purchased_purges":1,"victory":false,"max_hp_per_floor":[85,85,85,85,85,85,90,83,83,83,83,83,83,83,83,83,83,83,83,83,83,83,83,83,83,83,97,97,97,97,97,97,97,97,97,97,97,97,97,97,97,97,97,104,104,104,104,104,104,104,104,104,104,104,104,104],"card_choices":[{"not_picked":["RobotSpaceExplorer:FranticSearch","RobotSpaceExplorer:Counterblock"],"picked":"RobotSpaceExplorer:Pulsar","floor":1.0},{"not_picked":["RobotSpaceExplorer:SurgingStrike","RobotSpaceExplorer:MetalStrike","RobotSpaceExplorer:SlimeMissile"],"picked":"SKIP","floor":3.0},{"not_picked":["RobotSpaceExplorer:ExhaustFan","RobotSpaceExplorer:Ammunition","RobotSpaceExplorer:FranticSearch"],"picked":"SKIP","floor":4.0},{"not_picked":["RobotSpaceExplorer:StunGrenade","RobotSpaceExplorer:TrailblazerForm","RobotSpaceExplorer:ShockKick"],"picked":"SKIP","floor":5.0},{"not_picked":["RobotSpaceExplorer:ScrapMissile","RobotSpaceExplorer:SlimeMissile"],"picked":"RobotSpaceExplorer:Pulsar","floor":7.0},{"not_picked":["RobotSpaceExplorer:MetalStrike","RobotSpaceExplorer:SurgingShield","RobotSpaceExplorer:SlimeMissile"],"picked":"SKIP","floor":11.0},{"not_picked":["RobotSpaceExplorer:MakeshiftVolley","RobotSpaceExplorer:ShovelStrike","RobotSpaceExplorer:ScrapShield"],"picked":"SKIP","floor":12.0},{"not_picked":["RobotSpaceExplorer:TrailblazerForm","RobotSpaceExplorer:Accelerator"],"picked":"RobotSpaceExplorer:Multitool","floor":16.0},{"not_picked":["RobotSpaceExplorer:FreezeRay","RobotSpaceExplorer:Counterblock+1"],"picked":"RobotSpaceExplorer:DoubleFind+1","floor":18.0},{"not_picked":["RobotSpaceExplorer:ShockKick+1","RobotSpaceExplorer:StunGrenade+1","RobotSpaceExplorer:SwiftStep"],"picked":"SKIP","floor":19.0},{"not_picked":["RobotSpaceExplorer:FreezingShield","RobotSpaceExplorer:SwiftStep"],"picked":"RobotSpaceExplorer:TurboDodge","floor":22.0},{"not_picked":["RobotSpaceExplorer:ScrapMissile","RobotSpaceExplorer:Ammunition","RobotSpaceExplorer:BigMissile+1"],"picked":"SKIP","floor":23.0},{"not_picked":["RobotSpaceExplorer:StunGrenade","RobotSpaceExplorer:LaserBurst","RobotSpaceExplorer:Probe"],"picked":"SKIP","floor":25.0},{"not_picked":["RobotSpaceExplorer:SurgingShield","RobotSpaceExplorer:SurgingStrike+1","RobotSpaceExplorer:StarLightning"],"picked":"SKIP","floor":27.0},{"not_picked":["RobotSpaceExplorer:GlueShot+1","RobotSpaceExplorer:SlimeMissile","RobotSpaceExplorer:MiniDrones"],"picked":"SKIP","floor":30.0},{"not_picked":["RobotSpaceExplorer:DualCore+1","RobotSpaceExplorer:ChargingLaser","RobotSpaceExplorer:StarDust"],"picked":"SKIP","floor":31.0},{"not_picked":["RobotSpaceExplorer:SurgingShield"],"picked":"SKIP","floor":35.0},{"not_picked":["RobotSpaceExplorer:JunkDive"],"picked":"SKIP","floor":37.0},{"not_picked":["RobotSpaceExplorer:DoubleFind+1"],"picked":"SKIP","floor":40.0},{"not_picked":["RobotSpaceExplorer:SurgingShield+1"],"picked":"SKIP","floor":42.0},{"not_picked":["RobotSpaceExplorer:MiniDrones"],"picked":"SKIP","floor":44.0},{"not_picked":["RobotSpaceExplorer:Jetpack"],"picked":"SKIP","floor":45.0},{"not_picked":["RobotSpaceExplorer:Electropulse+1"],"picked":"SKIP","floor":46.0},{"not_picked":["RobotSpaceExplorer:Ammunition+1"],"picked":"SKIP","floor":54.0}],"player_experience":270187,"relics_obtained":[{"floor":3.0,"key":"Blood Vial"},{"floor":9.0,"key":"StrikeDummy"},{"floor":12.0,"key":"Ancient Tea Set"},{"floor":20.0,"key":"Enchiridion"},{"floor":23.0,"key":"Orichalcum"},{"floor":26.0,"key":"Happy Flower"},{"floor":27.0,"key":"Mango"},{"floor":39.0,"key":"Pocketwatch"},{"floor":40.0,"key":"Sundial"},{"floor":44.0,"key":"Strawberry"},{"floor":54.0,"key":"TungstenRod"}],"event_choices":[{"damage_healed":0.0,"max_hp_gain":0.0,"max_hp_loss":0.0,"gold_gain":0.0,"event_name":"WeMeetAgain","player_choice":"Paid Gold","floor":2.0,"gold_loss":91.0,"damage_taken":0.0,"relics_obtained":["InkBottle"]},{"damage_healed":0.0,"max_hp_gain":0.0,"max_hp_loss":7.0,"gold_gain":0.0,"event_name":"Golden Idol","player_choice":"Lose Max HP","floor":8.0,"gold_loss":0.0,"damage_taken":0.0,"relics_obtained":["Golden Idol"]},{"cards_removed":["RobotSpaceExplorer:Strike"],"damage_healed":0.0,"max_hp_gain":0.0,"max_hp_loss":0.0,"gold_gain":0.0,"event_name":"Golden Wing","player_choice":"Card Removal","floor":10.0,"gold_loss":0.0,"damage_taken":7.0},{"damage_healed":0.0,"max_hp_gain":0.0,"max_hp_loss":0.0,"gold_gain":0.0,"event_name":"Cursed Tome","player_choice":"Obtained Book","floor":20.0,"gold_loss":0.0,"damage_taken":16.0},{"cards_removed":["RobotSpaceExplorer:Strike"],"damage_healed":0.0,"max_hp_gain":0.0,"max_hp_loss":0.0,"gold_gain":0.0,"event_name":"Beggar","player_choice":"Gave Gold","floor":21.0,"gold_loss":75.0,"damage_taken":0.0},{"damage_healed":0.0,"max_hp_gain":0.0,"max_hp_loss":0.0,"gold_gain":0.0,"event_name":"Golden Shrine","player_choice":"Ignored","floor":24.0,"gold_loss":0.0,"damage_taken":0.0},{"damage_healed":0.0,"max_hp_gain":0.0,"max_hp_loss":0.0,"gold_gain":0.0,"event_name":"MindBloom","player_choice":"Fight","floor":39.0,"gold_loss":0.0,"damage_taken":0.0},{"damage_healed":0.0,"max_hp_gain":0.0,"max_hp_loss":0.0,"gold_gain":0.0,"event_name":"Winding Halls","player_choice":"Embrace Madness","floor":48.0,"gold_loss":0.0,"damage_taken":13.0,"cards_obtained":["Madness","Madness"]}],"is_beta":false,"boss_relics":[{"not_picked":["Black Star","Snecko Eye"],"picked":"Ectoplasm"},{"not_picked":["SlaversCollar","Astrolabe"],"picked":"Busted Crown"}],"items_purged_floors":[14],"is_endless":false,"potions_floor_spawned":[3,5,7,18,19,22,30,37,39,40,44,46],"killed_by":"The Heart","ascension_level":0}}