{"host":"j0vzbnzm6n2ctevn","time":1609316229,"event":{"mods":["AchievementEnabler","BaseMod","Minty Spire (QoL Compilation)","Quick Restart","Shop Mod","Spicy Shops","StSLib"],"gold_per_floor":[110,56,69,80,80,105,105,122,122,122,141,141,159,179,179,179,179],"floor_reached":16,"playtime":1008,"items_purged":[],"score":104,"play_id":"89b18150-6b75-436e-aacb-5bc234abb924","local_time":"20201230161709","is_ascension_mode":false,"campfire_choices":[{"data":"Eruption","floor":7.0,"key":"SMITH"},{"floor":12.0,"key":"REST"},{"floor":15.0,"key":"REST"}],"circlet_count":0,"master_deck":["Strike_P","Strike_P","Strike_P","Strike_P","Defend_P","Defend_P","Defend_P","Eruption+1","Vigilance","Consecrate","PathToVictory","ClearTheMind","ConjureBlade","Regret","Evaluate","FollowUp"],"relics":["PureWater","NeowsBlessing","HornCleat","The Courier","Darkstone Periapt"],"acts_visited":["Exordium"],"potions_floor_usage":[16,16],"damage_taken":[{"damage":0.0,"enemies":"Small Slimes","floor":1.0,"turns":1.0},{"damage":0.0,"enemies":"2 Louse","floor":3.0,"turns":1.0},{"damage":0.0,"enemies":"Cultist","floor":4.0,"turns":1.0},{"damage":42.0,"enemies":"Lagavulin","floor":6.0,"turns":8.0},{"damage":2.0,"enemies":"Blue Slaver","floor":8.0,"turns":4.0},{"damage":11.0,"enemies":"Exordium Thugs","floor":11.0,"turns":5.0},{"damage":13.0,"enemies":"3 Louse","floor":13.0,"turns":3.0},{"damage":2.0,"enemies":"Blue Slaver","floor":14.0,"turns":4.0},{"damage":45,"enemies":"Hexaghost","floor":16,"turns":9}],"seed_played":"2142842912347276110","potions_obtained":[{"floor":3.0,"key":"BottledMiracle"},{"floor":8.0,"key":"DistilledChaos"},{"floor":11.0,"key":"Swift Potion"},{"floor":13.0,"key":"FearPotion"}],"is_trial":false,"path_per_floor":["M","$","M","M","?","E","R","M","T","?","M","R","M","M","R","B"],"character_chosen":"WATCHER","items_purchased":["PathToVictory"],"campfire_rested":2,"item_purchase_floors":[2],"current_hp_per_floor":[72,72,72,72,72,30,30,28,28,28,17,38,25,23,44,0,0],"gold":179,"neow_bonus":"THREE_ENEMY_KILL","is_daily":false,"chose_seed":false,"campfire_upgraded":1,"win_rate":0.0,"timestamp":1609316229,"path_taken":["M","$","M","M","?","E","R","M","T","?","M","R","M","M","R","BOSS"],"items_purchased_type":["Card"],"build_version":"2020-12-22","purchased_purges":0,"victory":false,"max_hp_per_floor":[72,72,72,72,72,72,72,72,72,72,72,72,72,72,72,72,72],"card_choices":[{"not_picked":["EmptyFist","Protect"],"picked":"Consecrate","floor":1.0},{"not_picked":["CrushJoints","SandsOfTime"],"picked":"ClearTheMind","floor":3.0},{"not_picked":["EmptyBody","Swivel"],"picked":"ConjureBlade","floor":4.0},{"not_picked":["Study","EmptyFist"],"picked":"Evaluate","floor":6.0},{"not_picked":["Conclude","FlurryOfBlows"],"picked":"FollowUp","floor":8.0},{"not_picked":["FlurryOfBlows","JustLucky","CrushJoints"],"picked":"SKIP","floor":11.0},{"not_picked":["FearNoEvil","BowlingBash","TalkToTheHand"],"picked":"SKIP","floor":13.0},{"not_picked":["EmptyBody","WheelKick","Halt"],"picked":"SKIP","floor":14.0}],"player_experience":66327,"relics_obtained":[{"floor":6.0,"key":"The Courier"},{"floor":9.0,"key":"Darkstone Periapt"}],"event_choices":[{"damage_healed":0.0,"max_hp_gain":0.0,"max_hp_loss":0.0,"gold_gain":0.0,"event_name":"Big Fish","player_choice":"Box","floor":5.0,"gold_loss":0.0,"damage_taken":0.0,"relics_obtained":["HornCleat"],"cards_obtained":["Regret"]},{"cards_removed":["Defend_P"],"damage_healed":0.0,"max_hp_gain":0.0,"max_hp_loss":0.0,"gold_gain":0.0,"event_name":"Living Wall","player_choice":"Forget","floor":10.0,"gold_loss":0.0,"damage_taken":0.0}],"is_beta":false,"boss_relics":[],"items_purged_floors":[],"is_endless":false,"potions_floor_spawned":[3,8,11,13],"killed_by":"Hexaghost","ascension_level":0}}