{"host":"y3iy5gb13b300rns","time":1609317837,"event":{"mods":["BaseMod","Bestiary","Curses Come First","Minty Spire (QoL Compilation)","Replay The Spire","StSLib","The Runesmith"],"gold_per_floor":[114,114,132,132,9,34,45,45,117,136,136,136,5,17,17,121,121,131,50,50,60,83,83,116,135,135,35,35,55,55,75,75,75,75],"floor_reached":33,"playtime":2285,"items_purged":[],"score":442,"play_id":"51d5cd46-7ada-475a-83d8-e1cafbfe4b0c","local_time":"20201230024357","is_ascension_mode":true,"campfire_choices":[{"data":"Electrodynamics","floor":8,"key":"SMITH"},{"data":"Dualcast","floor":11,"key":"SMITH"},{"data":"Genetic Algorithm","floor":15,"key":"SMITH"},{"data":"Darkness","floor":23,"key":"SMITH"},{"floor":30,"key":"REST"},{"floor":32,"key":"REST"}],"circlet_count":0,"master_deck":["Strike_B","Strike_B","Strike_B","Defend_B","Defend_B+1","Defend_B+1","Defend_B+1","Zap","Dualcast+1","Turbo","Self Repair+1","Coolheaded","Cold Snap","Steam","Doom and Gloom","Electrodynamics+1","BasicCrystalCard","Parasite","Heatsinks","Genetic Algorithm+1","Electrodynamics","Go for the Eyes+1","Darkness+1","Looming Evil","Tempest","Regret","Chill","White Noise+1","ReplayTheSpireMod:Doomed","Delirium","Beam Cell+1","Chill"],"relics":["Cracked Core","Tiny Chest","Darkstone Periapt","Cursed Key","Simple Rune","Gremlin Horn","Runesmith:Locket","Ring of Peace","Ring of Hypnosis"],"acts_visited":["Exordium","TheCity"],"potions_floor_usage":[6,16,16,18,24,25,29,31,33],"damage_taken":[{"damage":0,"enemies":"2 Louse","floor":1,"turns":2},{"damage":5,"enemies":"Cultist","floor":3,"turns":4},{"damage":11,"enemies":"Replay:BlueRogue","floor":6,"turns":8},{"damage":3,"enemies":"Small Slimes","floor":7,"turns":4},{"damage":8,"enemies":"3 Louse","floor":10,"turns":3},{"damage":0,"enemies":"Exordium Wildlife","floor":14,"turns":1},{"damage":40,"enemies":"Slime Boss","floor":16,"turns":12},{"damage":25,"enemies":"2 Thieves","floor":18,"turns":3},{"damage":21,"enemies":"Shell Parasite","floor":21,"turns":6},{"damage":46,"enemies":"Slavers","floor":24,"turns":4},{"damage":30,"enemies":"Chosen and Byrds","floor":25,"turns":5},{"damage":12,"enemies":"Centurion and Healer","floor":29,"turns":5},{"damage":21,"enemies":"Snake Plant","floor":31,"turns":3},{"damage":83,"enemies":"Automaton","floor":33,"turns":10}],"seed_played":"5621121613896418946","potions_obtained":[{"floor":1,"key":"Toxic Potion"},{"floor":14,"key":"ColorlessPotion"},{"floor":18,"key":"ColorlessPotion"},{"floor":29,"key":"LiquidMemories"}],"is_trial":false,"path_per_floor":["M","?","M","?","$","E","M","R","T","M","R","?","$","M","R","B",null,"M","$","?","M","T","R","E","M","T","$","?","M","R","M","R","B"],"character_chosen":"DEFECT","items_purchased":["Coolheaded","Cold Snap","Steam","Heatsinks","BlessingOfTheForge","Darkness","CultistPotion"],"campfire_rested":2,"item_purchase_floors":[5,5,5,13,13,19,27],"current_hp_per_floor":[82,82,77,61,61,60,67,67,67,69,69,88,88,88,88,58,88,73,73,79,68,74,74,38,18,24,24,30,28,61,40,73,0,0],"gold":75,"neow_bonus":"TEN_PERCENT_HP_BONUS","is_daily":false,"chose_seed":false,"campfire_upgraded":4,"win_rate":0.0,"timestamp":1609317837,"path_taken":["M","?","?","?","$","E","M","R","T","M","R","?","?","M","R","BOSS","M","$","?","M","?","R","E","M","T","$","?","M","R","?","R","BOSS"],"items_purchased_type":["Card","Card","Card","Card","Potion","Card","Potion"],"build_version":"2020-12-22","purchased_purges":0,"victory":false,"max_hp_per_floor":[82,82,82,82,82,82,82,82,82,82,82,88,88,88,88,88,88,88,88,94,94,100,100,100,100,106,106,112,112,112,112,112,112,112],"card_choices":[{"not_picked":["Reinforced Body","Stack"],"picked":"Turbo","floor":1},{"not_picked":["Turbo","Rebound"],"picked":"Self Repair","floor":3},{"not_picked":["Stack","Fusion"],"picked":"Doom and Gloom","floor":6},{"not_picked":["Panic Button","Chill"],"picked":"Electrodynamics","floor":7},{"not_picked":["Rebound","Aggregate"],"picked":"BasicCrystalCard","floor":10},{"not_picked":["Ball Lightning","Compile Driver"],"picked":"Genetic Algorithm","floor":14},{"not_picked":["Seek","Meteor Strike"],"picked":"Electrodynamics","floor":16},{"not_picked":["Conserve Battery","Stack"],"picked":"Go for the Eyes+1","floor":18},{"not_picked":["Redo+1","Turbo"],"picked":"Tempest","floor":21},{"not_picked":["Coolheaded","Auto Shields"],"picked":"Chill","floor":24},{"not_picked":["Glacier","FIFO Queue"],"picked":"White Noise+1","floor":25},{"not_picked":["Mirror Shield","Compile Driver"],"picked":"Beam Cell+1","floor":29},{"not_picked":["Stack","Recycle+1"],"picked":"Chill","floor":31}],"player_experience":380468,"relics_obtained":[{"floor":6,"key":"Tiny Chest"},{"floor":9,"key":"Darkstone Periapt"},{"floor":24,"key":"Gremlin Horn"},{"floor":26,"key":"Runesmith:Locket"},{"floor":28,"key":"Ring of Peace"},{"floor":28,"key":"Ring of Hypnosis"}],"event_choices":[{"cards_removed":["Strike_B"],"damage_healed":0,"gold_gain":0,"player_choice":"Offered Basic","damage_taken":0,"max_hp_gain":0,"max_hp_loss":0,"event_name":"Bonfire Elementals","floor":2,"gold_loss":0},{"damage_healed":0,"gold_gain":0,"player_choice":"Entered Light","damage_taken":16,"max_hp_gain":0,"max_hp_loss":0,"event_name":"Shining Light","floor":4,"gold_loss":0,"cards_upgraded":["Self Repair","Defend_B"]},{"damage_healed":20,"gold_gain":0,"player_choice":"Healed and dodged fight","damage_taken":0,"max_hp_gain":0,"max_hp_loss":0,"event_name":"Mushrooms","floor":12,"gold_loss":0,"cards_obtained":["Parasite"]}],"is_beta":false,"boss_relics":[{"not_picked":["Runic Pyramid","Honey Jar"],"picked":"Cursed Key"}],"items_purged_floors":[],"is_endless":false,"potions_floor_spawned":[1,14,18,29],"killed_by":"Automaton","ascension_level":2}}