{"host":"i0avyit1s6jb1siw","time":1609340064,"event":{"mods":["BaseMod","DeckTracker","Dota2Spire","Highlight Path","Minty Spire (QoL Compilation)","Quick Restart","Replay The Spire","StSLib","SuperFastMode"],"gold_per_floor":[118,129,229,245,260,294,294,136,136,163,163,163,163,107,107,182,182,198,218,237,137,156,189,199,231,284,317,317,374,385,402,402,509,509,545,610,677,713,420,420,420],"floor_reached":40,"playtime":1090,"items_purged":["Strike_P","Strike_P","Strike_P"],"score":1160,"play_id":"72b79844-7ed6-4674-bc52-96e7ba91ced8","local_time":"20201230155424","is_ascension_mode":true,"campfire_choices":[{"data":"Indignation","floor":7,"key":"SMITH"},{"data":"Omniscience","floor":12,"key":"SMITH"},{"data":"LikeWater","floor":15,"key":"SMITH"},{"data":"Vigilance","floor":28,"key":"SMITH"},{"data":"Worship","floor":32,"key":"SMITH"}],"circlet_count":0,"master_deck":["AscendersBane","Strike_P+1","Defend_P","Defend_P+1","Defend_P","Eruption+1","Vigilance+1","Conclude","Indignation+1","SandsOfTime+1","LikeWater+1","Vault+1","Omniscience+1","Ragnarok+1","WheelKick+1","Wallop+1","Worship+1","Wish"],"relics":["PureWater","Whetstone","Eternal Feather","Molten Egg 2","Snecko Eye","War Paint","Vajra","Dota2Spire:HandOfMidas","Akabeko","Coffee Dripper","Dota2Spire:EchoSabre"],"acts_visited":["Exordium","TheCity","TheBeyond"],"potions_floor_usage":[14,16],"damage_taken":[{"damage":0,"enemies":"Jaw Worm","floor":1,"turns":3},{"damage":0,"enemies":"Cultist","floor":2,"turns":2},{"damage":6,"enemies":"2 Louse","floor":4,"turns":5},{"damage":9,"enemies":"Looter","floor":5,"turns":3},{"damage":16,"enemies":"Gremlin Nob","floor":6,"turns":3},{"damage":17,"enemies":"3 Sentries","floor":10,"turns":8},{"damage":21,"enemies":"The Guardian","floor":16,"turns":13},{"damage":13,"enemies":"Shell Parasite","floor":18,"turns":3},{"damage":0,"enemies":"2 Thieves","floor":19,"turns":2},{"damage":0,"enemies":"Centurion and Healer","floor":20,"turns":1},{"damage":0,"enemies":"Snake Plant","floor":22,"turns":1},{"damage":0,"enemies":"Slavers","floor":23,"turns":2},{"damage":0,"enemies":"Shelled Parasite and Fungi","floor":24,"turns":1},{"damage":0,"enemies":"Book of Stabbing","floor":25,"turns":3},{"damage":1,"enemies":"Replay:Snechameleon","floor":27,"turns":4},{"damage":0,"enemies":"Slavers","floor":29,"turns":2},{"damage":0,"enemies":"Centurion and Healer","floor":30,"turns":1},{"damage":0,"enemies":"Snake Plant","floor":31,"turns":2},{"damage":5,"enemies":"Automaton","floor":33,"turns":5},{"damage":0,"enemies":"3 Darklings","floor":35,"turns":2},{"damage":0,"enemies":"Orb Walker","floor":36,"turns":2},{"damage":47,"enemies":"4 Shapes","floor":37,"turns":3},{"damage":0,"enemies":"3 Darklings","floor":38,"turns":3},{"damage":37,"enemies":"Nemesis","floor":40,"turns":5}],"seed_played":"-357408497571318204","potions_obtained":[{"floor":1,"key":"Dota2Spire:Clarity"},{"floor":5,"key":"LiquidBronze"},{"floor":6,"key":"SteroidPotion"},{"floor":10,"key":"Fruit Juice"},{"floor":16,"key":"Ancient Potion"}],"is_trial":false,"path_per_floor":["M","M","?","M","M","E","R","$","T","E","?","R","?","$","R","B",null,"M","M","M","$","M","E","M","E","T","E","R","E","M","M","R","B",null,"M","M","M","M","$","E"],"character_chosen":"WATCHER","items_purchased":["Vault","Weak Potion","Dota2Spire:EchoSabre"],"campfire_rested":0,"item_purchase_floors":[8,14,39],"current_hp_per_floor":[61,61,61,55,46,30,30,30,30,13,13,22,22,27,36,15,59,46,46,46,46,46,46,46,46,46,45,54,54,54,54,63,58,69,69,69,22,22,22,0,0],"gold":420,"neow_bonus":"UPGRADE_CARD","is_daily":false,"chose_seed":false,"campfire_upgraded":5,"win_rate":0.0,"timestamp":1609340064,"path_taken":["M","M","?","?","M","E","R","$","T","E","?","R","?","$","R","BOSS","M","M","M","$","M","E","M","E","T","E","R","E","M","M","R","BOSS","M","?","M","M","$","E"],"items_purchased_type":["Card","Potion","Relic"],"build_version":"2020-12-22","purchased_purges":3,"victory":false,"max_hp_per_floor":[68,68,68,68,68,68,68,68,68,68,68,68,68,73,73,73,73,73,73,73,73,73,73,73,73,73,73,73,73,73,73,73,73,73,73,73,73,73,73,73,73],"card_choices":[{"not_picked":["CutThroughFate","Crescendo"],"picked":"Conclude","floor":1},{"not_picked":["Replay:Vibes","Replay:DivineShield","Evaluate"],"picked":"SKIP","floor":2},{"not_picked":["PathToVictory","EmptyBody"],"picked":"Indignation","floor":4},{"not_picked":["FlurryOfBlows","Crescendo"],"picked":"SandsOfTime","floor":5},{"not_picked":["Replay:BluntJabs","FlyingSleeves"],"picked":"LikeWater","floor":6},{"not_picked":["Worship","Pray"],"picked":"Omniscience","floor":10},{"not_picked":["Establishment","Replay:AllIn"],"picked":"Ragnarok+1","floor":16},{"not_picked":["Halt","Consecrate+1"],"picked":"WheelKick+1","floor":18},{"not_picked":["Replay:BluntJabs+1","SashWhip+1","EmptyBody"],"picked":"SKIP","floor":19},{"not_picked":["JustLucky+1","PathToVictory"],"picked":"Wallop+1","floor":20},{"not_picked":["JustLucky+1","FollowUp+1","SandsOfTime+1"],"picked":"SKIP","floor":22},{"not_picked":["EmptyBody","BowlingBash+1","FlurryOfBlows+1"],"picked":"SKIP","floor":23},{"not_picked":["Evaluate+1","ThirdEye","MentalFortress"],"picked":"SKIP","floor":24},{"not_picked":["Replay:LoomingThreat","BowlingBash+1","FollowUp+1"],"picked":"SKIP","floor":25},{"not_picked":["Weave+1","WaveOfTheHand","Evaluate"],"picked":"SKIP","floor":27},{"not_picked":["EmptyFist+1","CrushJoints+1","ClearTheMind"],"picked":"SKIP","floor":29},{"not_picked":["Worship","ThirdEye+1","Replay:AtTheReady"],"picked":"SKIP","floor":30},{"not_picked":["ThirdEye+1","Replay:AtTheReady"],"picked":"Worship","floor":30},{"not_picked":["Replay:DivineShield","Indignation+1","Scrawl"],"picked":"SKIP","floor":31},{"not_picked":["Omniscience","Replay:AllIn"],"picked":"Wish","floor":33},{"not_picked":["Protect","Replay:Hum","ThirdEye+1"],"picked":"SKIP","floor":35},{"not_picked":["Replay:Battleflow","CrushJoints+1","Pray"],"picked":"SKIP","floor":36},{"not_picked":["InnerPeace","WheelKick+1","EmptyMind"],"picked":"SKIP","floor":37},{"not_picked":["MentalFortress","CrushJoints+1","Prostrate+1"],"picked":"SKIP","floor":38}],"player_experience":2142827,"relics_obtained":[{"floor":6,"key":"Whetstone"},{"floor":9,"key":"Eternal Feather"},{"floor":10,"key":"Molten Egg 2"},{"floor":23,"key":"War Paint"},{"floor":26,"key":"Vajra"},{"floor":27,"key":"Dota2Spire:HandOfMidas"},{"floor":29,"key":"Akabeko"}],"event_choices":[{"damage_healed":0,"gold_gain":100,"player_choice":"Gold","damage_taken":0,"max_hp_gain":0,"max_hp_loss":0,"event_name":"Wheel of Change","floor":3,"gold_loss":0},{"damage_healed":0,"gold_gain":0,"player_choice":"Fled","damage_taken":0,"max_hp_gain":0,"max_hp_loss":0,"event_name":"Scrap Ooze","floor":11,"gold_loss":0},{"cards_removed":["Defend_P"],"damage_healed":0,"gold_gain":0,"player_choice":"Purged","damage_taken":0,"max_hp_gain":0,"max_hp_loss":0,"event_name":"Purifier","floor":13,"gold_loss":0}],"is_beta":false,"boss_relics":[{"not_picked":["Tiny House","Dota2Spire:Bloodstone"],"picked":"Snecko Eye"},{"not_picked":["Replay:Wanted Poster","Kintsugi"],"picked":"Coffee Dripper"}],"items_purged_floors":[8,21,39],"is_endless":false,"potions_floor_spawned":[1,5,6,10,16,18,19,20,24,30,31,36,37],"killed_by":"Nemesis","ascension_level":20}}