{"host":"pq8o62wp0h1hflf3","time":1609354146,"event":{"mods":["BaseMod","Minty Spire (QoL Compilation)","Relic Stats","ojb\u0027s Info Mod"],"gold_per_floor":[118,118,193,33,33,61,61,91,166,196,196,211,211,211,211,283,283,301,301,301,318,593,593,141,141,141,167,167,196,103,121,121,194,194,205,219,234,248,268,297,310,324,324,351,351,351,364,397,397,397,397,397,397,10,41,41],"floor_reached":57,"playtime":10118,"items_purged":["Regret","Strike_B+1"],"score":3217,"play_id":"ea0c0f93-1515-48e2-8965-fbf05bda8d06","local_time":"20201230134906","is_ascension_mode":true,"campfire_choices":[{"floor":7,"key":"DIG"},{"floor":11,"key":"DIG"},{"floor":13,"key":"DIG"},{"floor":15,"key":"DIG"},{"floor":23,"key":"DIG"},{"floor":25,"key":"DIG"},{"floor":28,"key":"DIG"},{"floor":32,"key":"DIG"},{"floor":45,"key":"RECALL"},{"floor":49,"key":"DIG"},{"floor":53,"key":"DIG"}],"circlet_count":0,"master_deck":["AscendersBane","Defend_B","Defend_B","Defend_B","Defend_B","Zap","Dualcast","Sunder+1","Sweeping Beam","Echo Form","Electrodynamics","Ball Lightning+1","Buffer","Echo Form","Biased Cognition","Panacea","Chill","Self Repair","Cold Snap+1","Rainbow","Heatsinks+1","Sunder+1","Force Field+1","Buffer","Coolheaded+1"],"relics":["Cracked Core","NeowsBlessing","Akabeko","Lee\u0027s Waffle","Shovel","Tiny Chest","Whetstone","Molten Egg 2","Bottled Tornado","Girya","Ginger","Meat on the Bone","Snecko Eye","Unceasing Top","Turnip","Mummified Hand","White Beast Statue","Pocketwatch","HornCleat","Gambling Chip","Smiling Mask","Oddly Smooth Stone","Inserter","Art of War","Singing Bowl","Calipers","Ornamental Fan","Symbiotic Virus","Blue Candle","Frozen Eye","Kunai"],"acts_visited":["Exordium","TheCity","TheBeyond","TheEnding"],"potions_floor_usage":[56,56],"damage_taken":[{"damage":0,"enemies":"2 Louse","floor":1,"turns":1},{"damage":0,"enemies":"Lagavulin","floor":6,"turns":1},{"damage":0,"enemies":"Gremlin Nob","floor":8,"turns":1},{"damage":20,"enemies":"Lagavulin","floor":10,"turns":5},{"damage":0,"enemies":"Jaw Worm","floor":12,"turns":2},{"damage":3,"enemies":"Slime Boss","floor":16,"turns":6},{"damage":16,"enemies":"3 Byrds","floor":18,"turns":3},{"damage":0,"enemies":"Chosen","floor":21,"turns":3},{"damage":0,"enemies":"Gremlin Leader","floor":27,"turns":3},{"damage":0,"enemies":"Slavers","floor":29,"turns":3},{"damage":0,"enemies":"Centurion and Healer","floor":31,"turns":2},{"damage":0,"enemies":"Automaton","floor":33,"turns":5},{"damage":0,"enemies":"Orb Walker","floor":35,"turns":3},{"damage":0,"enemies":"3 Darklings","floor":36,"turns":2},{"damage":0,"enemies":"Jaw Worm Horde","floor":37,"turns":3},{"damage":0,"enemies":"Writhing Mass","floor":38,"turns":3},{"damage":0,"enemies":"Sphere and 2 Shapes","floor":39,"turns":3},{"damage":0,"enemies":"Nemesis","floor":40,"turns":5},{"damage":0,"enemies":"Spire Growth","floor":41,"turns":4},{"damage":0,"enemies":"3 Darklings","floor":42,"turns":2},{"damage":0,"enemies":"Reptomancer","floor":44,"turns":4},{"damage":0,"enemies":"Sphere and 2 Shapes","floor":47,"turns":2},{"damage":0,"enemies":"Giant Head","floor":48,"turns":4},{"damage":40,"enemies":"Time Eater","floor":50,"turns":12},{"damage":1,"enemies":"Donu and Deca","floor":51,"turns":7},{"damage":18,"enemies":"Shield and Spear","floor":55,"turns":6},{"damage":25,"enemies":"The Heart","floor":56,"turns":9}],"seed_played":"1504134248012548528","potions_obtained":[{"floor":1,"key":"SteroidPotion"},{"floor":12,"key":"Weak Potion"},{"floor":18,"key":"LiquidMemories"},{"floor":37,"key":"FocusPotion"}],"is_trial":false,"path_per_floor":["M","?","?","$","?","E","R","E","T","E","R","M","R","?","R","B",null,"M","?","T","M","?","R","$","R","T","E","R","E","$","M","R","B",null,"M","M","M","M","M","E","M","M","T","E","R","T","M","E","R","B","B",null,"R","$","E","B",null],"character_chosen":"DEFECT","items_purchased":["Lee\u0027s Waffle","Mummified Hand","Panacea","Self Repair","Frozen Eye","PowerPotion","Buffer"],"campfire_rested":0,"item_purchase_floors":[4,24,24,30,54,54,54],"current_hp_per_floor":[64,38,27,78,78,78,78,78,78,58,58,58,58,58,58,55,72,56,56,56,56,56,56,56,56,56,56,56,56,56,70,70,77,78,78,78,78,78,78,78,78,78,78,80,80,80,82,84,84,51,64,79,79,79,75,57],"gold":41,"neow_bonus":"THREE_ENEMY_KILL","is_daily":false,"chose_seed":false,"campfire_upgraded":0,"win_rate":0.0,"timestamp":1609354146,"path_taken":["M","?","?","?","?","E","R","E","T","E","R","?","R","?","R","BOSS","M","?","?","?","?","R","$","R","T","E","R","E","$","M","R","BOSS","M","M","?","M","M","E","M","M","T","E","R","?","?","E","R","BOSS","BOSS","R","$","E","BOSS"],"items_purchased_type":["Relic","Relic","Card","Card","Relic","Potion","Card"],"build_version":"2020-12-22","purchased_purges":2,"victory":true,"max_hp_per_floor":[71,71,71,78,78,78,78,78,78,78,78,78,78,78,78,78,78,78,78,78,78,78,78,78,78,78,78,78,78,78,78,78,78,78,78,78,78,78,78,78,78,78,78,80,80,80,82,84,84,84,84,84,84,84,84,84],"relic_stats":{"Lee\u0027s Waffle":51,"Inserter":[33],"Singing Bowl":6,"counters":[27,104],"Blue Candle":[0],"Whetstone":["Strike_B","Sunder"],"Ginger":[9],"Smiling Mask":50,"Shovel":10,"Mummified Hand":[286],"Ornamental Fan":[44],"Gambling Chip":[69],"Snecko Eye":[219,198,198,186],"Tiny Chest":2,"Turnip":[9],"Art of War":[11],"Kunai":[3],"obtain_stats":[{"Calipers":46,"Singing Bowl":44,"Whetstone":8,"Ginger":13,"Bottled Tornado":10,"Smiling Mask":29,"Frozen Eye":54,"Shovel":6,"HornCleat":27,"Mummified Hand":24,"Gambling Chip":28,"Tiny Chest":7,"Kunai":55,"Cracked Core":0,"Girya":11,"Lee\u0027s Waffle":4,"Inserter":34,"NeowsBlessing":0,"Blue Candle":53,"Oddly Smooth Stone":32,"Akabeko":2,"White Beast Statue":25,"Ornamental Fan":48,"Snecko Eye":17,"Molten Egg 2":9,"Turnip":23,"Art of War":40,"Symbiotic Virus":49,"Unceasing Top":20,"Meat on the Bone":15,"Pocketwatch":26},{"Calipers":21,"Singing Bowl":21,"Whetstone":3,"Ginger":5,"Bottled Tornado":4,"Smiling Mask":10,"Frozen Eye":25,"Shovel":2,"HornCleat":9,"Mummified Hand":8,"Gambling Chip":9,"Tiny Chest":2,"Kunai":26,"Cracked Core":0,"Girya":4,"Lee\u0027s Waffle":1,"Inserter":12,"NeowsBlessing":0,"Blue Candle":25,"Oddly Smooth Stone":11,"Akabeko":1,"White Beast Statue":8,"Ornamental Fan":23,"Snecko Eye":6,"Molten Egg 2":3,"Turnip":8,"Art of War":18,"Symbiotic Virus":23,"Unceasing Top":7,"Meat on the Bone":5,"Pocketwatch":8},{"Calipers":64,"Singing Bowl":64,"Whetstone":3,"Ginger":10,"Bottled Tornado":8,"Smiling Mask":28,"Frozen Eye":89,"Shovel":2,"HornCleat":25,"Mummified Hand":22,"Gambling Chip":25,"Tiny Chest":2,"Kunai":95,"Cracked Core":0,"Girya":8,"Lee\u0027s Waffle":1,"Inserter":35,"NeowsBlessing":0,"Blue Candle":89,"Oddly Smooth Stone":30,"Akabeko":1,"White Beast Statue":22,"Ornamental Fan":70,"Snecko Eye":16,"Molten Egg 2":3,"Turnip":22,"Art of War":54,"Symbiotic Virus":70,"Unceasing Top":19,"Meat on the Bone":10,"Pocketwatch":22}],"Unceasing Top":[9],"Meat on the Bone":0,"Pocketwatch":[18]},"card_choices":[{"not_picked":["Conserve Battery","Reprogram"],"picked":"Sunder","floor":1},{"not_picked":["Compile Driver","White Noise"],"picked":"Sweeping Beam","floor":6},{"not_picked":["Gash","Barrage"],"picked":"Echo Form","floor":8},{"not_picked":["Hyperbeam+1","Recycle"],"picked":"Electrodynamics","floor":10},{"not_picked":["Conserve Battery","Darkness"],"picked":"Ball Lightning+1","floor":12},{"not_picked":["Reboot","Rainbow"],"picked":"Buffer","floor":16},{"not_picked":["Steam","Rebound+1","Hello World"],"picked":"SKIP","floor":18},{"not_picked":["Scrape+1","Reprogram","Lockon+1"],"picked":"SKIP","floor":21},{"not_picked":["Compile Driver+1","Steam"],"picked":"Chill","floor":27},{"not_picked":["Rebound+1","Redo","Compile Driver+1"],"picked":"SKIP","floor":29},{"not_picked":["Beam Cell+1","Steam"],"picked":"Cold Snap+1","floor":31},{"not_picked":["Thunder Strike+1","Echo Form"],"picked":"Rainbow","floor":33},{"not_picked":["Sunder+1","Stack"],"picked":"Heatsinks+1","floor":35},{"not_picked":["Blizzard+1","Streamline+1","FTL+1"],"picked":"SKIP","floor":36},{"not_picked":["White Noise+1","Rebound+1","Lockon+1"],"picked":"SKIP","floor":37},{"not_picked":["Sweeping Beam+1","Barrage+1","Hologram"],"picked":"SKIP","floor":38},{"not_picked":["Sweeping Beam+1","Barrage+1","Hologram"],"picked":"SKIP","floor":38},{"not_picked":["Genetic Algorithm","Conserve Battery","Barrage+1"],"picked":"SKIP","floor":39},{"not_picked":["Amplify","Sunder+1","Sweeping Beam+1"],"picked":"SKIP","floor":40},{"not_picked":["Go for the Eyes+1","Genetic Algorithm"],"picked":"Sunder+1","floor":41},{"not_picked":["Leap+1","Cold Snap+1"],"picked":"Force Field+1","floor":42},{"not_picked":["Streamline+1","Force Field","Hologram"],"picked":"Singing Bowl","floor":44},{"not_picked":["Barrage+1","Compile Driver+1","Doom and Gloom+1"],"picked":"Singing Bowl","floor":47},{"not_picked":["Rebound+1","Fission","Barrage+1"],"picked":"Singing Bowl","floor":48},{"not_picked":["Cold Snap+1","Hyperbeam+1"],"picked":"Coolheaded+1","floor":55}],"player_experience":1075722,"relics_obtained":[{"floor":6,"key":"Shovel"},{"floor":7,"key":"Tiny Chest"},{"floor":8,"key":"Whetstone"},{"floor":9,"key":"Molten Egg 2"},{"floor":10,"key":"Bottled Tornado"},{"floor":11,"key":"Girya"},{"floor":13,"key":"Ginger"},{"floor":15,"key":"Meat on the Bone"},{"floor":20,"key":"Unceasing Top"},{"floor":23,"key":"Turnip"},{"floor":25,"key":"White Beast Statue"},{"floor":26,"key":"Pocketwatch"},{"floor":27,"key":"HornCleat"},{"floor":28,"key":"Gambling Chip"},{"floor":29,"key":"Smiling Mask"},{"floor":32,"key":"Oddly Smooth Stone"},{"floor":40,"key":"Art of War"},{"floor":44,"key":"Singing Bowl"},{"floor":46,"key":"Calipers"},{"floor":48,"key":"Ornamental Fan"},{"floor":49,"key":"Symbiotic Virus"},{"floor":53,"key":"Blue Candle"},{"floor":55,"key":"Kunai"}],"event_choices":[{"damage_healed":0,"gold_gain":0,"player_choice":"Success","damage_taken":26,"relics_obtained":["Akabeko"],"max_hp_gain":0,"max_hp_loss":0,"event_name":"Scrap Ooze","floor":2,"gold_loss":0},{"damage_healed":0,"gold_gain":75,"player_choice":"Gather Gold","damage_taken":11,"max_hp_gain":0,"max_hp_loss":0,"event_name":"World of Goop","floor":3,"gold_loss":0},{"cards_removed":["Strike_B"],"damage_healed":0,"gold_gain":0,"player_choice":"Purged","damage_taken":0,"max_hp_gain":0,"max_hp_loss":0,"event_name":"Purifier","floor":5,"gold_loss":0},{"damage_healed":0,"gold_gain":0,"player_choice":"Ignored","damage_taken":0,"max_hp_gain":0,"max_hp_loss":0,"event_name":"Shining Light","floor":14,"gold_loss":0},{"damage_healed":0,"gold_gain":0,"cards_transformed":["Strike_B","Strike_B"],"player_choice":"Became Test Subject","damage_taken":0,"max_hp_gain":0,"max_hp_loss":0,"event_name":"Drug Dealer","floor":19,"gold_loss":0,"cards_obtained":["Echo Form","Biased Cognition"]},{"damage_healed":0,"gold_gain":275,"player_choice":"Desecrate","damage_taken":0,"max_hp_gain":0,"max_hp_loss":0,"event_name":"Golden Shrine","floor":22,"gold_loss":0,"cards_obtained":["Regret"]}],"is_beta":false,"boss_relics":[{"not_picked":["Astrolabe","Fusion Hammer"],"picked":"Snecko Eye"},{"not_picked":["Runic Pyramid","Empty Cage"],"picked":"Inserter"}],"items_purged_floors":[24,30],"is_endless":false,"potions_floor_spawned":[1,12,18,27,29,31,33,35,36,37,38,39,40,41,42,44,47,48,55],"ascension_level":20}}