{"host":"qbnk2vkaq38efxaz","time":1609290808,"event":{"mods":["BaseMod","Minty Spire (QoL Compilation)"],"gold_per_floor":[114,127,143,162,178,206,381,392,392,407,421,90,90,118,118,219,219,194,194,0,0,0,0],"floor_reached":22,"playtime":1823,"items_purged":["Defend_G"],"score":238,"play_id":"6b07737b-4cb5-4f0b-94fa-8d6d004dc14b","local_time":"20201229171328","is_ascension_mode":true,"campfire_choices":[{"floor":13,"key":"REST"},{"floor":15,"key":"REST"}],"circlet_count":0,"master_deck":["Strike_G","Strike_G","Strike_G","Strike_G","Strike_G","Defend_G","Defend_G","Defend_G","Defend_G","Survivor","Neutralize","Dramatic Entrance","Backflip","Quick Slash","Distraction","Envenom","Doubt","Escape Plan","Cloak And Dagger","Tools of the Trade","Cloak And Dagger+1"],"relics":["Ring of the Serpent","Ginger","MealTicket","White Beast Statue","Calipers"],"acts_visited":["Exordium","TheCity"],"potions_floor_usage":[6,11,11,16,16],"damage_taken":[{"damage":0,"enemies":"Jaw Worm","floor":1,"turns":5},{"damage":1,"enemies":"Small Slimes","floor":2,"turns":2},{"damage":0,"enemies":"2 Louse","floor":3,"turns":2},{"damage":2,"enemies":"Looter","floor":4,"turns":4},{"damage":9,"enemies":"Large Slime","floor":5,"turns":8},{"damage":34,"enemies":"Lagavulin","floor":6,"turns":8},{"damage":0,"enemies":"Lots of Slimes","floor":8,"turns":2},{"damage":15,"enemies":"2 Fungi Beasts","floor":10,"turns":3},{"damage":5,"enemies":"Large Slime","floor":11,"turns":8},{"damage":22,"enemies":"Gremlin Nob","floor":14,"turns":4},{"damage":38,"enemies":"Slime Boss","floor":16,"turns":13},{"damage":36,"enemies":"2 Thieves","floor":18,"turns":5},{"damage":54,"enemies":"Spheric Guardian","floor":22,"turns":9}],"seed_played":"-6168583181005615442","potions_obtained":[{"floor":4,"key":"Block Potion"},{"floor":6,"key":"LiquidMemories"},{"floor":10,"key":"GamblersBrew"},{"floor":11,"key":"Fire Potion"},{"floor":14,"key":"Block Potion"},{"floor":16,"key":"Strength Potion"},{"floor":18,"key":"SneckoOil"}],"is_trial":false,"path_per_floor":["M","M","M","M","M","E","?","M","T","M","M","$","R","E","R","B",null,"M","?","?","$","M"],"character_chosen":"THE_SILENT","items_purchased":["White Beast Statue"],"campfire_rested":2,"item_purchase_floors":[12],"current_hp_per_floor":[70,69,69,67,58,24,24,24,24,9,4,19,40,18,39,1,70,34,34,34,49,0,0],"gold":0,"neow_bonus":"RANDOM_COLORLESS","is_daily":false,"chose_seed":false,"campfire_upgraded":0,"win_rate":0.0,"timestamp":1609290808,"path_taken":["M","M","M","M","M","E","?","M","T","M","M","$","R","E","R","BOSS","M","?","?","?","M"],"items_purchased_type":["Relic"],"build_version":"2020-12-22","purchased_purges":1,"victory":false,"max_hp_per_floor":[70,70,70,70,70,70,70,70,70,70,70,70,70,70,70,70,70,70,70,70,70,70,70],"card_choices":[{"not_picked":["Dark Shackles","Discovery"],"picked":"Dramatic Entrance","floor":0},{"not_picked":["Underhanded Strike","Noxious Fumes"],"picked":"Backflip","floor":1},{"not_picked":["Quick Slash","Slice","Calculated Gamble"],"picked":"SKIP","floor":2},{"not_picked":["Outmaneuver","Skewer"],"picked":"Quick Slash","floor":3},{"not_picked":["Slice","Dagger Throw"],"picked":"Distraction","floor":4},{"not_picked":["Flying Knee","Quick Slash"],"picked":"Envenom","floor":5},{"not_picked":["Calculated Gamble","Terror","Wraith Form v2"],"picked":"SKIP","floor":6},{"not_picked":["Riddle With Holes","Finisher"],"picked":"Escape Plan","floor":8},{"not_picked":["Dagger Spray","Deflect","Catalyst"],"picked":"SKIP","floor":10},{"not_picked":["Acrobatics","Finisher"],"picked":"Cloak And Dagger","floor":11},{"not_picked":["Quick Slash","Finisher","Corpse Explosion"],"picked":"SKIP","floor":14},{"not_picked":["Wraith Form v2","Malaise"],"picked":"Tools of the Trade","floor":16},{"not_picked":["Quick Slash","Escape Plan"],"picked":"Cloak And Dagger+1","floor":18}],"player_experience":102537,"relics_obtained":[{"floor":6,"key":"Ginger"},{"floor":9,"key":"MealTicket"},{"floor":14,"key":"Calipers"}],"event_choices":[{"damage_healed":0,"gold_gain":175,"player_choice":"AGREE","damage_taken":0,"max_hp_gain":0,"max_hp_loss":0,"event_name":"Liars Game","floor":7,"gold_loss":0,"cards_obtained":["Doubt"]},{"damage_healed":0,"gold_gain":0,"player_choice":"Ignored","damage_taken":0,"max_hp_gain":0,"max_hp_loss":0,"event_name":"Ghosts","floor":19,"gold_loss":0},{"damage_healed":0,"gold_gain":0,"player_choice":"Paid Fearfully","damage_taken":0,"max_hp_gain":0,"max_hp_loss":0,"event_name":"Masked Bandits","floor":20,"gold_loss":194}],"is_beta":false,"boss_relics":[{"not_picked":["Busted Crown","Philosopher\u0027s Stone"],"picked":"Ring of the Serpent"}],"items_purged_floors":[12],"is_endless":false,"potions_floor_spawned":[4,6,10,11,14,16,18],"killed_by":"Spheric Guardian","ascension_level":4}}