{"host":"873t0y8ybyo38pfq","time":1609351604,"event":{"mods":["BaseMod","Bestiary","Colored Map","Colored Powertips","Highlight Path","Minty Spire (QoL Compilation)","Quick Restart","RNG Fix","Rare Cards Sparkle","Relic Stats","StSLib"],"gold_per_floor":[19,19,19,35,58,58,76,117,140,8,24,24,60,12,12,12,12],"floor_reached":16,"playtime":629,"items_purged":[],"score":220,"play_id":"37b85d24-80d4-474a-a403-e1b7067cfc40","local_time":"20201230130644","is_ascension_mode":true,"campfire_choices":[{"data":"Magnetism","floor":6,"key":"SMITH"},{"floor":12,"key":"REST"},{"data":"Venomology","floor":15,"key":"SMITH"}],"circlet_count":0,"master_deck":["AscendersBane","Strike_G","Strike_G","Strike_G","Strike_G","Strike_G","Defend_G","Defend_G","Defend_G","Defend_G","Defend_G","Survivor","Neutralize","Magnetism+1","Bouncing Flask","Dagger Spray","Flying Knee","Outmaneuver","Venomology+1","Backstab","Dodge and Roll","Acrobatics"],"relics":["Ring of the Snake","Golden Idol","Darkstone Periapt","Vajra","CeramicFish"],"acts_visited":["Exordium"],"potions_floor_usage":[8,8,11,11,13,16],"damage_taken":[{"damage":4,"enemies":"Jaw Worm","floor":1,"turns":4},{"damage":6,"enemies":"Cultist","floor":4,"turns":4},{"damage":7,"enemies":"2 Louse","floor":5,"turns":4},{"damage":4,"enemies":"Blue Slaver","floor":7,"turns":4},{"damage":11,"enemies":"Gremlin Nob","floor":8,"turns":3},{"damage":10,"enemies":"Exordium Thugs","floor":11,"turns":3},{"damage":13,"enemies":"3 Sentries","floor":13,"turns":7},{"damage":30,"enemies":"The Guardian","floor":16,"turns":2}],"seed_played":"4428421181367623194","potions_obtained":[{"floor":1,"key":"Fruit Juice"},{"floor":7,"key":"CunningPotion"},{"floor":8,"key":"Poison Potion"}],"is_trial":false,"path_per_floor":["M","?","$","M","M","R","M","E","T","$","M","R","E","$","R","B"],"character_chosen":"THE_SILENT","items_purchased":["Backstab","Fire Potion","Acrobatics"],"campfire_rested":1,"item_purchase_floors":[10,10,14],"current_hp_per_floor":[55,55,55,49,42,42,38,32,32,32,22,41,28,28,28,0,0],"gold":12,"neow_bonus":"RANDOM_COLORLESS_2","is_daily":false,"chose_seed":false,"campfire_upgraded":2,"win_rate":0.0,"timestamp":1609351604,"path_taken":["M","?","?","M","?","R","M","E","T","$","M","R","E","$","R","BOSS"],"items_purchased_type":["Card","Potion","Card"],"build_version":"2020-12-22","purchased_purges":0,"victory":false,"max_hp_per_floor":[66,60,60,60,60,60,60,65,65,65,65,65,65,65,65,65,65],"relic_stats":{"Darkstone Periapt":0,"counters":[8,31],"Golden Idol":30,"CeramicFish":9,"obtain_stats":[{"Darkstone Periapt":8,"Golden Idol":2,"CeramicFish":13,"Vajra":9,"Ring of the Snake":0},{"Darkstone Periapt":5,"Golden Idol":1,"CeramicFish":7,"Vajra":5,"Ring of the Snake":0},{"Darkstone Periapt":19,"Golden Idol":4,"CeramicFish":29,"Vajra":19,"Ring of the Snake":0}],"Ring of the Snake":[16]},"card_choices":[{"not_picked":["The Bomb","Secret Weapon"],"picked":"Magnetism","floor":0},{"not_picked":["Prepared","Quick Slash"],"picked":"Bouncing Flask","floor":1},{"not_picked":["Acrobatics","Sucker Punch"],"picked":"Dagger Spray","floor":4},{"not_picked":["Poisoned Stab","Quick Slash"],"picked":"Flying Knee","floor":5},{"not_picked":["Dodge and Roll","Underhanded Strike"],"picked":"Outmaneuver","floor":7},{"not_picked":["Outmaneuver","Concentrate"],"picked":"Venomology","floor":8},{"not_picked":["Quick Slash","Skewer"],"picked":"Dodge and Roll","floor":11},{"not_picked":["Flechettes","Sucker Punch","Backstab"],"picked":"SKIP","floor":13}],"player_experience":1422412,"relics_obtained":[{"floor":8,"key":"Darkstone Periapt"},{"floor":9,"key":"Vajra"},{"floor":13,"key":"CeramicFish"}],"event_choices":[{"damage_healed":0,"gold_gain":0,"player_choice":"Lose Max HP","damage_taken":0,"relics_obtained":["Golden Idol"],"max_hp_gain":0,"max_hp_loss":6,"event_name":"Golden Idol","floor":2,"gold_loss":0}],"is_beta":false,"boss_relics":[],"items_purged_floors":[],"is_endless":false,"potions_floor_spawned":[1,7,8],"killed_by":"The Guardian","ascension_level":20}}