{"host":"sav7uxregyirlf69","time":1609302187,"event":{"mods":["AchievementEnabler","BaseMod","Colored Map","DeckTracker","Keyboard Shortcuts","Minty Spire (QoL Compilation)","READ ME - Guardian Mod","StSLib","SuperFastMode"],"gold_per_floor":[369,382,382,382,382,382,407,443,491,250,269,287,287,307,307,307,307],"floor_reached":16,"playtime":286,"items_purged":["Strike_G"],"score":184,"play_id":"59e4f57d-5bab-4fbf-9bae-b4a41b372478","local_time":"20201230132307","is_ascension_mode":true,"campfire_choices":[{"floor":6,"key":"REST"},{"floor":13,"key":"REST"},{"data":"Phantasmal Killer","floor":15,"key":"SMITH"}],"circlet_count":0,"master_deck":["AscendersBane","Strike_G","Strike_G+1","Strike_G","Strike_G","Defend_G","Defend_G","Defend_G+1","Defend_G","Defend_G","Survivor","Neutralize","Blade Dance","Phantasmal Killer+1","Dagger Throw","Deadly Poison"],"relics":["Ring of the Snake","Happy Flower","Golden Idol","Odd Mushroom","Dream Catcher"],"acts_visited":["Exordium"],"potions_floor_usage":[16,16],"damage_taken":[{"damage":6,"enemies":"Cultist","floor":1,"turns":5},{"damage":0,"enemies":"2 Louse","floor":2,"turns":3},{"damage":1,"enemies":"Small Slimes","floor":7,"turns":3},{"damage":19,"enemies":"The Mushroom Lair","floor":8,"turns":5},{"damage":18,"enemies":"Exordium Wildlife","floor":11,"turns":8},{"damage":0,"enemies":"Blue Slaver","floor":12,"turns":2},{"damage":6,"enemies":"3 Louse","floor":14,"turns":6},{"damage":30,"enemies":"Hexaghost","floor":16,"turns":9}],"seed_played":"3485881443767635288","potions_obtained":[{"floor":7,"key":"Regen Potion"},{"floor":12,"key":"CunningPotion"}],"is_trial":false,"path_per_floor":["M","M","?","?","?","R","M","?","T","$","M","M","R","M","R","B"],"character_chosen":"THE_SILENT","items_purchased":["Phantasmal Killer"],"campfire_rested":2,"item_purchase_floors":[10],"current_hp_per_floor":[53,53,42,42,26,42,41,22,22,22,4,4,20,14,14,0,0],"gold":307,"neow_bonus":"TWO_FIFTY_GOLD","is_daily":false,"chose_seed":false,"campfire_upgraded":1,"win_rate":0.0,"timestamp":1609302187,"path_taken":["M","?","?","?","?","R","M","?","T","$","M","?","R","M","R","BOSS"],"items_purchased_type":["Card"],"build_version":"2020-12-22","purchased_purges":1,"victory":false,"max_hp_per_floor":[60,60,60,54,54,54,54,54,54,54,54,54,54,54,54,54,54],"card_choices":[{"not_picked":["Quick Slash","Heel Hook"],"picked":"Blade Dance","floor":1},{"not_picked":["Distraction","Catalyst","Acrobatics"],"picked":"SKIP","floor":2},{"not_picked":["Flying Knee","Cloak And Dagger","Bane"],"picked":"SKIP","floor":7},{"not_picked":["Slice","Dagger Spray"],"picked":"Dagger Throw","floor":11},{"not_picked":["Prepared","Deflect"],"picked":"Deadly Poison","floor":12},{"not_picked":["Eviscerate","Cloak And Dagger","Storm of Steel"],"picked":"SKIP","floor":14}],"player_experience":1065343,"relics_obtained":[{"floor":8,"key":"Odd Mushroom"},{"floor":9,"key":"Dream Catcher"}],"event_choices":[{"damage_healed":0,"gold_gain":0,"player_choice":"Success","damage_taken":11,"relics_obtained":["Happy Flower"],"max_hp_gain":0,"max_hp_loss":0,"event_name":"Scrap Ooze","floor":3,"gold_loss":0},{"damage_healed":0,"gold_gain":0,"player_choice":"Lose Max HP","damage_taken":0,"relics_obtained":["Golden Idol"],"max_hp_gain":0,"max_hp_loss":6,"event_name":"Golden Idol","floor":4,"gold_loss":0},{"damage_healed":0,"gold_gain":0,"player_choice":"Entered Light","damage_taken":16,"max_hp_gain":0,"max_hp_loss":0,"event_name":"Shining Light","floor":5,"gold_loss":0,"cards_upgraded":["Strike_G","Defend_G"]},{"damage_healed":0,"gold_gain":0,"player_choice":"Fought Mushrooms","damage_taken":0,"max_hp_gain":0,"max_hp_loss":0,"event_name":"Mushrooms","floor":8,"gold_loss":0}],"is_beta":false,"boss_relics":[],"items_purged_floors":[10],"is_endless":false,"potions_floor_spawned":[7,12,14],"killed_by":"Hexaghost","ascension_level":20}}