{"host":"g520aj7wy7fyc13m","time":1609287924,"event":{"mods":["2.2 Compatiblity","AlwaysNeverKeys","Aspiration","BaseMod","Better Sensory Stone","Better Third Choice","Colored Powertips","Downfall","Hermit","Jorbs\u0027s Wanderer Trilogy","Minty Spire (QoL Compilation)","Permanent Neow","Quick Restart","Random Character Button","StSLib","The Blue Laboratory","The Cursed","The Disciple","The Marked","The Runesmith","egg"],"gold_per_floor":[99,99,99,84,84,9,34,62,106,134,161,9,159,174,174,174,174,174],"floor_reached":16,"playtime":1482,"items_purged":[],"score":98,"play_id":"768eace9-c982-4101-bc5c-1a06c9f5280e","local_time":"20201230002524","is_ascension_mode":false,"campfire_choices":[{"data":"champ:Taunt","floor":6,"key":"SMITH"},{"floor":15,"key":"REST"}],"circlet_count":0,"master_deck":["champ:Strike","champ:Strike","champ:Strike","champ:Strike","champ:Defend","champ:Defend","champ:Defend","champ:Defend","champ:Execute","champ:Taunt+1","champ:StanceDance","champ:FaceSlap","champ:FlashCut","champ:DeathBlow","champ:RisingSlash","champ:GladiatorsShout","Slimebound:Icky"],"relics":["champ:ChampionCrown","downfall:HeartsMalice","downfall:HeartBlessingRed","MawBank","Lantern","ClockworkSouvenir"],"acts_visited":["Exordium"],"potions_floor_usage":[11,12,16],"damage_taken":[{"damage":0,"enemies":"Jaw Worm","floor":1,"turns":1},{"damage":0,"enemies":"Cultist","floor":2,"turns":1},{"damage":0,"enemies":"2 Louse","floor":3,"turns":1},{"damage":20,"enemies":"downfall:FleeingMerchant","floor":4,"turns":4},{"damage":1,"enemies":"Blue Slaver","floor":8,"turns":3},{"damage":53,"enemies":"Gremlin Nob","floor":9,"turns":4},{"damage":8,"enemies":"Exordium Thugs","floor":10,"turns":5},{"damage":10,"enemies":"Lots of Slimes","floor":11,"turns":4},{"damage":25,"enemies":"downfall:FleeingMerchant","floor":12,"turns":4},{"damage":18,"enemies":"Exordium Wildlife","floor":14,"turns":4},{"damage":76,"enemies":"downfall:Watcher","floor":16,"turns":8}],"seed_played":"-3566449384283117688","potions_obtained":[{"floor":8,"key":"LiquidBronze"},{"floor":10,"key":"SkillPotion"},{"floor":11,"key":"champ:OpenerPotion"},{"floor":14,"key":"blueLaboratory:EnragingPotion"}],"is_trial":false,"path_per_floor":["M","M","M","$","?","R","T","M","E","M","M","$","?","M","R","B"],"character_chosen":"THE_CHAMP","items_purchased":["ClockworkSouvenir"],"campfire_rested":1,"item_purchase_floors":[12],"current_hp_per_floor":[90,90,90,80,85,85,85,84,56,56,46,36,36,33,60,0,0,0],"gold":174,"neow_bonus":"THREE_ENEMY_KILL","is_daily":false,"chose_seed":false,"campfire_upgraded":1,"win_rate":0.0,"timestamp":1609287924,"path_taken":["M","M","M","$","?","R","T","M","E","M","?","$","?","M","R","BOSS"],"items_purchased_type":["Relic"],"build_version":"2020-12-22","purchased_purges":0,"victory":false,"max_hp_per_floor":[90,90,90,90,90,90,90,90,90,90,90,90,90,90,90,90,90,90],"card_choices":[{"not_picked":["champ:IronFortress","champ:Haymaker"],"picked":"champ:StanceDance","floor":1},{"not_picked":["champ:FightOn","champ:AdrenalArmor"],"picked":"champ:BladeFlurry","floor":2},{"not_picked":["champ:ArenaPreparation","champ:RapidStrikes"],"picked":"champ:FaceSlap","floor":3},{"not_picked":["champ:PerfectedStrike","champ:CalledShot"],"picked":"champ:FlashCut","floor":4},{"not_picked":["champ:CheapShot","champ:GladiatorsShout"],"picked":"champ:DeathBlow","floor":8},{"not_picked":["champ:AdrenalArmor","champ:FanOfKnives"],"picked":"champ:RisingSlash","floor":9},{"not_picked":["champ:SkillfulDodge","champ:Backstep"],"picked":"champ:GladiatorsShout","floor":10},{"not_picked":["champ:ViciousMockery","champ:Backstep","champ:GutPunch"],"picked":"SKIP","floor":11},{"not_picked":["champ:Haymaker","champ:RecklessLeap","champ:Riposte"],"picked":"SKIP","floor":12},{"not_picked":["champ:GladiatorsShout","champ:DefensiveShout","champ:GutPunch"],"picked":"SKIP","floor":14}],"player_experience":614321,"relics_obtained":[{"floor":7,"key":"MawBank"},{"floor":9,"key":"Lantern"}],"event_choices":[{"cards_removed":["champ:BladeFlurry"],"damage_healed":5,"gold_gain":0,"player_choice":"Offered Common","damage_taken":0,"max_hp_gain":0,"max_hp_loss":0,"event_name":"Bonfire Elementals","floor":5,"gold_loss":0},{"cards_removed":["champ:BladeFlurry"],"damage_healed":5,"gold_gain":0,"player_choice":"Offered Special","damage_taken":0,"max_hp_gain":0,"max_hp_loss":0,"event_name":"Bonfire Elementals","floor":5,"gold_loss":0}],"is_beta":false,"boss_relics":[],"items_purged_floors":[],"is_endless":false,"potions_floor_spawned":[8,10,11,14],"killed_by":"downfall:Watcher","ascension_level":0}}