{"host":"kda2p2afd6bvz6qo","time":1609294650,"event":{"mods":["BaseMod","Colored Map","Minty Spire (QoL Compilation)","Relic Stats"],"gold_per_floor":[164,182,199,15,27,54,54,81,127,127,127,127,141,166,166,166,166],"floor_reached":16,"playtime":942,"items_purged":[],"score":216,"play_id":"de64bf41-5d84-4f04-9cf3-f481c9e6821a","local_time":"20201230021730","is_ascension_mode":true,"campfire_choices":[{"floor":7,"key":"REST"},{"floor":11,"key":"REST"},{"data":"Cloak And Dagger","floor":15,"key":"SMITH"}],"circlet_count":0,"master_deck":["AscendersBane","Strike_G","Strike_G","Strike_G+1","Strike_G","Strike_G","Defend_G","Defend_G","Defend_G","Defend_G","Defend_G","Survivor","Neutralize","Infinite Blades","Blade Dance+1","PiercingWail","Cloak And Dagger+1","Dagger Spray","Accuracy+1","Crippling Poison","Caltrops","Corpse Explosion"],"relics":["Tiny House","HandDrill","Matryoshka","Bottled Lightning","Juzu Bracelet","Lantern","Bottled Tornado"],"acts_visited":["Exordium"],"potions_floor_usage":[6,8,14],"damage_taken":[{"damage":4,"enemies":"Jaw Worm","floor":1,"turns":4},{"damage":2,"enemies":"Cultist","floor":2,"turns":4},{"damage":0,"enemies":"2 Louse","floor":3,"turns":3},{"damage":5,"enemies":"Large Slime","floor":5,"turns":8},{"damage":26,"enemies":"Gremlin Nob","floor":6,"turns":4},{"damage":18,"enemies":"Lagavulin","floor":8,"turns":7},{"damage":0,"enemies":"2 Fungi Beasts","floor":13,"turns":2},{"damage":22,"enemies":"Gremlin Nob","floor":14,"turns":4},{"damage":30,"enemies":"The Guardian","floor":16,"turns":10}],"seed_played":"-4133265212609935158","potions_obtained":[{"floor":0,"key":"Fire Potion"},{"floor":1,"key":"DuplicationPotion"},{"floor":8,"key":"GamblersBrew"}],"is_trial":false,"path_per_floor":["M","M","M","$","M","E","R","E","T","?","R","?","M","E","R","B"],"character_chosen":"THE_SILENT","items_purchased":["HandDrill","Dagger Spray"],"campfire_rested":2,"item_purchase_floors":[4,4],"current_hp_per_floor":[60,58,58,58,53,27,48,30,30,30,51,51,51,29,29,0,0],"gold":166,"neow_bonus":"BOSS_RELIC","is_daily":false,"chose_seed":false,"campfire_upgraded":1,"win_rate":0.0,"timestamp":1609294650,"path_taken":["M","M","M","$","M","E","R","E","T","?","R","?","M","E","R","BOSS"],"items_purchased_type":["Relic","Card"],"build_version":"2020-12-22","purchased_purges":0,"victory":false,"max_hp_per_floor":[71,71,71,71,71,71,71,71,71,71,71,71,71,71,71,71,71],"relic_stats":{"counters":[9,46],"HandDrill":[2],"Juzu Bracelet":0,"obtain_stats":[{"Lantern":9,"Tiny House":0,"Matryoshka":6,"HandDrill":4,"Juzu Bracelet":9,"Bottled Lightning":8,"Bottled Tornado":14,"Ring of the Snake":0},{"Lantern":6,"Tiny House":0,"Matryoshka":5,"HandDrill":3,"Juzu Bracelet":6,"Bottled Lightning":6,"Bottled Tornado":8,"Ring of the Snake":0},{"Lantern":30,"Tiny House":0,"Matryoshka":23,"HandDrill":11,"Juzu Bracelet":30,"Bottled Lightning":30,"Bottled Tornado":36,"Ring of the Snake":0}]},"card_choices":[{"not_picked":["Slice","Dodge and Roll"],"picked":"Infinite Blades","floor":0},{"not_picked":["Skewer","Deadly Poison"],"picked":"Blade Dance","floor":1},{"not_picked":["Dodge and Roll","Acrobatics"],"picked":"PiercingWail","floor":2},{"not_picked":["Noxious Fumes","Predator"],"picked":"Cloak And Dagger","floor":3},{"not_picked":["Flying Knee","Sucker Punch"],"picked":"Accuracy","floor":5},{"not_picked":["Predator","Skewer"],"picked":"Crippling Poison","floor":6},{"not_picked":["Unload","Dodge and Roll"],"picked":"Caltrops","floor":8},{"not_picked":["Sucker Punch","Predator","Escape Plan"],"picked":"SKIP","floor":13},{"not_picked":["Reflex","Bouncing Flask"],"picked":"Corpse Explosion","floor":14}],"player_experience":96209,"relics_obtained":[{"floor":6,"key":"Matryoshka"},{"floor":8,"key":"Bottled Lightning"},{"floor":9,"key":"Juzu Bracelet"},{"floor":9,"key":"Lantern"},{"floor":14,"key":"Bottled Tornado"}],"event_choices":[{"damage_healed":0,"gold_gain":0,"player_choice":"Grow","damage_taken":0,"max_hp_gain":0,"max_hp_loss":0,"event_name":"Living Wall","floor":10,"gold_loss":0,"cards_upgraded":["Blade Dance"]},{"damage_healed":0,"gold_gain":0,"player_choice":"Forge","damage_taken":0,"max_hp_gain":0,"max_hp_loss":0,"event_name":"Accursed Blacksmith","floor":12,"gold_loss":0,"cards_upgraded":["Accuracy"]}],"is_beta":false,"boss_relics":[],"items_purged_floors":[],"is_endless":false,"potions_floor_spawned":[1,8],"killed_by":"The Guardian","ascension_level":16}}