{"host":"b4asi0laiv85suj9","time":1609304021,"event":{"mods":["ATMod(阿瑾Mod)","BaseMod","Minty Spire (QoL Compilation)","MostiFishMod","Relic Stats","StSLib","TestMod","noobMod"],"gold_per_floor":[113,113,38,38,51,51,86,86,111,141,153,15,15,48,48,123,123,141,161,180,180,70,99,129,129,129,142,160,85,114,140,140,214,214,225,237,237,255,271,271,299,299,299,325,325,362,385,404,404,404,404,404,137,174,174],"floor_reached":56,"playtime":2045,"items_purged":["Defend_B","Strike_B"],"score":3128,"play_id":"ad6f3fcb-844c-4e3c-9c11-34091c62c36c","local_time":"20201230125341","is_ascension_mode":true,"campfire_choices":[{"data":"AT_FamilyPortrait","floor":6.0,"key":"SMITH"},{"data":"MostiFishMod:InterfaceCompatibility","floor":8.0,"key":"SMITH"},{"data":"Heatsinks","floor":13.0,"key":"SMITH"},{"data":"Dualcast","floor":15.0,"key":"SMITH"},{"data":"Turbo","floor":25.0,"key":"SMITH"},{"data":"Creative AI","floor":32.0,"key":"SMITH"},{"data":"AT_ThreeBodyProblem","floor":40.0,"key":"SMITH"},{"floor":49.0,"key":"RECALL"},{"data":"Hologram","floor":52.0,"key":"SMITH"}],"circlet_count":0,"master_deck":["AscendersBane","Defend_B","Defend_B","Defend_B","Zap","Dualcast+1","AT_FamilyPortrait+1","Ball Lightning","Hologram+1","MostiFishMod:InterfaceCompatibility+1","Heatsinks+1","Turbo+1","Creative AI+1","White Noise+1","AT_ThreeBodyProblem+1","Cold Snap","AT_DarkMatter","MostiFishMod:ReadyAimFire+1","Force Field+1","AT_WarpDrive+1","Tempest+1","MostiFishMod:ActiveDefenseSystem+1","MostiFishMod:GatherIntelligence+1","Glacier"],"relics":["Cracked Core","testmod-TestBox","DaveBox","ice","AT_ATBox","NeowsBlessing","testmod-SaigiyounoYou","Civilization","SynthV:TestCard","Gremlin Horn","Akabeko","AT_TimeSand","WingedGreaves","FeatherPendant","testmod-IndustrialRevolution","Unceasing Top","Potion Belt","Oddly Smooth Stone","AT_ChloranthyRing","testmod-Recursion","Shuriken","AT_SilvercatRing","CeramicFish","Runic Capacitor","testmod-ArcanaOfDestiny"],"acts_visited":["Exordium","TheCity","TheBeyond","TheEnding"],"potions_floor_usage":[55,55,55],"damage_taken":[{"damage":0.0,"enemies":"2 Louse","floor":1.0,"turns":1.0},{"damage":0.0,"enemies":"Small Slimes","floor":5.0,"turns":1.0},{"damage":0.0,"enemies":"3 Sentries","floor":7.0,"turns":1.0},{"damage":0.0,"enemies":"Gremlin Nob","floor":10.0,"turns":2.0},{"damage":0.0,"enemies":"Jaw Worm","floor":11.0,"turns":2.0},{"damage":10.0,"enemies":"3 Sentries","floor":14.0,"turns":2.0},{"damage":0.0,"enemies":"The Guardian","floor":16.0,"turns":1.0},{"damage":0.0,"enemies":"2 Thieves","floor":18.0,"turns":1.0},{"damage":0.0,"enemies":"Shell Parasite","floor":19.0,"turns":1.0},{"damage":0.0,"enemies":"Shelled Parasite and Fungi","floor":20.0,"turns":1.0},{"damage":0.0,"enemies":"Slavers","floor":23.0,"turns":1.0},{"damage":0.0,"enemies":"Gremlin Leader","floor":24.0,"turns":1.0},{"damage":0.0,"enemies":"Sentry and Sphere","floor":27.0,"turns":2.0},{"damage":0.0,"enemies":"Cultist and Chosen","floor":28.0,"turns":1.0},{"damage":34.0,"enemies":"Slavers","floor":30.0,"turns":2.0},{"damage":0.0,"enemies":"Gremlin Leader","floor":31.0,"turns":1.0},{"damage":18.0,"enemies":"Champ","floor":33.0,"turns":3.0},{"damage":0.0,"enemies":"Orb Walker","floor":35.0,"turns":1.0},{"damage":0.0,"enemies":"3 Darklings","floor":36.0,"turns":1.0},{"damage":0.0,"enemies":"Transient","floor":38.0,"turns":2.0},{"damage":0.0,"enemies":"Writhing Mass","floor":39.0,"turns":2.0},{"damage":0.0,"enemies":"Reptomancer","floor":41.0,"turns":1.0},{"damage":0.0,"enemies":"Giant Head","floor":44.0,"turns":1.0},{"damage":0.0,"enemies":"Nemesis","floor":46.0,"turns":1.0},{"damage":0.0,"enemies":"3 Darklings","floor":47.0,"turns":1.0},{"damage":0.0,"enemies":"Maw","floor":48.0,"turns":1.0},{"damage":0.0,"enemies":"Awakened One","floor":50.0,"turns":2.0},{"damage":0.0,"enemies":"Shield and Spear","floor":54.0,"turns":1.0},{"damage":5,"enemies":"The Heart","floor":55,"turns":2}],"seed_played":"-610532177486030004","potions_obtained":[{"floor":1.0,"key":"Dexterity Potion"},{"floor":10.0,"key":"ColorlessPotion"},{"floor":14.0,"key":"FearPotion"},{"floor":16.0,"key":"DistilledChaos"},{"floor":24.0,"key":"Energy Potion"},{"floor":31.0,"key":"SkillPotion"},{"floor":33.0,"key":"FearPotion"},{"floor":38.0,"key":"AttackPotion"}],"is_trial":false,"path_per_floor":["M","?","?","$","M","R","E","R","T","E","M","$","R","E","R","B",null,"M","M","M","?","?","E","E","R","T","M","M","$","E","E","R","B",null,"M","M","?","M","M","R","E","?","T","E","?","E","M","M","R","B",null,"R","$","E","B",null],"character_chosen":"DEFECT","items_purchased":["testmod-SpacePotion","Swift Potion","Runic Capacitor"],"campfire_rested":0,"item_purchase_floors":[12,12,53],"current_hp_per_floor":[68,68,68,68,74,74,84,84,84,92,101,101,101,108,108,126,126,141,157,175,175,175,196,220,220,220,246,274,274,277,313,313,340,363,400,444,444,485,527,527,572,572,572,618,587,634,687,741,741,800,800,800,800,861,923],"gold":174,"neow_bonus":"THREE_ENEMY_KILL","is_daily":false,"chose_seed":false,"campfire_upgraded":8,"win_rate":0.0,"timestamp":1609304021,"path_taken":["M","?","?","?","M","R","E","R","T","E","?","$","R","E","R","BOSS","M","M","M","?","?","E","E","R","T","M","M","$","E","E","R","BOSS","M","M","?","?","M","R","E","?","T","E","?","E","M","M","R","BOSS","R","$","E","BOSS"],"items_purchased_type":["Potion","Potion","Relic"],"build_version":"2020-12-22","purchased_purges":2,"victory":true,"max_hp_per_floor":[73,73,73,73,77,77,84,84,84,92,101,101,101,113,113,126,126,141,157,175,175,175,196,220,220,220,246,274,274,305,337,337,370,370,404,444,444,485,527,527,572,572,572,618,587,634,687,741,741,800,800,800,800,861,923],"relic_stats":{"Gremlin Horn":[17,18],"counters":[29,40],"Shuriken":[2],"CeramicFish":27,"obtain_stats":[{"AT_ATBox":0,"DaveBox":0,"Gremlin Horn":7,"CeramicFish":46,"ice":0,"AT_TimeSand":10,"Runic Capacitor":53,"Civilization":0,"WingedGreaves":14,"Cracked Core":0,"testmod-ArcanaOfDestiny":54,"Potion Belt":26,"AT_ChloranthyRing":31,"testmod-TestBox":0,"NeowsBlessing":0,"Oddly Smooth Stone":30,"AT_SilvercatRing":44,"testmod-SaigiyounoYou":0,"testmod-IndustrialRevolution":23,"Akabeko":9,"SynthV:TestCard":1,"FeatherPendant":17,"Shuriken":41,"testmod-Recursion":34,"Unceasing Top":24},{"AT_ATBox":0,"DaveBox":0,"Gremlin Horn":3,"CeramicFish":24,"ice":0,"AT_TimeSand":4,"Runic Capacitor":27,"Civilization":0,"WingedGreaves":6,"Cracked Core":0,"testmod-ArcanaOfDestiny":28,"Potion Belt":12,"AT_ChloranthyRing":16,"testmod-TestBox":0,"NeowsBlessing":0,"Oddly Smooth Stone":15,"AT_SilvercatRing":23,"testmod-SaigiyounoYou":0,"testmod-IndustrialRevolution":11,"Akabeko":3,"SynthV:TestCard":1,"FeatherPendant":7,"Shuriken":22,"testmod-Recursion":17,"Unceasing Top":12},{"AT_ATBox":0,"DaveBox":0,"Gremlin Horn":3,"CeramicFish":33,"ice":0,"AT_TimeSand":5,"Runic Capacitor":37,"Civilization":0,"WingedGreaves":9,"Cracked Core":0,"testmod-ArcanaOfDestiny":38,"Potion Belt":15,"AT_ChloranthyRing":21,"testmod-TestBox":0,"NeowsBlessing":0,"Oddly Smooth Stone":20,"AT_SilvercatRing":32,"testmod-SaigiyounoYou":0,"testmod-IndustrialRevolution":14,"Akabeko":3,"SynthV:TestCard":1,"FeatherPendant":10,"Shuriken":31,"testmod-Recursion":24,"Unceasing Top":15}],"Unceasing Top":[3]},"card_choices":[{"not_picked":["Static Discharge","BootSequence"],"picked":"Ball Lightning","floor":1.0},{"not_picked":["Redo","Turbo","Lockon","Beam Cell"],"picked":"Hologram","floor":5.0},{"not_picked":["Defragment","Biased Cognition","Steam","Gash"],"picked":"MostiFishMod:InterfaceCompatibility","floor":7.0},{"not_picked":["Darkness","Cold Snap","Double Energy","Conserve Battery"],"picked":"Heatsinks","floor":10.0},{"not_picked":["Ball Lightning","Aggregate","Go for the Eyes","Amplify","Streamline"],"picked":"SKIP","floor":11.0},{"not_picked":["Reinforced Body","MostiFishMod:Impulse","Double Energy","Rebound"],"picked":"Turbo","floor":14.0},{"not_picked":["Fission","Buffer","MostiFishMod:ATRI","AT_RightCognition"],"picked":"Creative AI","floor":16.0},{"not_picked":["Chill","Hologram","Force Field","Redo"],"picked":"White Noise","floor":18.0},{"not_picked":["Rebound","Glacier+1","Rainbow","Auto Shields"],"picked":"AT_ThreeBodyProblem","floor":19.0},{"not_picked":["AT_EMC2","Beam Cell","Melter","Hologram+1","AT_HeatAcrobatics"],"picked":"SKIP","floor":20.0},{"not_picked":["Leap","Gash+1","Conserve Battery","Auto Shields","Turbo"],"picked":"SKIP","floor":23.0},{"not_picked":["MostiFishMod:LinkProtocol+1","Compile Driver+1","AT_RobotInSpace","Conserve Battery","Barrage"],"picked":"SKIP","floor":24.0},{"not_picked":["Genetic Algorithm","Self Repair+1","Redo","MostiFishMod:LinkProtocol","Stack"],"picked":"SKIP","floor":27.0},{"not_picked":["Heatsinks","MostiFishMod:PushDownKick","BootSequence","AT_HeatAcrobatics"],"picked":"Cold Snap","floor":28.0},{"not_picked":["MostiFishMod:Tomorrow","AT_ThreeBodyProblem","Redo","Compile Driver"],"picked":"AT_DarkMatter","floor":30.0},{"not_picked":["Hologram","Go for the Eyes","Static Discharge","Leap","Rip and Tear"],"picked":"SKIP","floor":31.0},{"not_picked":["Multi-Cast","Biased Cognition","Buffer","MostiFishMod:SeaWaves"],"picked":"MostiFishMod:ReadyAimFire","floor":33.0},{"not_picked":["Barrage+1","Cold Snap+1","MostiFishMod:PushDownKick","Rebound+1"],"picked":"Force Field+1","floor":35.0},{"not_picked":["Ball Lightning","Aggregate+1","Sunder+1","Cold Snap+1"],"picked":"AT_WarpDrive+1","floor":36.0},{"not_picked":["Streamline+1","Barrage","Creative AI","Rebound","Hello World+1"],"picked":"SKIP","floor":38.0},{"not_picked":["Hologram","Reinforced Body","AT_EMC2","Streamline","Gash+1"],"picked":"SKIP","floor":39.0},{"not_picked":["FTL","Leap","Ball Lightning","MostiFishMod:FluxCapactior","Chill"],"picked":"SKIP","floor":41.0},{"not_picked":["Force Field+1","Consume+1","Cold Snap","MostiFishMod:PushDownKick+1"],"picked":"Tempest+1","floor":44.0},{"not_picked":["Go for the Eyes","Sunder","Sweeping Beam+1","Reprogram"],"picked":"MostiFishMod:ActiveDefenseSystem","floor":46.0},{"not_picked":["Cold Snap","Auto Shields","AT_EMC2","Compile Driver"],"picked":"MostiFishMod:GatherIntelligence+1","floor":47.0},{"not_picked":["Compile Driver+1","AT_StudyProgram","Sunder+1","Turbo","Leap"],"picked":"SKIP","floor":48.0},{"not_picked":["Rebound","Ball Lightning","Rip and Tear","AT_DarkMatter+1"],"picked":"Glacier","floor":54.0}],"player_experience":263094,"relics_obtained":[{"floor":1.0,"key":"SynthV:TestCard"},{"floor":7.0,"key":"Gremlin Horn"},{"floor":9.0,"key":"Akabeko"},{"floor":10.0,"key":"AT_TimeSand"},{"floor":14.0,"key":"WingedGreaves"},{"floor":23.0,"key":"testmod-IndustrialRevolution"},{"floor":24.0,"key":"Unceasing Top"},{"floor":26.0,"key":"Potion Belt"},{"floor":30.0,"key":"Oddly Smooth Stone"},{"floor":31.0,"key":"AT_ChloranthyRing"},{"floor":41.0,"key":"Shuriken"},{"floor":44.0,"key":"AT_SilvercatRing"},{"floor":46.0,"key":"CeramicFish"},{"floor":54.0,"key":"testmod-ArcanaOfDestiny"}],"event_choices":[{"damage_healed":0.0,"max_hp_gain":0.0,"max_hp_loss":0.0,"gold_gain":0.0,"event_name":"给自己的盒子","player_choice":"Ignored","floor":2.0,"gold_loss":0.0,"damage_taken":0.0},{"cards_removed":["Strike_B"],"damage_healed":0.0,"max_hp_gain":0.0,"max_hp_loss":0.0,"gold_gain":0.0,"event_name":"The Cleric","player_choice":"Card Removal","floor":3.0,"gold_loss":75.0,"damage_taken":0.0},{"damage_healed":0.0,"max_hp_gain":0.0,"max_hp_loss":0.0,"gold_gain":0.0,"event_name":"The Mausoleum","player_choice":"Ignored","floor":21.0,"gold_loss":0.0,"damage_taken":0.0},{"cards_removed":["Strike_B"],"damage_healed":0.0,"max_hp_gain":0.0,"max_hp_loss":0.0,"gold_gain":0.0,"event_name":"Designer","player_choice":"Upgrade and Remove","floor":22.0,"gold_loss":110.0,"damage_taken":0.0,"cards_upgraded":["White Noise"]},{"damage_healed":0.0,"max_hp_gain":0.0,"max_hp_loss":0.0,"gold_gain":0.0,"event_name":"Accursed Blacksmith","player_choice":"Forge","floor":37.0,"gold_loss":0.0,"damage_taken":0.0,"cards_upgraded":["MostiFishMod:ReadyAimFire"]},{"cards_removed":["Strike_B"],"damage_healed":0.0,"max_hp_gain":0.0,"max_hp_loss":0.0,"gold_gain":0.0,"event_name":"Falling","player_choice":"Removed Attack","floor":42.0,"gold_loss":0.0,"damage_taken":0.0},{"damage_healed":0.0,"max_hp_gain":0.0,"max_hp_loss":31.0,"gold_gain":0.0,"event_name":"Winding Halls","player_choice":"Max HP","floor":45.0,"gold_loss":0.0,"damage_taken":0.0}],"is_beta":false,"boss_relics":[{"not_picked":["Black Star","Inserter"],"picked":"FeatherPendant"},{"not_picked":["Fusion Hammer","xbg"],"picked":"testmod-Recursion"}],"items_purged_floors":[29,53],"is_endless":false,"potions_floor_spawned":[1,10,14,16,20,23,24,31,33,36,38,47,48,54],"ascension_level":18}}