{"host":"vmo6qas4tfa0p776","time":1609356552,"event":{"mods":["AchievementEnabler","BaseMod","Bestiary","Better Altar","Better Match","Better Note","Better Sensory Stone","Better Skull","Better Third Choice","Colored Map","Downfall","Minty Spire (QoL Compilation)","Relic Stats","Robot Space Explorer","Spicy Shops","StSLib","The Marked"],"gold_per_floor":[99,99,99,24,38,53,53,53,38,57,70,83,83,114,134,134,134,134],"floor_reached":16,"playtime":1481,"items_purged":[],"score":102,"play_id":"abaed8cd-ae4b-4283-9ccc-d9f690e6225d","local_time":"20201230142912","is_ascension_mode":false,"campfire_choices":[{"floor":1,"key":"RECALL"},{"floor":13,"key":"REST"}],"circlet_count":0,"master_deck":["champ:Strike","champ:Strike","champ:Strike","champ:Strike","champ:Defend","champ:Defend","champ:Defend","champ:Defend","champ:Execute","champ:Taunt","Regret","champ:CalledShot","champ:Haymaker","champ:IgnorePain","champ:Lariat","champ:DeathBlow","champ:PerfectedStrike","champ:Backstep","champ:FocusedDefense"],"relics":["champ:ChampionCrown","Gremlin Horn","Toy Ornithopter","Vajra"],"acts_visited":["Exordium"],"potions_floor_usage":[9,14,16],"damage_taken":[{"damage":24,"enemies":"Cultist","floor":5,"turns":5},{"damage":12,"enemies":"2 Louse","floor":6,"turns":3},{"damage":15,"enemies":"downfall:FleeingMerchant","floor":9,"turns":4},{"damage":22,"enemies":"Small Slimes","floor":10,"turns":4},{"damage":13,"enemies":"Red Slaver","floor":11,"turns":5},{"damage":29,"enemies":"Exordium Thugs","floor":12,"turns":6},{"damage":63,"enemies":"Lagavulin","floor":14,"turns":7},{"damage":21,"enemies":"3 Louse","floor":15,"turns":3},{"damage":25,"enemies":"downfall:Defect","floor":16,"turns":4}],"seed_played":"4476455799788592144","potions_obtained":[{"floor":5,"key":"SteroidPotion"},{"floor":12,"key":"Energy Potion"},{"floor":15,"key":"Regen Potion"}],"is_trial":false,"path_per_floor":["R","?","?","?","M","M","T","T","$","M","M","M","R","E","M","B"],"character_chosen":"THE_CHAMP","items_purchased":[],"campfire_rested":1,"item_purchase_floors":[],"current_hp_per_floor":[99,99,99,99,85,78,78,78,73,56,43,24,53,22,6,0,0,0],"gold":134,"neow_bonus":"TEN_PERCENT_HP_BONUS","is_daily":false,"chose_seed":false,"campfire_upgraded":0,"win_rate":0.0,"timestamp":1609356552,"path_taken":["R","?","?","?","M","?","T","?","$","M","M","M","R","E","M","BOSS"],"items_purchased_type":[],"build_version":"2020-12-22","purchased_purges":0,"victory":false,"max_hp_per_floor":[99,99,99,99,99,99,99,99,99,99,99,99,99,99,99,99,99,99],"relic_stats":{"Gremlin Horn":[5,5],"counters":[9,41],"obtain_stats":[{"Gremlin Horn":3,"Vajra":14,"champ:ChampionCrown":0,"Toy Ornithopter":8},{"Gremlin Horn":0,"Vajra":7,"champ:ChampionCrown":0,"Toy Ornithopter":2},{"Gremlin Horn":0,"Vajra":34,"champ:ChampionCrown":0,"Toy Ornithopter":8}],"Toy Ornithopter":15},"card_choices":[{"not_picked":["champ:HeartStrike","champ:IronFortress"],"picked":"champ:CalledShot","floor":5},{"not_picked":["champ:StanceDance","champ:BerserkersShout"],"picked":"champ:Haymaker","floor":6},{"not_picked":["champ:EnGarde","champ:FaceSlap"],"picked":"champ:IgnorePain","floor":9},{"not_picked":["champ:HeartStrike","champ:BringItOn"],"picked":"champ:Lariat","floor":10},{"not_picked":["champ:Haymaker","champ:StanceDance"],"picked":"champ:DeathBlow","floor":11},{"not_picked":["champ:FaceSlap","champ:FlashCut"],"picked":"champ:PerfectedStrike","floor":12},{"not_picked":["champ:FanOfKnives","champ:BringItOn"],"picked":"champ:Backstep","floor":14},{"not_picked":["champ:BerserkersShout","champ:EnragedBash"],"picked":"champ:FocusedDefense","floor":15}],"player_experience":193203,"relics_obtained":[{"floor":8,"key":"Toy Ornithopter"},{"floor":14,"key":"Vajra"}],"event_choices":[{"damage_healed":0,"gold_gain":0,"player_choice":"Box","damage_taken":0,"relics_obtained":["Gremlin Horn"],"max_hp_gain":0,"max_hp_loss":0,"event_name":"Big Fish","floor":3,"gold_loss":0,"cards_obtained":["Regret"]},{"damage_healed":0,"gold_gain":0,"player_choice":"3","damage_taken":0,"max_hp_gain":0,"max_hp_loss":0,"event_name":"betterMatch:BetterMatch","floor":4,"gold_loss":0,"cards_obtained":[]}],"is_beta":false,"boss_relics":[],"items_purged_floors":[],"is_endless":false,"potions_floor_spawned":[5,12,15],"killed_by":"downfall:Defect","ascension_level":0}}