{"host":"vpxex9ryma3s0oll","time":1609298780,"event":{"mods":["AchievementEnabler","BaseMod","Bestiary","Minty Spire (QoL Compilation)","Quick Restart","Shop Mod","StSLib"],"gold_per_floor":[110,127,127,147,49,80,305,336,336,336,366,366,430,53,53,157,457,471,484,84,95,111,111,136,146,171,221,233,246,246,257,257,257,257],"floor_reached":33,"playtime":1886,"items_purged":["Defend_G","Strike_G"],"score":328,"play_id":"0bcbef51-30e2-4f6f-bc59-6f7d938c475c","local_time":"20201229222620","is_ascension_mode":true,"campfire_choices":[{"data":"Wraith Form v2","floor":12.0,"key":"SMITH"},{"floor":15.0,"key":"REST"},{"floor":23.0,"key":"REST"},{"data":"Catalyst","floor":30,"key":"SMITH"},{"data":"Well Laid Plans","floor":32,"key":"SMITH"}],"circlet_count":0,"master_deck":["Strike_G","Strike_G","Strike_G","Strike_G","Defend_G","Defend_G","Defend_G","Defend_G","Survivor","Neutralize","Sucker Punch","Dodge and Roll","Deadly Poison","After Image","Noxious Fumes","Wraith Form v2+1","Well Laid Plans+1","Envenom","CurseOfTheBell","Poisoned Stab","Backflip","Catalyst+1","Footwork","PiercingWail"],"relics":["Runic Dome","SsserpentHead","Ice Cream","Gambling Chip","The Specimen","Toy Ornithopter","Bronze Scales","Regal Pillow","Calling Bell","PreservedInsect","Meat on the Bone","Old Coin","OrangePellets","Frozen Egg 2"],"acts_visited":["Exordium","TheCity"],"potions_floor_usage":[29,33],"damage_taken":[{"damage":0.0,"enemies":"Small Slimes","floor":1.0,"turns":4.0},{"damage":0.0,"enemies":"Cultist","floor":2.0,"turns":4.0},{"damage":0.0,"enemies":"2 Louse","floor":4.0,"turns":4.0},{"damage":22.0,"enemies":"Gremlin Nob","floor":6.0,"turns":6.0},{"damage":12.0,"enemies":"Lagavulin","floor":8.0,"turns":8.0},{"damage":8.0,"enemies":"3 Sentries","floor":11.0,"turns":8.0},{"damage":0.0,"enemies":"Large Slime","floor":13.0,"turns":6.0},{"damage":58.0,"enemies":"Slime Boss","floor":16.0,"turns":13.0},{"damage":10.0,"enemies":"3 Byrds","floor":18.0,"turns":4.0},{"damage":14.0,"enemies":"Spheric Guardian","floor":19.0,"turns":6.0},{"damage":12.0,"enemies":"Shelled Parasite and Fungi","floor":21.0,"turns":6.0},{"damage":0.0,"enemies":"Chosen and Byrds","floor":22.0,"turns":6.0},{"damage":27.0,"enemies":"Book of Stabbing","floor":24.0,"turns":5.0},{"damage":11.0,"enemies":"Snecko","floor":25.0,"turns":8.0},{"damage":8.0,"enemies":"Cultist and Chosen","floor":28.0,"turns":7.0},{"damage":6,"enemies":"Centurion and Healer","floor":29,"turns":8},{"damage":0,"enemies":"Snecko","floor":31,"turns":5},{"damage":63,"enemies":"Automaton","floor":33,"turns":10}],"seed_played":"-8879625986340487038","potions_obtained":[{"floor":2.0,"key":"LiquidMemories"},{"floor":11.0,"key":"FearPotion"},{"floor":16.0,"key":"GamblersBrew"},{"floor":19.0,"key":"PowerPotion"},{"floor":24.0,"key":"FearPotion"},{"floor":25.0,"key":"Weak Potion"},{"floor":29,"key":"ColorlessPotion"}],"is_trial":false,"path_per_floor":["M","M","?","M","$","E","?","E","T","?","E","R","M","$","R","B",null,"M","M","$","M","M","R","E","M","T","?","M","M","R","M","R","B"],"character_chosen":"THE_SILENT","items_purchased":["After Image","Bronze Scales","Regal Pillow","Catalyst","OrangePellets","Footwork"],"campfire_rested":2,"item_purchase_floors":[5,14,14,20,20,20],"current_hp_per_floor":[70,70,70,70,70,48,48,36,36,36,28,28,28,28,64,6,70,60,51,51,39,44,70,43,37,37,60,52,51,51,51,51,0,0],"gold":257,"neow_bonus":"BOSS_RELIC","is_daily":false,"chose_seed":false,"campfire_upgraded":3,"win_rate":0.0,"timestamp":1609298780,"path_taken":["M","M","?","M","?","E","?","E","T","?","E","R","?","$","R","BOSS","M","M","$","M","M","R","E","M","T","?","M","M","R","M","R","BOSS"],"items_purchased_type":["Card","Relic","Relic","Card","Relic","Card"],"build_version":"2020-12-22","purchased_purges":2,"victory":false,"max_hp_per_floor":[70,70,70,70,70,70,70,70,70,70,70,70,70,70,70,70,70,70,70,70,70,70,70,70,70,70,70,70,70,70,70,70,70,70],"card_choices":[{"not_picked":["Underhanded Strike","Deflect"],"picked":"Sucker Punch","floor":1.0},{"not_picked":["Dagger Throw","Tactician"],"picked":"Dodge and Roll","floor":2.0},{"not_picked":["Outmaneuver","Escape Plan"],"picked":"Deadly Poison","floor":4.0},{"not_picked":["Deadly Poison","All Out Attack"],"picked":"Noxious Fumes","floor":6.0},{"not_picked":["Terror","Quick Slash"],"picked":"Wraith Form v2","floor":8.0},{"not_picked":["Endless Agony","Expertise","Prepared"],"picked":"SKIP","floor":11.0},{"not_picked":["Blur","Predator"],"picked":"Well Laid Plans","floor":13.0},{"not_picked":["Night Terror","After Image"],"picked":"Envenom","floor":16.0},{"not_picked":["Flechettes","Expertise"],"picked":"Poisoned Stab","floor":18.0},{"not_picked":["Dash+1","Finisher+1"],"picked":"Backflip","floor":19.0},{"not_picked":["Deadly Poison","Flying Knee","Calculated Gamble"],"picked":"SKIP","floor":21.0},{"not_picked":["Outmaneuver","Quick Slash"],"picked":"PiercingWail","floor":22.0},{"not_picked":["Phantasmal Killer","Blade Dance","Dagger Throw"],"picked":"SKIP","floor":24.0},{"not_picked":["Outmaneuver+1","Deadly Poison","Backflip"],"picked":"SKIP","floor":25.0},{"not_picked":["Terror","Acrobatics","Riddle With Holes"],"picked":"SKIP","floor":28.0},{"not_picked":["Riddle With Holes","Dagger Spray+1","Sucker Punch+1"],"picked":"SKIP","floor":29},{"not_picked":["Infinite Blades+1","Calculated Gamble","Slice+1"],"picked":"SKIP","floor":31}],"player_experience":48291,"relics_obtained":[{"floor":6.0,"key":"Ice Cream"},{"floor":8.0,"key":"Gambling Chip"},{"floor":9.0,"key":"The Specimen"},{"floor":11.0,"key":"Toy Ornithopter"},{"floor":17.0,"key":"PreservedInsect"},{"floor":17.0,"key":"Meat on the Bone"},{"floor":17.0,"key":"Old Coin"},{"floor":24.0,"key":"Frozen Egg 2"}],"event_choices":[{"damage_healed":0.0,"max_hp_gain":0.0,"max_hp_loss":0.0,"gold_gain":0.0,"event_name":"FaceTrader","player_choice":"Trade","floor":3.0,"gold_loss":0.0,"damage_taken":0.0,"relics_obtained":["SsserpentHead"]},{"damage_healed":0.0,"max_hp_gain":0.0,"max_hp_loss":0.0,"gold_gain":175.0,"event_name":"Liars Game","player_choice":"AGREE","floor":7.0,"gold_loss":0.0,"damage_taken":0.0,"cards_obtained":["Doubt"]},{"cards_removed":["Doubt"],"damage_healed":0.0,"max_hp_gain":0.0,"max_hp_loss":0.0,"gold_gain":0.0,"event_name":"The Cleric","player_choice":"Card Removal","floor":10.0,"gold_loss":50.0,"damage_taken":0.0},{"damage_healed":23.0,"max_hp_gain":0.0,"max_hp_loss":0.0,"gold_gain":0.0,"event_name":"The Library","player_choice":"Heal","floor":27.0,"gold_loss":0.0,"damage_taken":0.0}],"is_beta":false,"boss_relics":[{"not_picked":["SlaversCollar","HoveringKite"],"picked":"Calling Bell"}],"items_purged_floors":[14,20],"is_endless":false,"potions_floor_spawned":[2,11,16,19,24,25,29],"killed_by":"Automaton","ascension_level":1}}