{"host":"ggy1mjjy92c62u6a","time":1609338389,"event":{"mods":["10 clothes from DAL","BaseMod","LazyManMod","Minty Spire (QoL Compilation)","Quick Restart","Relic Stats","Shop Mod","Spicy Shops","StSLib","【功能Mod】混沌之环修复补丁","【遗物Mod】死灵法师NEW","【遗物卡牌】REMEMod"],"gold_per_floor":[111,111,111,186,0,30,30,30,30,50,68,85,85,112,112,213,213,228,228,248,248,273,273,273,273],"floor_reached":24,"playtime":890,"items_purged":[],"score":202,"play_id":"455f48f9-5665-4c24-a877-b4faf8a82728","local_time":"20201230222629","is_ascension_mode":true,"campfire_choices":[{"data":"Violent_Necrosis","floor":7.0,"key":"SMITH"},{"data":"Toxic_Smoke_Screen","floor":13.0,"key":"SMITH"},{"floor":15.0,"key":"REST"},{"data":"ZombiePosion","floor":23,"key":"SMITH"}],"circlet_count":0,"master_deck":["Strike_W","Strike_W","Defend_W","Defend_W","Negative_Energy_Arrows","Bone_Wall","Siphon_Strength","Strike_W","Summon_Undead_Army","Violent_Necrosis+1","Toxic_Smoke_Screen+1","Summon_Undead_Army","Bone_Spikes","Summon_Vampire_Lady","Kotodama","J.A.X.","Vampiric_Strike+1","ZombiePosion+1"],"relics":["Vampire_Amulet","REME_ComplimentaryCards","dwlrmod:ProjectRecorder","Membership Card","Ancient Tea Set","StoneCalendar","Nunchaku","REME_DuelDisc","Red Mask"],"acts_visited":["Exordium","TheCity"],"potions_floor_usage":[24],"damage_taken":[{"damage":0.0,"enemies":"Small Slimes","floor":1.0,"turns":2.0},{"damage":16.0,"enemies":"Lagavulin","floor":6.0,"turns":5.0},{"damage":0.0,"enemies":"Cultist","floor":10.0,"turns":3.0},{"damage":0.0,"enemies":"2 Louse","floor":11.0,"turns":3.0},{"damage":4.0,"enemies":"Large Slime","floor":12.0,"turns":3.0},{"damage":29.0,"enemies":"Slime Boss","floor":16.0,"turns":7.0},{"damage":8.0,"enemies":"Shell Parasite","floor":18.0,"turns":4.0},{"damage":25,"enemies":"Spheric Guardian","floor":20,"turns":6},{"damage":52,"enemies":"Masked Bandits","floor":22,"turns":5},{"damage":30,"enemies":"REME_1_Revenger","floor":24,"turns":3}],"seed_played":"-2792715570125624530","potions_obtained":[{"floor":1.0,"key":"LiquidMemories"},{"floor":11.0,"key":"Explosive Potion"},{"floor":20,"key":"SteroidPotion"}],"is_trial":false,"path_per_floor":["M","?","$","?","$","E","R","?","T","M","M","M","R","T","R","B",null,"M","?","M","?","?","R","E"],"character_chosen":"NECROMANCER","items_purchased":["Membership Card","Summon_Undead_Army"],"campfire_rested":1,"item_purchase_floors":[5,5],"current_hp_per_floor":[54,54,54,43,43,27,27,20,20,20,20,16,16,16,38,9,75,73,73,51,51,14,14,0,0],"gold":273,"neow_bonus":"REMOVE_TWO","is_daily":false,"chose_seed":false,"campfire_upgraded":3,"win_rate":0.0,"timestamp":1609338389,"path_taken":["M","?","?","?","$","E","R","?","T","M","M","M","R","?","R","BOSS","M","?","M","?","?","R","E"],"items_purchased_type":["Relic","Card"],"build_version":"2020-12-22","purchased_purges":0,"victory":false,"max_hp_per_floor":[75,75,75,75,75,75,75,75,75,75,75,75,75,75,75,75,75,75,75,75,75,75,75,75,75],"relic_stats":{"Nunchaku":[2],"counters":[10,41],"StoneCalendar":[54],"obtain_stats":[{"dwlrmod:ProjectRecorder":1,"Nunchaku":14,"StoneCalendar":9,"Vampire_Amulet":0,"REME_DuelDisc":17,"Red Mask":22,"Membership Card":5,"Ancient Tea Set":6,"REME_ComplimentaryCards":0},{"dwlrmod:ProjectRecorder":1,"Nunchaku":5,"StoneCalendar":2,"Vampire_Amulet":0,"REME_DuelDisc":6,"Red Mask":9,"Membership Card":1,"Ancient Tea Set":2,"REME_ComplimentaryCards":0},{"dwlrmod:ProjectRecorder":2,"Nunchaku":16,"StoneCalendar":7,"Vampire_Amulet":0,"REME_DuelDisc":23,"Red Mask":38,"Membership Card":2,"Ancient Tea Set":7,"REME_ComplimentaryCards":0}]},"card_choices":[{"not_picked":["Negative_Energy_Mist","Summon_Undead_Army"],"picked":"Siphon_Strength","floor":1.0},{"not_picked":["Blood_Whip","Kotodama"],"picked":"Violent_Necrosis","floor":6.0},{"not_picked":["PosionWeak","Summon_Undead_Army"],"picked":"Toxic_Smoke_Screen","floor":10.0},{"not_picked":["Life_Tap","Hellfire"],"picked":"Summon_Undead_Army","floor":11.0},{"not_picked":["Shackles_Of_Pain","PosionBreak"],"picked":"Bone_Spikes","floor":12.0},{"not_picked":["Epidemic","Cloudkill"],"picked":"Summon_Vampire_Lady","floor":16.0},{"not_picked":["Blood_Whip","Blood_Is_Power"],"picked":"Kotodama","floor":18.0},{"not_picked":["Slay_Living","finger_Of_Death"],"picked":"Vampiric_Strike+1","floor":20}],"player_experience":55899,"relics_obtained":[{"floor":1.0,"key":"dwlrmod:ProjectRecorder"},{"floor":6.0,"key":"Ancient Tea Set"},{"floor":9.0,"key":"StoneCalendar"},{"floor":14.0,"key":"Nunchaku"},{"floor":22,"key":"Red Mask"}],"event_choices":[{"cards_removed":["Strike_W"],"damage_healed":0.0,"max_hp_gain":0.0,"max_hp_loss":0.0,"gold_gain":0.0,"event_name":"Bonfire Elementals","player_choice":"Offered Basic","floor":2.0,"gold_loss":0.0,"damage_taken":0.0},{"damage_healed":0.0,"max_hp_gain":0.0,"max_hp_loss":0.0,"gold_gain":75.0,"event_name":"World of Goop","player_choice":"Gather Gold","floor":4.0,"gold_loss":0.0,"damage_taken":11.0},{"cards_removed":["Strike_W"],"damage_healed":0.0,"max_hp_gain":0.0,"max_hp_loss":0.0,"gold_gain":0.0,"event_name":"Golden Wing","player_choice":"Card Removal","floor":8.0,"gold_loss":0.0,"damage_taken":7.0},{"damage_healed":0,"gold_gain":0,"player_choice":"Obtain J.A.X.","damage_taken":0,"max_hp_gain":0,"max_hp_loss":0,"event_name":"Drug Dealer","floor":19,"gold_loss":0,"cards_obtained":["J.A.X."]},{"damage_healed":0,"gold_gain":0,"player_choice":"Read","damage_taken":0,"max_hp_gain":0,"max_hp_loss":0,"event_name":"The Library","floor":21,"gold_loss":0,"cards_obtained":["ZombiePosion"]},{"damage_healed":0,"gold_gain":0,"player_choice":"Fought Bandits","damage_taken":0,"max_hp_gain":0,"max_hp_loss":0,"event_name":"Masked Bandits","floor":22,"gold_loss":0}],"is_beta":false,"boss_relics":[{"not_picked":["Coffee Dripper","Ectoplasm"],"picked":"REME_DuelDisc"}],"items_purged_floors":[],"is_endless":false,"potions_floor_spawned":[1,11,20,22],"killed_by":"REME_1_Revenger","ascension_level":1}}