{"host":"fmwbmnqnrup981we","time":1609298974,"event":{"mods":["AchievementEnabler","Act Like it!","BaseMod","Better Match","Better Note","Better Skull","Better Synergies","Better Third Choice","Better Vampires","Block Reminder","Curses Come First","Downfall","Duelist Mod","Elementarium","GungeonMod","HexUI Lib","HornydragonMod","Marked Mod","Minty Spire (QoL Compilation)","Pikachu Mod","Quick Restart","Relic Stats","SIMod","StSLib","The Bug Knight","The Death Knight","The Forsaken","The Marked","The Necromancer","The Runesmith","The Servant 0.9.4","The Wild Card","TheHero","TheVacant","TheVelvet","Transform Curses","Waifu the Spire","Yuri Mod","everything is the same but u backflip on backflip"],"gold_per_floor":[113,113,113,113,38,73,73,102,102,119,152,152,168,186,186,289,289,303,303,303,315,315,348,359,359,385,417,332,351,351,365,365,467,467,484,208,208,208,3,3,28,40,40,58,83,83,83,93,93,93,93,93,58,86,86],"floor_reached":56,"playtime":3037,"items_purged":["Defend_G","Defend_G"],"score":1517,"play_id":"255c1ee9-73c0-4ad9-a0d0-ccf6839acfb3","local_time":"20201230032934","is_ascension_mode":true,"campfire_choices":[{"floor":7,"key":"RECALL"},{"floor":12,"key":"REST"},{"data":"Defend_G","floor":15,"key":"PURGE"},{"data":"Cloak And Dagger","floor":25,"key":"SMITH"},{"data":"Neutralize","floor":32,"key":"SMITH"},{"data":"Panache","floor":40,"key":"SMITH"},{"data":"Madness","floor":47,"key":"SMITH"},{"data":"Defend_G","floor":49,"key":"PURGE"},{"data":"Survivor","floor":52,"key":"PURGE"}],"circlet_count":0,"master_deck":["Strike_G","Strike_G","Strike_G","Strike_G","Neutralize+1","Blur","theWildCard:Odin+1","Deflect","Calculated Gamble","Cloak And Dagger+1","Cloak And Dagger+1","After Image+1","Escape Plan+1","Bandage Up","Escape Plan","Footwork+1","Deflect+1","Blade Dance+1","Footwork","Slice+1","Die Die Die","Terror+1","Blur","Blade Dance+1","Backstab","Madness+1","Madness+1","Panache+1","Cloak And Dagger+1","Infinite Blades","Cloak And Dagger+1","Die Die Die","Infinite Blades","Deflect+1","Endless Agony","Deflect+1"],"relics":["Ring of the Serpent","Pyrelight","Bag of Marbles","Bronze Scales","Peace Pipe","MarkOfWind","Pantograph","Runesmith:AutoHammer","theForsaken:HumbleEgg","Happy Flower","SlaversCollar","War Paint","Unceasing Top","Anchor","Pen Nib"],"acts_visited":["Exordium","TheCity","TheBeyond","TheEnding"],"potions_floor_usage":[16,16,33,50,50,50],"damage_taken":[{"damage":0,"enemies":"Small Slimes","floor":1,"turns":4},{"damage":16,"enemies":"Lagavulin","floor":6,"turns":12},{"damage":9,"enemies":"Gremlin Nob","floor":8,"turns":6},{"damage":0,"enemies":"2 Louse","floor":10,"turns":2},{"damage":7,"enemies":"Lagavulin","floor":11,"turns":8},{"damage":0,"enemies":"Jaw Worm","floor":13,"turns":3},{"damage":0,"enemies":"Blue Slaver","floor":14,"turns":4},{"damage":5,"enemies":"Slime Boss","floor":16,"turns":18},{"damage":16,"enemies":"3 Byrds","floor":18,"turns":5},{"damage":0,"enemies":"Chosen","floor":21,"turns":7},{"damage":8,"enemies":"theDuelist:KaibaA2","floor":23,"turns":15},{"damage":0,"enemies":"Snecko","floor":24,"turns":10},{"damage":1,"enemies":"Gremlin Leader","floor":27,"turns":17},{"damage":0,"enemies":"3 Cultists","floor":29,"turns":6},{"damage":2,"enemies":"Shelled Parasite and Fungi","floor":31,"turns":5},{"damage":0,"enemies":"Collector","floor":33,"turns":14},{"damage":0,"enemies":"Orb Walker","floor":35,"turns":4},{"damage":0,"enemies":"HollowMod:StalkingDevout","floor":41,"turns":5},{"damage":0,"enemies":"3 Shapes","floor":42,"turns":1},{"damage":0,"enemies":"Transient","floor":44,"turns":5},{"damage":0,"enemies":"Giant Head","floor":45,"turns":6},{"damage":0,"enemies":"Maw","floor":48,"turns":5},{"damage":0,"enemies":"Donu and Deca","floor":50,"turns":7},{"damage":15,"enemies":"Shield and Spear","floor":54,"turns":6},{"damage":1,"enemies":"The Heart","floor":55,"turns":8}],"seed_played":"4056146478140630994","potions_obtained":[{"floor":6,"key":"LiquidMemories"},{"floor":13,"key":"SteroidPotion"},{"floor":16,"key":"Swift Potion"},{"floor":18,"key":"Weak Potion"},{"floor":27,"key":"Ancient Potion"},{"floor":33,"key":"Weak Potion"},{"floor":35,"key":"ColorlessPotion"}],"is_trial":false,"path_per_floor":["M","?","?","?","$","E","R","E","T","M","E","R","M","M","R","B",null,"M","?","?","M","?","E","M","R","T","E","?","M","?","M","R","B",null,"M","$","?","?","$","R","E","M","T","M","E","?","R","M","R","B",null,"R","$","E","B",null],"character_chosen":"THE_SILENT","items_purchased":["Blur","Blade Dance+1","Backstab","Panache","Cloak And Dagger+1","Endless Agony"],"campfire_rested":1,"item_purchase_floors":[36,36,36,39,39,53],"current_hp_per_floor":[70,70,70,70,70,54,54,45,45,45,38,59,59,59,59,54,70,54,54,54,58,58,54,62,62,62,65,65,69,69,70,70,70,70,70,70,70,61,61,61,65,65,65,69,70,70,70,70,70,70,70,70,70,63,70],"gold":86,"neow_bonus":"REMOVE_CARD","is_daily":false,"chose_seed":false,"campfire_upgraded":4,"win_rate":0.0,"timestamp":1609298974,"path_taken":["M","?","?","?","?","E","R","E","T","M","E","R","M","M","R","BOSS","M","?","?","?","?","E","M","R","T","E","?","M","?","M","R","BOSS","M","$","?","?","$","R","E","M","T","M","E","?","R","M","R","BOSS","R","$","E","BOSS"],"items_purchased_type":["Card","Card","Card","Card","Card","Card"],"build_version":"2020-12-22","purchased_purges":2,"victory":true,"max_hp_per_floor":[70,70,70,70,70,70,70,70,70,70,70,70,70,70,70,70,70,70,70,70,70,70,70,70,70,70,70,70,70,70,70,70,70,70,70,70,70,70,70,70,70,70,70,70,70,70,70,70,70,70,70,70,70,70,70],"relic_stats":{"Peace Pipe":3,"Happy Flower":[24],"counters":[25,183],"Bronze Scales":[563],"Pantograph":7,"Pen Nib":[6],"War Paint":["Cloak And Dagger","Madness"],"obtain_stats":[{"Happy Flower":28,"Pyrelight":2,"DemoMod:GlassGuonStoneRelic":8,"Pen Nib":54,"War Paint":41,"Peace Pipe":11,"theForsaken:HumbleEgg":27,"SlaversCollar":34,"Anchor":45,"Bronze Scales":8,"Pantograph":23,"MarkOfWind":22,"Bag of Marbles":6,"Runesmith:AutoHammer":26,"Ring of the Serpent":17,"Unceasing Top":43,"Ring of the Snake":0},{"Happy Flower":13,"Pyrelight":1,"DemoMod:GlassGuonStoneRelic":3,"Pen Nib":24,"War Paint":18,"Peace Pipe":5,"theForsaken:HumbleEgg":13,"SlaversCollar":16,"Anchor":21,"Bronze Scales":3,"Pantograph":11,"MarkOfWind":10,"Bag of Marbles":2,"Runesmith:AutoHammer":12,"Ring of the Serpent":8,"Unceasing Top":19,"Ring of the Snake":0},{"Happy Flower":111,"Pyrelight":4,"DemoMod:GlassGuonStoneRelic":22,"Pen Nib":175,"War Paint":145,"Peace Pipe":32,"theForsaken:HumbleEgg":111,"SlaversCollar":136,"Anchor":157,"Bronze Scales":22,"Pantograph":84,"MarkOfWind":69,"Bag of Marbles":16,"Runesmith:AutoHammer":94,"Ring of the Serpent":57,"Unceasing Top":146,"Ring of the Snake":0}],"Unceasing Top":[49]},"card_choices":[{"not_picked":["Underhanded Strike","Quick Slash"],"picked":"Blur","floor":1},{"not_picked":["Malaise","Quick Slash","All Out Attack"],"picked":"SKIP","floor":6},{"not_picked":["Bane","Acrobatics"],"picked":"Deflect","floor":8},{"not_picked":["PiercingWail","Deflect"],"picked":"Calculated Gamble","floor":10},{"not_picked":["Deadly Poison","PiercingWail","Deflect"],"picked":"SKIP","floor":11},{"not_picked":["Bouncing Flask","Deflect"],"picked":"Cloak And Dagger","floor":13},{"not_picked":["Expertise","Finisher"],"picked":"Cloak And Dagger","floor":14},{"not_picked":["Night Terror","Die Die Die"],"picked":"After Image","floor":16},{"not_picked":["Noxious Fumes+1","Calculated Gamble"],"picked":"Escape Plan+1","floor":18},{"not_picked":["All Out Attack+1","PiercingWail"],"picked":"Escape Plan","floor":21},{"not_picked":["Acrobatics","Concentrate+1"],"picked":"Footwork+1","floor":23},{"not_picked":["Dagger Throw","Tactician"],"picked":"Deflect+1","floor":24},{"not_picked":["Blur","Backflip+1"],"picked":"Blade Dance+1","floor":27},{"not_picked":["Bane+1","Finisher"],"picked":"Footwork","floor":29},{"not_picked":["Eviscerate","Dodge and Roll+1","Bane+1"],"picked":"SKIP","floor":31},{"not_picked":["Corpse Explosion","Venomology"],"picked":"Die Die Die","floor":33},{"not_picked":["Reflex+1","Footwork"],"picked":"Terror+1","floor":35},{"not_picked":["Backflip+1","Masterful Stab"],"picked":"Infinite Blades","floor":41},{"not_picked":["Prepared+1","Outmaneuver+1"],"picked":"Cloak And Dagger+1","floor":42},{"not_picked":["Quick Slash+1","Prepared+1"],"picked":"Die Die Die","floor":44},{"not_picked":["Deadly Poison+1","Poisoned Stab+1"],"picked":"Infinite Blades","floor":45},{"not_picked":["PiercingWail+1","Deadly Poison+1"],"picked":"Deflect+1","floor":48},{"not_picked":["Underhanded Strike+1","Footwork"],"picked":"Deflect+1","floor":54}],"player_experience":410880,"relics_obtained":[{"floor":6,"key":"Bag of Marbles"},{"floor":8,"key":"Bronze Scales"},{"floor":11,"key":"Peace Pipe"},{"floor":23,"key":"Pantograph"},{"floor":26,"key":"Runesmith:AutoHammer"},{"floor":27,"key":"theForsaken:HumbleEgg"},{"floor":41,"key":"War Paint"},{"floor":43,"key":"Unceasing Top"},{"floor":45,"key":"Anchor"},{"floor":54,"key":"Pen Nib"}],"event_choices":[{"damage_healed":0,"gold_gain":0,"player_choice":"Grow","damage_taken":0,"max_hp_gain":0,"max_hp_loss":0,"event_name":"Living Wall","floor":4,"gold_loss":0,"cards_upgraded":["theWildCard:Odin"]},{"damage_healed":0,"gold_gain":0,"player_choice":"Forge","damage_taken":0,"max_hp_gain":0,"max_hp_loss":0,"event_name":"Accursed Blacksmith","floor":19,"gold_loss":0,"cards_upgraded":["After Image"]},{"cards_removed":["theWildCard:Odin"],"damage_healed":0,"gold_gain":0,"player_choice":"Take \u0026 Give","damage_taken":0,"max_hp_gain":0,"max_hp_loss":0,"event_name":"betterNote:BetterNote","floor":20,"gold_loss":0,"cards_obtained":["Bandage Up"]},{"damage_healed":0,"gold_gain":0,"player_choice":"Obtained Relic","damage_taken":0,"relics_obtained":["Happy Flower"],"max_hp_gain":0,"max_hp_loss":0,"event_name":"Addict","floor":28,"gold_loss":85},{"damage_healed":0,"gold_gain":0,"player_choice":"Read","damage_taken":0,"max_hp_gain":0,"max_hp_loss":0,"event_name":"The Library","floor":30,"gold_loss":0,"cards_obtained":["Slice"]},{"cards_removed":["Strike_G"],"damage_healed":0,"gold_gain":0,"player_choice":"Removed Attack","damage_taken":0,"max_hp_gain":0,"max_hp_loss":0,"event_name":"Falling","floor":37,"gold_loss":0},{"damage_healed":0,"gold_gain":0,"player_choice":"Embrace Madness","damage_taken":9,"max_hp_gain":0,"max_hp_loss":0,"event_name":"Winding Halls","floor":38,"gold_loss":0,"cards_obtained":["Madness","Madness"]}],"is_beta":false,"boss_relics":[{"not_picked":["Busted Crown","Coffee Dripper"],"picked":"Ring of the Serpent"},{"not_picked":["Astrolabe","Fusion Hammer"],"picked":"SlaversCollar"}],"items_purged_floors":[5,36],"is_endless":false,"potions_floor_spawned":[6,13,16,18,27,31,33,35,42,45],"ascension_level":1}}