{"host":"1bnrkmg0bmhwam8n","time":1609302937,"event":{"mods":["2.2 Compatiblity","BaseMod","Colored Map","Infinite Spire","Minty Spire (QoL Compilation)","Quick Restart","StSLib"],"gold_per_floor":[111,32,32,51,63,63,80,115,115,115,115,132,132,51,51,176,176,190,190,203,203,224,257,257,282,307,307,321,336,336,76,76,206,206,221,267,330,351,351,351,375,388,436,456,456,491,509,529,529,529],"floor_reached":51,"playtime":2919,"items_purged":["Strike_G"],"score":960,"play_id":"e1c2475b-3892-4253-b93d-87a07ffc7e8c","local_time":"20201229223537","is_ascension_mode":true,"campfire_choices":[{"data":"Venomology","floor":6,"key":"SMITH"},{"floor":10,"key":"REST"},{"floor":15,"key":"REST"},{"floor":30,"key":"REST"},{"floor":32,"key":"REST"},{"data":"Accuracy","floor":40,"key":"SMITH"},{"floor":45,"key":"RECALL"},{"data":"infinitespire:Collect","floor":49,"key":"SMITH"}],"circlet_count":0,"master_deck":["Strike_G","Strike_G+1","Strike_G+1","Defend_G","Defend_G","Defend_G","Defend_G","Defend_G","Survivor","Neutralize","Venomology+1","Accuracy+1","Blur","Deflect","Cloak And Dagger","Infinite Blades","Adrenaline","infinitespire:Collect+1","Blade Dance+1"],"relics":["Ring of the Snake","Tiny Chest","Nunchaku","infinitespire:ShieldingShard","Golden Idol","SacredBark","Kunai","Darkstone Periapt","Boot","Lizard Tail","infinitespire:WardingShard","Black Star","PreservedInsect","Bird Faced Urn","MealTicket","Ninja Scroll","Whetstone"],"acts_visited":["Exordium","TheCity","TheBeyond"],"potions_floor_usage":[5,5,7,8,8,12,16,16,16,18,20,20,22,23,23,25,28,28,29,33,33,35,35,37,38,38,44,44,46,46,46,47,48,48,50,50],"damage_taken":[{"damage":0,"enemies":"2 Louse","floor":1,"turns":3},{"damage":14,"enemies":"Jaw Worm","floor":4,"turns":7},{"damage":0,"enemies":"Cultist","floor":5,"turns":4},{"damage":8,"enemies":"Exordium Wildlife","floor":7,"turns":8},{"damage":36,"enemies":"3 Sentries","floor":8,"turns":20},{"damage":2,"enemies":"3 Louse","floor":12,"turns":5},{"damage":9,"enemies":"The Guardian","floor":16,"turns":18},{"damage":0,"enemies":"Shell Parasite","floor":18,"turns":11},{"damage":6,"enemies":"Chosen","floor":20,"turns":5},{"damage":2,"enemies":"Shelled Parasite and Fungi","floor":22,"turns":12},{"damage":17,"enemies":"Slavers","floor":23,"turns":6},{"damage":8,"enemies":"Centurion and Healer","floor":25,"turns":18},{"damage":0,"enemies":"Cultist and Chosen","floor":28,"turns":3},{"damage":11,"enemies":"Shelled Parasite and Fungi","floor":29,"turns":7},{"damage":0,"enemies":"Automaton","floor":33,"turns":15},{"damage":0,"enemies":"3 Darklings","floor":35,"turns":11},{"damage":0,"enemies":"Mind Bloom Boss Battle","floor":37,"turns":13},{"damage":0,"enemies":"Orb Walker","floor":38,"turns":6},{"damage":0,"enemies":"Writhing Mass","floor":41,"turns":8},{"damage":8,"enemies":"Transient","floor":42,"turns":5},{"damage":3,"enemies":"Spire Growth","floor":44,"turns":5},{"damage":0,"enemies":"Giant Head","floor":46,"turns":7},{"damage":0,"enemies":"3 Darklings","floor":47,"turns":4},{"damage":2,"enemies":"Jaw Worm Horde","floor":48,"turns":6},{"damage":83,"enemies":"infinitespire:MassOfShapes","floor":50,"turns":26}],"seed_played":"579669691995215956","potions_obtained":[{"floor":4,"key":"DistilledChaos"},{"floor":7,"key":"DistilledChaos"},{"floor":18,"key":"CultistPotion"},{"floor":22,"key":"Fire Potion"},{"floor":25,"key":"Explosive Potion"},{"floor":28,"key":"Explosive Potion"},{"floor":33,"key":"Swift Potion"},{"floor":35,"key":"SpeedPotion"},{"floor":41,"key":"SkillPotion"},{"floor":44,"key":"EssenceOfSteel"},{"floor":46,"key":"BlessingOfTheForge"}],"is_trial":false,"path_per_floor":["M","$","?","M","M","R","M","E","T","R","?","M","?","$","R","B",null,"M","T","M","?","M","E","?","M","T","AVR","M","M","R","$","R","B",null,"M","T","?","M","?","R","M","M","T","M","R","E","M","M","R","B",null],"character_chosen":"THE_SILENT","items_purchased":["Accuracy","Infinite Blades","infinitespire:WardingShard"],"campfire_rested":4,"item_purchase_floors":[2,14,31],"current_hp_per_floor":[70,70,70,56,56,56,48,12,12,33,33,31,14,14,35,26,70,70,70,64,64,62,45,32,24,24,24,24,13,35,35,57,57,75,75,75,75,75,75,75,75,67,67,68,68,72,75,73,73,32],"gold":529,"neow_bonus":"ONE_RANDOM_RARE_CARD","is_daily":false,"chose_seed":false,"campfire_upgraded":3,"win_rate":0.0,"timestamp":1609302937,"path_taken":["M","$","?","M","M","R","M","E","T","R","?","M","?","?","R","BOSS","M","?","M","?","M","E","?","M","T","AVR","M","M","R","?","R","BOSS","M","?","?","M","?","R","M","?","T","M","R","E","M","M","R","BOSS"],"items_purchased_type":["Card","Card","Relic"],"build_version":"2020-12-22","purchased_purges":1,"victory":true,"max_hp_per_floor":[70,70,70,70,70,70,70,70,70,70,70,70,70,70,70,70,70,70,70,70,70,70,70,75,75,75,75,75,75,75,75,75,75,75,75,75,75,75,75,75,75,75,75,75,75,75,75,75,75,75],"card_choices":[{"not_picked":["PiercingWail","Slice","Dagger Throw"],"picked":"SKIP","floor":1},{"not_picked":["Slice","Well Laid Plans"],"picked":"Blur","floor":4},{"not_picked":["Underhanded Strike","Dagger Spray","Bane"],"picked":"SKIP","floor":5},{"not_picked":["Quick Slash","Bane"],"picked":"Deflect","floor":7},{"not_picked":["Dagger Throw","Endless Agony"],"picked":"Cloak And Dagger","floor":8},{"not_picked":["Caltrops","Eviscerate","Distraction"],"picked":"SKIP","floor":12},{"not_picked":["A Thousand Cuts","Bullet Time"],"picked":"Adrenaline","floor":16},{"not_picked":["PiercingWail","Deflect","Distraction+1"],"picked":"SKIP","floor":18},{"not_picked":["Calculated Gamble+1","Poisoned Stab","Underhanded Strike"],"picked":"SKIP","floor":20},{"not_picked":["Underhanded Strike","Terror","Masterful Stab"],"picked":"SKIP","floor":22},{"not_picked":["Tools of the Trade","Masterful Stab","Bane"],"picked":"SKIP","floor":23},{"not_picked":["Outmaneuver+1","Deadly Poison","Dagger Spray"],"picked":"SKIP","floor":25},{"not_picked":["Acrobatics+1","Underhanded Strike","Dagger Throw"],"picked":"SKIP","floor":28},{"not_picked":["Dagger Spray","Deflect","Sucker Punch"],"picked":"SKIP","floor":29},{"not_picked":["Deadly Poison+1","Bane","Masterful Stab+1"],"picked":"SKIP","floor":35},{"not_picked":["Poisoned Stab","Acrobatics+1"],"picked":"Blade Dance+1","floor":38},{"not_picked":["Quick Slash","Cloak And Dagger","Backstab+1"],"picked":"SKIP","floor":41},{"not_picked":["Dagger Throw","Blade Dance","Prepared+1"],"picked":"SKIP","floor":42},{"not_picked":["Burst","Dodge and Roll+1","Calculated Gamble"],"picked":"SKIP","floor":44},{"not_picked":["Cloak And Dagger+1","Backflip+1","Well Laid Plans"],"picked":"SKIP","floor":46},{"not_picked":["PiercingWail+1","Quick Slash","Bane+1"],"picked":"SKIP","floor":47},{"not_picked":["Sucker Punch+1","Acrobatics+1","Choke+1"],"picked":"SKIP","floor":48}],"player_experience":388693,"relics_obtained":[{"floor":8,"key":"Tiny Chest"},{"floor":9,"key":"Nunchaku"},{"floor":11,"key":"infinitespire:ShieldingShard"},{"floor":19,"key":"Kunai"},{"floor":23,"key":"Darkstone Periapt"},{"floor":26,"key":"Boot"},{"floor":36,"key":"PreservedInsect"},{"floor":37,"key":"Bird Faced Urn"},{"floor":43,"key":"MealTicket"},{"floor":46,"key":"Ninja Scroll"},{"floor":46,"key":"Whetstone"}],"event_choices":[{"damage_healed":0,"gold_gain":0,"player_choice":"Ignored","damage_taken":0,"max_hp_gain":0,"max_hp_loss":0,"event_name":"Golden Wing","floor":3,"gold_loss":0},{"damage_healed":0,"gold_gain":0,"player_choice":"Take Damage","damage_taken":17,"relics_obtained":["Golden Idol"],"max_hp_gain":0,"max_hp_loss":0,"event_name":"Golden Idol","floor":13,"gold_loss":0},{"damage_healed":0,"gold_gain":0,"player_choice":"Ignored","damage_taken":0,"max_hp_gain":0,"max_hp_loss":0,"event_name":"Ghosts","floor":21,"gold_loss":0},{"damage_healed":0,"gold_gain":0,"player_choice":"Shed Blood","damage_taken":18,"max_hp_gain":5,"max_hp_loss":0,"event_name":"Forgotten Altar","floor":24,"gold_loss":0},{"damage_healed":0,"gold_gain":0,"player_choice":"Fight","damage_taken":0,"max_hp_gain":0,"max_hp_loss":0,"event_name":"MindBloom","floor":37,"gold_loss":0},{"cards_removed":["Strike_G"],"damage_healed":0,"gold_gain":0,"player_choice":"Offered Basic","damage_taken":0,"max_hp_gain":0,"max_hp_loss":0,"event_name":"Bonfire Elementals","floor":39,"gold_loss":0}],"is_beta":false,"boss_relics":[{"not_picked":["Cursed Key","Astrolabe"],"picked":"SacredBark"},{"not_picked":["Pandora\u0027s Box","infinitespire:Cupcake"],"picked":"Black Star"}],"items_purged_floors":[27],"is_endless":false,"potions_floor_spawned":[4,7,18,22,25,28,33,35,41,44,46],"ascension_level":3}}