{"host":"x63ip179rfg509w6","time":1609291280,"event":{"mods":["2.2 Compatiblity","Act Like it!","Arknights The Spire","Aspiration","Astrologer","BaseMod","Bestiary","Better Third Choice","BetterRewards","ChefMod","Colored Map","Colored Powertips","Conspire","Curses Come First","DeckTracker","Displayed Cursed Tome","Dota2Spire","Downfall","Ekko","Energized Spire","Friendly Minions","Gensokyo","GifTheSpireLib","Halation","Hallownest","Hermit","Highlight Path","Infinite Spire","Jorbs\u0027s Wanderer Trilogy","Koishi","Luminous","Minty Spire (QoL Compilation)","Pale of the Ancients","Puzzle Mod","Random Character Button","Relic Sorter","Relic Stats","Replay The Spire","Robot Space Explorer","Shade Mod","Shop Mod","Somnambulant","StSLib","Synergy Search","The Alterego","The Animator","The Blue Laboratory","The Bug Knight","The Caster","The Construct","The Cursed","The Disciple","The Dragon Tamer","The Elementalist","The Exalted","The Hierophant","The Jungle","The Marked","The Mystic","The Necromancer","The Runesmith","The Servant 0.9.4","TheArtist","TheSwordswoman","TheWitcher","Thieving Mod","Uncapped","Wandering Minibosses","vexMod"],"gold_per_floor":[117,134,134,28,28,53,53,53,124,143,158,158,158,191,191,289,289,300,318,318,352,365,365,365],"floor_reached":23,"playtime":1365,"items_purged":[],"score":249,"play_id":"adee71f8-0d3a-4702-86b0-5ba4ca186251","local_time":"20201229192120","is_ascension_mode":false,"campfire_choices":[{"floor":13,"key":"REST"},{"floor":15,"key":"REST"}],"circlet_count":0,"master_deck":["caster:Meteor","caster:DivertFocus","caster:strike","caster:strike","caster:strike","caster:strike","caster:defend","caster:defend","caster:defend","caster:defend","caster:defend","caster:Sleet+1","caster:Unearth","CommonCold","caster:MagicAttunement","caster:MagicAttunement","caster:LightningBolt","caster:WallOfThorns+1","caster:Slick+1","caster:LightningBolt","caster:Inferno","caster:JupitelThunder","caster:ManaOverflow","caster:Accumulation+1","caster:Sandstorm","caster:Incantation","caster:Sleet"],"relics":["caster:MagicBook","NeowsBlessing","Hallownest:DreamNailRelic","ReplayTheSpireMod:CursedCoin","Gremlin Food","SnafuTest:CatRelic","Bromod:ArcaneNullifier","ats:Originium","halation:SelfBoilingWater","SnafuTest:BearRelic","conspire:DecoderRing","energizedSpire:MagnifyingGlass","theJungle:WildMango","Bromod:ArcaneMomentum"],"acts_visited":["Hallownest:Greenpath","Hallownest:Greenpath"],"potions_floor_usage":[22,23],"damage_taken":[{"damage":0,"enemies":"Hallownest:monsterHuskGuard","floor":1,"turns":1},{"damage":3,"enemies":"Hallownest:2_Tiktiks_and_1_Crawlid","floor":2,"turns":2},{"damage":0,"enemies":"Hallownest:eliteVengeflyKing","floor":6,"turns":1},{"damage":0,"enemies":"Hallownest:monsterHuskWarrior","floor":10,"turns":3},{"damage":4,"enemies":"Hallownest:Guard_and_Warrior","floor":11,"turns":4},{"damage":0,"enemies":"Hallownest:eliteMossKnight","floor":14,"turns":5},{"damage":22,"enemies":"Hallownest:BossHornet","floor":16,"turns":5},{"damage":1,"enemies":"theJungle:5_Spyders","floor":18,"turns":7},{"damage":1,"enemies":"theJungle:MUSHROOMGANG","floor":19,"turns":4},{"damage":24,"enemies":"conspire:MimicChest","floor":21,"turns":5},{"damage":18,"enemies":"theJungle:JungleHuntersEncounter","floor":22,"turns":7},{"damage":42,"enemies":"Nightmare","floor":23,"turns":5}],"seed_played":"-188147145963738907","potions_obtained":[{"floor":2,"key":"Strength Potion"},{"floor":6,"key":"blueLaboratory:LouseDecoction"},{"floor":11,"key":"Energy Potion"},{"floor":18,"key":"DuplicationPotion"}],"is_trial":false,"path_per_floor":["M","M","?","$","?","E","$","?","T","M","M","T","R","E","R","B",null,"M","M","?","?","M","NM"],"character_chosen":"THE_CASTER","items_purchased":["ReplayTheSpireMod:CursedCoin","caster:MagicAttunement","Gremlin Food","caster:LightningBolt"],"campfire_rested":2,"item_purchase_floors":[4,4,4,4],"current_hp_per_floor":[64,61,61,61,33,33,33,33,33,33,29,29,48,49,64,42,64,63,63,77,53,40,0,0],"gold":365,"neow_bonus":"THREE_ENEMY_KILL","is_daily":false,"chose_seed":false,"campfire_upgraded":0,"win_rate":0.0,"timestamp":1609291280,"path_taken":["M","M","?","?","?","E","?","?","T","M","?","?","R","E","R","BOSS","M","M","?","?","?","NM"],"items_purchased_type":["Relic","Card","Relic","Card"],"build_version":"2020-12-22","purchased_purges":0,"victory":false,"max_hp_per_floor":[64,64,64,64,64,64,64,64,64,64,64,64,64,64,64,64,64,64,64,78,78,78,78,78],"relic_stats":{"counters":[12,49],"obtain_stats":[{"Gremlin Food":4,"SnafuTest:BearRelic":9,"NeowsBlessing":0,"Bromod:ArcaneNullifier":5,"ReplayTheSpireMod:CursedCoin":4,"Hallownest:DreamNailRelic":3,"halation:SelfBoilingWater":6,"caster:MagicBook":0,"Bromod:ArcaneMomentum":21,"SnafuTest:CatRelic":5,"ats:Originium":6,"conspire:DecoderRing":14,"energizedSpire:MagnifyingGlass":17,"theJungle:WildMango":20},{"Gremlin Food":2,"SnafuTest:BearRelic":3,"NeowsBlessing":0,"Bromod:ArcaneNullifier":2,"ReplayTheSpireMod:CursedCoin":2,"Hallownest:DreamNailRelic":2,"halation:SelfBoilingWater":3,"caster:MagicBook":0,"Bromod:ArcaneMomentum":10,"SnafuTest:CatRelic":2,"ats:Originium":3,"conspire:DecoderRing":6,"energizedSpire:MagnifyingGlass":7,"theJungle:WildMango":9},{"Gremlin Food":3,"SnafuTest:BearRelic":4,"NeowsBlessing":0,"Bromod:ArcaneNullifier":3,"ReplayTheSpireMod:CursedCoin":3,"Hallownest:DreamNailRelic":3,"halation:SelfBoilingWater":4,"caster:MagicBook":0,"Bromod:ArcaneMomentum":37,"SnafuTest:CatRelic":3,"ats:Originium":4,"conspire:DecoderRing":16,"energizedSpire:MagnifyingGlass":21,"theJungle:WildMango":32}]},"card_choices":[{"not_picked":["caster:WallOfThorns","caster:FrigidBeam"],"picked":"caster:Sleet","floor":1},{"not_picked":["caster:BloodRitual","caster:MagicResonance"],"picked":"caster:Unearth","floor":2},{"not_picked":["caster:FrigidBeam","caster:MagicWeapon"],"picked":"caster:WallOfThorns","floor":6},{"not_picked":["caster:WallOfMirrors","caster:FlashSpeed"],"picked":"caster:LightningBolt","floor":10},{"not_picked":["caster:Enfeeble","caster:LightningBolt"],"picked":"caster:Inferno","floor":11},{"not_picked":["caster:Sleet","caster:GlacialShield"],"picked":"caster:JupitelThunder","floor":14},{"not_picked":["caster:Inferno","caster:SunGoddessAmaterasu"],"picked":"caster:ManaOverflow","floor":16},{"not_picked":["caster:WallOfAsh+1","caster:MagicBarrier+1"],"picked":"caster:Accumulation+1","floor":18},{"not_picked":["caster:QuickCast","caster:Enfeeble"],"picked":"caster:Sandstorm","floor":19},{"not_picked":["caster:Sandstorm","caster:FlashSpeed+1"],"picked":"caster:Incantation","floor":21},{"not_picked":["caster:FlashSpeed","caster:FireWall"],"picked":"caster:Sleet","floor":22}],"player_experience":269243,"relics_obtained":[{"floor":6,"key":"ats:Originium"},{"floor":6,"key":"halation:SelfBoilingWater"},{"floor":9,"key":"SnafuTest:BearRelic"},{"floor":14,"key":"ats:Originium"},{"floor":14,"key":"conspire:DecoderRing"},{"floor":21,"key":"Bromod:ArcaneMomentum"}],"event_choices":[],"is_beta":false,"boss_relics":[{"not_picked":["halation:PinkAlligatorPlush","aspiration:FutureDiary"],"picked":"energizedSpire:MagnifyingGlass"}],"items_purged_floors":[],"is_endless":false,"potions_floor_spawned":[2,6,11,16,18],"killed_by":"Nightmare","ascension_level":0}}