{"host":"bjzqjr1ycgj8gt55","time":1609356555,"event":{"mods":["BaseMod","Better Altar","Better Match","Better Sensory Stone","Better Skull","Better Third Choice","Better Vampires","Block Reminder","Colored Map","Colored Powertips","GifTheSpireLib","Infinite Spire","Minty Spire (QoL Compilation)","Rare Cards Sparkle","Red Circlet Mod","Spicy Shops","StSLib","Waifu the Spire","everything is the same but u backflip on backflip","slay the spire mod where everything is the same but ironclad has a cowboy hat"],"gold_per_floor":[150,325,7,44,57,126,126,154,209,235,281,101,171,211,211,310,310,347,347,347,365,290,290,390,390,390,426,438,468,468,506,506,603,603,623,642,642,659,329,329,340,340,340,340,379,390,390,417,417,417,417,417,65,91,91],"floor_reached":56,"playtime":9744,"items_purged":["Doubt","Strike_R","Strike_R"],"score":1578,"play_id":"a0523467-bb4d-4662-89a8-e0c08124165a","local_time":"20201230132915","is_ascension_mode":true,"campfire_choices":[{"data":"HandOfGreed","floor":7.0,"key":"SMITH"},{"data":"Armaments","floor":15.0,"key":"SMITH"},{"floor":23.0,"key":"REST"},{"data":"Body Slam","floor":25.0,"key":"SMITH"},{"floor":32.0,"key":"RECALL"},{"data":"infinitespire:TheBestDefense","floor":40,"key":"SMITH"},{"data":"infinitespire:UltimateForm","floor":42,"key":"SMITH"},{"data":"Metallicize","floor":44,"key":"SMITH"},{"data":"Impervious","floor":49,"key":"SMITH"},{"data":"Dark Embrace","floor":52,"key":"SMITH"}],"circlet_count":0,"master_deck":["Defend_R","Defend_R","Defend_R","Bash","HandOfGreed+1","Clothesline","Havoc","Feel No Pain","Power Through","Warcry","Reaper","Dark Embrace+1","Feed","Metallicize+1","True Grit","Fiend Fire","Armaments+1","Headbutt","Iron Wave","Sentinel","Dark Shackles","Seeing Red","Offering","Impervious+1","Sword Boomerang","infinitespire:TheBestDefense+1","infinitespire:FutureSight","Body Slam+1","Thunderclap","Offering","Limit Break+1","Barricade+1","Immolate+1","infinitespire:UltimateForm+1","Flame Barrier+1","Havoc","The Bomb","Ghostly Armor+1","Twin Strike+1","Flame Barrier","Feel No Pain","Uppercut+1","Violence"],"relics":["Burning Blood","Membership Card","Oddly Smooth Stone","Gremlin Horn","infinitespire:Lucky Rock","Calipers","Odd Mushroom","Orrery","Busted Crown","Enchiridion","Mark of Pain","Tiny Chest","Paper Frog","Tiny Chest","Strawberry","Astrolabe","Molten Egg 2","Runic Pyramid","Lee\u0027s Waffle","HandDrill","Sundial","Mango","Dead Branch","Bronze Scales","infinitespire:FocusingShard"],"acts_visited":["Exordium","TheCity","TheBeyond","TheEnding"],"potions_floor_usage":[50,53,55,55],"damage_taken":[{"damage":5.0,"enemies":"Small Slimes","floor":1.0,"turns":4.0},{"damage":0.0,"enemies":"Jaw Worm","floor":4.0,"turns":4.0},{"damage":1.0,"enemies":"Cultist","floor":5.0,"turns":4.0},{"damage":15.0,"enemies":"3 Sentries","floor":6.0,"turns":8.0},{"damage":12.0,"enemies":"Gremlin Nob","floor":8.0,"turns":4.0},{"damage":24.0,"enemies":"Lagavulin","floor":10.0,"turns":10.0},{"damage":15.0,"enemies":"The Mushroom Lair","floor":11.0,"turns":4.0},{"damage":3.0,"enemies":"2 Fungi Beasts","floor":13.0,"turns":4.0},{"damage":10.0,"enemies":"Gremlin Gang","floor":14.0,"turns":5.0},{"damage":32.0,"enemies":"The Guardian","floor":16.0,"turns":13.0},{"damage":17.0,"enemies":"Shell Parasite","floor":18.0,"turns":5.0},{"damage":6.0,"enemies":"Spheric Guardian","floor":21.0,"turns":2.0},{"damage":10.0,"enemies":"Cultist and Chosen","floor":27.0,"turns":6.0},{"damage":12.0,"enemies":"Centurion and Healer","floor":28.0,"turns":2.0},{"damage":11.0,"enemies":"Book of Stabbing","floor":29.0,"turns":2.0},{"damage":20.0,"enemies":"Shelled Parasite and Fungi","floor":31.0,"turns":5.0},{"damage":27.0,"enemies":"Collector","floor":33.0,"turns":10.0},{"damage":25.0,"enemies":"Orb Walker","floor":35.0,"turns":3.0},{"damage":16.0,"enemies":"3 Shapes","floor":36.0,"turns":3.0},{"damage":29,"enemies":"3 Darklings","floor":38,"turns":4},{"damage":0,"enemies":"Sphere and 2 Shapes","floor":41,"turns":4},{"damage":12,"enemies":"Writhing Mass","floor":45,"turns":3},{"damage":7,"enemies":"3 Darklings","floor":46,"turns":3},{"damage":12,"enemies":"Reptomancer","floor":48,"turns":5},{"damage":25,"enemies":"Donu and Deca","floor":50,"turns":3},{"damage":56,"enemies":"Shield and Spear","floor":54,"turns":5},{"damage":89,"enemies":"The Heart","floor":55,"turns":11}],"seed_played":"6699891752597538073","potions_obtained":[{"floor":4.0,"key":"FearPotion"},{"floor":5.0,"key":"Explosive Potion"},{"floor":6.0,"key":"Strength Potion"},{"floor":11.0,"key":"SneckoOil"},{"floor":16.0,"key":"FearPotion"},{"floor":18.0,"key":"BloodPotion"},{"floor":27.0,"key":"SkillPotion"},{"floor":31.0,"key":"Energy Potion"},{"floor":38,"key":"ElixirPotion"},{"floor":48,"key":"DistilledChaos"}],"is_trial":false,"path_per_floor":["M","?","$","M","M","E","R","E","T","E","?","$","M","M","R","B",null,"M","?","AVR","M","?","R","?","R","T","M","M","E","T","M","R","B",null,"M","M","AVR","M","$","R","M","R","T","R","M","M","?","E","R","B",null,"R","$","E","B",null],"character_chosen":"IRONCLAD","items_purchased":["Membership Card","Havoc","Oddly Smooth Stone","Feel No Pain","True Grit","Orrery","Dark Shackles","Lee\u0027s Waffle","Flame Barrier","Havoc","HandDrill","The Bomb","Dead Branch","Flame Barrier","Fruit Juice","AttackPotion","Bronze Scales","Feel No Pain","Uppercut+1","Violence"],"campfire_rested":1,"item_purchase_floors":[3,3,3,3,12,12,12,39,39,39,39,39,53,53,53,53,53,53,53,53],"current_hp_per_floor":[57,57,57,63,68,59,59,57,57,39,37,37,48,44,44,22,68,57,41,41,44,44,69,69,69,69,90,90,85,92,83,83,70,90,78,87,87,64,108,108,112,112,112,112,106,111,111,126,126,126,126,126,131,81,52],"gold":91,"neow_bonus":"RANDOM_COLORLESS_2","is_daily":false,"chose_seed":false,"campfire_upgraded":8,"win_rate":0.0,"timestamp":1609356555,"path_taken":["M","?","$","M","M","E","R","E","T","E","?","?","M","M","R","BOSS","M","?","AVR","M","?","R","?","R","T","M","?","E","?","M","R","BOSS","M","?","AVR","M","$","R","?","R","T","R","M","M","?","E","R","BOSS","R","$","E","BOSS"],"items_purchased_type":["Relic","Card","Relic","Card","Card","Relic","Card","Relic","Card","Card","Relic","Card","Relic","Card","Potion","Potion","Relic","Card","Card","Card"],"build_version":"2020-12-22","purchased_purges":3,"victory":true,"max_hp_per_floor":[80,80,80,80,80,80,80,80,80,80,83,83,83,83,83,83,83,83,83,83,86,86,86,86,86,86,90,90,90,97,97,97,97,97,97,101,101,101,108,108,112,112,112,112,112,112,112,126,126,126,126,126,131,131,131],"card_choices":[{"not_picked":["Apotheosis","The Bomb"],"picked":"HandOfGreed","floor":0.0},{"not_picked":["Anger","Flex"],"picked":"Clothesline","floor":1.0},{"not_picked":["Wild Strike","Headbutt"],"picked":"Power Through","floor":4.0},{"not_picked":["Searing Blow","Flex"],"picked":"Warcry","floor":5.0},{"not_picked":["Shockwave","Dropkick"],"picked":"Reaper","floor":6.0},{"not_picked":["Anger","Cleave"],"picked":"Dark Embrace","floor":8.0},{"not_picked":["Flame Barrier","Bludgeon"],"picked":"Feed","floor":10.0},{"not_picked":["Headbutt","Twin Strike"],"picked":"Metallicize","floor":11.0},{"not_picked":["Thunderclap","Rupture"],"picked":"Fiend Fire","floor":12.0},{"not_picked":["Barricade","Clash"],"picked":"Armaments","floor":12.0},{"not_picked":["Heavy Blade","Body Slam"],"picked":"Headbutt","floor":12.0},{"not_picked":["Perfected Strike","Pommel Strike"],"picked":"Iron Wave","floor":12.0},{"not_picked":["Flex","Pommel Strike"],"picked":"Sentinel","floor":12.0},{"not_picked":["Perfected Strike","Bloodletting"],"picked":"Seeing Red","floor":13.0},{"not_picked":["Flame Barrier","Searing Blow"],"picked":"Offering","floor":14.0},{"not_picked":["Limit Break","Juggernaut"],"picked":"Impervious","floor":16.0},{"not_picked":[],"picked":"Sword Boomerang","floor":18.0},{"not_picked":[],"picked":"Body Slam","floor":21.0},{"not_picked":["Clash"],"picked":"SKIP","floor":27.0},{"not_picked":["Sword Boomerang"],"picked":"SKIP","floor":28.0},{"not_picked":[],"picked":"Thunderclap","floor":29.0},{"not_picked":["Clothesline"],"picked":"SKIP","floor":31.0},{"not_picked":[],"picked":"Offering","floor":33.0},{"not_picked":["Armaments"],"picked":"SKIP","floor":35.0},{"not_picked":["Iron Wave"],"picked":"SKIP","floor":36.0},{"not_picked":["Body Slam+1"],"picked":"SKIP","floor":38},{"not_picked":[],"picked":"Ghostly Armor+1","floor":41},{"not_picked":["Clash+1"],"picked":"SKIP","floor":45},{"not_picked":[],"picked":"Twin Strike+1","floor":46},{"not_picked":["Rampage+1"],"picked":"SKIP","floor":48},{"not_picked":["Wild Strike+1"],"picked":"SKIP","floor":54}],"player_experience":83241,"relics_obtained":[{"floor":6.0,"key":"Gremlin Horn"},{"floor":8.0,"key":"infinitespire:Lucky Rock"},{"floor":10.0,"key":"Calipers"},{"floor":11.0,"key":"Odd Mushroom"},{"floor":19.0,"key":"Enchiridion"},{"floor":26.0,"key":"Paper Frog"},{"floor":29.0,"key":"Tiny Chest"},{"floor":30.0,"key":"Strawberry"},{"floor":43,"key":"Sundial"},{"floor":48,"key":"Mango"},{"floor":54,"key":"infinitespire:FocusingShard"}],"event_choices":[{"damage_healed":0.0,"max_hp_gain":0.0,"max_hp_loss":0.0,"gold_gain":175.0,"event_name":"betterThird:BetterSerpent","player_choice":"AGREE","floor":2.0,"gold_loss":0.0,"damage_taken":150.0},{"damage_healed":0.0,"max_hp_gain":0.0,"max_hp_loss":0.0,"gold_gain":0.0,"event_name":"Mushrooms","player_choice":"Fought Mushrooms","floor":11.0,"gold_loss":0.0,"damage_taken":0.0},{"damage_healed":0.0,"max_hp_gain":0.0,"max_hp_loss":0.0,"gold_gain":0.0,"event_name":"Cursed Tome","player_choice":"Obtained Book","floor":19.0,"gold_loss":0.0,"damage_taken":16.0},{"cards_removed":["Strike_R"],"damage_healed":0.0,"max_hp_gain":0.0,"max_hp_loss":0.0,"gold_gain":0.0,"event_name":"Beggar","player_choice":"Gave Gold","floor":22.0,"gold_loss":75.0,"damage_taken":0.0},{"damage_healed":0.0,"max_hp_gain":0.0,"max_hp_loss":0.0,"gold_gain":100.0,"event_name":"Golden Shrine","player_choice":"Pray","floor":24.0,"gold_loss":0.0,"damage_taken":0.0},{"damage_healed":0,"gold_gain":0,"player_choice":"Forge","damage_taken":0,"max_hp_gain":0,"max_hp_loss":0,"event_name":"Accursed Blacksmith","floor":47,"gold_loss":0,"cards_upgraded":["Flame Barrier"]}],"is_beta":false,"boss_relics":[{"not_picked":["Ectoplasm","Runic Cube"],"picked":"Busted Crown"},{"not_picked":["Velvet Choker","Cursed Key"],"picked":"Astrolabe"}],"items_purged_floors":[3,12,20],"is_endless":false,"potions_floor_spawned":[4,5,6,11,16,18,27,31,38,45,48],"ascension_level":5}}