{"host":"qgru5siit3fz0wh9","time":1609346309,"event":{"mods":["AchievementEnabler","BaseMod","Highlight Path","Minty Spire (QoL Compilation)"],"gold_per_floor":[115,115,133,133,153,184,184,211,258,286,274,274,297,316,316,419,419,433,66,66,86,33,58,74,105,153,113,129,143,171,184,184,279,279,290,307,307,152,152,152,186,234,234,247,261,295,295,320,320,320],"floor_reached":51,"playtime":4512,"items_purged":[],"score":952,"play_id":"74dc635d-fcb3-4ecd-9bf6-62c2bb7e36ff","local_time":"20201230173829","is_ascension_mode":true,"campfire_choices":[{"data":"Consume","floor":7,"key":"SMITH"},{"data":"Fusion","floor":12,"key":"SMITH"},{"floor":15,"key":"REST"},{"data":"Outmaneuver","floor":32,"key":"SMITH"},{"data":"Burst","floor":40,"key":"SMITH"},{"floor":47,"key":"REST"},{"data":"Capacitor","floor":49,"key":"SMITH"}],"circlet_count":0,"master_deck":["Strike_B","Strike_B","Defend_B","Defend_B","Defend_B","Defend_B","Zap+1","Dualcast+1","Seek+1","Sweeping Beam","Compile Driver","Cold Snap","Consume+1","Barrage","Self Repair","Fusion+1","Creative AI","Rebound+1","Capacitor+1","Impervious","Conserve Battery","Doppelganger","Outmaneuver+1","Blade Dance+1","Panacea+1","Burst+1","Coolheaded","Madness","Madness","Metallicize","PiercingWail+1","Armaments+1","Core Surge"],"relics":["Cracked Core","Letter Opener","Anchor","War Paint","Omamori","Bag of Preparation","Snecko Eye","DataDisk","PrismaticShard","Necronomicon","Bag of Marbles","Prayer Wheel","Nunchaku","Busted Crown","Lantern","Blood Vial","Incense Burner","Mummified Hand","Torii","Art of War"],"acts_visited":["Exordium","TheCity","TheBeyond"],"potions_floor_usage":[8,10,16,23,24,30,31,31,36,42],"damage_taken":[{"damage":0,"enemies":"Small Slimes","floor":1,"turns":3},{"damage":1,"enemies":"Jaw Worm","floor":3,"turns":4},{"damage":0,"enemies":"Cultist","floor":5,"turns":3},{"damage":7,"enemies":"Lagavulin","floor":6,"turns":10},{"damage":26,"enemies":"3 Sentries","floor":8,"turns":5},{"damage":21,"enemies":"Lagavulin","floor":10,"turns":6},{"damage":0,"enemies":"Exordium Thugs","floor":11,"turns":4},{"damage":1,"enemies":"Looter","floor":14,"turns":2},{"damage":25,"enemies":"Slime Boss","floor":16,"turns":10},{"damage":33,"enemies":"Spheric Guardian","floor":18,"turns":4},{"damage":0,"enemies":"Chosen","floor":21,"turns":3},{"damage":1,"enemies":"Book of Stabbing","floor":23,"turns":4},{"damage":5,"enemies":"Snake Plant","floor":24,"turns":5},{"damage":0,"enemies":"Gremlin Leader","floor":25,"turns":5},{"damage":2,"enemies":"Cultist and Chosen","floor":28,"turns":5},{"damage":5,"enemies":"Snecko","floor":29,"turns":5},{"damage":0,"enemies":"Book of Stabbing","floor":30,"turns":4},{"damage":0,"enemies":"Centurion and Healer","floor":31,"turns":3},{"damage":2,"enemies":"Collector","floor":33,"turns":6},{"damage":1,"enemies":"Orb Walker","floor":35,"turns":3},{"damage":1,"enemies":"3 Darklings","floor":36,"turns":4},{"damage":6,"enemies":"Giant Head","floor":41,"turns":9},{"damage":67,"enemies":"2 Orb Walkers","floor":42,"turns":5},{"damage":17,"enemies":"Writhing Mass","floor":44,"turns":6},{"damage":14,"enemies":"Spire Growth","floor":45,"turns":4},{"damage":21,"enemies":"Nemesis","floor":46,"turns":7},{"damage":0,"enemies":"Giant Head","floor":48,"turns":7},{"damage":12,"enemies":"Donu and Deca","floor":50,"turns":8}],"seed_played":"1935702106607870757","potions_obtained":[{"floor":3,"key":"EssenceOfDarkness"},{"floor":6,"key":"Strength Potion"},{"floor":8,"key":"FearPotion"},{"floor":10,"key":"Weak Potion"},{"floor":16,"key":"Swift Potion"},{"floor":21,"key":"Block Potion"},{"floor":23,"key":"DuplicationPotion"},{"floor":24,"key":"Strength Potion"},{"floor":33,"key":"SkillPotion"},{"floor":41,"key":"Regen Potion"},{"floor":42,"key":"FairyPotion"}],"is_trial":false,"path_per_floor":["M","?","M","?","M","E","R","E","T","E","M","R","T","M","R","B",null,"M","$","?","M","$","E","M","E","T","?","M","M","E","M","R","B",null,"M","M","?","$","?","R","E","?","T","M","M","E","R","E","R","B",null],"character_chosen":"DEFECT","items_purchased":["DataDisk","PrismaticShard","Capacitor","Conserve Battery","Lantern"],"campfire_rested":2,"item_purchase_floors":[19,19,19,22,38],"current_hp_per_floor":[75,75,74,74,74,67,67,41,41,27,34,34,34,33,55,37,75,49,49,33,40,40,46,48,55,55,55,53,55,62,62,62,67,75,74,75,66,66,66,66,67,14,14,29,24,12,34,43,43,40],"gold":320,"neow_bonus":"ONE_RANDOM_RARE_CARD","is_daily":false,"chose_seed":false,"campfire_upgraded":5,"win_rate":0.0,"timestamp":1609346309,"path_taken":["M","?","M","?","?","E","R","E","T","E","M","R","?","M","R","BOSS","M","$","?","M","$","E","M","E","T","?","M","?","E","M","R","BOSS","M","M","?","$","?","R","E","?","T","M","M","E","R","E","R","BOSS"],"items_purchased_type":["Relic","Relic","Card","Card","Relic"],"build_version":"2020-12-22","purchased_purges":0,"victory":true,"max_hp_per_floor":[75,75,75,75,75,75,75,75,75,75,75,75,75,75,75,75,75,75,75,75,75,75,75,75,75,75,75,75,75,75,75,75,75,75,75,75,75,75,75,75,75,75,75,75,75,75,75,75,75,75],"card_choices":[{"not_picked":["Gash","Steam"],"picked":"Sweeping Beam","floor":1},{"not_picked":["Heatsinks","Sunder"],"picked":"Cold Snap","floor":3},{"not_picked":["Rip and Tear","Streamline"],"picked":"Consume","floor":5},{"not_picked":["Go for the Eyes","Heatsinks"],"picked":"Barrage","floor":6},{"not_picked":["Steam","Multi-Cast"],"picked":"Self Repair","floor":8},{"not_picked":["Beam Cell","Reinforced Body","Heatsinks"],"picked":"SKIP","floor":10},{"not_picked":["Reinforced Body","Steam"],"picked":"Fusion","floor":11},{"not_picked":["Rip and Tear","Go for the Eyes","Reinforced Body"],"picked":"SKIP","floor":14},{"not_picked":["Fission","Seek"],"picked":"Creative AI","floor":16},{"not_picked":["Gash","Streamline"],"picked":"Rebound","floor":18},{"not_picked":["Iron Wave","Hemokinesis"],"picked":"Impervious","floor":21},{"not_picked":["Perfected Strike","Lockon"],"picked":"Doppelganger","floor":23},{"not_picked":["All Out Attack","Poisoned Stab+1"],"picked":"Outmaneuver","floor":24},{"not_picked":["Grand Finale","Go for the Eyes+1"],"picked":"Blade Dance+1","floor":25},{"not_picked":["Heatsinks","Anger"],"picked":"Panacea+1","floor":28},{"not_picked":["Weave","Offering","All Out Attack"],"picked":"SKIP","floor":28},{"not_picked":["Wild Strike","Reinforced Body","Slice"],"picked":"SKIP","floor":29},{"not_picked":["CrushJoints","Deadly Poison","Evaluate"],"picked":"SKIP","floor":29},{"not_picked":["Finisher","Leap","Streamline"],"picked":"SKIP","floor":30},{"not_picked":["Sucker Punch","Clothesline","Flying Knee"],"picked":"SKIP","floor":31},{"not_picked":["Rupture+1","Sucker Punch","Deflect"],"picked":"SKIP","floor":31},{"not_picked":["Fission","Creative AI"],"picked":"Burst","floor":33},{"not_picked":["Headbutt"],"picked":"SKIP","floor":35},{"not_picked":["Perfected Strike+1"],"picked":"SKIP","floor":35},{"not_picked":[],"picked":"Coolheaded","floor":36},{"not_picked":["Steam"],"picked":"SKIP","floor":36},{"not_picked":[],"picked":"Metallicize","floor":41},{"not_picked":[],"picked":"PiercingWail+1","floor":44},{"not_picked":["Wild Strike"],"picked":"SKIP","floor":44},{"not_picked":[],"picked":"Armaments+1","floor":45},{"not_picked":["Dramatic Entrance"],"picked":"SKIP","floor":45},{"not_picked":["SashWhip+1"],"picked":"SKIP","floor":46},{"not_picked":[],"picked":"Core Surge","floor":48}],"player_experience":353913,"relics_obtained":[{"floor":6,"key":"Letter Opener"},{"floor":8,"key":"Anchor"},{"floor":9,"key":"War Paint"},{"floor":10,"key":"Omamori"},{"floor":13,"key":"Bag of Preparation"},{"floor":20,"key":"Necronomicon"},{"floor":23,"key":"Bag of Marbles"},{"floor":25,"key":"Prayer Wheel"},{"floor":30,"key":"Nunchaku"},{"floor":41,"key":"Blood Vial"},{"floor":42,"key":"Incense Burner"},{"floor":43,"key":"Mummified Hand"},{"floor":46,"key":"Torii"},{"floor":48,"key":"Art of War"}],"event_choices":[{"damage_healed":0,"gold_gain":0,"cards_transformed":["Strike_B"],"player_choice":"Change","damage_taken":0,"max_hp_gain":0,"max_hp_loss":0,"event_name":"Living Wall","floor":2,"gold_loss":0,"cards_obtained":["Compile Driver"]},{"damage_healed":0,"gold_gain":0,"cards_transformed":["Strike_B"],"player_choice":"Transformed","damage_taken":0,"max_hp_gain":0,"max_hp_loss":0,"event_name":"Transmorgrifier","floor":4,"gold_loss":0,"cards_obtained":["Sunder"]},{"damage_healed":0,"gold_gain":0,"player_choice":"Obtained Book","damage_taken":16,"max_hp_gain":0,"max_hp_loss":0,"event_name":"Cursed Tome","floor":20,"gold_loss":0},{"damage_healed":0,"gold_gain":0,"player_choice":"Upgraded Two","damage_taken":0,"max_hp_gain":0,"max_hp_loss":0,"event_name":"Designer","floor":27,"gold_loss":40,"cards_upgraded":["Rebound","Dualcast"]},{"damage_healed":0,"gold_gain":0,"player_choice":"Embrace Madness","damage_taken":9,"max_hp_gain":0,"max_hp_loss":0,"event_name":"Winding Halls","floor":37,"gold_loss":0,"cards_obtained":["Madness","Madness"]},{"cards_removed":["Sunder"],"damage_healed":0,"gold_gain":0,"player_choice":"Removed Attack","damage_taken":0,"max_hp_gain":0,"max_hp_loss":0,"event_name":"Falling","floor":39,"gold_loss":0},{"damage_healed":0,"gold_gain":0,"player_choice":"Fight","damage_taken":0,"max_hp_gain":0,"max_hp_loss":0,"event_name":"Mysterious Sphere","floor":42,"gold_loss":0}],"is_beta":false,"boss_relics":[{"not_picked":["Nuclear Battery","Runic Dome"],"picked":"Snecko Eye"},{"not_picked":["Philosopher\u0027s Stone","FrozenCore"],"picked":"Busted Crown"}],"items_purged_floors":[],"is_endless":false,"potions_floor_spawned":[3,6,8,10,16,21,23,24,29,33,41,42],"ascension_level":2}}