{"host":"55ootvctf3yuzfpi","time":1609364637,"event":{"mods":["BaseMod","Colored Map","Downfall","Hermit","Highlight Path","Minty Spire (QoL Compilation)","StSLib"],"gold_per_floor":[99,117,131,146,162,262,289,47,47,57,71,71,83,83,83,83],"floor_reached":14,"playtime":4970,"items_purged":[],"score":84,"play_id":"a3ece6f9-f7de-42a0-9294-13cc8d4fda92","local_time":"20201230184357","is_ascension_mode":false,"campfire_choices":[{"data":"champ:Taunt","floor":1,"key":"SMITH"},{"data":"champ:FocusedBerserking","floor":9,"key":"SMITH"},{"data":"champ:EnragedBash","floor":12,"key":"SMITH"}],"circlet_count":0,"master_deck":["champ:Strike","champ:Strike","champ:Strike","champ:Strike","champ:Defend","champ:Defend","champ:Defend","champ:Defend","champ:Execute","champ:Taunt+1","champ:GutPunch","champ:AdrenalArmor","champ:FocusedBerserking+1","champ:EnragedBash+1","champ:DancingMaster","champ:GladiatorsShout","champ:BerserkersShout"],"relics":["champ:ChampionCrown","Lantern","OrangePellets"],"acts_visited":["Exordium"],"potions_floor_usage":[10,11,14,14],"damage_taken":[{"damage":17,"enemies":"Small Slimes","floor":2,"turns":3},{"damage":9,"enemies":"Jaw Worm","floor":3,"turns":4},{"damage":11,"enemies":"Cultist","floor":4,"turns":4},{"damage":12,"enemies":"2 Fungi Beasts","floor":5,"turns":4},{"damage":10,"enemies":"downfall:FleeingMerchant","floor":8,"turns":4},{"damage":34,"enemies":"Large Slime","floor":10,"turns":6},{"damage":17,"enemies":"Lots of Slimes","floor":11,"turns":5},{"damage":16,"enemies":"Blue Slaver","floor":13,"turns":4},{"damage":69,"enemies":"Gremlin Nob","floor":14,"turns":5}],"seed_played":"-8024573852232806858","potions_obtained":[{"floor":3,"key":"Swift Potion"},{"floor":4,"key":"SkillPotion"},{"floor":10,"key":"CultistPotion"},{"floor":11,"key":"DistilledChaos"},{"floor":13,"key":"AttackPotion"}],"is_trial":false,"path_per_floor":["R","M","M","M","M","?","T","$","R","M","M","R","M","E"],"character_chosen":"THE_CHAMP","items_purchased":["champ:EnragedBash","OrangePellets"],"campfire_rested":0,"item_purchase_floors":[8,8],"current_hp_per_floor":[99,92,88,87,87,87,87,87,87,77,71,71,69,0,0,0],"gold":83,"neow_bonus":"TEN_PERCENT_HP_BONUS","is_daily":false,"chose_seed":false,"campfire_upgraded":3,"win_rate":0.0,"timestamp":1609364637,"path_taken":["R","M","M","M","M","?","T","$","R","M","M","R","M","E"],"items_purchased_type":["Card","Relic"],"build_version":"2020-12-22","purchased_purges":0,"victory":false,"max_hp_per_floor":[99,99,99,99,99,99,99,99,99,99,99,99,99,99,99,99],"card_choices":[{"not_picked":["champ:EndlessRage","champ:BladeFlurry"],"picked":"champ:GutPunch","floor":2},{"not_picked":["champ:Backstep","champ:Riposte","champ:FocusedDefense"],"picked":"SKIP","floor":3},{"not_picked":["champ:DeathBlow","champ:BerserkerStyle"],"picked":"champ:AdrenalArmor","floor":4},{"not_picked":["champ:AdrenalArmor","champ:FocusedGladiator","champ:CrookedStrike"],"picked":"SKIP","floor":5},{"not_picked":["champ:BladeFlurry","champ:ShieldWall"],"picked":"champ:FocusedBerserking","floor":8},{"not_picked":["champ:FanOfKnives","champ:PerfectedStrike"],"picked":"champ:DancingMaster","floor":10},{"not_picked":["champ:Circumvent","champ:GutPunch"],"picked":"champ:GladiatorsShout","floor":11},{"not_picked":["champ:Haymaker","champ:GutPunch"],"picked":"champ:BerserkersShout","floor":13}],"player_experience":1286188,"relics_obtained":[{"floor":7,"key":"Lantern"}],"event_choices":[],"is_beta":false,"boss_relics":[],"items_purged_floors":[],"is_endless":false,"potions_floor_spawned":[3,4,10,11,13],"killed_by":"Gremlin Nob","ascension_level":0}}