{"host":"g1wmg2w41xhsnw8g","time":1609369561,"event":{"mods":["2.2 Compatiblity","Act Like it!","BaseMod","Better Altar","Better Match","Better Note","Better Sensory Stone","Better Skull","Better Third Choice","BetterRewards","Booster Modes","CapriCore","Colored Map","Colored Powertips","Curses Come First","Defuse TimeMaze Blight","Displayed Cursed Tome","Evolution","Friendly Minions","GifTheSpireLib","Googly Eyes","Infinite Spire","Magitek Elite","Minty Spire (QoL Compilation)","Red Circlet Mod","Relic Sorter","Ruin Mod","SCP261 Mod","Shop Mod","Spicy Shops","StSLib","Stuff the Spire","The Sage","Transform Curses","Wandering Minibosses","????"],"gold_per_floor":[113,133,133,133,133,133,147,173,241,272,297,297,297],"floor_reached":12,"playtime":455,"items_purged":[],"score":151,"play_id":"8089a046-3f83-4992-86c4-9fc6f7e5b6b0","local_time":"20201230180601","daily_mods":["Specialized","Heirloom","DeadlyEvents","Elite Swarm"],"is_ascension_mode":true,"campfire_choices":[{"data":"theRuin:RaiseDead","floor":6,"key":"SMITH"}],"circlet_count":0,"master_deck":["theRuin:ShallowGraveStrike","theRuin:ShallowGraveStrike","theRuin:ShallowGraveStrike","theRuin:ShallowGraveStrike","theRuin:ShallowGraveStrike","theRuin:DefaultCommonSkill","theRuin:DefaultCommonSkill","theRuin:DefaultCommonSkill","theRuin:DefaultCommonSkill","theRuin:Burial","theRuin:FromTheGrave","theRuin:GraveLeap","theRuin:GraveLeap","theRuin:GraveLeap","theRuin:GraveLeap","theRuin:GraveLeap","theRuin:Phalanx","theRuin:RaiseDead+1","theRuin:DefensiveDuel","theRuin:SurpriseAttack","theRuin:MassiveOrganFailure","theRuin:Rebuilding"],"relics":["Pendant","EVO:Axolotl","Bird Faced Urn","infinitespire:Cubic Diamond","White Beast Statue","Eternal Feather","Gambling Chip","StuffTheSpire:HeavyRock"],"acts_visited":["Exordium"],"potions_floor_usage":[7,11,12],"damage_taken":[{"damage":10,"enemies":"Small Slimes","floor":1,"turns":3},{"damage":13,"enemies":"2 Louse","floor":2,"turns":2},{"damage":1,"enemies":"Jaw Worm","floor":7,"turns":2},{"damage":14,"enemies":"Gremlin Nob","floor":8,"turns":3},{"damage":23,"enemies":"3 Sentries","floor":10,"turns":7},{"damage":16,"enemies":"Gremlin Nob","floor":11,"turns":3},{"damage":10,"enemies":"Lagavulin","floor":12,"turns":3}],"seed_played":"4221311162372672136","potions_obtained":[{"floor":2,"key":"infinitespire:BlackPotion"},{"floor":10,"key":"Fire Potion"},{"floor":11,"key":"CultistPotion"}],"is_trial":true,"path_per_floor":["M","M","?","?","?","R","M","E","T","E","E","E"],"character_chosen":"THE_DEFAULT","items_purchased":[],"campfire_rested":0,"item_purchase_floors":[],"current_hp_per_floor":[65,52,52,52,52,52,53,39,39,18,2,0,0],"gold":297,"neow_bonus":"","is_daily":false,"chose_seed":false,"campfire_upgraded":1,"win_rate":0.0,"timestamp":1609369561,"path_taken":["M","M","?","?","?","R","?","E","T","E","?","E"],"items_purchased_type":[],"build_version":"2020-12-22","purchased_purges":0,"victory":false,"max_hp_per_floor":[75,75,75,75,75,75,75,75,75,75,75,75,75],"card_choices":[{"not_picked":["theRuin:QuestionablePotion","theRuin:GraveRobber"],"picked":"theRuin:Phalanx","floor":1},{"not_picked":["theRuin:InfectedDagger","theRuin:NecroticBurn"],"picked":"theRuin:RaiseDead","floor":2},{"not_picked":["theRuin:AnkleGrab","theRuin:SkeletonWall"],"picked":"theRuin:DefensiveDuel","floor":7},{"not_picked":["theRuin:MassiveOrganFailure","theRuin:DescentToDeath"],"picked":"theRuin:SurpriseAttack","floor":8},{"not_picked":["theRuin:Unrelenting","theRuin:ScytheStrike"],"picked":"theRuin:MassiveOrganFailure","floor":10},{"not_picked":["theRuin:SurpriseAttack","theRuin:MassiveOrganFailure"],"picked":"theRuin:Rebuilding","floor":11}],"player_experience":1011601,"relics_obtained":[{"floor":8,"key":"White Beast Statue"},{"floor":9,"key":"Eternal Feather"},{"floor":10,"key":"Gambling Chip"},{"floor":11,"key":"StuffTheSpire:HeavyRock"}],"event_choices":[{"cards_removed":["theRuin:DefaultCommonSkill"],"damage_healed":0,"gold_gain":0,"player_choice":"Forget","damage_taken":0,"max_hp_gain":0,"max_hp_loss":0,"event_name":"Living Wall","floor":5,"gold_loss":0}],"is_beta":false,"boss_relics":[],"items_purged_floors":[],"is_endless":false,"potions_floor_spawned":[2,10,11],"killed_by":"Lagavulin","ascension_level":1}}