{"host":"l60rmjjsfi0fipmi","time":1609366941,"event":{"mods":["BaseMod","Colored Map","DeckTracker","Highlight Path","Minty Spire (QoL Compilation)"],"gold_per_floor":[110,124,50,63,138,138,164,16,16,16,15,15,34,50,50,147,147,165,146,146,164,184,184,184,184],"floor_reached":24,"playtime":4055,"items_purged":["Strike_G"],"score":210,"play_id":"9970b302-c7a1-4b36-9c8b-81fcedac120f","local_time":"20201230172221","is_ascension_mode":true,"campfire_choices":[{"data":"Neutralize","floor":6,"key":"SMITH"},{"floor":10,"key":"REST"},{"data":"Riddle With Holes","floor":15,"key":"SMITH"},{"floor":23,"key":"REST"}],"circlet_count":0,"master_deck":["Strike_G","Strike_G","Strike_G","Strike_G","Defend_G","Defend_G","Defend_G","Defend_G","Defend_G","Survivor","Neutralize+1","Jack Of All Trades","PiercingWail","Heel Hook","Well Laid Plans","Riddle With Holes+1","Sucker Punch","Footwork","Slice","Corpse Explosion","Prepared+1","Poisoned Stab+1"],"relics":["Ring of the Snake","Bird Faced Urn","InkBottle","HoveringKite","Molten Egg 2"],"acts_visited":["Exordium","TheCity"],"potions_floor_usage":[16,16,21],"damage_taken":[{"damage":0,"enemies":"Cultist","floor":1,"turns":4},{"damage":2,"enemies":"Jaw Worm","floor":2,"turns":6},{"damage":0,"enemies":"Small Slimes","floor":4,"turns":4},{"damage":30,"enemies":"3 Sentries","floor":7,"turns":13},{"damage":1,"enemies":"Exordium Thugs","floor":11,"turns":5},{"damage":4,"enemies":"Red Slaver","floor":13,"turns":4},{"damage":3,"enemies":"Large Slime","floor":14,"turns":6},{"damage":9,"enemies":"The Guardian","floor":16,"turns":12},{"damage":15,"enemies":"Shell Parasite","floor":18,"turns":9},{"damage":12,"enemies":"2 Thieves","floor":19,"turns":4},{"damage":48,"enemies":"Cultist and Chosen","floor":21,"turns":7},{"damage":10,"enemies":"Chosen and Byrds","floor":22,"turns":7},{"damage":38,"enemies":"Book of Stabbing","floor":24,"turns":9}],"seed_played":"-5077112087133009446","potions_obtained":[{"floor":7,"key":"Fire Potion"},{"floor":11,"key":"Strength Potion"},{"floor":13,"key":"Regen Potion"}],"is_trial":false,"path_per_floor":["M","M","$","M","?","R","E","$","T","R","M","$","M","M","R","B",null,"M","M","?","M","M","R","E"],"character_chosen":"THE_SILENT","items_purchased":["Well Laid Plans","Footwork"],"campfire_rested":2,"item_purchase_floors":[3,8],"current_hp_per_floor":[70,68,68,68,61,61,31,31,31,52,57,57,57,58,58,53,70,57,49,49,17,13,34,0,0],"gold":184,"neow_bonus":"RANDOM_COLORLESS","is_daily":false,"chose_seed":false,"campfire_upgraded":2,"win_rate":0.0,"timestamp":1609366941,"path_taken":["M","M","?","M","?","R","E","$","T","R","M","$","M","?","R","BOSS","M","?","?","M","M","R","E"],"items_purchased_type":["Card","Card"],"build_version":"2020-12-22","purchased_purges":1,"victory":false,"max_hp_per_floor":[70,70,70,70,70,70,70,70,70,70,70,70,70,70,70,70,70,70,70,70,70,70,70,70,70],"card_choices":[{"not_picked":["Panacea","Purity"],"picked":"Jack Of All Trades","floor":0},{"not_picked":["Slice","Sucker Punch"],"picked":"PiercingWail","floor":1},{"not_picked":["Poisoned Stab","Catalyst"],"picked":"Heel Hook","floor":2},{"not_picked":["Escape Plan","Dodge and Roll"],"picked":"Riddle With Holes","floor":4},{"not_picked":["Catalyst","Eviscerate"],"picked":"Sucker Punch","floor":7},{"not_picked":["Catalyst","Distraction","Dodge and Roll"],"picked":"SKIP","floor":11},{"not_picked":["Outmaneuver","Venomology","PiercingWail"],"picked":"SKIP","floor":13},{"not_picked":["Backflip","Malaise"],"picked":"Slice","floor":14},{"not_picked":["Bullet Time","Doppelganger"],"picked":"Corpse Explosion","floor":16},{"not_picked":["Outmaneuver","Quick Slash"],"picked":"Prepared+1","floor":18},{"not_picked":["Blade Dance","Underhanded Strike","Acrobatics+1"],"picked":"SKIP","floor":19},{"not_picked":["Distraction+1","Dagger Spray+1","Finisher+1"],"picked":"SKIP","floor":21},{"not_picked":["Dagger Spray+1","Reflex+1"],"picked":"Poisoned Stab+1","floor":22}],"player_experience":120966,"relics_obtained":[{"floor":7,"key":"Bird Faced Urn"},{"floor":9,"key":"InkBottle"}],"event_choices":[{"damage_healed":0,"gold_gain":75,"player_choice":"Touch","damage_taken":7,"max_hp_gain":0,"max_hp_loss":0,"event_name":"FaceTrader","floor":5,"gold_loss":0},{"damage_healed":0,"gold_gain":0,"player_choice":"Opened","damage_taken":0,"relics_obtained":["Molten Egg 2"],"max_hp_gain":0,"max_hp_loss":0,"event_name":"The Mausoleum","floor":20,"gold_loss":0}],"is_beta":false,"boss_relics":[{"not_picked":["Cursed Key","SacredBark"],"picked":"HoveringKite"}],"items_purged_floors":[8],"is_endless":false,"potions_floor_spawned":[7,11,13,14,21],"killed_by":"Book of Stabbing","ascension_level":1}}