{"host":"erwxnntsfyc3037l","time":1609363051,"event":{"mods":["BaseMod","Colored Map","Downfall","Minty Spire (QoL Compilation)","Replay The Spire","StSLib","The Cursed"],"gold_per_floor":[114,94,110,29,29,59,59,89,116,116,41,41,75,90,90,192,192,203,190,200,200,200,200,214,214,214,214,227,227,246,22,22,22,22],"floor_reached":33,"playtime":2926,"items_purged":[],"score":288,"play_id":"cf4bcac7-0f92-4cb7-8c25-d325901070de","local_time":"20201231001731","is_ascension_mode":false,"campfire_choices":[{"data":"Caltrops","floor":7,"key":"SMITH"},{"floor":10,"key":"REST"},{"floor":23,"key":"REST"},{"data":"Noxious Fumes","floor":25,"key":"SMITH"},{"data":"Dagger Spray","floor":27,"key":"SMITH"},{"data":"Replay:Poison Smokescreen","floor":29,"key":"SMITH"},{"floor":32,"key":"REST"}],"circlet_count":0,"master_deck":["Strike_G","Strike_G","Strike_G","Strike_G","Strike_G","Defend_G","Defend_G","Defend_G+1","Defend_G+1","Defend_G","Survivor","Neutralize","Crippling Poison","Poisoned Stab","Backstab","Caltrops+1","Die Die Die","Replay:Poison Smokescreen+1","Flying Knee","Quick Slash","Unload","Hidden Blade","ReplayTheSpireMod:Tripwire","Dagger Spray+1","Noxious Fumes+1","Leg Sweep","Footwork"],"relics":["Ring of the Snake","NeowsBlessing","Lantern","Meat on the Bone","Replay:PocketPolymizer","Replay:Rubber Ducky","Eternal Feather","Tingsha","Blood Vial","War Paint"],"acts_visited":["Exordium","TheCity"],"potions_floor_usage":[16,16,20,24,28,28,33,33],"damage_taken":[{"damage":0,"enemies":"Small Slimes","floor":1,"turns":1},{"damage":0,"enemies":"Jaw Worm","floor":3,"turns":1},{"damage":0,"enemies":"Lagavulin","floor":6,"turns":1},{"damage":17,"enemies":"3 Sentries","floor":8,"turns":9},{"damage":16,"enemies":"Gremlin Nob","floor":13,"turns":4},{"damage":0,"enemies":"2 Louse","floor":14,"turns":1},{"damage":13,"enemies":"Hexaghost","floor":16,"turns":9},{"damage":1,"enemies":"Chosen","floor":18,"turns":4},{"damage":16,"enemies":"2 Thieves","floor":19,"turns":4},{"damage":34,"enemies":"Centurion and Healer","floor":20,"turns":8},{"damage":5,"enemies":"Snecko","floor":24,"turns":5},{"damage":19,"enemies":"Shelled Parasite and Fungi","floor":28,"turns":6},{"damage":28,"enemies":"3 Cultists","floor":30,"turns":5},{"damage":77,"enemies":"Champ","floor":33,"turns":12}],"seed_played":"1384652452447571668","potions_obtained":[{"floor":1,"key":"Dexterity Potion"},{"floor":14,"key":"Block Potion"},{"floor":20,"key":"EntropicBrew"},{"floor":24,"key":"Strength Potion"},{"floor":30,"key":"Energy Potion"}],"is_trial":false,"path_per_floor":["M","?","M","$","?","E","R","E","T","R","$","?","E","M","R_BF","B",null,"M","M","M","?","T","R","M","R","T","R","M","R","M","$","R","B"],"character_chosen":"THE_SILENT","items_purchased":["Backstab","Replay:Poison Smokescreen","War Paint","Footwork"],"campfire_rested":3,"item_purchase_floors":[4,11,31,31],"current_hp_per_floor":[70,70,70,70,67,67,67,50,50,70,70,70,54,54,66,53,70,69,53,31,31,31,64,59,70,70,70,51,66,40,40,70,0,0],"gold":22,"neow_bonus":"THREE_ENEMY_KILL","is_daily":false,"chose_seed":false,"campfire_upgraded":4,"win_rate":0.0,"timestamp":1609363051,"path_taken":["M","?","M","$","?","E","R","E","T","R","$","?","E","M","R_BF","BOSS","M","M","?","?","?","R","M","R","T","R","M","R","M","$","R","BOSS"],"items_purchased_type":["Card","Card","Relic","Card"],"build_version":"2020-12-22","purchased_purges":0,"victory":false,"max_hp_per_floor":[70,70,70,70,70,70,70,70,70,70,70,70,70,70,70,70,70,70,70,70,70,70,70,70,70,70,70,70,70,70,70,70,70,70],"card_choices":[{"not_picked":["Sucker Punch","Acrobatics"],"picked":"Crippling Poison","floor":1},{"not_picked":["Acrobatics","Quick Slash"],"picked":"Poisoned Stab","floor":3},{"not_picked":["Acrobatics","Dodge and Roll"],"picked":"Caltrops","floor":6},{"not_picked":["Riddle With Holes","Noxious Fumes"],"picked":"Die Die Die","floor":8},{"not_picked":["Slice","Underhanded Strike"],"picked":"Flying Knee","floor":13},{"not_picked":["Skewer","Prepared"],"picked":"Quick Slash","floor":14},{"not_picked":["ReplayTheSpireMod:Necrosis","ReplayTheSpireMod:From All Sides"],"picked":"Unload","floor":16},{"not_picked":["Quick Slash","Backstab"],"picked":"Hidden Blade","floor":18},{"not_picked":["Deadly Poison","Acrobatics"],"picked":"ReplayTheSpireMod:Tripwire","floor":19},{"not_picked":["Blade Dance+1","ReplayTheSpireMod:Scrap Shanks"],"picked":"Dagger Spray","floor":20},{"not_picked":["Skewer","Deadly Poison"],"picked":"Noxious Fumes","floor":24},{"not_picked":["Backflip","Hidden Blade"],"picked":"Leg Sweep","floor":28},{"not_picked":["Prepared","Dodge and Roll","ReplayTheSpireMod:The Works"],"picked":"SKIP","floor":30}],"player_experience":2237,"relics_obtained":[{"floor":6,"key":"Meat on the Bone"},{"floor":8,"key":"Replay:PocketPolymizer"},{"floor":9,"key":"Replay:Rubber Ducky"},{"floor":13,"key":"Eternal Feather"},{"floor":22,"key":"Tingsha"},{"floor":26,"key":"Blood Vial"}],"event_choices":[{"damage_healed":0,"gold_gain":0,"player_choice":"Left Gold","damage_taken":0,"max_hp_gain":0,"max_hp_loss":0,"event_name":"World of Goop","floor":2,"gold_loss":20},{"damage_healed":0,"gold_gain":0,"player_choice":"Success","damage_taken":3,"relics_obtained":["Lantern"],"max_hp_gain":0,"max_hp_loss":0,"event_name":"Scrap Ooze","floor":5,"gold_loss":0},{"damage_healed":0,"gold_gain":0,"player_choice":"Ignored","damage_taken":0,"max_hp_gain":0,"max_hp_loss":0,"event_name":"Vampires","floor":21,"gold_loss":0}],"is_beta":false,"boss_relics":[{"not_picked":["ReplayTheSpireMod:DimensionalGlitch","Replay:Wanted Poster","Replay:Ancient Bell"]}],"items_purged_floors":[],"is_endless":false,"potions_floor_spawned":[1,14,20,24,30],"killed_by":"Champ","ascension_level":0}}