{"host":"qgru5siit3fz0wh9","time":1609348475,"event":{"mods":["AchievementEnabler","BaseMod","Highlight Path","Minty Spire (QoL Compilation)"],"gold_per_floor":[119,394,412,412,5,34,46,79,105,143,167,196,220,24,24,132,191,214,214,214,235,261,261,261],"floor_reached":23,"playtime":1082,"items_purged":["Regret"],"score":274,"play_id":"b364bc90-af88-42aa-b135-2905819fbf1a","local_time":"20201230181435","is_ascension_mode":true,"campfire_choices":[{"floor":15,"key":"REST"}],"circlet_count":0,"master_deck":["Strike_B","Strike_B","Strike_B","Strike_B","Defend_B","Defend_B+1","Defend_B","Defend_B","Zap","Dualcast","Sweeping Beam","Defragment","Leap","Capacitor","Heatsinks","BootSequence","Cold Snap","Cold Snap","Brutality","Thunderclap","Prostrate","Worship","Seeing Red+1"],"relics":["Cracked Core","NeowsBlessing","DataDisk","Potion Belt","Lantern","Bird Faced Urn","Bag of Preparation","CeramicFish","PrismaticShard","Tiny House"],"acts_visited":["Exordium","TheCity"],"potions_floor_usage":[8,10,10,16,21,21,23,23,23],"damage_taken":[{"damage":0,"enemies":"Jaw Worm","floor":1,"turns":1},{"damage":0,"enemies":"Cultist","floor":3,"turns":1},{"damage":0,"enemies":"Lagavulin","floor":6,"turns":1},{"damage":2,"enemies":"Small Slimes","floor":7,"turns":3},{"damage":3,"enemies":"3 Sentries","floor":8,"turns":6},{"damage":22,"enemies":"Gremlin Nob","floor":10,"turns":5},{"damage":4,"enemies":"Exordium Wildlife","floor":11,"turns":2},{"damage":0,"enemies":"Looter","floor":12,"turns":4},{"damage":6,"enemies":"Large Slime","floor":13,"turns":6},{"damage":11,"enemies":"The Guardian","floor":16,"turns":10},{"damage":3,"enemies":"Chosen","floor":18,"turns":5},{"damage":2,"enemies":"3 Byrds","floor":21,"turns":3},{"damage":44,"enemies":"Snake Plant","floor":22,"turns":6},{"damage":43,"enemies":"Book of Stabbing","floor":23,"turns":5}],"seed_played":"2014591920722407359","potions_obtained":[{"floor":1,"key":"Dexterity Potion"},{"floor":7,"key":"SkillPotion"},{"floor":8,"key":"LiquidBronze"},{"floor":13,"key":"BlessingOfTheForge"},{"floor":17,"key":"FearPotion"},{"floor":22,"key":"LiquidBronze"}],"is_trial":false,"path_per_floor":["M","?","M","?","$","E","M","E","T","E","M","M","M","$","R","B",null,"M","?","?","M","M","E"],"character_chosen":"DEFECT","items_purchased":["Potion Belt","Defragment","PowerPotion","ColorlessPotion","PrismaticShard","Fire Potion"],"campfire_rested":1,"item_purchase_floors":[5,5,5,5,14,14],"current_hp_per_floor":[75,75,75,50,50,50,48,45,45,29,27,33,33,33,55,50,80,78,78,63,69,33,0,0],"gold":261,"neow_bonus":"THREE_ENEMY_KILL","is_daily":false,"chose_seed":false,"campfire_upgraded":0,"win_rate":0.0,"timestamp":1609348475,"path_taken":["M","?","?","?","?","E","M","E","T","E","M","M","M","$","R","BOSS","M","?","?","?","M","E"],"items_purchased_type":["Relic","Card","Potion","Potion","Relic","Potion"],"build_version":"2020-12-22","purchased_purges":1,"victory":false,"max_hp_per_floor":[75,75,75,75,75,75,75,75,75,75,75,75,75,75,75,75,80,80,80,85,85,85,85,85],"card_choices":[{"not_picked":["Storm","Ball Lightning"],"picked":"Sweeping Beam","floor":1},{"not_picked":["Go for the Eyes","BootSequence","Hologram"],"picked":"SKIP","floor":3},{"not_picked":["Steam","Redo"],"picked":"Leap","floor":6},{"not_picked":["FTL","Redo"],"picked":"Capacitor","floor":7},{"not_picked":["Rip and Tear","Reprogram","Streamline"],"picked":"SKIP","floor":8},{"not_picked":["Hologram","Biased Cognition"],"picked":"Heatsinks","floor":10},{"not_picked":["Static Discharge","Beam Cell"],"picked":"BootSequence","floor":11},{"not_picked":["Doom and Gloom","Stack"],"picked":"Cold Snap","floor":12},{"not_picked":["Hologram","Reinforced Body"],"picked":"Cold Snap","floor":13},{"not_picked":["Biased Cognition","Hyperbeam"],"picked":"Brutality","floor":16},{"not_picked":["Wild Strike","Purity"],"picked":"Thunderclap","floor":17},{"not_picked":["Streamline","Sunder+1"],"picked":"Prostrate","floor":18},{"not_picked":["EmptyFist","Rebound+1"],"picked":"Worship","floor":21},{"not_picked":["Flying Knee","Blind"],"picked":"Seeing Red+1","floor":22}],"player_experience":359424,"relics_obtained":[{"floor":6,"key":"Lantern"},{"floor":8,"key":"Bird Faced Urn"},{"floor":9,"key":"Bag of Preparation"},{"floor":10,"key":"CeramicFish"}],"event_choices":[{"damage_healed":0,"gold_gain":275,"player_choice":"Desecrate","damage_taken":0,"max_hp_gain":0,"max_hp_loss":0,"event_name":"Golden Shrine","floor":2,"gold_loss":0,"cards_obtained":["Regret"]},{"damage_healed":0,"gold_gain":0,"player_choice":"Success","damage_taken":25,"relics_obtained":["DataDisk"],"max_hp_gain":0,"max_hp_loss":0,"event_name":"Scrap Ooze","floor":4,"gold_loss":0},{"damage_healed":0,"gold_gain":0,"player_choice":"Ignored","damage_taken":0,"max_hp_gain":0,"max_hp_loss":0,"event_name":"Beggar","floor":19,"gold_loss":0},{"damage_healed":0,"gold_gain":0,"player_choice":"Shed Blood","damage_taken":20,"max_hp_gain":5,"max_hp_loss":0,"event_name":"Forgotten Altar","floor":20,"gold_loss":0}],"is_beta":false,"boss_relics":[{"not_picked":["Coffee Dripper","Velvet Choker"],"picked":"Tiny House"}],"items_purged_floors":[5],"is_endless":false,"potions_floor_spawned":[1,7,8,13,22],"killed_by":"Book of Stabbing","ascension_level":3}}