{"host":"tiwza2kisyyrpq7h","time":1609358562,"event":{"mods":["BaseMod","Colored Powertips","Minty Spire (QoL Compilation)","Quick Restart","Rare Cards Sparkle","StSLib","SuperFastMode","The Servant 0.9.4","óô»ðÖ¸ÄÏ"],"gold_per_floor":[119,132,132,142,154,154,170,170,170,183,216,216,216,235,235,312,312,323,323,335,335,8,8,35,35,35,35,47,60,85,101,101,173,173,193,213,223,223,275,275,302,302,302,43,53,53,53,53,53,53,53,53],"floor_reached":51,"playtime":2170,"items_purged":["Shame"],"score":1434,"play_id":"9060d68a-32cc-4761-8d2b-8465551f0e9d","local_time":"20201231040242","is_ascension_mode":true,"campfire_choices":[{"data":"Blade Dance","floor":6.0,"key":"SMITH"},{"data":"Terror","floor":8.0,"key":"SMITH"},{"floor":15.0,"key":"REST"},{"floor":23.0,"key":"REST"},{"data":"Envenom","floor":25.0,"key":"SMITH"},{"floor":32.0,"key":"REST"},{"floor":40.0,"key":"RECALL"},{"floor":42.0,"key":"REST"},{"floor":46.0,"key":"REST"},{"floor":49.0,"key":"REST"}],"circlet_count":0,"master_deck":["AscendersBane","Strike_G","Strike_G","Defend_G","Defend_G","Defend_G","Defend_G","Defend_G","Survivor+1","Neutralize","Blade Dance+1","Dagger Spray","Dodge and Roll","Terror+1","Accuracy","Escape Plan","Infinite Blades","Envenom+1","Backflip","Setup","Blade Dance","Cloak And Dagger","Terror","Dodge and Roll+1","Wraith Form v2","Blade Dance+1","Outmaneuver","Underhanded Strike","Metamorphosis","Master of Strategy","Purity"],"relics":["Ring of the Snake","Orichalcum","Ancient Tea Set","WristBlade","The Courier","Dead Branch","Strawberry","Gremlin Horn","Ninja Scroll","Fusion Hammer","Calipers","Gambling Chip","Frozen Eye","Anchor"],"acts_visited":["Exordium","TheCity","TheBeyond"],"potions_floor_usage":[],"damage_taken":[{"damage":19.0,"enemies":"Cultist","floor":1.0,"turns":6.0},{"damage":2.0,"enemies":"Jaw Worm","floor":2.0,"turns":5.0},{"damage":1.0,"enemies":"Small Slimes","floor":4.0,"turns":4.0},{"damage":3.0,"enemies":"Blue Slaver","floor":5.0,"turns":6.0},{"damage":0.0,"enemies":"Large Slime","floor":7.0,"turns":4.0},{"damage":0.0,"enemies":"Red Slaver","floor":10.0,"turns":2.0},{"damage":10.0,"enemies":"3 Sentries","floor":11.0,"turns":4.0},{"damage":0.0,"enemies":"2 Fungi Beasts","floor":14.0,"turns":3.0},{"damage":34.0,"enemies":"Slime Boss","floor":16.0,"turns":7.0},{"damage":0.0,"enemies":"Chosen","floor":18.0,"turns":3.0},{"damage":26.0,"enemies":"Spheric Guardian","floor":20.0,"turns":6.0},{"damage":26.0,"enemies":"Book of Stabbing","floor":24.0,"turns":5.0},{"damage":0.0,"enemies":"Snake Plant","floor":28.0,"turns":2.0},{"damage":0.0,"enemies":"Shelled Parasite and Fungi","floor":29.0,"turns":3.0},{"damage":1.0,"enemies":"Slavers","floor":30.0,"turns":2.0},{"damage":0.0,"enemies":"Chosen and Byrds","floor":31.0,"turns":3.0},{"damage":38.0,"enemies":"Collector","floor":33.0,"turns":5.0},{"damage":0.0,"enemies":"Orb Walker","floor":35.0,"turns":2.0},{"damage":0.0,"enemies":"3 Shapes","floor":36.0,"turns":4.0},{"damage":0.0,"enemies":"Jaw Worm Horde","floor":37.0,"turns":2.0},{"damage":0.0,"enemies":"2 Orb Walkers","floor":39.0,"turns":2.0},{"damage":0.0,"enemies":"Reptomancer","floor":41.0,"turns":4.0},{"damage":4.0,"enemies":"Sphere and 2 Shapes","floor":45.0,"turns":3.0},{"damage":62.0,"enemies":"Awakened One","floor":50.0,"turns":6.0},{"damage":28,"enemies":"Time Eater","floor":51,"turns":4}],"seed_played":"8373932098288985569","potions_obtained":[{"floor":1.0,"key":"FearPotion"},{"floor":4.0,"key":"PowerPotion"},{"floor":11.0,"key":"LiquidBronze"},{"floor":24.0,"key":"CultistPotion"},{"floor":29.0,"key":"Swift Potion"},{"floor":30.0,"key":"FearPotion"},{"floor":33.0,"key":"PowerPotion"},{"floor":39.0,"key":"DuplicationPotion"}],"is_trial":false,"path_per_floor":["M","M","?","M","M","R","M","R","T","M","E","?","?","M","R","B",null,"M","?","M","?","$","R","E","R","T","?","M","M","E","M","R","B",null,"M","M","M","?","?","R","E","R","T","$","M","R","$","?","R","B","B"],"character_chosen":"THE_SILENT","items_purchased":["Dead Branch","Frozen Eye","Anchor"],"campfire_rested":6,"item_purchase_floors":[22,44,44],"current_hp_per_floor":[40,38,66,65,62,62,62,62,62,62,52,32,25,25,44,10,52,52,52,26,26,26,45,26,26,26,20,20,20,19,19,40,2,55,55,55,55,55,55,55,55,73,73,73,69,73,73,63,73,11,0,0],"gold":53,"neow_bonus":"REMOVE_CARD","is_daily":false,"chose_seed":false,"campfire_upgraded":3,"win_rate":0.0,"timestamp":1609358562,"path_taken":["M","?","?","?","M","R","M","R","T","M","E","?","?","M","R","BOSS","M","?","M","?","$","R","E","R","T","?","M","M","E","?","R","BOSS","M","M","M","?","?","R","E","R","T","$","M","R","$","?","R","BOSS","BOSS"],"items_purchased_type":["Relic","Relic","Relic"],"build_version":"2020-12-22","purchased_purges":1,"victory":false,"max_hp_per_floor":[66,66,66,66,66,66,66,66,66,66,66,66,66,66,66,66,66,66,66,66,66,66,66,73,73,73,73,73,73,73,73,73,73,73,73,73,73,73,73,73,73,73,73,73,73,73,73,73,73,73,73,73],"card_choices":[{"not_picked":["Endless Agony","Underhanded Strike"],"picked":"Blade Dance","floor":1.0},{"not_picked":["Dagger Throw","Acrobatics"],"picked":"Reflex","floor":2.0},{"not_picked":["Flying Knee","Dagger Spray","Sucker Punch"],"picked":"SKIP","floor":4.0},{"not_picked":["Flying Knee","Sucker Punch"],"picked":"Dagger Spray","floor":4.0},{"not_picked":["Slice","Flying Knee"],"picked":"Dodge and Roll","floor":5.0},{"not_picked":["Underhanded Strike","Dagger Throw"],"picked":"Terror","floor":7.0},{"not_picked":["Bouncing Flask","Corpse Explosion"],"picked":"Accuracy","floor":10.0},{"not_picked":["Flechettes","Slice"],"picked":"Escape Plan","floor":11.0},{"not_picked":["Bane","Bouncing Flask"],"picked":"Infinite Blades","floor":14.0},{"not_picked":["Venomology","Malaise"],"picked":"Envenom","floor":16.0},{"not_picked":["Dagger Spray","Deadly Poison"],"picked":"Backflip","floor":18.0},{"not_picked":["Backflip","Flechettes"],"picked":"Setup","floor":20.0},{"not_picked":["Doppelganger","Deflect"],"picked":"Cloak And Dagger","floor":24.0},{"not_picked":["Bane","Expertise","Cloak And Dagger"],"picked":"SKIP","floor":28.0},{"not_picked":["Dagger Spray","Catalyst","Caltrops"],"picked":"SKIP","floor":29.0},{"not_picked":["Backflip","Reflex"],"picked":"Terror","floor":30.0},{"not_picked":["PiercingWail","Bane+1"],"picked":"Dodge and Roll+1","floor":31.0},{"not_picked":["Venomology","Glass Knife"],"picked":"Wraith Form v2","floor":33.0},{"not_picked":["Bane","Calculated Gamble"],"picked":"Blade Dance+1","floor":35.0},{"not_picked":["PiercingWail","Prepared","Backflip"],"picked":"SKIP","floor":36.0},{"not_picked":["Bane","Poisoned Stab"],"picked":"Outmaneuver","floor":37.0},{"not_picked":["Deadly Poison","PiercingWail","Backstab"],"picked":"SKIP","floor":41.0},{"not_picked":["Backstab","Flying Knee+1","Underhanded Strike"],"picked":"SKIP","floor":45.0},{"not_picked":["Backstab","Flying Knee+1"],"picked":"Underhanded Strike","floor":45.0},{"not_picked":["Trip","Mind Blast"],"picked":"Metamorphosis","floor":48.0},{"not_picked":["Flash of Steel","Trip"],"picked":"Master of Strategy","floor":48.0},{"not_picked":["The Bomb","Swift Strike"],"picked":"Purity","floor":48.0}],"player_experience":896078,"relics_obtained":[{"floor":9.0,"key":"Orichalcum"},{"floor":11.0,"key":"Ancient Tea Set"},{"floor":24.0,"key":"Strawberry"},{"floor":26.0,"key":"Gremlin Horn"},{"floor":30.0,"key":"Ninja Scroll"},{"floor":39.0,"key":"Calipers"},{"floor":41.0,"key":"Gambling Chip"}],"event_choices":[{"cards_removed":["Reflex"],"damage_healed":28.0,"max_hp_gain":0.0,"max_hp_loss":0.0,"gold_gain":0.0,"event_name":"Bonfire Elementals","player_choice":"Offered Uncommon","floor":3.0,"gold_loss":0.0,"damage_taken":0.0},{"damage_healed":0.0,"max_hp_gain":0.0,"max_hp_loss":0.0,"gold_gain":0.0,"event_name":"Shining Light","player_choice":"Entered Light","floor":12.0,"gold_loss":0.0,"damage_taken":20.0,"cards_upgraded":["Survivor","Strike_G"]},{"cards_removed":["Strike_G"],"damage_healed":0.0,"max_hp_gain":0.0,"max_hp_loss":0.0,"gold_gain":0.0,"event_name":"Golden Wing","player_choice":"Card Removal","floor":13.0,"gold_loss":0.0,"damage_taken":7.0},{"damage_healed":0.0,"max_hp_gain":0.0,"max_hp_loss":0.0,"gold_gain":0.0,"event_name":"Addict","player_choice":"Stole Relic","floor":19.0,"gold_loss":0.0,"damage_taken":0.0,"relics_obtained":["The Courier"],"cards_obtained":["Shame"]},{"damage_healed":0.0,"max_hp_gain":0.0,"max_hp_loss":0.0,"gold_gain":0.0,"event_name":"The Library","player_choice":"Read","floor":21.0,"gold_loss":0.0,"damage_taken":0.0,"cards_obtained":["Blade Dance"]},{"damage_healed":0.0,"max_hp_gain":0.0,"max_hp_loss":0.0,"gold_gain":0.0,"event_name":"Knowing Skull","player_choice":"","floor":27.0,"potions_obtained":[],"gold_loss":0.0,"damage_taken":6.0,"cards_obtained":[]},{"cards_removed":["Strike_G"],"damage_healed":0.0,"max_hp_gain":0.0,"max_hp_loss":0.0,"gold_gain":0.0,"event_name":"Falling","player_choice":"Removed Attack","floor":38.0,"gold_loss":0.0,"damage_taken":0.0},{"damage_healed":0.0,"max_hp_gain":0.0,"max_hp_loss":0.0,"gold_gain":0.0,"event_name":"Mysterious Sphere","player_choice":"Fight","floor":39.0,"gold_loss":0.0,"damage_taken":0.0},{"damage_healed":0.0,"max_hp_gain":0.0,"max_hp_loss":0.0,"gold_gain":0.0,"event_name":"SensoryStone","player_choice":"Memory 3","floor":48.0,"gold_loss":0.0,"damage_taken":10.0}],"is_beta":false,"boss_relics":[{"not_picked":["Sozu","Calling Bell"],"picked":"WristBlade"},{"not_picked":["Pandora\u0027s Box","Velvet Choker"],"picked":"Fusion Hammer"}],"items_purged_floors":[22],"is_endless":false,"potions_floor_spawned":[1,4,5,11,24,29,30,33,39,41,45],"killed_by":"Time Eater","ascension_level":20}}