{"host":"w3q5ijqu8eoknil3","time":1609287111,"event":{"mods":["AchievementEnabler","BaseMod","Block Reminder","Colored Powertips","Minty Spire (QoL Compilation)","Quick Restart","Relic Stats","ojb\u0027s Better Paths Mod","ojb\u0027s Info Mod","slay the spire mod where everything is the same but ironclad has a cowboy hat"],"gold_per_floor":[118,118,133,146,146,179,179,179,179],"floor_reached":8,"playtime":234,"items_purged":[],"score":98,"play_id":"d39626f6-88f2-4ee9-8508-c44ba45c06a1","local_time":"20201230001151","is_ascension_mode":true,"campfire_choices":[],"circlet_count":0,"master_deck":["AscendersBane","Strike_G","Strike_G","Strike_G","Strike_G","Strike_G","Defend_G","Defend_G","Defend_G","Defend_G","Defend_G","Survivor","Neutralize","Sucker Punch+1","PiercingWail","Poisoned Stab","Blur"],"relics":["Ring of the Snake","NeowsBlessing","Ornamental Fan","Art of War"],"acts_visited":["Exordium"],"potions_floor_usage":[6,6],"damage_taken":[{"damage":0,"enemies":"Jaw Worm","floor":1,"turns":1},{"damage":0,"enemies":"Cultist","floor":3,"turns":1},{"damage":0,"enemies":"Small Slimes","floor":4,"turns":1},{"damage":31,"enemies":"3 Sentries","floor":6,"turns":9},{"damage":44,"enemies":"Gremlin Nob","floor":8,"turns":5}],"seed_played":"7324833948996266466","potions_obtained":[{"floor":3,"key":"Regen Potion"},{"floor":4,"key":"Strength Potion"}],"is_trial":false,"path_per_floor":["M","?","M","M","?","E","T","E"],"character_chosen":"THE_SILENT","items_purchased":[],"campfire_rested":0,"item_purchase_floors":[],"current_hp_per_floor":[59,59,59,59,59,43,43,0,0],"gold":179,"neow_bonus":"THREE_ENEMY_KILL","is_daily":false,"chose_seed":false,"campfire_upgraded":0,"win_rate":0.0,"timestamp":1609287111,"path_taken":["M","?","?","M","?","E","?","E"],"items_purchased_type":[],"build_version":"2020-12-22","purchased_purges":0,"victory":false,"max_hp_per_floor":[66,66,66,66,66,66,66,66,66],"relic_stats":{"counters":[5,17],"Ornamental Fan":[8],"Art of War":[0],"obtain_stats":[{"NeowsBlessing":0,"Ornamental Fan":6,"Art of War":7,"Ring of the Snake":0},{"NeowsBlessing":0,"Ornamental Fan":4,"Art of War":4,"Ring of the Snake":0},{"NeowsBlessing":0,"Ornamental Fan":12,"Art of War":12,"Ring of the Snake":0}],"Ring of the Snake":[10]},"card_choices":[{"not_picked":["PiercingWail","Choke"],"picked":"Sucker Punch","floor":1},{"not_picked":["Outmaneuver","Sucker Punch"],"picked":"PiercingWail","floor":3},{"not_picked":["Flechettes","Dagger Throw"],"picked":"Poisoned Stab","floor":4},{"not_picked":["Bane","Outmaneuver"],"picked":"Blur","floor":6}],"player_experience":960351,"relics_obtained":[{"floor":6,"key":"Ornamental Fan"},{"floor":7,"key":"Art of War"}],"event_choices":[{"damage_healed":0,"gold_gain":0,"player_choice":"Upgraded","damage_taken":0,"max_hp_gain":0,"max_hp_loss":0,"event_name":"Upgrade Shrine","floor":2,"gold_loss":0,"cards_upgraded":["Sucker Punch"]},{"damage_healed":0,"gold_gain":0,"player_choice":"Ignored","damage_taken":0,"max_hp_gain":0,"max_hp_loss":0,"event_name":"Shining Light","floor":5,"gold_loss":0}],"is_beta":false,"boss_relics":[],"items_purged_floors":[],"is_endless":false,"potions_floor_spawned":[3,4],"killed_by":"Gremlin Nob","ascension_level":15}}