{"host":"96bpdudduaq3ttpf","time":1609365700,"event":{"mods":["Act Like it!","Astrologer","Bard","Bartender","BaseMod","CapriCore","Challenge The Spire","Chen","Downfall","Elementarium","Energized Spire","Friendly Minions","GifTheSpireLib","Hallownest","Hermit","Jorbs\u0027s Wanderer Trilogy","Koishi","Mari Mod (Legacy)","Mari\u0027s V1 Patch","Marisa????????","Mimic Mod","Minty Spire (QoL Compilation)","Prisma Mod","Remilia??????","Replay The Spire","Shade Mod","StSLib","Td1madao Mod","The Administrix","The Bladedancer","The Bug Knight","The Construct","The Cursed","The Factory","The Gatherer","The Hierophant","The Immortal","The IronCluck","The Jungle","The Marked","The Mystic","The Necromancer","The Runesmith","The Servant 0.9.4","Wandering Minibosses","WarShipGirlsR/????R mod","Yohane!","Yuyuko"],"gold_per_floor":[113,127,146,146,156,156,151,151],"floor_reached":7,"playtime":401,"items_purged":[],"score":43,"play_id":"a2b00eea-29c6-407d-a48b-817b40a19795","local_time":"20201230150140","is_ascension_mode":false,"campfire_choices":[{"data":"ScarletShoot","floor":6,"key":"SMITH"}],"circlet_count":0,"master_deck":["Strike_RM","Strike_RM","Strike_RM","Strike_RM","Defend_RM","Defend_RM","Defend_RM","Defend_RM","RedMoon","ScarletShoot+1","NightDance","FavorOfDestiny","EternalNight","Hallownest:curseDreamersLament","UnstableMagic"],"relics":["ScarletHat","NeowsBlessing","PrismaticShard"],"acts_visited":["Exordium"],"potions_floor_usage":[5],"damage_taken":[{"damage":0,"enemies":"2 Louse","floor":1,"turns":1},{"damage":0,"enemies":"Small Slimes","floor":2,"turns":1},{"damage":0,"enemies":"Jaw Worm","floor":3,"turns":1},{"damage":6,"enemies":"Blue Slaver","floor":5,"turns":6},{"damage":75,"enemies":"Gremlin Nob","floor":7,"turns":6}],"seed_played":"-3363349216845657125","potions_obtained":[{"floor":1,"key":"construct:ShiftPotion"},{"floor":3,"key":"LifebloodPotion"}],"is_trial":false,"path_per_floor":["M","M","M","?","M","R","E"],"character_chosen":"REMILIA","items_purchased":[],"campfire_rested":0,"item_purchase_floors":[],"current_hp_per_floor":[75,75,75,75,69,69,0,0],"gold":151,"neow_bonus":"THREE_ENEMY_KILL","is_daily":false,"chose_seed":false,"campfire_upgraded":1,"win_rate":0.0,"timestamp":1609365700,"path_taken":["M","M","M","?","M","R","E"],"items_purchased_type":[],"build_version":"2020-12-22","purchased_purges":0,"victory":false,"max_hp_per_floor":[75,75,75,75,75,75,75,75],"card_choices":[{"not_picked":["BloodyMagicSquare","EternalNight"],"picked":"NightDance","floor":1},{"not_picked":["BloodHunter","ScarletGensokyo"],"picked":"FavorOfDestiny","floor":2},{"not_picked":["BloodHunter","GlobalNightmare"],"picked":"EternalNight","floor":3},{"not_picked":["hexamod:SecondSeal","Chen:UnstableBoundary"],"picked":"UnstableMagic","floor":5}],"player_experience":754646,"relics_obtained":[],"event_choices":[],"is_beta":false,"boss_relics":[],"items_purged_floors":[],"is_endless":false,"potions_floor_spawned":[1,3],"killed_by":"Gremlin Nob","ascension_level":0}}