{"host":"bq4pt811tk9yrmjl","time":1609333615,"event":{"mods":["AchievementEnabler","BaseMod","Colored Map","Colored Powertips","Defuse TimeMaze Blight","Hermit","Minty Spire (QoL Compilation)","StSLib","SuperFastMode"],"gold_per_floor":[119,66,66,138,213,251,264,284,284,284,284,284,284,309,309,309,309],"floor_reached":16,"playtime":214,"items_purged":[],"score":129,"play_id":"e364fcbf-eeaa-45cb-a4d3-7e40483c388a","local_time":"20201230110655","is_ascension_mode":true,"campfire_choices":[{"data":"hermit:Vantage","floor":10,"key":"SMITH"},{"floor":12,"key":"RECALL"},{"data":"hermit:Covet","floor":15,"key":"SMITH"}],"circlet_count":0,"master_deck":["hermit:Strike_Hermit","hermit:Strike_Hermit","hermit:Strike_Hermit","hermit:Strike_Hermit","hermit:Defend_Hermit","hermit:Defend_Hermit","hermit:Defend_Hermit","hermit:Defend_Hermit","hermit:Snapshot+1","hermit:Covet+1","hermit:Coalescence","hermit:Vantage+1","Injury","Regret"],"relics":["hermit:Momento","NeowsBlessing","Golden Idol","InkBottle","Omamori"],"acts_visited":["Exordium"],"potions_floor_usage":[16],"damage_taken":[{"damage":0,"enemies":"Jaw Worm","floor":1,"turns":1},{"damage":0,"enemies":"3 Sentries","floor":6,"turns":1},{"damage":0,"enemies":"Small Slimes","floor":7,"turns":2},{"damage":0,"enemies":"2 Louse","floor":8,"turns":3},{"damage":0,"enemies":"2 Fungi Beasts","floor":14,"turns":4},{"damage":50,"enemies":"Hexaghost","floor":16,"turns":11}],"seed_played":"-728595270878754664","potions_obtained":[{"floor":8,"key":"hermit:Tonic"}],"is_trial":false,"path_per_floor":["M","$","?","?","?","E","M","M","T","R","?","R","?","M","R","B"],"character_chosen":"HERMIT","items_purchased":["hermit:Vantage"],"campfire_rested":0,"item_purchase_floors":[2],"current_hp_per_floor":[75,75,75,75,64,64,64,64,64,64,64,64,64,64,64,14,14],"gold":309,"neow_bonus":"THREE_ENEMY_KILL","is_daily":false,"chose_seed":false,"campfire_upgraded":2,"win_rate":0.0,"timestamp":1609333615,"path_taken":["M","$","?","?","?","E","M","?","T","R","?","R","?","M","R","BOSS"],"items_purchased_type":["Card"],"build_version":"2020-12-22","purchased_purges":0,"victory":false,"max_hp_per_floor":[75,75,75,75,75,75,75,75,75,75,75,75,75,75,75,75,75],"card_choices":[{"not_picked":["hermit:BodyArmor","hermit:HoleUp"],"picked":"hermit:Coalescence","floor":1},{"not_picked":["hermit:Glare","hermit:Gestalt","hermit:SprayPray"],"picked":"SKIP","floor":6},{"not_picked":["hermit:Enervate","hermit:Misfire","hermit:PistolWhip"],"picked":"SKIP","floor":7},{"not_picked":["hermit:HoleUp","hermit:Roulette","hermit:ItchyTrigger"],"picked":"SKIP","floor":8},{"not_picked":["hermit:Manifest","hermit:PistolWhip","hermit:HighCaliber"],"picked":"SKIP","floor":14}],"player_experience":140397,"relics_obtained":[{"floor":6,"key":"InkBottle"}],"event_choices":[{"damage_healed":0,"gold_gain":0,"player_choice":"Take Wound","damage_taken":0,"relics_obtained":["Golden Idol"],"max_hp_gain":0,"max_hp_loss":0,"event_name":"Golden Idol","floor":3,"gold_loss":0,"cards_obtained":["Injury"]},{"damage_healed":0,"gold_gain":72,"player_choice":"Gained Gold","damage_taken":0,"max_hp_gain":0,"max_hp_loss":0,"event_name":"Golden Wing","floor":4,"gold_loss":0},{"damage_healed":0,"gold_gain":75,"player_choice":"Gather Gold","damage_taken":11,"max_hp_gain":0,"max_hp_loss":0,"event_name":"World of Goop","floor":5,"gold_loss":0},{"damage_healed":0,"gold_gain":0,"player_choice":"Grow","damage_taken":0,"max_hp_gain":0,"max_hp_loss":0,"event_name":"Living Wall","floor":11,"gold_loss":0,"cards_upgraded":["hermit:Snapshot"]},{"damage_healed":0,"gold_gain":0,"player_choice":"Box","damage_taken":0,"relics_obtained":["Omamori"],"max_hp_gain":0,"max_hp_loss":0,"event_name":"Big Fish","floor":13,"gold_loss":0,"cards_obtained":["Regret"]}],"is_beta":false,"boss_relics":[],"items_purged_floors":[],"is_endless":false,"potions_floor_spawned":[8],"killed_by":"Hexaghost","ascension_level":1}}