{"host":"981nlwu0905dw1bz","time":1609355059,"event":{"mods":["BaseMod","DeckTracker","Minty Spire (QoL Compilation)","Rare Cards Sparkle","SuperFastMode"],"gold_per_floor":[109,129,148,159,176,176,201,201,228,228,258,269,269,282,282,282,282],"floor_reached":16,"playtime":447,"items_purged":[],"score":215,"play_id":"6dd90e31-e498-4d30-af01-f704a77bc563","local_time":"20201231040419","is_ascension_mode":true,"campfire_choices":[{"data":"Blade Dance","floor":6.0,"key":"SMITH"},{"floor":8.0,"key":"REST"},{"floor":10.0,"key":"REST"},{"data":"Neutralize","floor":15.0,"key":"SMITH"}],"circlet_count":0,"master_deck":["AscendersBane","Strike_G","Strike_G","Strike_G","Strike_G","Strike_G","Defend_G+1","Defend_G","Defend_G+1","Defend_G","Defend_G","Survivor","Neutralize+1","Dagger Throw","Prepared","Deflect","Blade Dance+1","Terror","Dagger Spray","Acrobatics","Blade Dance","Decay"],"relics":["Ring of the Snake","PreservedInsect","War Paint","Centennial Puzzle"],"acts_visited":["Exordium"],"potions_floor_usage":[],"damage_taken":[{"damage":0.0,"enemies":"Cultist","floor":1.0,"turns":4.0},{"damage":10.0,"enemies":"Small Slimes","floor":2.0,"turns":3.0},{"damage":2.0,"enemies":"Jaw Worm","floor":3.0,"turns":5.0},{"damage":0.0,"enemies":"3 Louse","floor":4.0,"turns":2.0},{"damage":0.0,"enemies":"Blue Slaver","floor":5.0,"turns":3.0},{"damage":29.0,"enemies":"Lagavulin","floor":7.0,"turns":6.0},{"damage":0.0,"enemies":"Gremlin Nob","floor":11.0,"turns":2.0},{"damage":0.0,"enemies":"2 Fungi Beasts","floor":12.0,"turns":3.0},{"damage":3.0,"enemies":"Looter","floor":14.0,"turns":3.0},{"damage":0,"enemies":"The Guardian","floor":16,"turns":1}],"seed_played":"4093898820498432365","potions_obtained":[{"floor":1.0,"key":"BlessingOfTheForge"},{"floor":3.0,"key":"Energy Potion"},{"floor":5.0,"key":"Fire Potion"}],"is_trial":false,"path_per_floor":["M","M","M","M","M","R","E","R","T","R","E","M","?","M","R","B"],"character_chosen":"THE_SILENT","items_purchased":[],"campfire_rested":2,"item_purchase_floors":[],"current_hp_per_floor":[63,53,51,51,51,51,22,43,43,64,64,64,64,61,61,61,61],"gold":282,"neow_bonus":"THREE_CARDS","is_daily":false,"chose_seed":false,"campfire_upgraded":2,"win_rate":0.0,"timestamp":1609355059,"path_taken":["M","M","?","M","M","R","E","R","T","R","E","M","?","?","R","BOSS"],"items_purchased_type":[],"build_version":"2020-12-22","purchased_purges":0,"victory":false,"max_hp_per_floor":[70,70,70,70,70,70,70,70,70,70,70,70,70,70,70,70,70],"card_choices":[{"not_picked":["Backflip","Deflect"],"picked":"Dagger Throw","floor":0.0},{"not_picked":["Riddle With Holes","Outmaneuver"],"picked":"Prepared","floor":1.0},{"not_picked":["Escape Plan","Flechettes"],"picked":"Deflect","floor":2.0},{"not_picked":["Dodge and Roll","Masterful Stab"],"picked":"Blade Dance","floor":3.0},{"not_picked":["Escape Plan","Prepared"],"picked":"Terror","floor":4.0},{"not_picked":["Heel Hook","Tactician","Riddle With Holes"],"picked":"SKIP","floor":5.0},{"not_picked":["Underhanded Strike","Well Laid Plans"],"picked":"Dagger Spray","floor":7.0},{"not_picked":["Dagger Throw","Sucker Punch"],"picked":"Acrobatics","floor":11.0},{"not_picked":["Terror","Storm of Steel"],"picked":"Blade Dance","floor":12.0},{"not_picked":["Dagger Spray","Acrobatics","Flying Knee"],"picked":"SKIP","floor":14.0}],"player_experience":514080,"relics_obtained":[{"floor":7.0,"key":"PreservedInsect"},{"floor":9.0,"key":"War Paint"},{"floor":11.0,"key":"Centennial Puzzle"}],"event_choices":[{"damage_healed":0.0,"max_hp_gain":0.0,"max_hp_loss":0.0,"gold_gain":0.0,"event_name":"Wheel of Change","player_choice":"Cursed","floor":13.0,"gold_loss":0.0,"damage_taken":0.0,"cards_obtained":["Decay"]}],"is_beta":false,"boss_relics":[],"items_purged_floors":[],"is_endless":false,"potions_floor_spawned":[1,3,5],"killed_by":"The Guardian","ascension_level":11}}