{"host":"6hzrz31j95f2y1pa","time":1609312713,"event":{"mods":["BaseMod","Colored Map","Downfall","Minty Spire (QoL Compilation)","StSLib"],"gold_per_floor":[0,18,35,51,71,91,91,106,130,144,294,294,328,339,349,425,425,425,443,461,472,457,457,483,408,434,447,372,372,372,403,417,417,417,417],"floor_reached":33,"playtime":2068,"items_purged":[],"score":512,"play_id":"7e595093-b0ef-43a0-bc4a-b6c4d9000fcb","local_time":"20201230021833","is_ascension_mode":true,"campfire_choices":[{"data":"hexamod:Float","floor":1.0,"key":"SMITH"},{"data":"hexamod:EmpoweringStance","floor":18.0,"key":"SMITH"},{"data":"hexamod:Rewind","floor":23,"key":"SMITH"},{"data":"hexamod:NightmareGuise","floor":25,"key":"SMITH"},{"floor":28,"key":"REST"},{"data":"hexamod:RainOfEmbers","floor":30,"key":"SMITH"}],"circlet_count":0,"master_deck":["AscendersBane","hexamod:Strike","hexamod:Strike","hexamod:Strike","hexamod:Strike","hexamod:Defend","hexamod:Defend+1","hexamod:Defend","hexamod:Defend","hexamod:Sear+1","hexamod:Float+1","hexamod:SwordOfDarkness","hexamod:RetreatToShadows+1","hexamod:FirstSeal","hexamod:Rewind+1","hexamod:ThermalTransfer","hexamod:NightmareGuise+1","hexamod:FastForward","Slimebound:Icky","hexamod:ThirdSeal","hexamod:FastForward+1","hexamod:StepThrough","hexamod:RainOfEmbers+1","hexamod:RadiantFlame+1","hexamod:CatchUp","hexamod:EmpoweringStance+1","hexamod:SixthSeal","hexamod:Hexaguard","hexamod:GhostOfSpirePast","Writhe","hexamod:Rewind","hexamod:BacktrackSmack"],"relics":["hexamod:SpiritBrand","Anchor","hexamod:TheBrokenSeal","Centennial Puzzle","Runic Pyramid","downfall:HeartBlessingBlue","Frozen Egg 2","downfall:HeartBlessingGreen","Blood Vial","Happy Flower"],"acts_visited":["Exordium","TheCity"],"potions_floor_usage":[26,31,33],"damage_taken":[{"damage":6.0,"enemies":"Cultist","floor":2.0,"turns":4.0},{"damage":10.0,"enemies":"Small Slimes","floor":3.0,"turns":4.0},{"damage":1.0,"enemies":"2 Louse","floor":4.0,"turns":4.0},{"damage":22.0,"enemies":"Blue Slaver","floor":5.0,"turns":4.0},{"damage":24.0,"enemies":"Large Slime","floor":6.0,"turns":8.0},{"damage":17.0,"enemies":"Exordium Thugs","floor":8.0,"turns":7.0},{"damage":7.0,"enemies":"Blue Slaver","floor":9.0,"turns":5.0},{"damage":11.0,"enemies":"Gremlin Gang","floor":10.0,"turns":4.0},{"damage":20.0,"enemies":"3 Sentries","floor":13.0,"turns":9.0},{"damage":0.0,"enemies":"Lots of Slimes","floor":14.0,"turns":3.0},{"damage":6.0,"enemies":"3 Louse","floor":15.0,"turns":3.0},{"damage":40.0,"enemies":"downfall:Watcher","floor":16.0,"turns":9.0},{"damage":12.0,"enemies":"3 Byrds","floor":19.0,"turns":6.0},{"damage":2.0,"enemies":"Spheric Guardian","floor":20.0,"turns":4.0},{"damage":12.0,"enemies":"Snake Plant","floor":21.0,"turns":4.0},{"damage":10.0,"enemies":"downfall:FleeingMerchant","floor":22.0,"turns":4.0},{"damage":18,"enemies":"Book of Stabbing","floor":26,"turns":6},{"damage":18,"enemies":"Snecko","floor":27,"turns":7},{"damage":50,"enemies":"Gremlin Leader","floor":31,"turns":9},{"damage":12,"enemies":"Shelled Parasite and Fungi","floor":32,"turns":4},{"damage":19,"enemies":"downfall:Ironclad","floor":33,"turns":5}],"seed_played":"-7233993551284265847","potions_obtained":[{"floor":2.0,"key":"Dexterity Potion"},{"floor":4.0,"key":"sneckomod:MuddlingPotion"},{"floor":5.0,"key":"GamblersBrew"},{"floor":8.0,"key":"Energy Potion"},{"floor":9.0,"key":"BlessingOfTheForge"},{"floor":16.0,"key":"SpeedPotion"},{"floor":21.0,"key":"LiquidMemories"},{"floor":27,"key":"Regen Potion"}],"is_trial":false,"path_per_floor":["R","M","M","M","M","M","T","M","M","M","?","?","E","M","M","B",null,"R","M","M","M","$","R","T","R","E","M","R","?","R","E","M","B"],"character_chosen":"THE_SPIRIT","items_purchased":[],"campfire_rested":1,"item_purchase_floors":[],"current_hp_per_floor":[63,57,54,60,52,42,42,32,80,76,76,76,63,63,64,24,66,66,61,66,61,51,51,51,61,43,25,52,52,52,26,16,0,0,0],"gold":417,"neow_bonus":"THREE_RARE_CARDS","is_daily":false,"chose_seed":false,"campfire_upgraded":5,"win_rate":0.0,"timestamp":1609312713,"path_taken":["R","M","M","M","M","M","T","M","M","M","?","?","E","M","M","BOSS","R","M","M","M","$","R","T","R","E","M","R","?","R","E","M","BOSS"],"items_purchased_type":[],"build_version":"2020-12-22","purchased_purges":0,"victory":false,"max_hp_per_floor":[70,70,70,70,70,70,70,70,80,80,80,80,80,80,80,80,80,80,80,80,80,80,80,80,90,90,90,90,90,90,90,90,90,90,90],"card_choices":[{"not_picked":["hexamod:UnleashSpirits","hexamod:Toasty"],"picked":"hexamod:FifthSeal","floor":0.0},{"not_picked":["hexamod:ChargedBarrage","hexamod:Firestarter"],"picked":"hexamod:SwordOfDarkness","floor":2.0},{"not_picked":["hexamod:SecondSeal","hexamod:FourthSeal"],"picked":"hexamod:FirstSeal","floor":2.0},{"not_picked":["hexamod:HeatMetal","hexamod:UnleashSpirits"],"picked":"hexamod:RetreatToShadows","floor":3.0},{"not_picked":["hexamod:SecondSeal","hexamod:FirstSeal"],"picked":"hexamod:FourthSeal","floor":3.0},{"not_picked":["hexamod:SoulSteal","hexamod:Firestarter"],"picked":"hexamod:FirstSeal","floor":4.0},{"not_picked":["hexamod:SixthSeal","hexamod:SecondSeal","hexamod:ThirdSeal"],"picked":"SKIP","floor":4.0},{"not_picked":["hexamod:FirstSeal","hexamod:FourthSeal"],"picked":"hexamod:ThirdSeal","floor":5.0},{"not_picked":["hexamod:GhostLash","hexamod:BacktrackSmack","hexamod:SecondSeal"],"picked":"SKIP","floor":5.0},{"not_picked":["hexamod:PowerFromBeyond","hexamod:Haunt"],"picked":"hexamod:Rewind","floor":6.0},{"not_picked":["hexamod:EmpoweredFlame","hexamod:ApocalypseNow"],"picked":"hexamod:ThermalTransfer","floor":6.0},{"not_picked":["hexamod:FirstSeal","hexamod:FourthSeal"],"picked":"hexamod:SixthSeal","floor":6.0},{"not_picked":["hexamod:GhostShield","hexamod:RadiantFlame"],"picked":"hexamod:NightmareGuise","floor":8.0},{"not_picked":["hexamod:SixthSeal","hexamod:ThirdSeal"],"picked":"hexamod:SecondSeal","floor":8.0},{"not_picked":["hexamod:FastForward","hexamod:Firestarter","hexamod:HeatCrush"],"picked":"SKIP","floor":8.0},{"not_picked":["hexamod:PowerFromBeyond","hexamod:SkipABeat"],"picked":"hexamod:SpectersWail","floor":9.0},{"not_picked":["hexamod:ShieldOfDarkness","hexamod:InspiringFlames"],"picked":"hexamod:FastForward","floor":10.0},{"not_picked":["hexamod:ExtraCrispy","hexamod:UnlimitedPower"],"picked":"hexamod:FastForward","floor":13.0},{"not_picked":["hexamod:GhostflameBarrier","hexamod:PhantomFireball"],"picked":"hexamod:StepThrough","floor":13.0},{"not_picked":["hexamod:BacktrackSmack","hexamod:Hexaguard"],"picked":"hexamod:RainOfEmbers","floor":14.0},{"not_picked":["hexamod:FastForward","hexamod:GhostOfSpireFuture"],"picked":"hexamod:RadiantFlame","floor":15.0},{"not_picked":["hexamod:Firestarter","hexamod:ShieldOfDarkness"],"picked":"hexamod:CatchUp","floor":15.0},{"not_picked":["hexamod:HexaLevel","hexamod:ApocalypticArmor"],"picked":"hexamod:EmpoweringStance","floor":16.0},{"not_picked":["hexamod:CrushingStance","hexamod:TimeOfNeed"],"picked":"hexamod:SixthSeal","floor":16.0},{"not_picked":["hexamod:RainOfEmbers","hexamod:GhostShield","hexamod:InspiringFlames"],"picked":"SKIP","floor":19.0},{"not_picked":["hexamod:GhostLash","hexamod:SpectralSpark","hexamod:ShieldOfDarkness"],"picked":"SKIP","floor":19.0},{"not_picked":["hexamod:GhostShield","hexamod:BacktrackSmack"],"picked":"hexamod:Hexaguard","floor":20.0},{"not_picked":["hexamod:GhostLash","hexamod:BacktrackSmack"],"picked":"hexamod:GhostOfSpirePast","floor":21.0},{"not_picked":["hexamod:ThermalTransfer","hexamod:GhostShield","hexamod:FourthSeal"],"picked":"SKIP","floor":22},{"not_picked":["hexamod:NightmareStrike+1","hexamod:BurningTouch","hexamod:GhostflameBarrier"],"picked":"SKIP","floor":26},{"not_picked":["hexamod:SwordOfDarkness+1","hexamod:HeatShield","hexamod:NightmareGuise"],"picked":"SKIP","floor":27},{"not_picked":["hexamod:PhantomFireball","hexamod:BacktrackSmack","hexamod:ShieldOfDarkness"],"picked":"SKIP","floor":27},{"not_picked":["hexamod:GhostOfSpirePast+1","hexamod:SixthSeal","hexamod:ThirdSeal"],"picked":"SKIP","floor":31},{"not_picked":["hexamod:HeatMetal","hexamod:ShieldOfDarkness","hexamod:NightmareStrike"],"picked":"SKIP","floor":31},{"not_picked":["hexamod:RecurringNightmare","hexamod:NightmareStrike+1"],"picked":"hexamod:Rewind","floor":32},{"not_picked":["hexamod:GhostOfSpirePast+1","hexamod:GhostflameBarrier"],"picked":"hexamod:BacktrackSmack","floor":32}],"player_experience":1262269,"relics_obtained":[{"floor":7.0,"key":"Anchor"},{"floor":13.0,"key":"Centennial Puzzle"},{"floor":26,"key":"Frozen Egg 2"},{"floor":31,"key":"Happy Flower"}],"event_choices":[],"is_beta":false,"boss_relics":[{"not_picked":["Calling Bell","Black Star"],"picked":"Runic Pyramid"}],"items_purged_floors":[],"is_endless":false,"potions_floor_spawned":[2,4,8,9,10,13,16,20,21,27],"killed_by":"downfall:Ironclad","ascension_level":13}}