{"host":"s9n53dspxjwkh5no","time":1609355446,"event":{"mods":["AchievementEnabler","Aspiration","Bard","BaseMod","Beaked The Cultist","Better Altar","Better Match","Better Note","Better Sensory Stone","Better Skull","Better Third Choice","BetterRewards","Colored Map","Colored Powertips","Conspire","Dio Mod","Disable Question Mark Monsters","Downfall","Energized Spire","Halation","Hermit","Hubris","Marisa????????","Marked Mod","Melee Mod","Minty Spire (QoL Compilation)","Quick Restart","Random Character Button","Rare Cards Sparkle","Reimu??????","Relic Stats","Remilia??????","Replay The Spire","Shade Mod","Small Relic Pack","Spicy Shops","StSLib","The Animator","The Bug Knight","The Construct","The Disciple","The Hierophant","The Problem Sleuth","The Runesmith","The Servant 0.9.4","The Valiant","The Wild Card","TheArtist","TheBandit","TheVacant","Wandering Minibosses","vexMod"],"gold_per_floor":[121,121,86,12,43,43,84,84,84,120,134,134,154,168,168,301,301,332,7,31,31,31,31,31,31],"floor_reached":24,"playtime":1758,"items_purged":[],"score":204,"play_id":"8f7ef479-0923-4d07-97d8-a3093139cfec","local_time":"20201230121046","is_ascension_mode":false,"campfire_choices":[{"floor":6,"key":"RECALL"},{"floor":8,"key":"REST"},{"floor":15,"key":"REST"},{"floor":23,"key":"REST"}],"circlet_count":0,"master_deck":["animator:Strike_Overlord","animator:Defend_Overlord","animator:Strike","animator:Strike","animator:Strike","animator:Defend+1","animator:Defend","animator:Defend","animator:Cocytus","animator:Demiurge","animator:Emonzaemon+1","animator:Entoma+2","animator:OrikoMikuni","animator:PandorasActor+1","animator:Azekura","animator:KyokoSakura","animator:KyokoSakura","animator:HigakiRinne","animator:Sebas","animator:Hibiki","animator:Kaijin","animator:KyokoSakura","animator:Sonic","Decay"],"relics":["animator:LivingPicture","animator:TheMissingPiece","animator:PurgingStone","Golden Idol","Pet Ghost","HornCleat","Replay:Baseball","Runesmith:UraniumAnvil"],"acts_visited":["Exordium","TheCity"],"potions_floor_usage":[5,7,16,16,18,18,18,24],"damage_taken":[{"damage":19,"enemies":"Jaw Worm","floor":1,"turns":5},{"damage":2,"enemies":"2 Louse","floor":5,"turns":2},{"damage":33,"enemies":"3 Sentries","floor":7,"turns":7},{"damage":35,"enemies":"Lagavulin","floor":10,"turns":6},{"damage":0,"enemies":"Cultist","floor":11,"turns":3},{"damage":4,"enemies":"Looter","floor":13,"turns":3},{"damage":1,"enemies":"Large Slime","floor":14,"turns":6},{"damage":3,"enemies":"The Guardian","floor":16,"turns":13},{"damage":0,"enemies":"Spheric Guardian","floor":18,"turns":3},{"damage":5,"enemies":"conspire:FuzzyDice","floor":20,"turns":8},{"damage":80,"enemies":"Gremlin Leader","floor":24,"turns":7}],"seed_played":"1297834971046603357","potions_obtained":[{"floor":1,"key":"hexamod:EctoCoolerPotion"},{"floor":5,"key":"DuplicationPotion"},{"floor":11,"key":"SpeedPotion"},{"floor":13,"key":"Languid Potion"},{"floor":16,"key":"EntropicBrew"},{"floor":18,"key":"SteroidPotion"}],"is_trial":false,"path_per_floor":["M","?","?","$","M","R","E","R","T","E","M","?","M","M","R","B",null,"M","$","M","?","?","R","E"],"character_chosen":"THE_ANIMATOR","items_purchased":["Pet Ghost","animator:Hibiki","animator:Kaijin","animator:KyokoSakura"],"campfire_rested":3,"item_purchase_floors":[4,19,19,19],"current_hp_per_floor":[53,35,53,53,51,51,18,39,39,5,6,6,2,1,23,20,74,74,74,71,71,71,76,0,0],"gold":31,"neow_bonus":"TEN_PERCENT_HP_BONUS","is_daily":false,"chose_seed":false,"campfire_upgraded":0,"win_rate":0.0,"timestamp":1609355446,"path_taken":["M","?","?","$","M","R","E","R","T","E","M","?","M","M","R","BOSS","M","$","M","?","?","R","E"],"items_purchased_type":["Relic","Card","Card","Card"],"build_version":"2020-12-22","purchased_purges":0,"victory":false,"max_hp_per_floor":[72,72,72,72,72,72,72,72,72,73,74,74,74,74,74,74,74,74,74,76,76,76,76,78,78],"relic_stats":{"counters":[11,63],"Golden Idol":62,"obtain_stats":[{"Replay:Baseball":10,"HornCleat":7,"animator:PurgingStone":0,"Golden Idol":2,"animator:TheMissingPiece":0,"Runesmith:UraniumAnvil":17,"animator:LivingPicture":0,"Pet Ghost":4},{"Replay:Baseball":4,"HornCleat":3,"animator:PurgingStone":0,"Golden Idol":1,"animator:TheMissingPiece":0,"Runesmith:UraniumAnvil":8,"animator:LivingPicture":0,"Pet Ghost":1},{"Replay:Baseball":20,"HornCleat":14,"animator:PurgingStone":0,"Golden Idol":5,"animator:TheMissingPiece":0,"Runesmith:UraniumAnvil":45,"animator:LivingPicture":0,"Pet Ghost":5}]},"card_choices":[{"not_picked":["animator:Nanami","animator:YunYun"],"picked":"animator:Emonzaemon","floor":1},{"not_picked":["animator:Geryuganshoop","animator:Togame"],"picked":"animator:Entoma","floor":5},{"not_picked":["animator:WinryRockbell","animator:Viivi"],"picked":"animator:OrikoMikuni","floor":7},{"not_picked":["animator:Evileye","animator:NarberalGamma"],"picked":"animator:PandorasActor","floor":10},{"not_picked":["animator:Melzalgald","animator:YunYun"],"picked":"animator:Azekura","floor":11},{"not_picked":["animator:Entoma","animator:PandorasActor"],"picked":"animator:KyokoSakura","floor":13},{"not_picked":["animator:Chris","animator:ZankiKiguchi"],"picked":"animator:KyokoSakura","floor":14},{"not_picked":["animator:HomuraAkemi","animator:Kyubey"],"picked":"animator:HigakiRinne","floor":16},{"not_picked":["animator:Demiurge","animator:NarberalGamma"],"picked":"animator:Sebas","floor":18},{"not_picked":["animator:PandorasActor","animator:Shuna"],"picked":"animator:Sonic","floor":20}],"player_experience":361527,"relics_obtained":[{"floor":7,"key":"HornCleat"},{"floor":10,"key":"Replay:Baseball"}],"event_choices":[{"damage_healed":0,"gold_gain":0,"player_choice":"Take Damage","damage_taken":18,"relics_obtained":["Golden Idol"],"max_hp_gain":0,"max_hp_loss":0,"event_name":"Golden Idol","floor":2,"gold_loss":0},{"damage_healed":18,"gold_gain":0,"player_choice":"Healed","damage_taken":0,"max_hp_gain":0,"max_hp_loss":0,"event_name":"The Cleric","floor":3,"gold_loss":35},{"damage_healed":0,"gold_gain":0,"player_choice":"Upgraded","damage_taken":0,"max_hp_gain":0,"max_hp_loss":0,"event_name":"Upgrade Shrine","floor":12,"gold_loss":0,"cards_upgraded":["animator:PandorasActor"]},{"damage_healed":0,"gold_gain":0,"player_choice":"Cursed","damage_taken":0,"max_hp_gain":0,"max_hp_loss":0,"event_name":"Wheel of Change","floor":21,"gold_loss":0,"cards_obtained":["Decay"]},{"damage_healed":0,"gold_gain":0,"player_choice":"Upgraded","damage_taken":0,"max_hp_gain":0,"max_hp_loss":0,"event_name":"Upgrade Shrine","floor":22,"gold_loss":0,"cards_upgraded":["animator:Emonzaemon"]}],"is_beta":false,"boss_relics":[{"not_picked":["Kintsugi","Painkiller Herb"],"picked":"Runesmith:UraniumAnvil"}],"items_purged_floors":[],"is_endless":false,"potions_floor_spawned":[1,5,11,13,16,18],"killed_by":"Gremlin Leader","ascension_level":0}}