{"host":"6pfj0wha12yu6wq3","time":1609364884,"event":{"mods":["AchievementEnabler","BaseMod","Colored Map","Colored Powertips","Curses Come First","DeckTracker","Minty Spire (QoL Compilation)","RNG Fix","Relic Sorter","Relic Stats","StSLib","UnlockEverythingMod","ojb\u0027s Better Paths Mod","ojb\u0027s Info Mod"],"gold_per_floor":[109,127,127,146,6,35,35,55,55,55,90,106,133,1,1,78,78,92,92,92,108,33,33,66,85,85,116,135,135,135],"floor_reached":29,"playtime":3102,"items_purged":[],"score":566,"play_id":"541f2a09-219e-48be-9a22-73cf0841f425","local_time":"20201230164804","is_ascension_mode":true,"campfire_choices":[{"data":"Skewer","floor":7.0,"key":"SMITH"},{"floor":10.0,"key":"REST"},{"data":"Well Laid Plans","floor":15.0,"key":"SMITH"},{"floor":23,"key":"REST"}],"circlet_count":0,"master_deck":["AscendersBane","Strike_G+1","Strike_G+1","Strike_G+1","Defend_G+1","Defend_G+1","Defend_G+1","Defend_G+1","Defend_G+1","Survivor","Neutralize","Footwork","Dagger Spray","Skewer+1","Glass Knife","Doppelganger","Acrobatics","Well Laid Plans+1","Doppelganger","Backflip","Outmaneuver","Footwork","Blur","Wraith Form v2","Blur","Outmaneuver","Backflip","Backflip"],"relics":["Velvet Choker","Smiling Mask","The Courier","Bottled Tornado","Orrery","Black Star","Nilry\u0027s Codex","PreservedInsect","Gremlin Horn","CaptainsWheel","Centennial Puzzle","Ninja Scroll"],"acts_visited":["Exordium","TheCity"],"potions_floor_usage":[16,21,27,28],"damage_taken":[{"damage":6.0,"enemies":"Cultist","floor":1.0,"turns":4.0},{"damage":0.0,"enemies":"2 Louse","floor":2.0,"turns":4.0},{"damage":3.0,"enemies":"Small Slimes","floor":4.0,"turns":4.0},{"damage":28.0,"enemies":"Lagavulin","floor":6.0,"turns":7.0},{"damage":2.0,"enemies":"2 Fungi Beasts","floor":8.0,"turns":4.0},{"damage":11.0,"enemies":"Gremlin Nob","floor":11.0,"turns":3.0},{"damage":0.0,"enemies":"3 Louse","floor":12.0,"turns":3.0},{"damage":11.0,"enemies":"3 Sentries","floor":13.0,"turns":5.0},{"damage":2,"enemies":"Hexaghost","floor":16,"turns":8},{"damage":2,"enemies":"Chosen","floor":18,"turns":7},{"damage":2,"enemies":"Shell Parasite","floor":21,"turns":7},{"damage":16,"enemies":"Gremlin Leader","floor":24,"turns":9},{"damage":3,"enemies":"Snake Plant","floor":25,"turns":5},{"damage":15,"enemies":"Slavers","floor":27,"turns":8},{"damage":4,"enemies":"Centurion and Healer","floor":28,"turns":4},{"damage":24,"enemies":"Cultist and Chosen","floor":29,"turns":11}],"seed_played":"-4075777649365662320","potions_obtained":[{"floor":1.0,"key":"Ancient Potion"},{"floor":6.0,"key":"Strength Potion"},{"floor":12.0,"key":"EssenceOfSteel"},{"floor":13.0,"key":"CultistPotion"},{"floor":16,"key":"Weak Potion"},{"floor":18,"key":"FearPotion"},{"floor":25,"key":"Block Potion"}],"is_trial":false,"path_per_floor":["M","M","?","M","$","E","R","M","T","R","E","M","E","$","R","B",null,"M","?","?","M","?","R","E","M","T","E","M","M"],"character_chosen":"THE_SILENT","items_purchased":["Fire Potion","Glass Knife","Orrery"],"campfire_rested":2,"item_purchase_floors":[5,5,14],"current_hp_per_floor":[53,53,53,50,50,22,22,20,20,39,28,28,17,17,17,15,53,51,51,30,28,28,47,31,28,28,13,9,0,0],"gold":135,"neow_bonus":"BOSS_RELIC","is_daily":false,"chose_seed":false,"campfire_upgraded":2,"win_rate":0.0,"timestamp":1609364884,"path_taken":["M","M","?","M","$","E","R","M","T","R","E","?","E","$","R","BOSS","M","?","?","M","?","R","E","M","T","E","M","M"],"items_purchased_type":["Potion","Card","Relic"],"build_version":"2020-12-22","purchased_purges":0,"victory":false,"max_hp_per_floor":[66,66,66,66,66,66,66,66,66,66,66,66,66,66,66,66,66,66,66,66,66,66,66,66,66,66,66,66,66,66],"relic_stats":{"Centennial Puzzle":[6],"Gremlin Horn":[4,4],"counters":[16,93],"PreservedInsect":39,"Black Star":2,"Smiling Mask":0,"obtain_stats":[{"Gremlin Horn":24,"Nilry\u0027s Codex":20,"Velvet Choker":0,"The Courier":11,"PreservedInsect":24,"Bottled Tornado":13,"Smiling Mask":6,"CaptainsWheel":26,"Centennial Puzzle":27,"Ninja Scroll":27,"Orrery":14,"Black Star":17,"Ring of the Snake":0},{"Gremlin Horn":12,"Nilry\u0027s Codex":10,"Velvet Choker":0,"The Courier":6,"PreservedInsect":12,"Bottled Tornado":8,"Smiling Mask":4,"CaptainsWheel":13,"Centennial Puzzle":14,"Ninja Scroll":14,"Orrery":8,"Black Star":9,"Ring of the Snake":0},{"Gremlin Horn":65,"Nilry\u0027s Codex":49,"Velvet Choker":0,"The Courier":26,"PreservedInsect":65,"Bottled Tornado":34,"Smiling Mask":19,"CaptainsWheel":70,"Centennial Puzzle":78,"Ninja Scroll":78,"Orrery":34,"Black Star":42,"Ring of the Snake":0}]},"card_choices":[{"not_picked":["PiercingWail","Slice"],"picked":"Footwork","floor":1.0},{"not_picked":["Dodge and Roll","Acrobatics"],"picked":"Dagger Spray","floor":2.0},{"not_picked":["Blade Dance","Tactician"],"picked":"Skewer","floor":4.0},{"not_picked":["Masterful Stab","Backstab"],"picked":"Doppelganger","floor":6.0},{"not_picked":["Slice","Quick Slash","Deflect"],"picked":"SKIP","floor":8.0},{"not_picked":["All Out Attack","Deflect"],"picked":"Acrobatics","floor":11.0},{"not_picked":["Blade Dance","Dagger Spray","Concentrate"],"picked":"SKIP","floor":12.0},{"not_picked":["Blade Dance","Dagger Spray","Concentrate"],"picked":"SKIP","floor":12.0},{"not_picked":["Deflect","Slice"],"picked":"Well Laid Plans","floor":13.0},{"not_picked":["Deflect","Deadly Poison"],"picked":"Doppelganger","floor":14.0},{"not_picked":["Dodge and Roll","Backstab"],"picked":"Backflip","floor":14.0},{"not_picked":["Slice","Distraction"],"picked":"Outmaneuver","floor":14.0},{"not_picked":["PiercingWail","Dagger Spray"],"picked":"Footwork","floor":14.0},{"not_picked":["Escape Plan","Backflip"],"picked":"Blur","floor":14.0},{"not_picked":["Storm of Steel","Envenom"],"picked":"Wraith Form v2","floor":16},{"not_picked":["Distraction","Dagger Throw"],"picked":"Blur","floor":18},{"not_picked":["Backstab","Setup"],"picked":"Outmaneuver","floor":21},{"not_picked":["Riddle With Holes","Endless Agony"],"picked":"Backflip","floor":24},{"not_picked":["Concentrate","Sucker Punch","Underhanded Strike"],"picked":"SKIP","floor":25},{"not_picked":["Concentrate","Sucker Punch","Underhanded Strike"],"picked":"SKIP","floor":25},{"not_picked":["Deadly Poison","Storm of Steel"],"picked":"Backflip","floor":27},{"not_picked":["Backflip","Blade Dance","Dagger Spray"],"picked":"SKIP","floor":28}],"player_experience":1103,"relics_obtained":[{"floor":6.0,"key":"Smiling Mask"},{"floor":11.0,"key":"The Courier"},{"floor":13.0,"key":"Bottled Tornado"},{"floor":20,"key":"Nilry\u0027s Codex"},{"floor":24,"key":"PreservedInsect"},{"floor":24,"key":"Gremlin Horn"},{"floor":26,"key":"CaptainsWheel"},{"floor":27,"key":"Centennial Puzzle"},{"floor":27,"key":"Ninja Scroll"}],"event_choices":[{"cards_removed":["Strike_G"],"damage_healed":0.0,"max_hp_gain":0.0,"max_hp_loss":0.0,"gold_gain":0.0,"event_name":"Bonfire Elementals","player_choice":"Offered Basic","floor":3.0,"gold_loss":0.0,"damage_taken":0.0},{"damage_healed":0,"gold_gain":0,"player_choice":"Simplicity","damage_taken":0,"max_hp_gain":0,"max_hp_loss":0,"event_name":"Back to Basics","floor":19,"gold_loss":0,"cards_upgraded":["Strike_G","Strike_G","Strike_G","Strike_G","Defend_G","Defend_G","Defend_G","Defend_G","Defend_G"]},{"damage_healed":0,"gold_gain":0,"player_choice":"Obtained Book","damage_taken":21,"max_hp_gain":0,"max_hp_loss":0,"event_name":"Cursed Tome","floor":20,"gold_loss":0},{"cards_removed":["Strike_G"],"damage_healed":0,"gold_gain":0,"player_choice":"Gave Gold","damage_taken":0,"max_hp_gain":0,"max_hp_loss":0,"event_name":"Beggar","floor":22,"gold_loss":75}],"is_beta":false,"boss_relics":[{"not_picked":["Runic Dome","Sozu"],"picked":"Black Star"}],"items_purged_floors":[],"is_endless":false,"potions_floor_spawned":[1,6,12,13,16,18,25],"killed_by":"Cultist and Chosen","ascension_level":20}}