{"host":"mj19vc0tc3cyxsq4","time":1609329698,"event":{"mods":["BaseMod","Colored Powertips","Minty Spire (QoL Compilation)","StSLib","The Servant 0.9.4"],"gold_per_floor":[109,109,129,129,139,139,169,181,245,4,34,51,65,81,81,176,226,243,243,43,60,71,71,89,89,89],"floor_reached":25,"playtime":3049,"items_purged":[],"score":265,"play_id":"37795bfa-5055-4bb4-b3de-1768f12b805b","local_time":"20201230130138","is_ascension_mode":false,"campfire_choices":[{"data":"KidneyShot","floor":6,"key":"SMITH"},{"data":"Exchange","floor":15,"key":"SMITH"},{"data":"BestPractice","floor":23,"key":"SMITH"}],"circlet_count":0,"master_deck":["Strike_S","Strike_S","Strike_S","Strike_S","Defend_S","Defend_S","Defend_S","Defend_S","KidneyShot+1","Exchange+1","ForgedInTime","FastForward","ShatteredReality","FastForward","InstantArmor","SilverBlades","Unruled","Snipe+1","Misdirection","ShatteredReality","GearUp","TrueSight","Ricochet","Potential","ReturningBlade","Starlight","Luminosity","Replace+1","BestPractice+1","Alleviate"],"relics":["Uniform","MealTicket","MawBank","Vajra","Lee\u0027s Waffle","Omamori","Tiny House"],"acts_visited":["Exordium","TheCity"],"potions_floor_usage":[7,11,18,18,22,24,25],"damage_taken":[{"damage":1,"enemies":"Small Slimes","floor":1,"turns":5},{"damage":2,"enemies":"Jaw Worm","floor":3,"turns":6},{"damage":0,"enemies":"Cultist","floor":5,"turns":4},{"damage":35,"enemies":"Gremlin Nob","floor":7,"turns":5},{"damage":17,"enemies":"3 Sentries","floor":11,"turns":9},{"damage":0,"enemies":"Looter","floor":12,"turns":2},{"damage":0,"enemies":"Large Slime","floor":13,"turns":6},{"damage":7,"enemies":"Exordium Thugs","floor":14,"turns":2},{"damage":0,"enemies":"The Guardian","floor":16,"turns":11},{"damage":0,"enemies":"2 Thieves","floor":18,"turns":3},{"damage":0,"enemies":"Shell Parasite","floor":21,"turns":5},{"damage":32,"enemies":"Snake Plant","floor":22,"turns":6},{"damage":16,"enemies":"Snecko","floor":24,"turns":6},{"damage":32,"enemies":"Sentry and Sphere","floor":25,"turns":5}],"seed_played":"-6955074535298029471","potions_obtained":[{"floor":1,"key":"LiquidMemories"},{"floor":5,"key":"SpeedPotion"},{"floor":16,"key":"Strength Potion"},{"floor":17,"key":"SneckoOil"},{"floor":19,"key":"BlessingOfTheForge"},{"floor":19,"key":"DuplicationPotion"},{"floor":19,"key":"LiquidMemories"},{"floor":22,"key":"BlessingOfTheForge"}],"is_trial":false,"path_per_floor":["M","?","M","?","M","R","E","$","T","$","E","M","M","M","R","B",null,"M","?","$","M","M","R","M","M"],"character_chosen":"THE_SERVANT","items_purchased":["Lee\u0027s Waffle","SilverBlades","Unruled","ReturningBlade","Starlight","Luminosity"],"campfire_rested":0,"item_purchase_floors":[10,10,10,20,20,20],"current_hp_per_floor":[64,39,37,37,37,37,2,17,17,72,55,55,55,48,48,48,77,77,77,77,77,45,45,29,0,0],"gold":89,"neow_bonus":"ONE_RANDOM_RARE_CARD","is_daily":false,"chose_seed":false,"campfire_upgraded":3,"win_rate":0.0,"timestamp":1609329698,"path_taken":["M","?","M","?","M","R","E","$","T","?","E","M","M","M","R","BOSS","M","?","$","M","?","R","M","M"],"items_purchased_type":["Relic","Card","Card","Card","Card","Card"],"build_version":"2020-12-22","purchased_purges":0,"victory":false,"max_hp_per_floor":[65,65,65,65,65,65,65,65,65,72,72,72,72,72,72,72,77,77,77,77,77,77,77,77,77,77],"card_choices":[{"not_picked":["Reset","DualDimension"],"picked":"FastForward","floor":1},{"not_picked":["Alleviate","Rearm"],"picked":"ShatteredReality","floor":3},{"not_picked":["Moondial","Snipe"],"picked":"FastForward","floor":5},{"not_picked":["Potential","Rewind"],"picked":"InstantArmor","floor":7},{"not_picked":["DualDimension","Revamp"],"picked":"Snipe","floor":11},{"not_picked":["Defy","Alleviate"],"picked":"Misdirection","floor":12},{"not_picked":["RealityMarble","TrueSight"],"picked":"ShatteredReality","floor":13},{"not_picked":["Manipulate","Spin"],"picked":"GearUp","floor":14},{"not_picked":["FloweringNight","Initiator"],"picked":"TrueSight","floor":16},{"not_picked":["Rewind","BottledTime"],"picked":"Ricochet","floor":17},{"not_picked":["Revamp","Luminosity"],"picked":"Potential","floor":18},{"not_picked":["Revamp","FanOfKnives"],"picked":"Replace+1","floor":21},{"not_picked":["DoubleEdge","Revamp"],"picked":"BestPractice","floor":22},{"not_picked":["Foresight","Replace"],"picked":"Alleviate","floor":24}],"player_experience":212732,"relics_obtained":[{"floor":7,"key":"MawBank"},{"floor":9,"key":"Vajra"},{"floor":11,"key":"Omamori"}],"event_choices":[{"damage_healed":0,"gold_gain":0,"player_choice":"Success","damage_taken":25,"relics_obtained":["MealTicket"],"max_hp_gain":0,"max_hp_loss":0,"event_name":"Scrap Ooze","floor":2,"gold_loss":0},{"damage_healed":0,"gold_gain":0,"player_choice":"Ignored","damage_taken":0,"max_hp_gain":0,"max_hp_loss":0,"event_name":"Golden Wing","floor":4,"gold_loss":0},{"damage_healed":0,"gold_gain":0,"player_choice":"Got Potions","damage_taken":0,"max_hp_gain":0,"max_hp_loss":0,"event_name":"Lab","floor":19,"gold_loss":0}],"is_beta":false,"boss_relics":[{"not_picked":["Runic Dome","Empty Cage"],"picked":"Tiny House"}],"items_purged_floors":[],"is_endless":false,"potions_floor_spawned":[1,5,16,22],"killed_by":"Sentry and Sphere","ascension_level":0}}