{"host":"6i7jlcm7o9r8pzco","time":1609350518,"event":{"mods":["AchievementEnabler","BaseMod","Card Forge","Colored Powertips","Minty Spire (QoL Compilation)","StSLib"],"gold_per_floor":[110,110,130,144,160,195,195,214,241,256,270,289,307,164,164,267,267,282,282,301,318,165,197,197,197,197,209,219,254,194,194,194,295,295,312,312,312,158,170,195,215,215,267,267,267,314,338,207,207,232,232,232,232,284,284,284],"floor_reached":55,"playtime":3923,"items_purged":[],"score":796,"play_id":"5e5b75d6-6efb-47be-be20-4212a5865cab","local_time":"20201230124838","is_ascension_mode":false,"campfire_choices":[{"floor":7,"key":"RECALL"},{"floor":15,"key":"REST"},{"floor":24,"key":"REST"},{"floor":32,"key":"REST"},{"floor":42,"key":"REST"},{"floor":44,"key":"REST"},{"floor":49,"key":"REST"},{"floor":52,"key":"REST"}],"circlet_count":0,"master_deck":["Eruption+1","Vigilance+1","Consecrate+1","BattleHymn+1","Protect+1","Halt+1","FlurryOfBlows+1","Halt+1","Conclude+1","InnerPeace+1","DeceiveReality+1","DeceiveReality+1","Brilliance+1","Wallop+1","Consecrate+1","Tantrum+1","Perseverance+1","Sanctity+1","Consecrate+1","FollowUp+1","Judgement+1","Halt+1","ClearTheMind+1","Consecrate+1","Tantrum+1","ClearTheMind+1","Good Instincts+1","HandOfGreed+1","Dramatic Entrance+1","Brilliance+1","Vengeance+1","FearNoEvil+1","Vigilance+1"],"relics":["HolyWater","Hammer of Thor","Seething Fire","Anvil of the Gods","Bag of Preparation","Nunchaku","Busted Crown","Orrery","PreservedInsect","Juzu Bracelet","Pantograph","Matryoshka","Pen Nib","Damaru","Ornamental Fan","Potion Belt","MawBank","HornCleat","Strawberry","Happy Flower","Sundial"],"acts_visited":["Exordium","TheCity","TheBeyond","TheEnding"],"potions_floor_usage":[],"damage_taken":[{"damage":2,"enemies":"Jaw Worm","floor":1,"turns":5},{"damage":0,"enemies":"Cultist","floor":3,"turns":2},{"damage":0,"enemies":"2 Louse","floor":4,"turns":2},{"damage":0,"enemies":"Exordium Wildlife","floor":5,"turns":2},{"damage":0,"enemies":"3 Sentries","floor":6,"turns":3},{"damage":0,"enemies":"Exordium Thugs","floor":8,"turns":3},{"damage":0,"enemies":"Red Slaver","floor":10,"turns":2},{"damage":0,"enemies":"3 Louse","floor":11,"turns":2},{"damage":0,"enemies":"Blue Slaver","floor":12,"turns":2},{"damage":0,"enemies":"Gremlin Gang","floor":13,"turns":2},{"damage":9,"enemies":"Hexaghost","floor":16,"turns":8},{"damage":0,"enemies":"Chosen","floor":18,"turns":3},{"damage":0,"enemies":"3 Byrds","floor":20,"turns":2},{"damage":0,"enemies":"Cultist and Chosen","floor":21,"turns":3},{"damage":0,"enemies":"Gremlin Leader","floor":23,"turns":4},{"damage":0,"enemies":"Centurion and Healer","floor":27,"turns":3},{"damage":0,"enemies":"Snecko","floor":28,"turns":2},{"damage":1,"enemies":"Slavers","floor":29,"turns":2},{"damage":25,"enemies":"Automaton","floor":33,"turns":8},{"damage":12,"enemies":"3 Shapes","floor":35,"turns":1},{"damage":0,"enemies":"3 Darklings","floor":39,"turns":1},{"damage":6,"enemies":"Nemesis","floor":40,"turns":3},{"damage":27,"enemies":"4 Shapes","floor":41,"turns":2},{"damage":3,"enemies":"Giant Head","floor":46,"turns":4},{"damage":4,"enemies":"Spire Growth","floor":47,"turns":2},{"damage":9,"enemies":"Donu and Deca","floor":50,"turns":8},{"damage":6,"enemies":"Shield and Spear","floor":54,"turns":4},{"damage":88,"enemies":"The Heart","floor":55,"turns":6}],"seed_played":"6692224552483820115","potions_obtained":[{"floor":4,"key":"SteroidPotion"},{"floor":5,"key":"LiquidBronze"},{"floor":12,"key":"Ancient Potion"},{"floor":29,"key":"Block Potion"},{"floor":46,"key":"SpeedPotion"},{"floor":54,"key":"BlessingOfTheForge"}],"is_trial":false,"path_per_floor":["M","?","M","M","M","E","R","M","T","M","M","M","M","$","R","B",null,"M","?","M","M","$","E","R","?","T","M","M","E","?","$","R","B",null,"M","?","?","$","M","E","M","R","T","R","T","E","M","$","R","B",null,"R","$","E","B"],"character_chosen":"WATCHER","items_purchased":["Nunchaku","Orrery","Pen Nib","Happy Flower"],"campfire_rested":7,"item_purchase_floors":[14,22,38,48],"current_hp_per_floor":[77,77,77,77,77,77,77,77,77,77,77,77,77,77,79,70,79,79,79,79,79,79,79,79,79,79,79,79,78,78,78,79,54,79,67,67,79,79,79,73,46,69,69,79,79,83,79,79,86,77,86,86,86,80,0,0],"gold":284,"neow_bonus":"TEN_PERCENT_HP_BONUS","is_daily":false,"chose_seed":false,"campfire_upgraded":0,"win_rate":0.0,"timestamp":1609350518,"path_taken":["M","?","M","M","?","E","R","M","T","?","M","M","M","$","R","BOSS","M","?","M","M","$","E","R","?","T","M","M","E","?","?","R","BOSS","M","?","?","$","M","E","M","R","T","R","?","E","M","$","R","BOSS","R","$","E","BOSS"],"items_purchased_type":["Relic","Relic","Relic","Relic"],"build_version":"2020-12-22","purchased_purges":0,"victory":false,"max_hp_per_floor":[79,79,79,79,79,79,79,79,79,79,79,79,79,79,79,79,79,79,79,79,79,79,79,79,79,79,79,79,79,79,79,79,79,79,79,79,79,79,79,79,79,79,79,79,79,86,86,86,86,86,86,86,86,86,86,86],"card_choices":[{"not_picked":["Consecrate","BattleHymn"],"picked":"Protect","floor":1},{"not_picked":["Adaptation","FlurryOfBlows"],"picked":"Halt","floor":3},{"not_picked":["Consecrate","Conclude"],"picked":"Evaluate","floor":4},{"not_picked":["Evaluate","Halt"],"picked":"InnerPeace","floor":5},{"not_picked":["ReachHeaven","WreathOfFlame"],"picked":"DeceiveReality","floor":6},{"not_picked":["Consecrate","CutThroughFate"],"picked":"Brilliance","floor":8},{"not_picked":["FlurryOfBlows","BowlingBash","ClearTheMind"],"picked":"SKIP","floor":10},{"not_picked":["CrushJoints","Consecrate"],"picked":"Wallop","floor":11},{"not_picked":["Halt","FlurryOfBlows"],"picked":"Tantrum","floor":12},{"not_picked":["CrushJoints","Sanctity"],"picked":"Perseverance","floor":13},{"not_picked":["ConjureBlade","Ragnarok"],"picked":"Judgement","floor":16},{"not_picked":["Evaluate"],"picked":"SKIP","floor":18},{"not_picked":["Evaluate"],"picked":"SKIP","floor":18},{"not_picked":[],"picked":"EmptyFist+1","floor":20},{"not_picked":[],"picked":"ClearTheMind","floor":21},{"not_picked":[],"picked":"Crescendo+1","floor":22},{"not_picked":["Evaluate+1"],"picked":"SKIP","floor":23},{"not_picked":["CarveReality"],"picked":"SKIP","floor":27},{"not_picked":["Omniscience"],"picked":"SKIP","floor":28},{"not_picked":["FollowUp"],"picked":"SKIP","floor":29},{"not_picked":[],"picked":"JustLucky+1","floor":35},{"not_picked":["CutThroughFate+1"],"picked":"SKIP","floor":39},{"not_picked":[],"picked":"Brilliance","floor":40},{"not_picked":["FollowUp+1"],"picked":"SKIP","floor":41},{"not_picked":["Collect"],"picked":"SKIP","floor":46},{"not_picked":["CutThroughFate"],"picked":"SKIP","floor":47},{"not_picked":["Adaptation"],"picked":"SKIP","floor":54}],"player_experience":9098,"relics_obtained":[{"floor":6,"key":"Bag of Preparation"},{"floor":23,"key":"PreservedInsect"},{"floor":26,"key":"Pantograph"},{"floor":29,"key":"Matryoshka"},{"floor":40,"key":"Damaru"},{"floor":43,"key":"Ornamental Fan"},{"floor":43,"key":"Potion Belt"},{"floor":45,"key":"MawBank"},{"floor":45,"key":"HornCleat"},{"floor":46,"key":"Strawberry"},{"floor":54,"key":"Sundial"}],"event_choices":[{"damage_healed":0,"gold_gain":0,"player_choice":"Ignored","damage_taken":0,"max_hp_gain":0,"max_hp_loss":0,"event_name":"Upgrade Shrine","floor":2,"gold_loss":0},{"damage_healed":0,"gold_gain":0,"player_choice":"Ignored","damage_taken":0,"max_hp_gain":0,"max_hp_loss":0,"event_name":"Ghosts","floor":19,"gold_loss":0},{"damage_healed":0,"gold_gain":0,"player_choice":"Gave Potion","damage_taken":0,"relics_obtained":["Juzu Bracelet"],"max_hp_gain":0,"max_hp_loss":0,"event_name":"WeMeetAgain","floor":25,"gold_loss":0},{"damage_healed":0,"gold_gain":0,"cards_transformed":["Evaluate","Eruption"],"player_choice":"Transformed Cards","damage_taken":0,"max_hp_gain":0,"max_hp_loss":0,"event_name":"Designer","floor":30,"gold_loss":60,"cards_obtained":["Consecrate","Protect"]},{"damage_healed":0,"gold_gain":0,"player_choice":"Ignored","damage_taken":0,"max_hp_gain":0,"max_hp_loss":0,"event_name":"Tomb of Lord Red Mask","floor":36,"gold_loss":0},{"damage_healed":20,"gold_gain":0,"player_choice":"Writhe","damage_taken":0,"max_hp_gain":0,"max_hp_loss":0,"event_name":"Winding Halls","floor":37,"gold_loss":0,"cards_obtained":["Writhe"]}],"is_beta":false,"boss_relics":[{"not_picked":["Velvet Choker","Black Star"],"picked":"Busted Crown"},{"not_picked":["Astrolabe","Runic Dome"],"picked":"HolyWater"}],"items_purged_floors":[],"is_endless":false,"potions_floor_spawned":[1,4,5,11,12,21,27,29,35,40,46,54],"killed_by":"The Heart","ascension_level":0}}