{"host":"56ghxnzsglgdq727","time":1609295866,"event":{"mods":["AchievementEnabler","BaseMod","Minty Spire (QoL Compilation)"],"gold_per_floor":[109,109,284,304,229,254,254,282,306,306,319,269,281,353,353,458,458,469,486,486,506,522,549,549,549,549,243,243,243],"floor_reached":28,"playtime":611,"items_purged":["Doubt","Strike_R","Strike_R"],"score":258,"play_id":"91c2a9f7-ca6c-44c6-8b5f-83d2fc7c36a3","local_time":"20201229213746","is_ascension_mode":true,"campfire_choices":[{"floor":7,"key":"REST"},{"data":"Double Tap","floor":10,"key":"SMITH"},{"floor":15,"key":"REST"},{"floor":24,"key":"REST"}],"circlet_count":0,"master_deck":["Strike_R","Strike_R","Strike_R","Defend_R","Defend_R","Defend_R","Defend_R","Bash","Bludgeon+1","Thunderclap","Double Tap+1","Berserk","Bludgeon+1","Rupture+1"],"relics":["Burning Blood","Omamori","Smiling Mask","Bag of Preparation","Sozu","Juzu Bracelet","Mercury Hourglass","Matryoshka","Shuriken"],"acts_visited":["Exordium","TheCity"],"potions_floor_usage":[6,16,16],"damage_taken":[{"damage":0,"enemies":"Cultist","floor":1,"turns":2},{"damage":0,"enemies":"2 Louse","floor":4,"turns":2},{"damage":31,"enemies":"Lagavulin","floor":6,"turns":5},{"damage":22,"enemies":"3 Sentries","floor":8,"turns":7},{"damage":11,"enemies":"Jaw Worm","floor":11,"turns":2},{"damage":16,"enemies":"Gremlin Gang","floor":13,"turns":5},{"damage":57,"enemies":"Slime Boss","floor":16,"turns":8},{"damage":8,"enemies":"3 Byrds","floor":18,"turns":4},{"damage":14,"enemies":"Chosen","floor":19,"turns":2},{"damage":6,"enemies":"Shelled Parasite and Fungi","floor":21,"turns":2},{"damage":26,"enemies":"Centurion and Healer","floor":22,"turns":3},{"damage":20,"enemies":"Book of Stabbing","floor":23,"turns":3},{"damage":18,"enemies":"Gremlin Leader","floor":28,"turns":3}],"seed_played":"8874170828429213730","potions_obtained":[{"floor":1,"key":"ElixirPotion"},{"floor":6,"key":"DuplicationPotion"},{"floor":11,"key":"GamblersBrew"}],"is_trial":false,"path_per_floor":["M","?","?","M","$","E","R","E","T","R","M","$","M","?","R","B",null,"M","M","?","M","M","E","R","T","T","$","E"],"character_chosen":"IRONCLAD","items_purchased":["Shuriken"],"campfire_rested":3,"item_purchase_floors":[27],"current_hp_per_floor":[72,72,72,72,72,47,68,52,52,52,47,47,37,37,58,7,72,70,62,62,62,42,28,49,49,49,49,31,31],"gold":243,"neow_bonus":"THREE_RARE_CARDS","is_daily":false,"chose_seed":false,"campfire_upgraded":1,"win_rate":0.0,"timestamp":1609295866,"path_taken":["M","?","?","M","$","E","R","E","T","R","M","$","M","?","R","BOSS","M","M","?","M","?","E","R","?","T","?","E"],"items_purchased_type":["Relic"],"build_version":"2020-12-22","purchased_purges":3,"victory":false,"max_hp_per_floor":[72,72,72,72,72,72,72,72,72,72,72,72,72,72,72,72,72,72,72,72,72,72,72,72,72,72,72,72,72],"card_choices":[{"not_picked":["Offering","Exhume"],"picked":"Bludgeon","floor":0},{"not_picked":["Uppercut","Battle Trance"],"picked":"Thunderclap","floor":1},{"not_picked":["Havoc","Burning Pact","Sword Boomerang"],"picked":"SKIP","floor":4},{"not_picked":["Flex","Whirlwind","Shrug It Off"],"picked":"SKIP","floor":6},{"not_picked":["Cleave","Whirlwind"],"picked":"Double Tap","floor":8},{"not_picked":["Perfected Strike","Rupture","Spot Weakness"],"picked":"SKIP","floor":11},{"not_picked":["Anger","Entrench","Flame Barrier"],"picked":"SKIP","floor":13},{"not_picked":["Reaper","Brutality"],"picked":"Berserk","floor":16},{"not_picked":["Thunderclap+1","Twin Strike","Clothesline"],"picked":"SKIP","floor":18},{"not_picked":["Cleave","True Grit","Intimidate"],"picked":"SKIP","floor":19},{"not_picked":["Iron Wave","Evolve","Rupture"],"picked":"SKIP","floor":21},{"not_picked":["Ghostly Armor","Rage+1","Body Slam+1"],"picked":"SKIP","floor":22},{"not_picked":["Heavy Blade+1","Blood for Blood"],"picked":"Rupture+1","floor":23}],"player_experience":55600,"relics_obtained":[{"floor":6,"key":"Omamori"},{"floor":8,"key":"Smiling Mask"},{"floor":9,"key":"Bag of Preparation"},{"floor":23,"key":"Juzu Bracelet"},{"floor":25,"key":"Mercury Hourglass"},{"floor":26,"key":"Matryoshka"}],"event_choices":[{"damage_healed":0,"gold_gain":0,"player_choice":"Grow","damage_taken":0,"max_hp_gain":0,"max_hp_loss":0,"event_name":"Living Wall","floor":2,"gold_loss":0,"cards_upgraded":["Bludgeon"]},{"damage_healed":0,"gold_gain":175,"player_choice":"AGREE","damage_taken":0,"max_hp_gain":0,"max_hp_loss":0,"event_name":"Liars Game","floor":3,"gold_loss":0,"cards_obtained":["Doubt"]},{"damage_healed":0,"gold_gain":72,"player_choice":"Gained Gold","damage_taken":0,"max_hp_gain":0,"max_hp_loss":0,"event_name":"Golden Wing","floor":14,"gold_loss":0},{"damage_healed":0,"gold_gain":0,"player_choice":"Copied","damage_taken":0,"max_hp_gain":0,"max_hp_loss":0,"event_name":"Duplicator","floor":20,"gold_loss":0,"cards_obtained":["Bludgeon"]}],"is_beta":false,"boss_relics":[{"not_picked":["Empty Cage","Busted Crown"],"picked":"Sozu"}],"items_purged_floors":[5,12,27],"is_endless":false,"potions_floor_spawned":[1,6,11,18,21],"killed_by":"Gremlin Leader","ascension_level":1}}