{"host":"0cnf9zf1gia27zti","time":1609360357,"event":{"mods":["BaseMod","BetterRewards","Card Forge","Colored Map","Colored Powertips","Conspire","Downfall","Googly Eyes","Minty Spire (QoL Compilation)","Practice Mode","Quick Restart","Replay The Spire","Shade Mod","Spicy Shops","StSLib"],"gold_per_floor":[110,185,185,196,196,196,213,102,102,137,137,156,156,215,215,288,288,298,316,316,330,374,406,122,122,149,149,18,45,45,58,58,136,136,151,166,186,205,37,68,68,86,86,0,17,30,1,1,1,1,1],"floor_reached":52,"playtime":9185,"items_purged":[],"score":1769,"play_id":"c8b6f8a6-d54d-417f-8380-d6e49b84aac3","local_time":"20201230203237","daily_mods":["SealedDeck","Colorless Cards","Heirloom"],"is_ascension_mode":true,"campfire_choices":[{"data":"Replay:SS_hec_2","floor":6,"key":"SMITH"},{"data":"sneckomod:QuickBite","floor":11,"key":"SMITH"},{"floor":15,"key":"DIG"},{"floor":27,"key":"REST"},{"floor":32,"key":"DIG"},{"data":"sneckomod:SoulDraw","floor":41,"key":"SMITH"},{"data":"sneckomod:QuickBite","floor":49,"key":"SMITH"}],"circlet_count":0,"master_deck":["AscendersBane","sneckomod:SoulRoll","sneckomod:SoulDraw+1","sneckomod:SoulDraw+1","sneckomod:SoulRoll","Discovery","sneckomod:UnknownBlock","Replay:SS_hec_2+1","sneckomod:IronFang","sneckomod:IronFang","sneckomod:QuickBite+1","expansioncontent:SuperHexaguard","Secret Technique","sneckomod:QuickBite+1","sneckomod:SerpentIdol","sneckomod:SerpentIdol","conspire:Banana+1","Replay:SS_forest_6","sneckomod:UnknownX","Midas Touch+1","Replay:SS_hec_2+1","sneckomod:SoulRoll","sneckomod:Unknown2Cost+1","sneckomod:QuickMove","ReplayTheSpireMod:Brewmster+1","sneckomod:QuickBite+1","sneckomod:SoulDraw+1","sneckomod:Nope+1","sneckomod:CheapStock+1","sneckomod:Nope+1","sneckomod:SoulExchange+1","sneckomod:QuickBite+1","sneckomod:SoulRoll+1","Parasite","Replay:SS_forest_2+1","expansioncontent:Corrupt+1","Midas Touch+1","sneckomod:QuickMove+1","Flash of Steel+1","sneckomod:SoulRoll+1"],"relics":["sneckomod:SneckoSoul","Hammer of Thor","Seething Fire","Anvil of the Gods","Ring of Chaos","Durian","Bottled Tornado","Replay:Mystery Machine","Meat on the Bone","Frozen Egg 2","Snecko Heart","ReplayTheSpireMod:Ninjato","Oddly Smooth Stone","Golden Egg","Toy Ornithopter","Toxic Egg 2","Nloth\u0027s Gift","Happy Flower","sneckomod:LoadedDie","Replay:Rubber Ducky","Kunai","Red Mask"],"acts_visited":["Exordium","TheCity","TheBeyond"],"potions_floor_usage":[16,19,19,22,23,29,29,29,29,29,29,29,29,31,31,33,33,33,33,33,33,33,35,35,36,36,36,37,37,37,37,38,38,38,40,40,40,40,40,40,40,42,45,46,46,46,46,46,46,46,46,46,50,50,50,50,51,51,51,51,51,51,51,51,51,51,51,51,51,51],"damage_taken":[{"damage":0,"enemies":"Cultist","floor":1,"turns":5},{"damage":0,"enemies":"Jaw Worm","floor":4,"turns":2},{"damage":0,"enemies":"2 Louse","floor":7,"turns":2},{"damage":0,"enemies":"3 Sentries","floor":10,"turns":8},{"damage":0,"enemies":"Red Slaver","floor":12,"turns":3},{"damage":0,"enemies":"3 Sentries","floor":14,"turns":8},{"damage":0,"enemies":"Fading Forest","floor":16,"turns":6},{"damage":0,"enemies":"Chosen","floor":18,"turns":8},{"damage":0,"enemies":"2 Thieves","floor":19,"turns":5},{"damage":0,"enemies":"Snake Plant","floor":21,"turns":4},{"damage":19,"enemies":"Cultist and Chosen","floor":22,"turns":10},{"damage":8,"enemies":"Book of Stabbing","floor":23,"turns":9},{"damage":20,"enemies":"Slavers","floor":29,"turns":11},{"damage":0,"enemies":"Centurion and Healer","floor":31,"turns":4},{"damage":0,"enemies":"Champ","floor":33,"turns":9},{"damage":12,"enemies":"3 Shapes","floor":35,"turns":5},{"damage":0,"enemies":"Orb Walker","floor":36,"turns":5},{"damage":0,"enemies":"Writhing Mass","floor":37,"turns":6},{"damage":0,"enemies":"Maw","floor":38,"turns":9},{"damage":11,"enemies":"Nemesis","floor":40,"turns":9},{"damage":0,"enemies":"Jaw Worm Horde","floor":42,"turns":6},{"damage":0,"enemies":"4 Shapes","floor":45,"turns":5},{"damage":0,"enemies":"Maw","floor":46,"turns":9},{"damage":0,"enemies":"Replay:Hell Engine","floor":50,"turns":5},{"damage":50,"enemies":"Awakened One","floor":51,"turns":10}],"seed_played":"2534017901732534756","potions_obtained":[{"floor":1,"key":"Weak Potion"},{"floor":7,"key":"champ:CounterPotion"},{"floor":10,"key":"Dexterity Potion"},{"floor":16,"key":"hexamod:EctoCoolerPotion"},{"floor":19,"key":"Strength Potion"},{"floor":29,"key":"AttackPotion"},{"floor":37,"key":"champ:CounterPotion"},{"floor":46,"key":"LifebloodPotion"}],"is_trial":true,"path_per_floor":["M","?","?","M","?","R","M","$","T","E","R","M","T","?","R_BF","B",null,"M","M","?","M","M","E","$","T","T","R","$","E","?","M","R_BF","B",null,"M","M","M","M","$","E","R","M","T","?","M","M","$","?","R_BF","B","B",null],"character_chosen":"THE_SNECKO","items_purchased":["sneckomod:QuickBite","sneckomod:SerpentIdol","sneckomod:QuickBite","sneckomod:SoulDraw","Oddly Smooth Stone","sneckomod:Nope","sneckomod:CheapStock+1","sneckomod:LoadedDie","sneckomod:SoulRoll+1"],"campfire_rested":1,"item_purchase_floors":[8,8,24,24,24,28,28,39,47],"current_hp_per_floor":[81,70,70,70,70,70,70,70,70,70,70,72,72,75,75,77,91,93,95,100,103,84,86,86,86,86,105,105,107,107,109,109,111,111,101,115,117,119,119,119,119,121,121,121,123,125,125,125,125,129,131],"gold":1,"neow_bonus":"","is_daily":false,"chose_seed":false,"campfire_upgraded":4,"win_rate":0.0,"timestamp":1609360357,"path_taken":["M","?","?","M","?","R","?","$","T","E","R","M","?","?","R_BF","BOSS","M","M","?","M","M","E","$","?","T","R","$","E","?","M","R_BF","BOSS","M","M","M","M","$","E","R","M","T","?","M","M","$","?","R_BF","BOSS","BOSS"],"items_purchased_type":["Card","Card","Card","Card","Relic","Card","Card","Relic","Card"],"build_version":"2020-12-22","purchased_purges":0,"victory":true,"max_hp_per_floor":[89,89,89,89,89,89,89,89,89,89,89,91,91,94,94,96,96,98,100,100,103,103,105,105,105,105,105,105,107,107,109,109,111,111,113,115,117,119,119,119,119,121,121,121,123,125,125,125,125,129,131],"card_choices":[{"not_picked":["sneckomod:UnknownCommonSkill","sneckomod:QuickBite"],"picked":"Panacea","floor":1},{"not_picked":["sneckomod:SoulDraw","sneckomod:DiceBlock"],"picked":"sneckomod:QuickBite","floor":4},{"not_picked":["sneckomod:QuickMove","expansioncontent:ChargeUp"],"picked":"Secret Technique","floor":7},{"not_picked":["sneckomod:UnknownEthereal","sneckomod:UnknownVulnerable"],"picked":"conspire:Banana","floor":10},{"not_picked":["expansioncontent:ManipulateTime","sneckomod:RainOfDice"],"picked":"Replay:SS_forest_6","floor":12},{"not_picked":["sneckomod:SoulDraw","ReplayTheSpireMod:Private Reserves"],"picked":"sneckomod:UnknownX","floor":14},{"not_picked":["Chrysalis","sneckomod:SoulExchange"],"picked":"Midas Touch","floor":16},{"not_picked":["Replay:Parry","sneckomod:UnknownX"],"picked":"Replay:SS_hec_2+1","floor":18},{"not_picked":["sneckomod:IronFang+1","sneckomod:DefensiveFlair"],"picked":"sneckomod:SoulRoll","floor":19},{"not_picked":["sneckomod:UnknownWeak","sneckomod:UnknownVulnerable"],"picked":"sneckomod:Unknown2Cost+1","floor":21},{"not_picked":["expansioncontent:SuperHexaguard","expansioncontent:YouAreMine"],"picked":"ReplayTheSpireMod:Private Reserves","floor":22},{"not_picked":["expansioncontent:SlimeTackle","Magnetism+1"],"picked":"ReplayTheSpireMod:Brewmster+1","floor":23},{"not_picked":["sneckomod:UnknownStrike","Impatience+1"],"picked":"sneckomod:Nope+1","floor":29},{"not_picked":["sneckomod:WideSting","sneckomod:UnknownVulnerable+1","sneckomod:Unknown1Cost+1"],"picked":"SKIP","floor":31},{"not_picked":["ReplayTheSpireMod:Necrogeddon","Metamorphosis+1"],"picked":"sneckomod:SoulExchange+1","floor":33},{"not_picked":["Metamorphosis+1","sneckomod:DiceBlock+1"],"picked":"sneckomod:QuickBite+1","floor":35},{"not_picked":["Impatience+1","sneckomod:UnknownVulnerable+1"],"picked":"sneckomod:SoulRoll+1","floor":36},{"not_picked":["sneckomod:UnknownEthereal+1","ReplayTheSpireMod:Trickstab"],"picked":"Replay:SS_forest_2+1","floor":37},{"not_picked":["sneckomod:UnknownWeak+1","sneckomod:UnknownStrike+1"],"picked":"expansioncontent:Corrupt+1","floor":38},{"not_picked":["sneckomod:QuickMove+1","sneckomod:UnknownStrike"],"picked":"Midas Touch+1","floor":40},{"not_picked":["sneckomod:UnknownWeak+1","sneckomod:DiceBlock+1","sneckomod:UnknownStrike"],"picked":"SKIP","floor":42},{"not_picked":["sneckomod:QuickBite","sneckomod:UnknownClassGREEN+1"],"picked":"sneckomod:QuickMove+1","floor":45},{"not_picked":["expansioncontent:LastStand+1","expansioncontent:GoopSpray+1"],"picked":"Flash of Steel+1","floor":46}],"player_experience":2798319,"relics_obtained":[{"floor":9,"key":"Bottled Tornado"},{"floor":10,"key":"Replay:Mystery Machine"},{"floor":13,"key":"Sundial"},{"floor":14,"key":"Meat on the Bone"},{"floor":15,"key":"Frozen Egg 2"},{"floor":23,"key":"ReplayTheSpireMod:Ninjato"},{"floor":25,"key":"Golden Egg"},{"floor":26,"key":"Toy Ornithopter"},{"floor":29,"key":"Toxic Egg 2"},{"floor":32,"key":"Happy Flower"},{"floor":40,"key":"Replay:Rubber Ducky"},{"floor":43,"key":"Kunai"}],"event_choices":[{"damage_healed":0,"gold_gain":75,"player_choice":"Gather Gold","damage_taken":11,"max_hp_gain":0,"max_hp_loss":0,"event_name":"World of Goop","floor":2,"gold_loss":0},{"damage_healed":0,"gold_gain":0,"player_choice":"Disagree","damage_taken":0,"max_hp_gain":0,"max_hp_loss":0,"event_name":"conspire:LoneGhost","floor":3,"gold_loss":0},{"damage_healed":0,"gold_gain":0,"cards_transformed":["Panacea"],"player_choice":"Transformed","damage_taken":0,"max_hp_gain":0,"max_hp_loss":0,"event_name":"Transmorgrifier","floor":5,"gold_loss":0,"cards_obtained":["expansioncontent:SuperHexaguard"]},{"damage_healed":0,"gold_gain":0,"player_choice":"Searched \u00271\u0027 times","damage_taken":0,"max_hp_gain":0,"max_hp_loss":0,"event_name":"Dead Adventurer","floor":14,"gold_loss":0},{"cards_removed":["sneckomod:SoulRoll"],"damage_healed":5,"gold_gain":0,"player_choice":"Offered Common","damage_taken":0,"max_hp_gain":0,"max_hp_loss":0,"event_name":"Bonfire Elementals","floor":20,"gold_loss":0},{"cards_removed":["sneckomod:SoulRoll"],"damage_healed":5,"gold_gain":0,"player_choice":"Offered Special","damage_taken":0,"max_hp_gain":0,"max_hp_loss":0,"event_name":"Bonfire Elementals","floor":20,"gold_loss":0},{"damage_healed":0,"gold_gain":0,"player_choice":"Traded Relic","damage_taken":0,"relics_obtained":["Nloth\u0027s Gift"],"max_hp_gain":0,"max_hp_loss":0,"event_name":"N\u0027loth","floor":30,"relics_lost":["Sundial"],"gold_loss":0},{"damage_healed":0,"gold_gain":0,"player_choice":"Paid","damage_taken":0,"relics_obtained":["Red Mask"],"max_hp_gain":0,"max_hp_loss":0,"event_name":"Tomb of Lord Red Mask","floor":44,"gold_loss":86}],"is_beta":false,"boss_relics":[{"not_picked":["Replay:Bronze Core","conspire:SlowCooker"],"picked":"Snecko Heart"},{"not_picked":["Astrolabe","Velvet Choker","conspire:RunicOctahedron"]}],"items_purged_floors":[],"is_endless":false,"potions_floor_spawned":[1,7,10,16,19,22,29,37,38,46],"ascension_level":20}}