{"host":"zsz2h7komzg02mst","time":1609309765,"event":{"mods":["BaseMod","BetterRewards","Colored Map","Colored Powertips","Hermit","Hubris","Marisa????????","Minty Spire (QoL Compilation)","Quick Restart","Rare Cards Sparkle","Replay The Spire","Robot Space Explorer","Shop Mod","StSLib","SuperFastMode","The Cursed","The Disciple","The Hierophant","The Marked","The Necromancer","The Servant 0.9.4"],"gold_per_floor":[113,113,113,124,89,119,119,152,152,152,182,197,197,215,300,401,401,413,413,430,447,86,118,118,118,191,206,241,241,324,34,34,147,147,183,212,272,310,339,339,40,40,66,109,3,19,19],"floor_reached":46,"playtime":2744,"items_purged":["Writhe","ReplayTheSpireMod:Splinters"],"score":654,"play_id":"e2110a8f-4ae3-433f-bddd-c8a7d037ac2d","local_time":"20201229222925","is_ascension_mode":false,"campfire_choices":[{"data":"theMarked:Defy","floor":7.0,"key":"SMITH"},{"floor":25.0,"key":"REST"},{"floor":32,"key":"REST"},{"floor":40,"key":"REST"}],"circlet_count":0,"master_deck":["theMarked:Strike","theMarked:Strike","theMarked:Strike","theMarked:Strike","theMarked:Strike","theMarked:Defend","theMarked:Defend","theMarked:Defend","theMarked:Defend","theMarked:SoldierOfQuellstein+1","theMarked:ChainLightning","theMarked:EmpowerWeapon","theMarked:Defy+1","theMarked:ShockingTouch","theMarked:CreepingChasm","theMarked:BanishingWave+1","theMarked:WardOff","theMarked:Defy+1","CurseOfTheBell","theMarked:WardOff","theMarked:UnarmedFury+1","theMarked:ElectricStrings+1","theMarked:EnhancedHearing","theMarked:HeightenedSenses","theMarked:MagicAdept","theMarked:StartUp+1","theMarked:SummonStrength","theMarked:SwordAndMagic+1","theMarked:HeightenedSenses","theMarked:HeightenedSenses","theMarked:UnarmedFury+1","theMarked:ChainLightning+1","theMarked:Panic","theMarked:RogueSparks","theMarked:Overcharge+1","theMarked:Reabsorb+1","theMarked:Opportunist","theMarked:Opportunist","theMarked:ChainLightning+1","Sickly"],"relics":["theMarked:ArtifactOfAir","NeowsBlessing","Juzu Bracelet","hubris:Potato","hubris:EvacipatedBox","hubris:Towel","ReplayTheSpireMod:Lightbulb","Blood Vial","Molten Egg 2","CaptainsWheel","WingedGreaves","Calling Bell","Toy Ornithopter","Pantograph","StoneCalendar","Replay:Bottled Flurry","Bronze Scales","Mercury Hourglass","Meat on the Bone","Shuriken","Replay:Bandana","Nilry\u0027s Codex","Orichalcum","Mirror","hubris:ScarierMask","Lizard Tail","Lantern","Replay:Baseball","Vajra","ReplayTheSpireMod:CursedCoin","Gremlin Horn"],"acts_visited":["Exordium","TheCity","TheBeyond"],"potions_floor_usage":[33,33,46],"damage_taken":[{"damage":0.0,"enemies":"Cultist","floor":1.0,"turns":1.0},{"damage":0.0,"enemies":"Jaw Worm","floor":4.0,"turns":1.0},{"damage":0.0,"enemies":"3 Sentries","floor":6.0,"turns":1.0},{"damage":9.0,"enemies":"Lagavulin","floor":8.0,"turns":5.0},{"damage":0.0,"enemies":"3 Sentries","floor":11.0,"turns":2.0},{"damage":0.0,"enemies":"2 Louse","floor":12.0,"turns":2.0},{"damage":0.0,"enemies":"Large Slime","floor":14.0,"turns":3.0},{"damage":1.0,"enemies":"The Guardian","floor":16.0,"turns":5.0},{"damage":14.0,"enemies":"Shell Parasite","floor":18.0,"turns":5.0},{"damage":9.0,"enemies":"3 Byrds","floor":20.0,"turns":4.0},{"damage":19.0,"enemies":"Cultist and Chosen","floor":21.0,"turns":7.0},{"damage":27.0,"enemies":"Slavers","floor":23.0,"turns":3.0},{"damage":21.0,"enemies":"Shelled Parasite and Fungi","floor":27.0,"turns":4.0},{"damage":20.0,"enemies":"Replay:Snechameleon","floor":28.0,"turns":5.0},{"damage":21,"enemies":"Collector","floor":33,"turns":10},{"damage":4,"enemies":"3 Shapes","floor":35,"turns":3},{"damage":3,"enemies":"Orb Walker","floor":36,"turns":2},{"damage":5,"enemies":"2 Orb Walkers","floor":37,"turns":4},{"damage":50,"enemies":"Transient","floor":38,"turns":5},{"damage":0,"enemies":"Sphere and 2 Shapes","floor":39,"turns":3},{"damage":45,"enemies":"Reptomancer","floor":44,"turns":6},{"damage":99,"enemies":"Giant Head","floor":46,"turns":7}],"seed_played":"3814183812615857098","potions_obtained":[{"floor":6.0,"key":"Block Potion"},{"floor":11.0,"key":"Dexterity Potion"},{"floor":14.0,"key":"Fire Potion"},{"floor":18.0,"key":"Energy Potion"},{"floor":23.0,"key":"DuplicationPotion"},{"floor":30,"key":"Regen Potion"},{"floor":30,"key":"SpeedPotion"},{"floor":38,"key":"Milkshake"},{"floor":44,"key":"DuplicationPotion"}],"is_trial":false,"path_per_floor":["M","$","?","M","?","E","R","E","T","?","E","M","T","M","R_BF","B",null,"M","?","M","M","$","E","?","R","T","M","E","?","?","$","R","B",null,"M","M","?","M","M","R","$","?","T","E","$","E"],"character_chosen":"THE_DEFAULT","items_purchased":["Juzu Bracelet","hubris:Potato","hubris:EvacipatedBox","Bronze Scales","theMarked:EnhancedHearing","theMarked:HeightenedSenses","Mirror","theMarked:HeightenedSenses","Lantern","theMarked:Opportunist","ReplayTheSpireMod:CursedCoin","Gremlin Horn"],"campfire_rested":3,"item_purchase_floors":[2,2,2,22,22,22,31,31,41,41,45,45],"current_hp_per_floor":[70,21,21,21,38,38,38,29,29,29,31,33,33,35,35,36,70,56,56,54,42,42,17,17,38,38,31,25,9,9,9,30,49,70,66,65,62,26,40,61,61,61,61,30,30,0,0],"gold":19,"neow_bonus":"THREE_ENEMY_KILL","is_daily":false,"chose_seed":false,"campfire_upgraded":1,"win_rate":0.0,"timestamp":1609309765,"path_taken":["M","?","?","M","?","E","R","E","T","?","E","M","?","M","R_BF","BOSS","M","?","M","M","$","E","?","R","T","M","E","?","?","?","R","BOSS","M","M","?","M","M","R","$","?","T","E","?","E"],"items_purchased_type":["Relic","Relic","Relic","Relic","Card","Card","Relic","Card","Relic","Card","Relic","Relic"],"build_version":"2020-12-22","purchased_purges":2,"victory":false,"max_hp_per_floor":[70,70,70,70,70,70,70,70,70,70,70,70,70,70,70,70,70,70,70,70,70,70,70,70,70,70,70,70,70,70,70,70,70,70,70,70,70,70,70,70,70,70,70,70,70,70,70],"card_choices":[{"not_picked":["theMarked:BanishingStrike","theMarked:SelfDefenseTraining"],"picked":"theMarked:ChainLightning","floor":1.0},{"not_picked":["theMarked:TwofoldDefense","theMarked:ResourceFulStrike"],"picked":"theMarked:EmpowerWeapon","floor":4.0},{"not_picked":["theMarked:WastefulDefense","theMarked:BanishingStrike"],"picked":"theMarked:Defy","floor":6.0},{"not_picked":["theMarked:RepellingDischarge","theMarked:TunnelVision"],"picked":"theMarked:ShockingTouch","floor":8.0},{"not_picked":["theMarked:Improvise","theMarked:EmpowerWeapon"],"picked":"theMarked:CreepingChasm","floor":11.0},{"not_picked":["theMarked:MaelstromOfLightning","theMarked:Static"],"picked":"theMarked:BanishingWave+1","floor":12.0},{"not_picked":["theMarked:Seal","theMarked:BanishingStrike+1"],"picked":"theMarked:WardOff","floor":14.0},{"not_picked":["theMarked:DispelDoubt+1","theMarked:ThrowWeapon+1"],"picked":"theMarked:Defy+1","floor":16.0},{"not_picked":["theMarked:Electrify","theMarked:Parkour+1"],"picked":"theMarked:WardOff","floor":18.0},{"not_picked":["theMarked:Electrocute+1","theMarked:Parkour+1"],"picked":"theMarked:UnarmedFury+1","floor":20.0},{"not_picked":["theMarked:LightningStrikesTwice+1","theMarked:DeterminationOfTheMarked"],"picked":"theMarked:ElectricStrings+1","floor":21.0},{"not_picked":["theMarked:TwofoldDefense","theMarked:ResourceFulStrike+1"],"picked":"theMarked:MagicAdept","floor":23.0},{"not_picked":["theMarked:ParalyzingBlade+1","theMarked:EmpowerWeapon"],"picked":"theMarked:StartUp+1","floor":27.0},{"not_picked":["theMarked:Frustration+1","theMarked:BanishingStrike+1"],"picked":"theMarked:SummonStrength","floor":28.0},{"not_picked":["theMarked:Convert","theMarked:MaelstromOfLightning"],"picked":"theMarked:SwordAndMagic+1","floor":30},{"not_picked":["theMarked:ChannelForce","theMarked:Snap+1"],"picked":"theMarked:UnarmedFury+1","floor":33},{"not_picked":["theMarked:ContemptForTheProud+1","theMarked:PowerFlow+1"],"picked":"theMarked:ChainLightning+1","floor":35},{"not_picked":["theMarked:EmpowerWeapon","theMarked:Seal"],"picked":"theMarked:Panic","floor":36},{"not_picked":["theMarked:WardOff+1","theMarked:ContemptForTheProud+1"],"picked":"theMarked:RogueSparks","floor":37},{"not_picked":["theMarked:Levitate","theMarked:KeepCalmAndFightOn+1"],"picked":"theMarked:Overcharge+1","floor":38},{"not_picked":["theMarked:ParalyzingBlade","theMarked:ResourceFulStrike+1"],"picked":"theMarked:Reabsorb+1","floor":39},{"not_picked":["theMarked:ElectricStrings+1","theMarked:Snap+1"],"picked":"theMarked:ChainLightning+1","floor":44}],"player_experience":31203,"relics_obtained":[{"floor":6.0,"key":"ReplayTheSpireMod:Lightbulb"},{"floor":8.0,"key":"Blood Vial"},{"floor":9.0,"key":"Molten Egg 2"},{"floor":11.0,"key":"CaptainsWheel"},{"floor":13.0,"key":"WingedGreaves"},{"floor":17.0,"key":"Toy Ornithopter"},{"floor":17.0,"key":"Pantograph"},{"floor":17.0,"key":"StoneCalendar"},{"floor":23.0,"key":"Mercury Hourglass"},{"floor":26.0,"key":"Shuriken"},{"floor":28.0,"key":"Replay:Bandana"},{"floor":29,"key":"Nilry\u0027s Codex"},{"floor":30,"key":"Orichalcum"},{"floor":37,"key":"Lizard Tail"},{"floor":43,"key":"Replay:Baseball"},{"floor":44,"key":"Vajra"}],"event_choices":[{"damage_healed":17.0,"max_hp_gain":0.0,"max_hp_loss":0.0,"gold_gain":0.0,"event_name":"The Cleric","player_choice":"Healed","floor":5.0,"gold_loss":35.0,"damage_taken":0.0},{"damage_healed":0.0,"max_hp_gain":0.0,"max_hp_loss":0.0,"gold_gain":0.0,"event_name":"Living Wall","player_choice":"Grow","floor":10.0,"gold_loss":0.0,"damage_taken":0.0,"cards_upgraded":["theMarked:SoldierOfQuellstein"]},{"damage_healed":0.0,"max_hp_gain":0.0,"max_hp_loss":0.0,"gold_gain":0.0,"event_name":"The Mausoleum","player_choice":"Opened","floor":19.0,"gold_loss":0.0,"damage_taken":0.0,"relics_obtained":["Replay:Bottled Flurry"],"cards_obtained":["Writhe"]},{"damage_healed":0.0,"max_hp_gain":0.0,"max_hp_loss":0.0,"gold_gain":0.0,"event_name":"WeMeetAgain","player_choice":"Gave Potion","floor":24.0,"gold_loss":0.0,"damage_taken":0.0,"relics_obtained":["Meat on the Bone"]},{"damage_healed":0,"gold_gain":0,"player_choice":"Obtained Book","damage_taken":16,"max_hp_gain":0,"max_hp_loss":0,"event_name":"Cursed Tome","floor":29,"gold_loss":0},{"damage_healed":0,"gold_gain":0,"player_choice":"Fight","damage_taken":0,"max_hp_gain":0,"max_hp_loss":0,"event_name":"Mysterious Sphere","floor":37,"gold_loss":0}],"is_beta":false,"boss_relics":[{"not_picked":["Busted Crown","hubris:TerracottaHorce","Replay:Drink Me"],"picked":"Calling Bell"},{"not_picked":["ChewingGum","Ring of Chaos","Sozu"],"picked":"hubris:ScarierMask"}],"items_purged_floors":[22,41],"is_endless":false,"potions_floor_spawned":[6,11,14,18,23,38,44],"killed_by":"Giant Head","ascension_level":0}}