{"host":"jyuuog6ydc2s7nd8","time":1609302036,"event":{"mods":["BaseMod","Better Vampires","Minty Spire (QoL Compilation)","Shop Mod","StSLib","The Hierophant","The Servant 0.9.4","TheBandit","[IsaacMod]ÒÔÈö¼âËþ"],"gold_per_floor":[118,136,61,61,78,109,109,134,134,159,175,175,186,211,211,282,282,313,28,28,28,28,28,42,142,142,142,167,167,185,213,213,291,291,325,368,368,293,302,336,370,270,294,324,324,350,381,406,406,406,406,406,406,36,68,68],"floor_reached":57,"playtime":1618,"items_purged":["Strike_R","Strike_R","Strike_R","Strike_R","EpicFetus+1"],"score":4278,"play_id":"6b7c4ddc-8a99-4655-af43-d4a48c33e19e","local_time":"20201230122036","is_ascension_mode":true,"campfire_choices":[{"data":"EpicFetus","floor":7.0,"key":"SMITH"},{"data":"Bash","floor":12.0,"key":"SMITH"},{"data":"Pommel Strike","floor":15.0,"key":"SMITH"},{"data":"Barricade","floor":23.0,"key":"SMITH"},{"data":"Battle Trance","floor":27.0,"key":"SMITH"},{"data":"Second Wind","floor":29.0,"key":"SMITH"},{"data":"Feel No Pain","floor":32.0,"key":"SMITH"},{"data":"Body Slam","floor":45.0,"key":"SMITH"},{"floor":49.0,"key":"RECALL"},{"data":"Juggernaut","floor":53,"key":"SMITH"}],"circlet_count":0,"master_deck":["AscendersBane","Defend_R","Defend_R","Defend_R","Defend_R","Bash+1","Pommel Strike+1","Second Wind+1","Battle Trance+1","Feel No Pain+1","Juggernaut+1","Barricade+1","Shrug It Off","Body Slam+1","Flame Barrier+1","Power Through"],"relics":["HushsDoor","SlaversCollar","DoctorsRemote","PreservedInsect","Sundial","Regal Pillow","Du-Vu Doll","PokeGo","Bronze Scales","ChampionBelt","SatanicBible","GuppysCollar","PillsDrop","Singing Bowl","DeathBook","CeramicFish","Bottled Lightning","TuHaoJin","MagicMushroom","BelialBook","GuppysHairball","Ancient Tea Set","Toy Ornithopter","Akabeko","BookOfRevelations","Void","Unceasing Top","Calipers","ClockworkSouvenir","Orichalcum"],"acts_visited":["Exordium","TheCity","TheBeyond","TheEnding"],"potions_floor_usage":[56,56],"damage_taken":[{"damage":4.0,"enemies":"2 Louse","floor":1.0,"turns":2.0},{"damage":12.0,"enemies":"Small Slimes","floor":2.0,"turns":5.0},{"damage":2.0,"enemies":"Jaw Worm","floor":5.0,"turns":5.0},{"damage":10.0,"enemies":"Lagavulin","floor":6.0,"turns":5.0},{"damage":0.0,"enemies":"3 Sentries","floor":8.0,"turns":3.0},{"damage":0.0,"enemies":"Lagavulin","floor":10.0,"turns":4.0},{"damage":0.0,"enemies":"Lots of Slimes","floor":11.0,"turns":1.0},{"damage":5.0,"enemies":"3 Louse","floor":13.0,"turns":4.0},{"damage":8.0,"enemies":"Gremlin Nob","floor":14.0,"turns":3.0},{"damage":0.0,"enemies":"Slime Boss","floor":16.0,"turns":3.0},{"damage":13.0,"enemies":"Gremlin Leader","floor":18.0,"turns":4.0},{"damage":0.0,"enemies":"Shell Parasite","floor":24.0,"turns":2.0},{"damage":13.0,"enemies":"Book of Stabbing","floor":28.0,"turns":3.0},{"damage":10.0,"enemies":"2 Thieves","floor":30.0,"turns":3.0},{"damage":0.0,"enemies":"Slavers","floor":31.0,"turns":1.0},{"damage":0.0,"enemies":"Champ","floor":33.0,"turns":8.0},{"damage":0.0,"enemies":"Nemesis","floor":35.0,"turns":3.0},{"damage":0.0,"enemies":"Reptomancer","floor":36.0,"turns":2.0},{"damage":0.0,"enemies":"Giant Head","floor":40.0,"turns":5.0},{"damage":0.0,"enemies":"Reptomancer","floor":41.0,"turns":3.0},{"damage":0.0,"enemies":"Giant Head","floor":44.0,"turns":5.0},{"damage":0.0,"enemies":"Nemesis","floor":46.0,"turns":3.0},{"damage":0.0,"enemies":"Reptomancer","floor":47.0,"turns":2.0},{"damage":0.0,"enemies":"Nemesis","floor":48.0,"turns":3.0},{"damage":0,"enemies":"Donu and Deca","floor":50,"turns":5},{"damage":0,"enemies":"Awakened One","floor":51,"turns":5},{"damage":0,"enemies":"Shield and Spear","floor":55,"turns":1},{"damage":0,"enemies":"The Heart","floor":56,"turns":8}],"seed_played":"-8036476419954910962","potions_obtained":[{"floor":1.0,"key":"Fire Potion"},{"floor":2.0,"key":"Dexterity Potion"},{"floor":14.0,"key":"FearPotion"},{"floor":28.0,"key":"SteroidPotion"},{"floor":31.0,"key":"Dexterity Potion"},{"floor":33.0,"key":"Dexterity Potion"}],"is_trial":false,"path_per_floor":["M","M","?","?","M","E","R","E","T","E","M","R","M","E","R","B",null,"M","$","?","$","?","R","M","?","T","R","E","R","M","E","R","B",null,"M","M","?","$","?","E","M","$","T","E","R","M","E","M","R","B","B",null,"R","$","E","B",null],"character_chosen":"IRONCLAD","items_purchased":["SatanicBible","GuppysCollar","Barricade","Singing Bowl","BelialBook","GuppysHairball","Power Through","ClockworkSouvenir"],"campfire_rested":0,"item_purchase_floors":[17,17,17,19,34,34,54,54],"current_hp_per_floor":[64,52,52,37,35,25,25,25,25,25,25,25,20,12,12,12,35,22,22,22,22,22,22,24,26,26,26,15,15,10,12,12,14,34,37,38,38,38,38,40,40,40,40,42,42,44,46,48,48,48,48,48,48,48,50,50],"gold":68,"neow_bonus":"BOSS_RELIC","is_daily":false,"chose_seed":false,"campfire_upgraded":9,"win_rate":0.0,"timestamp":1609302036,"path_taken":["M","M","?","?","?","E","R","E","T","E","M","R","M","E","R","BOSS","M","$","?","$","?","R","M","?","T","R","E","R","M","E","R","BOSS","M","M","?","$","?","E","M","$","T","E","R","M","E","M","R","BOSS","BOSS","R","$","E","BOSS"],"items_purchased_type":["Relic","Relic","Card","Relic","Relic","Relic","Card","Relic"],"build_version":"2020-12-22","purchased_purges":5,"victory":true,"max_hp_per_floor":[75,75,75,75,75,75,75,75,75,75,75,75,75,75,75,75,43,43,43,43,43,43,43,45,47,47,47,49,49,54,56,56,58,38,40,40,38,38,38,40,40,40,40,42,42,44,46,48,48,48,48,48,48,48,50,50],"card_choices":[{"not_picked":[],"picked":"EpicFetus","floor":0.0},{"not_picked":["Seeing Red","Combust","Dark Embrace"],"picked":"SKIP","floor":1.0},{"not_picked":["Burning Pact","Entrench"],"picked":"Pommel Strike","floor":2.0},{"not_picked":["Pommel Strike","Twin Strike","Shockwave"],"picked":"SKIP","floor":5.0},{"not_picked":["Feel No Pain","Clothesline","Thunderclap"],"picked":"SKIP","floor":6.0},{"not_picked":["Havoc","Clothesline"],"picked":"Second Wind","floor":8.0},{"not_picked":["Clothesline","Iron Wave"],"picked":"Battle Trance","floor":10.0},{"not_picked":["Carnage","Cleave","Rupture"],"picked":"SKIP","floor":11.0},{"not_picked":["Offering","Twin Strike"],"picked":"Feel No Pain","floor":13.0},{"not_picked":["Thunderclap","Clothesline","Perfected Strike"],"picked":"SKIP","floor":14.0},{"not_picked":["Immolate","Impervious"],"picked":"Juggernaut","floor":16.0},{"not_picked":["Havoc","Iron Wave"],"picked":"Shrug It Off","floor":18.0},{"not_picked":["Sword Boomerang","Shrug It Off","Headbutt+1"],"picked":"Singing Bowl","floor":24.0},{"not_picked":["True Grit","Sever Soul","Sword Boomerang"],"picked":"Singing Bowl","floor":25.0},{"not_picked":["Combust","Spot Weakness","Thunderclap"],"picked":"Singing Bowl","floor":28.0},{"not_picked":["Havoc","Combust","Rampage"],"picked":"Singing Bowl","floor":30.0},{"not_picked":["Warcry","Clash","Juggernaut"],"picked":"Singing Bowl","floor":31.0},{"not_picked":["Juggernaut","Double Tap","Demon Form"],"picked":"Singing Bowl","floor":33.0},{"not_picked":["Armaments","Burning Pact","Fire Breathing"],"picked":"Singing Bowl","floor":35.0},{"not_picked":["Hemokinesis","Heavy Blade"],"picked":"Body Slam","floor":36.0},{"not_picked":["Impatience","BettingIsNotGood"],"picked":"Bomb","floor":39.0},{"not_picked":["Pommel Strike","Dual Wield","Heavy Blade"],"picked":"Singing Bowl","floor":40.0},{"not_picked":["Perfected Strike","Metallicize"],"picked":"Flame Barrier+1","floor":41.0},{"not_picked":["Anger","Blood for Blood","Clash"],"picked":"Singing Bowl","floor":44.0},{"not_picked":["Intimidate+1","Perfected Strike","Body Slam+1"],"picked":"Singing Bowl","floor":46.0},{"not_picked":["Wild Strike","Offering","Limit Break"],"picked":"Singing Bowl","floor":47.0},{"not_picked":["Pummel","Carnage+1","Heavy Blade"],"picked":"Singing Bowl","floor":48.0},{"not_picked":["Twin Strike","Perfected Strike","Warcry"],"picked":"Singing Bowl","floor":55}],"player_experience":1784742,"relics_obtained":[{"floor":6.0,"key":"Matryoshka"},{"floor":8.0,"key":"Sundial"},{"floor":9.0,"key":"Regal Pillow"},{"floor":9.0,"key":"Du-Vu Doll"},{"floor":10.0,"key":"PokeGo"},{"floor":14.0,"key":"Bronze Scales"},{"floor":18.0,"key":"PillsDrop"},{"floor":26.0,"key":"DeathBook"},{"floor":26.0,"key":"CeramicFish"},{"floor":28.0,"key":"Bottled Lightning"},{"floor":31.0,"key":"TuHaoJin"},{"floor":35.0,"key":"Ancient Tea Set"},{"floor":36.0,"key":"Toy Ornithopter"},{"floor":40.0,"key":"Akabeko"},{"floor":41.0,"key":"BookOfRevelations"},{"floor":44.0,"key":"Void"},{"floor":46.0,"key":"Eternal Feather"},{"floor":47.0,"key":"Unceasing Top"},{"floor":48.0,"key":"Calipers"},{"floor":55,"key":"Orichalcum"}],"event_choices":[{"cards_removed":["Strike_R"],"damage_healed":0.0,"max_hp_gain":0.0,"max_hp_loss":0.0,"gold_gain":0.0,"event_name":"The Cleric","player_choice":"Card Removal","floor":3.0,"gold_loss":75.0,"damage_taken":0.0},{"damage_healed":0.0,"max_hp_gain":0.0,"max_hp_loss":0.0,"gold_gain":0.0,"event_name":"The Mausoleum","player_choice":"Ignored","floor":22.0,"gold_loss":0.0,"damage_taken":0.0},{"damage_healed":0.0,"max_hp_gain":0.0,"max_hp_loss":2.0,"gold_gain":0.0,"event_name":"Winding Halls","player_choice":"Max HP","floor":37.0,"gold_loss":0.0,"damage_taken":0.0},{"damage_healed":0.0,"max_hp_gain":0.0,"max_hp_loss":0.0,"gold_gain":0.0,"event_name":"SensoryStone","player_choice":"Memory 1","floor":39.0,"gold_loss":0.0,"damage_taken":0.0}],"is_beta":false,"boss_relics":[{"not_picked":["Velvet Choker","Calling Bell"],"picked":"ChampionBelt"},{"not_picked":[]},{"not_picked":["Cursed Key","Snecko Eye"],"picked":"MagicMushroom"},{"not_picked":[]}],"items_purged_floors":[17,34,38,42,54],"is_endless":false,"potions_floor_spawned":[1,2,8,13,14,28,31,33,44,46,47],"ascension_level":20}}