{"host":"873t0y8ybyo38pfq","time":1609344311,"event":{"mods":["BaseMod","Bestiary","Colored Map","Colored Powertips","Highlight Path","Minty Spire (QoL Compilation)","Quick Restart","RNG Fix","Rare Cards Sparkle","Relic Stats","StSLib"],"gold_per_floor":[115,115,131,141,38,38,72,72,72,72,92,92,117,136,136,210,210,227,241,257,172,222,222,257,257,257,279,279,41,66,102,102,190,262,282,309,309,336,336,336],"floor_reached":39,"playtime":1469,"items_purged":["Strike_G"],"score":912,"play_id":"bff32313-5fc8-4675-a42b-4f0e3d2f1034","local_time":"20201230110511","is_ascension_mode":true,"campfire_choices":[{"data":"Footwork","floor":6,"key":"SMITH"},{"floor":8,"key":"REST"},{"data":"Noxious Fumes","floor":12,"key":"SMITH"},{"data":"Corpse Explosion","floor":15,"key":"SMITH"},{"data":"Neutralize","floor":23,"key":"SMITH"},{"data":"Blur","floor":25,"key":"SMITH"},{"floor":28,"key":"REST"},{"data":"Leg Sweep","floor":32,"key":"SMITH"}],"circlet_count":0,"master_deck":["AscendersBane","Survivor","Neutralize+1","Corpse Explosion+1","Footwork+1","Deadly Poison","Crippling Poison+1","Deflect+1","Noxious Fumes+1","Sucker Punch","Acrobatics","Adrenaline","Blur+1","PiercingWail+1","Leg Sweep+1","Crippling Poison","Wraith Form v2","Skewer","Acrobatics","Concentrate","Cloak And Dagger","Infinite Blades","Deadly Poison","Leg Sweep","Footwork","Acrobatics","Backflip","PiercingWail"],"relics":["Ring of the Snake","War Paint","Meat on the Bone","CaptainsWheel","Potion Belt","Velvet Choker","Vajra","Whetstone","CeramicFish","Dream Catcher","StoneCalendar","Pandora\u0027s Box"],"acts_visited":["Exordium","TheCity","TheBeyond"],"potions_floor_usage":[7,19,24,27,39],"damage_taken":[{"damage":6,"enemies":"Cultist","floor":1,"turns":5},{"damage":1,"enemies":"2 Louse","floor":3,"turns":5},{"damage":3,"enemies":"Jaw Worm","floor":4,"turns":4},{"damage":37,"enemies":"Gremlin Nob","floor":7,"turns":5},{"damage":0,"enemies":"Looter","floor":11,"turns":4},{"damage":7,"enemies":"Lagavulin","floor":13,"turns":6},{"damage":0,"enemies":"2 Fungi Beasts","floor":14,"turns":3},{"damage":16,"enemies":"Hexaghost","floor":16,"turns":9},{"damage":3,"enemies":"Shell Parasite","floor":18,"turns":5},{"damage":5,"enemies":"3 Byrds","floor":19,"turns":3},{"damage":3,"enemies":"Snecko","floor":20,"turns":8},{"damage":2,"enemies":"Gremlin Leader","floor":24,"turns":5},{"damage":17,"enemies":"Snake Plant","floor":27,"turns":5},{"damage":0,"enemies":"Cultist and Chosen","floor":30,"turns":5},{"damage":7,"enemies":"Book of Stabbing","floor":31,"turns":6},{"damage":16,"enemies":"Automaton","floor":33,"turns":9},{"damage":5,"enemies":"3 Darklings","floor":35,"turns":4},{"damage":15,"enemies":"3 Shapes","floor":36,"turns":4},{"damage":17,"enemies":"Jaw Worm Horde","floor":38,"turns":3},{"damage":38,"enemies":"Transient","floor":39,"turns":6}],"seed_played":"-1898321776445024195","potions_obtained":[{"floor":3,"key":"AttackPotion"},{"floor":13,"key":"Weak Potion"},{"floor":16,"key":"Weak Potion"},{"floor":19,"key":"DuplicationPotion"},{"floor":24,"key":"AttackPotion"},{"floor":31,"key":"LiquidBronze"},{"floor":33,"key":"Poison Potion"}],"is_trial":false,"path_per_floor":["M","?","M","M","$","R","E","R","T","?","M","R","E","M","R","B",null,"M","M","M","?","?","R","E","R","T","M","R","$","M","E","R","B",null,"M","M","?","M","M"],"character_chosen":"THE_SILENT","items_purchased":["Crippling Poison","Deflect","Dream Catcher"],"campfire_rested":2,"item_purchase_floors":[5,5,29],"current_hp_per_floor":[53,53,52,49,49,49,12,30,30,25,37,37,42,42,42,38,55,52,47,44,44,44,44,42,42,42,37,55,55,55,48,48,32,53,48,33,33,28,0,0],"gold":336,"neow_bonus":"THREE_RARE_CARDS","is_daily":false,"chose_seed":false,"campfire_upgraded":6,"win_rate":0.0,"timestamp":1609344311,"path_taken":["M","?","M","M","?","R","E","R","T","?","M","R","E","M","R","BOSS","M","M","M","?","?","R","E","R","T","M","R","$","M","E","R","BOSS","M","?","?","M","?"],"items_purchased_type":["Card","Card","Relic"],"build_version":"2020-12-22","purchased_purges":1,"victory":false,"max_hp_per_floor":[60,60,60,60,60,60,60,60,60,60,60,60,60,60,60,60,60,60,60,60,60,60,60,60,60,60,60,60,60,60,60,60,60,60,60,60,60,60,60,60],"relic_stats":{"Dream Catcher":0,"counters":[20,104],"CeramicFish":135,"StoneCalendar":[52],"Pandora\u0027s Box":["Skewer","Acrobatics","Concentrate","Cloak And Dagger","Infinite Blades","Deadly Poison","Leg Sweep","Footwork"],"Whetstone":["Strike_G","Strike_G"],"War Paint":["Deflect","Crippling Poison"],"obtain_stats":[{"Potion Belt":13,"CaptainsWheel":10,"Dream Catcher":29,"CeramicFish":26,"Velvet Choker":17,"Vajra":21,"StoneCalendar":31,"Pandora\u0027s Box":34,"Whetstone":24,"War Paint":7,"Ring of the Snake":0,"Meat on the Bone":9},{"Potion Belt":6,"CaptainsWheel":4,"Dream Catcher":13,"CeramicFish":12,"Velvet Choker":8,"Vajra":11,"StoneCalendar":15,"Pandora\u0027s Box":16,"Whetstone":12,"War Paint":4,"Ring of the Snake":0,"Meat on the Bone":4},{"Potion Belt":29,"CaptainsWheel":19,"Dream Catcher":67,"CeramicFish":62,"Velvet Choker":41,"Vajra":57,"StoneCalendar":78,"Pandora\u0027s Box":87,"Whetstone":62,"War Paint":19,"Ring of the Snake":0,"Meat on the Bone":19}],"Ring of the Snake":[40],"Meat on the Bone":60},"card_choices":[{"not_picked":["Doppelganger","Bullet Time"],"picked":"Corpse Explosion","floor":0},{"not_picked":["Backflip","Deflect"],"picked":"Footwork","floor":1},{"not_picked":["Acrobatics","Blade Dance"],"picked":"Deadly Poison","floor":3},{"not_picked":["Dagger Throw","Prepared","Dagger Spray"],"picked":"SKIP","floor":4},{"not_picked":["Riddle With Holes","Blade Dance","Finisher"],"picked":"SKIP","floor":7},{"not_picked":["Poisoned Stab","Dash"],"picked":"Noxious Fumes","floor":11},{"not_picked":["Underhanded Strike","Setup"],"picked":"Sucker Punch","floor":13},{"not_picked":["Dagger Throw","Deadly Poison"],"picked":"Acrobatics","floor":14},{"not_picked":["Phantasmal Killer","Envenom"],"picked":"Adrenaline","floor":16},{"not_picked":["Underhanded Strike","Blade Dance","Dagger Throw"],"picked":"SKIP","floor":18},{"not_picked":["Underhanded Strike","Dagger Spray","Outmaneuver"],"picked":"SKIP","floor":19},{"not_picked":["PiercingWail","Choke"],"picked":"Blur","floor":20},{"not_picked":["Underhanded Strike","Expertise","Calculated Gamble"],"picked":"SKIP","floor":24},{"not_picked":["Underhanded Strike","Deflect"],"picked":"PiercingWail+1","floor":27},{"not_picked":["Quick Slash","Corpse Explosion"],"picked":"Leg Sweep","floor":30},{"not_picked":["Skewer","Underhanded Strike"],"picked":"Crippling Poison","floor":31},{"not_picked":["Die Die Die","Bullet Time"],"picked":"Wraith Form v2","floor":33},{"not_picked":["Dagger Throw","Prepared"],"picked":"Acrobatics","floor":35},{"not_picked":["Dodge and Roll+1","Flechettes"],"picked":"Backflip","floor":36},{"not_picked":["Cloak And Dagger+1","Sucker Punch"],"picked":"PiercingWail","floor":38}],"player_experience":1412370,"relics_obtained":[{"floor":7,"key":"War Paint"},{"floor":9,"key":"Meat on the Bone"},{"floor":13,"key":"Potion Belt"},{"floor":24,"key":"Whetstone"},{"floor":26,"key":"CeramicFish"},{"floor":31,"key":"StoneCalendar"}],"event_choices":[{"cards_removed":["Strike_G"],"damage_healed":0,"gold_gain":0,"player_choice":"Offered Basic","damage_taken":0,"max_hp_gain":0,"max_hp_loss":0,"event_name":"Bonfire Elementals","floor":2,"gold_loss":0},{"damage_healed":0,"gold_gain":0,"player_choice":"Success","damage_taken":5,"relics_obtained":["CaptainsWheel"],"max_hp_gain":0,"max_hp_loss":0,"event_name":"Scrap Ooze","floor":10,"gold_loss":0},{"damage_healed":0,"gold_gain":0,"player_choice":"Obtained Relic","damage_taken":0,"relics_obtained":["Vajra"],"max_hp_gain":0,"max_hp_loss":0,"event_name":"Addict","floor":21,"gold_loss":85},{"damage_healed":0,"gold_gain":50,"player_choice":"Stole From Cult","damage_taken":0,"max_hp_gain":0,"max_hp_loss":0,"event_name":"Nest","floor":22,"gold_loss":0},{"damage_healed":0,"gold_gain":0,"player_choice":"Memory 1","damage_taken":0,"max_hp_gain":0,"max_hp_loss":0,"event_name":"SensoryStone","floor":37,"gold_loss":0}],"is_beta":false,"boss_relics":[{"not_picked":["Cursed Key","Coffee Dripper"],"picked":"Velvet Choker"},{"not_picked":["Sozu","HoveringKite"],"picked":"Pandora\u0027s Box"}],"items_purged_floors":[29],"is_endless":false,"potions_floor_spawned":[3,13,16,19,24,31,33],"killed_by":"Transient","ascension_level":20}}