{"host":"pyvkqaq4yb2dtxwu","time":1609309429,"event":{"mods":["AchievementEnabler","BaseMod","Colored Map","Colored Powertips","DeckTracker","Minty Spire (QoL Compilation)","Relic Sorter"],"gold_per_floor":[115,132,145,160,176,203,203,232,232,232,265,281,301,301,301,396,396,407,255,255,274,284,284,314,324,324,363,375,57,74,74,74,176,176,195,212,227,227,227,227],"floor_reached":39,"playtime":3227,"items_purged":["Strike_B","Defend_B"],"score":425,"play_id":"3df6d002-2818-4211-b513-accbf0b3c6e6","local_time":"20201229222349","is_ascension_mode":false,"campfire_choices":[{"data":"Self Repair","floor":7,"key":"SMITH"},{"data":"Seek","floor":10,"key":"SMITH"},{"data":"Static Discharge","floor":15,"key":"SMITH"},{"data":"Defragment","floor":23,"key":"SMITH"},{"floor":28,"key":"REST"},{"floor":32,"key":"REST"}],"circlet_count":0,"master_deck":["Strike_B","Defend_B","Defend_B","Defend_B","Zap","Dualcast","Steam","Rebound","Self Repair+1","Streamline","Streamline","Turbo","Cold Snap","Seek+1","FTL","Static Discharge+1","Hologram","Reboot","Streamline+1","Defragment+1","Defragment","Coolheaded+1","Sweeping Beam+1","Steam+1","Static Discharge","Loop+1","Machine Learning","BootSequence","Coolheaded+1","Rebound+1"],"relics":["FrozenCore","InkBottle","Shuriken","Question Card","Orichalcum","GremlinMask","Runic Pyramid","StoneCalendar","MawBank","Red Mask","Regal Pillow"],"acts_visited":["Exordium","TheCity","TheBeyond"],"potions_floor_usage":[16,16,25,27,33],"damage_taken":[{"damage":0,"enemies":"Small Slimes","floor":1,"turns":4},{"damage":1,"enemies":"Cultist","floor":2,"turns":3},{"damage":0,"enemies":"Jaw Worm","floor":3,"turns":3},{"damage":2,"enemies":"Large Slime","floor":4,"turns":6},{"damage":10,"enemies":"Looter","floor":5,"turns":3},{"damage":29,"enemies":"Lagavulin","floor":6,"turns":6},{"damage":10,"enemies":"Gremlin Nob","floor":8,"turns":4},{"damage":16,"enemies":"Lagavulin","floor":11,"turns":5},{"damage":5,"enemies":"Exordium Wildlife","floor":12,"turns":2},{"damage":6,"enemies":"3 Louse","floor":13,"turns":3},{"damage":22,"enemies":"The Guardian","floor":16,"turns":8},{"damage":11,"enemies":"Spheric Guardian","floor":18,"turns":5},{"damage":5,"enemies":"3 Byrds","floor":21,"turns":2},{"damage":18,"enemies":"Sentry and Sphere","floor":22,"turns":4},{"damage":36,"enemies":"Slavers","floor":24,"turns":3},{"damage":24,"enemies":"Snake Plant","floor":25,"turns":4},{"damage":4,"enemies":"Masked Bandits","floor":27,"turns":3},{"damage":5,"enemies":"Centurion and Healer","floor":30,"turns":3},{"damage":23,"enemies":"Champ","floor":33,"turns":9},{"damage":15,"enemies":"3 Darklings","floor":35,"turns":5},{"damage":23,"enemies":"3 Shapes","floor":36,"turns":7},{"damage":31,"enemies":"Transient","floor":37,"turns":5},{"damage":57,"enemies":"4 Shapes","floor":39,"turns":3}],"seed_played":"5082061907934035951","potions_obtained":[{"floor":2,"key":"LiquidMemories"},{"floor":3,"key":"EssenceOfSteel"},{"floor":4,"key":"FearPotion"},{"floor":18,"key":"DuplicationPotion"},{"floor":24,"key":"Swift Potion"},{"floor":25,"key":"Explosive Potion"},{"floor":30,"key":"LiquidBronze"},{"floor":33,"key":"CultistPotion"}],"is_trial":false,"path_per_floor":["M","M","M","M","M","E","R","E","T","R","E","M","M","?","R","B",null,"M","$","?","M","M","R","E","M","T","?","R","$","M","?","R","B",null,"M","M","M","?","M"],"character_chosen":"DEFECT","items_purchased":["Defragment","Regal Pillow","Static Discharge"],"campfire_rested":2,"item_purchase_floors":[19,29,29],"current_hp_per_floor":[75,74,75,75,72,50,50,50,50,50,44,49,53,53,53,41,75,74,74,74,75,67,67,41,17,17,23,45,45,40,40,75,62,75,70,57,36,36,0,0],"gold":227,"neow_bonus":"THREE_CARDS","is_daily":false,"chose_seed":false,"campfire_upgraded":4,"win_rate":0.0,"timestamp":1609309429,"path_taken":["M","M","M","M","M","E","R","E","T","R","E","M","M","?","R","BOSS","M","$","?","M","M","R","E","M","T","?","R","$","M","?","R","BOSS","M","M","M","?","M"],"items_purchased_type":["Card","Relic","Card"],"build_version":"2020-12-22","purchased_purges":2,"victory":false,"max_hp_per_floor":[75,75,75,75,75,75,75,75,75,75,75,75,75,75,75,75,75,75,75,75,75,75,75,75,75,75,75,75,75,75,75,75,75,75,75,75,75,75,75,75],"card_choices":[{"not_picked":["Gash","Stack"],"picked":"Steam","floor":0},{"not_picked":["Go for the Eyes","Steam"],"picked":"Rebound","floor":1},{"not_picked":["Stack","Tempest"],"picked":"Self Repair","floor":2},{"not_picked":["Cold Snap","Barrage"],"picked":"Streamline","floor":3},{"not_picked":["Aggregate","Heatsinks"],"picked":"Streamline","floor":4},{"not_picked":["Hologram","Defragment"],"picked":"Turbo","floor":5},{"not_picked":["Turbo","Gash"],"picked":"Cold Snap","floor":6},{"not_picked":["Coolheaded","Blizzard"],"picked":"Seek","floor":8},{"not_picked":["Ball Lightning","Stack","Loop"],"picked":"FTL","floor":11},{"not_picked":["Loop","White Noise","Go for the Eyes"],"picked":"Static Discharge","floor":12},{"not_picked":["Stack","Redo","Barrage"],"picked":"Hologram","floor":13},{"not_picked":["Thunder Strike","Rainbow","Multi-Cast"],"picked":"Reboot","floor":16},{"not_picked":["Hologram","Turbo","Rebound"],"picked":"Streamline+1","floor":18},{"not_picked":["All For One","Hologram","Streamline+1"],"picked":"Defragment","floor":21},{"not_picked":["Redo","Stack","Darkness","Aggregate+1"],"picked":"SKIP","floor":22},{"not_picked":["White Noise","Leap","All For One"],"picked":"Coolheaded+1","floor":24},{"not_picked":["Rebound","Go for the Eyes","Redo"],"picked":"Sweeping Beam+1","floor":25},{"not_picked":["Reinforced Body","Leap","Tempest"],"picked":"Steam+1","floor":27},{"not_picked":["Scrape+1","Barrage","Turbo+1"],"picked":"Loop+1","floor":30},{"not_picked":["Meteor Strike","Reboot","All For One"],"picked":"Machine Learning","floor":33},{"not_picked":["Defragment","Barrage+1","Ball Lightning+1"],"picked":"BootSequence","floor":35},{"not_picked":["Barrage","Scrape","Loop+1"],"picked":"Coolheaded+1","floor":36},{"not_picked":["Sweeping Beam+1","Gash+1","Redo+1"],"picked":"Rebound+1","floor":37}],"player_experience":72527,"relics_obtained":[{"floor":6,"key":"InkBottle"},{"floor":8,"key":"Shuriken"},{"floor":9,"key":"Question Card"},{"floor":11,"key":"Orichalcum"},{"floor":24,"key":"StoneCalendar"},{"floor":26,"key":"MawBank"},{"floor":27,"key":"Red Mask"}],"event_choices":[{"damage_healed":0,"gold_gain":0,"player_choice":"Trade","damage_taken":0,"relics_obtained":["GremlinMask"],"max_hp_gain":0,"max_hp_loss":0,"event_name":"FaceTrader","floor":14,"gold_loss":0},{"cards_removed":["Strike_B"],"damage_healed":0,"gold_gain":0,"player_choice":"Elegance","damage_taken":0,"max_hp_gain":0,"max_hp_loss":0,"event_name":"Back to Basics","floor":20,"gold_loss":0},{"damage_healed":0,"gold_gain":0,"player_choice":"Fought Bandits","damage_taken":0,"max_hp_gain":0,"max_hp_loss":0,"event_name":"Masked Bandits","floor":27,"gold_loss":0},{"damage_healed":0,"gold_gain":0,"player_choice":"Ignored","damage_taken":0,"max_hp_gain":0,"max_hp_loss":0,"event_name":"Vampires","floor":31,"gold_loss":0},{"cards_removed":["Strike_B"],"damage_healed":0,"gold_gain":0,"player_choice":"Removed Attack","damage_taken":0,"max_hp_gain":0,"max_hp_loss":0,"event_name":"Falling","floor":38,"gold_loss":0}],"is_beta":false,"boss_relics":[{"not_picked":["Black Star","Calling Bell"],"picked":"Runic Pyramid"},{"not_picked":["Fusion Hammer","SacredBark"],"picked":"FrozenCore"}],"items_purged_floors":[19,29],"is_endless":false,"potions_floor_spawned":[2,3,4,5,11,13,18,24,25,30,33,37],"killed_by":"4 Shapes","ascension_level":0}}