{"host":"w5ovz9boloi14a0g","time":1609310398,"event":{"mods":["BaseMod","Googly Eyes","Minty Spire (QoL Compilation)","StSLib","SuperFastMode"],"gold_per_floor":[16,16,33,33,33,33,62,62,132,132,62,93,111,129,129,230,230,230,230,12,12,12,12,12],"floor_reached":23,"playtime":2175,"items_purged":[],"score":254,"play_id":"619c09f4-7bcb-49ac-9ba4-62b7e90a944c","local_time":"20201230003958","is_ascension_mode":true,"campfire_choices":[{"data":"Predator","floor":6,"key":"SMITH"},{"floor":8,"key":"REST"},{"data":"Neutralize","floor":10,"key":"SMITH"},{"data":"Footwork","floor":15,"key":"SMITH"}],"circlet_count":0,"master_deck":["Strike_G+1","Strike_G","Defend_G","Defend_G","Defend_G","Defend_G+1","Defend_G","Survivor+1","Neutralize+1","Underhanded Strike","Quick Slash","Backstab","Predator+1","Footwork+1","Leg Sweep","Adrenaline","Calculated Gamble"],"relics":["Ring of the Snake","Vajra","Pear","PreservedInsect","Ectoplasm","Blood Vial"],"acts_visited":["Exordium","TheCity"],"potions_floor_usage":[],"damage_taken":[{"damage":0,"enemies":"2 Louse","floor":1,"turns":2},{"damage":0,"enemies":"Cultist","floor":3,"turns":2},{"damage":31,"enemies":"Lagavulin","floor":7,"turns":6},{"damage":3,"enemies":"Gremlin Nob","floor":12,"turns":3},{"damage":0,"enemies":"Jaw Worm","floor":13,"turns":2},{"damage":0,"enemies":"Looter","floor":14,"turns":2},{"damage":12,"enemies":"The Guardian","floor":16,"turns":15},{"damage":10,"enemies":"Spheric Guardian","floor":18,"turns":5},{"damage":0,"enemies":"Shell Parasite","floor":21,"turns":3},{"damage":0,"enemies":"Snake Plant","floor":22,"turns":5},{"damage":66,"enemies":"Gremlin Leader","floor":23,"turns":12}],"seed_played":"-5551885870697570574","potions_obtained":[{"floor":3,"key":"SpeedPotion"},{"floor":7,"key":"Fire Potion"},{"floor":14,"key":"Strength Potion"}],"is_trial":false,"path_per_floor":["M","?","M","?","?","R","E","R","T","R","$","E","M","M","R","B",null,"M","?","$","M","M","E"],"character_chosen":"THE_SILENT","items_purchased":["Footwork","Blood Vial","Calculated Gamble"],"campfire_rested":1,"item_purchase_floors":[11,20,20],"current_hp_per_floor":[70,70,70,56,56,56,25,46,56,56,56,53,53,53,53,41,80,70,55,55,57,59,0,0],"gold":12,"neow_bonus":"TRANSFORM_TWO_CARDS","is_daily":false,"chose_seed":false,"campfire_upgraded":3,"win_rate":0.0,"timestamp":1609310398,"path_taken":["M","?","?","?","?","R","E","R","T","R","$","E","M","?","R","BOSS","M","?","$","M","M","E"],"items_purchased_type":["Card","Relic","Card"],"build_version":"2020-12-22","purchased_purges":0,"victory":false,"max_hp_per_floor":[70,70,70,70,70,70,70,70,80,80,80,80,80,80,80,80,80,80,85,85,85,85,85,85],"card_choices":[{"not_picked":["Prepared","Backflip"],"picked":"Backstab","floor":1},{"not_picked":["Deflect","Caltrops"],"picked":"Predator","floor":3},{"not_picked":["Slice","Underhanded Strike","Expertise"],"picked":"SKIP","floor":7},{"not_picked":["Dagger Spray","Calculated Gamble"],"picked":"Leg Sweep","floor":12},{"not_picked":["Finisher","Malaise","Noxious Fumes"],"picked":"SKIP","floor":13},{"not_picked":["Dodge and Roll","Outmaneuver","Quick Slash"],"picked":"SKIP","floor":14},{"not_picked":["Grand Finale","Die Die Die"],"picked":"Adrenaline","floor":16},{"not_picked":["Tactician","Dodge and Roll","Footwork"],"picked":"SKIP","floor":18},{"not_picked":["Bouncing Flask+1","Deadly Poison","Calculated Gamble+1"],"picked":"SKIP","floor":21},{"not_picked":["Dagger Spray","Choke","Dodge and Roll"],"picked":"SKIP","floor":22}],"player_experience":46294,"relics_obtained":[{"floor":7,"key":"Vajra"},{"floor":9,"key":"Pear"},{"floor":12,"key":"PreservedInsect"}],"event_choices":[{"damage_healed":0,"gold_gain":0,"player_choice":"Upgraded","damage_taken":0,"max_hp_gain":0,"max_hp_loss":0,"event_name":"Upgrade Shrine","floor":2,"gold_loss":0,"cards_upgraded":["Survivor"]},{"damage_healed":0,"gold_gain":0,"player_choice":"Entered Light","damage_taken":14,"max_hp_gain":0,"max_hp_loss":0,"event_name":"Shining Light","floor":4,"gold_loss":0,"cards_upgraded":["Defend_G","Strike_G"]},{"cards_removed":["Strike_G"],"damage_healed":0,"gold_gain":0,"player_choice":"Purged","damage_taken":0,"max_hp_gain":0,"max_hp_loss":0,"event_name":"Purifier","floor":5,"gold_loss":0},{"damage_healed":0,"gold_gain":0,"player_choice":"Shed Blood","damage_taken":20,"max_hp_gain":5,"max_hp_loss":0,"event_name":"Forgotten Altar","floor":19,"gold_loss":0}],"is_beta":false,"boss_relics":[{"not_picked":["Philosopher\u0027s Stone","Coffee Dripper"],"picked":"Ectoplasm"}],"items_purged_floors":[],"is_endless":false,"potions_floor_spawned":[3,7,14,16,18],"killed_by":"Gremlin Leader","ascension_level":3}}