{"host":"g1wmg2w41xhsnw8g","time":1609307559,"event":{"mods":["2.2 Compatiblity","Act Like it!","BaseMod","Better Altar","Better Match","Better Note","Better Sensory Stone","Better Skull","Better Third Choice","BetterRewards","Booster Modes","CapriCore","Colored Map","Colored Powertips","Curses Come First","Defuse TimeMaze Blight","Displayed Cursed Tome","Evolution","Friendly Minions","GifTheSpireLib","Googly Eyes","Hubris","Infinite Spire","Minty Spire (QoL Compilation)","Red Circlet Mod","Relic Sorter","SCP261 Mod","Shop Mod","Spicy Shops","StSLib","The Cursed","The Poker Player","The Sage","Transform Curses","Wandering Minibosses","????"],"gold_per_floor":[119,119,119,137,157,168,179,179,205,234,245,263,292,306,93,93,93],"floor_reached":16,"playtime":1067,"items_purged":[],"score":226,"play_id":"4b4089f4-756f-47b9-817a-0e217ce5e4ee","local_time":"20201230005239","is_ascension_mode":true,"campfire_choices":[{"data":"TheCursedMod:CursedWand","floor":8,"key":"SMITH"}],"circlet_count":0,"master_deck":["TheCursedMod:CursedWand+1","TheCursedMod:CleanUpWorkshop","TheCursedMod:CursedShiv","TheCursedMod:Wield","TheCursedMod:ManaBullet","TheCursedMod:CircleOfFlame+1","TheCursedMod:CircleOfWindfury","TheCursedMod:CircleOfCorruption","Finesse","TheCursedMod:SmokeScreen","TheCursedMod:Grudge","TheCursedMod:WearCloak+1","TheCursedMod:HellsGateOpen","TheCursedMod:CursedShiv","TheCursedMod:VoidForm","TheCursedMod:SpreadPlague","TheCursedMod:Torture","TheCursedMod:ManaCirculation","TheCursedMod:Torture","Pain"],"relics":["TheCursedMod:MagicCandle","EVO:Axolotl","hubris:ToyBattleship","infinitespire:ShieldingShard","MerchantsRug","OrangePellets","Juzu Bracelet","infinitespire:Beetle Shell","Boot","Matryoshka"],"acts_visited":["Exordium"],"potions_floor_usage":[10,11,14],"damage_taken":[{"damage":0,"enemies":"Small Slimes","floor":1,"turns":1},{"damage":0,"enemies":"Jaw Worm","floor":4,"turns":1},{"damage":0,"enemies":"Cultist","floor":5,"turns":2},{"damage":2,"enemies":"3 Louse","floor":6,"turns":2},{"damage":10,"enemies":"Lots of Slimes","floor":7,"turns":8},{"damage":0,"enemies":"Lagavulin","floor":10,"turns":2},{"damage":0,"enemies":"Large Slime","floor":11,"turns":5},{"damage":0,"enemies":"3 Louse","floor":12,"turns":2},{"damage":28,"enemies":"3 Sentries","floor":13,"turns":6},{"damage":2,"enemies":"Exordium Thugs","floor":14,"turns":2},{"damage":53,"enemies":"The Guardian","floor":16,"turns":5}],"seed_played":"-470918046047290081","potions_obtained":[{"floor":4,"key":"SCP261:DewritoBlazePotion"},{"floor":7,"key":"SCP261:EnergyGasPotion"},{"floor":10,"key":"ColorlessPotion"},{"floor":14,"key":"GamblersBrew"}],"is_trial":false,"path_per_floor":["M","?","?","M","M","M","M","R","T","E","M","M","E","M","R","B"],"character_chosen":"THE_CURSED","items_purchased":["hubris:ToyBattleship","infinitespire:ShieldingShard","MerchantsRug","OrangePellets","Boot","Matryoshka"],"campfire_rested":0,"item_purchase_floors":[0,0,0,0,15,15],"current_hp_per_floor":[82,85,95,95,95,93,83,83,83,83,83,83,55,53,53,0,0],"gold":93,"neow_bonus":"","is_daily":false,"chose_seed":false,"campfire_upgraded":1,"win_rate":0.0,"timestamp":1609307559,"path_taken":["M","?","?","M","?","M","M","R","T","E","M","M","E","M","R","BOSS"],"items_purchased_type":["Relic","Relic","Relic","Relic","Relic","Relic"],"build_version":"2020-12-22","purchased_purges":0,"victory":false,"max_hp_per_floor":[82,85,95,95,95,95,95,95,95,95,95,95,95,95,95,95,95],"card_choices":[{"not_picked":["TheCursedMod:Mangle","TheCursedMod:HellfireBreathing"],"picked":"TheCursedMod:SmokeScreen","floor":1},{"not_picked":["TheCursedMod:Wield","TheCursedMod:CircleOfFlame"],"picked":"TheCursedMod:Grudge","floor":4},{"not_picked":["TheCursedMod:Stretching","TheCursedMod:Stigma"],"picked":"TheCursedMod:WearCloak","floor":5},{"not_picked":["TheCursedMod:Evocation","TheCursedMod:TacticalStrike"],"picked":"TheCursedMod:HellsGateOpen","floor":6},{"not_picked":["TheCursedMod:ReleasedStrength","TheCursedMod:CursedMace"],"picked":"TheCursedMod:CursedShiv","floor":7},{"not_picked":["TheCursedMod:CircleOfFlame","TheCursedMod:NeowsMight"],"picked":"TheCursedMod:VoidForm","floor":10},{"not_picked":["TheCursedMod:CursedAmulet","TheCursedMod:BlessingInDisguise"],"picked":"TheCursedMod:SpreadPlague","floor":11},{"not_picked":["TheCursedMod:CircleOfFocus","TheCursedMod:CursedAmulet"],"picked":"TheCursedMod:Torture","floor":12},{"not_picked":["TheCursedMod:Wield","TheCursedMod:VitalStrike"],"picked":"TheCursedMod:ManaCirculation","floor":13},{"not_picked":["TheCursedMod:CircleOfFlame","TheCursedMod:VitalStrike"],"picked":"TheCursedMod:Torture","floor":14}],"player_experience":1089053,"relics_obtained":[{"floor":9,"key":"Juzu Bracelet"},{"floor":10,"key":"War Paint"},{"floor":13,"key":"infinitespire:Beetle Shell"}],"event_choices":[{"cards_removed":["TheCursedMod:CircleOfAbyss"],"damage_healed":0,"gold_gain":0,"player_choice":"Offered Rare","damage_taken":0,"max_hp_gain":10,"max_hp_loss":0,"event_name":"Bonfire Elementals","floor":3,"gold_loss":0}],"is_beta":false,"boss_relics":[],"items_purged_floors":[],"is_endless":false,"potions_floor_spawned":[4,7,10,14],"killed_by":"The Guardian","ascension_level":1}}