{"host":"qxeepl7ydvsgmfdb","time":1609334338,"event":{"mods":["AchievementEnabler","BaseMod","Colored Powertips","Minty Spire (QoL Compilation)","Quick Restart","slay the spire mod where everything is the same but ironclad has a cowboy hat"],"gold_per_floor":[116,116,116,41,41,41,76,95,118,118,131,131,159,173,173,272,272,291,305,305,305,305],"floor_reached":21,"playtime":738,"items_purged":["Regret"],"score":212,"play_id":"7486eef7-18bd-403f-9190-b6de78dcf43f","local_time":"20201230081858","is_ascension_mode":false,"campfire_choices":[{"data":"Zap","floor":6,"key":"SMITH"},{"floor":15,"key":"REST"}],"circlet_count":0,"master_deck":["Strike_B","Strike_B","Strike_B","Defend_B","Defend_B","Defend_B","Defend_B","Zap+1","Dualcast","Redo+1","Redo","Cold Snap","BootSequence","Redo"],"relics":["Cracked Core","NeowsBlessing","Gambling Chip","Bag of Marbles","Oddly Smooth Stone","Tiny Chest","Orichalcum","Enchiridion"],"acts_visited":["Exordium","TheCity"],"potions_floor_usage":[21],"damage_taken":[{"damage":0,"enemies":"Jaw Worm","floor":1,"turns":1},{"damage":0,"enemies":"Lagavulin","floor":7,"turns":1},{"damage":0,"enemies":"2 Louse","floor":8,"turns":1},{"damage":0,"enemies":"Cultist","floor":11,"turns":2},{"damage":25,"enemies":"3 Sentries","floor":13,"turns":12},{"damage":0,"enemies":"Blue Slaver","floor":14,"turns":3},{"damage":32,"enemies":"The Guardian","floor":16,"turns":12},{"damage":10,"enemies":"Shell Parasite","floor":18,"turns":7},{"damage":12,"enemies":"Spheric Guardian","floor":19,"turns":4},{"damage":48,"enemies":"3 Cultists","floor":21,"turns":5}],"seed_played":"5920213808719306818","potions_obtained":[{"floor":8,"key":"FearPotion"},{"floor":11,"key":"FearPotion"},{"floor":13,"key":"LiquidMemories"},{"floor":16,"key":"Dexterity Potion"}],"is_trial":false,"path_per_floor":["M","?","?","$","?","R","E","M","T","$","M","T","E","M","R","B",null,"M","M","?","M"],"character_chosen":"DEFECT","items_purchased":[],"campfire_rested":1,"item_purchase_floors":[],"current_hp_per_floor":[75,75,75,75,68,68,68,68,68,68,68,68,43,43,65,33,75,65,53,37,0,0],"gold":305,"neow_bonus":"THREE_ENEMY_KILL","is_daily":false,"chose_seed":false,"campfire_upgraded":1,"win_rate":0.0,"timestamp":1609334338,"path_taken":["M","?","?","$","?","R","E","M","T","?","M","?","E","?","R","BOSS","M","M","?","M"],"items_purchased_type":[],"build_version":"2020-12-22","purchased_purges":1,"victory":false,"max_hp_per_floor":[75,75,75,75,75,75,75,75,75,75,75,75,75,75,75,75,75,75,75,75,75,75],"card_choices":[{"not_picked":["Static Discharge","Undo"],"picked":"Redo","floor":1},{"not_picked":["Reboot","Coolheaded"],"picked":"Redo","floor":7},{"not_picked":["Beam Cell","Scrape","Rebound"],"picked":"SKIP","floor":8},{"not_picked":["Storm","Consume"],"picked":"Cold Snap","floor":11},{"not_picked":["Recycle","Hologram","Static Discharge"],"picked":"SKIP","floor":13},{"not_picked":["Steam","Streamline"],"picked":"BootSequence","floor":14},{"not_picked":["Barrage","Leap"],"picked":"Redo","floor":18},{"not_picked":["Rebound","Coolheaded","Beam Cell+1"],"picked":"SKIP","floor":19}],"player_experience":322491,"relics_obtained":[{"floor":7,"key":"Bag of Marbles"},{"floor":9,"key":"Oddly Smooth Stone"},{"floor":12,"key":"Tiny Chest"},{"floor":13,"key":"Orichalcum"},{"floor":20,"key":"Enchiridion"}],"event_choices":[{"damage_healed":0,"gold_gain":0,"player_choice":"Grow","damage_taken":0,"max_hp_gain":0,"max_hp_loss":0,"event_name":"Living Wall","floor":2,"gold_loss":0,"cards_upgraded":["Redo"]},{"damage_healed":0,"gold_gain":0,"player_choice":"Box","damage_taken":0,"relics_obtained":["Gambling Chip"],"max_hp_gain":0,"max_hp_loss":0,"event_name":"Big Fish","floor":3,"gold_loss":0,"cards_obtained":["Regret"]},{"cards_removed":["Strike_B"],"damage_healed":0,"gold_gain":0,"player_choice":"Card Removal","damage_taken":7,"max_hp_gain":0,"max_hp_loss":0,"event_name":"Golden Wing","floor":5,"gold_loss":0},{"damage_healed":0,"gold_gain":0,"player_choice":"Obtained Book","damage_taken":16,"max_hp_gain":0,"max_hp_loss":0,"event_name":"Cursed Tome","floor":20,"gold_loss":0}],"is_beta":false,"boss_relics":[{"not_picked":["Astrolabe","Busted Crown","Snecko Eye"]}],"items_purged_floors":[4],"is_endless":false,"potions_floor_spawned":[8,11,13,16,18],"killed_by":"3 Cultists","ascension_level":0}}