{"host":"hz94vu9lk5pvuib2","time":1609337449,"event":{"mods":["BaseMod","Colored Map","Minty Spire (QoL Compilation)","Waifu the Spire"],"gold_per_floor":[118,129,149,163,180,212,230,257,310,9,29,29,47,47,47,144,144,154,429,440,38,38,38,53,53,53,53,72,88,88,88,88,88,88],"floor_reached":33,"playtime":2085,"items_purged":["Normality","Regret"],"score":261,"play_id":"0d8f92c1-5565-4136-a4ef-a9663542e295","local_time":"20201230231049","is_ascension_mode":false,"campfire_choices":[{"floor":12,"key":"REST"},{"data":"Eruption","floor":15,"key":"SMITH"},{"data":"Wallop","floor":23,"key":"SMITH"},{"data":"Shame","floor":27,"key":"PURGE"},{"floor":30,"key":"REST"},{"data":"Regret","floor":32,"key":"PURGE"}],"circlet_count":0,"master_deck":["Strike_P","Strike_P","Strike_P","Defend_P","Defend_P","Defend_P","Defend_P","Eruption+1","Vigilance","Halt","Halt","MentalFortress","Wallop","BowlingBash","CrushJoints","EmptyFist","Wallop+1","Judgement","Crescendo","ConjureBlade","ForeignInfluence","DeceiveReality","FollowUp","RitualDagger+1","FollowUp+1","Ragnarok+1","WaveOfTheHand"],"relics":["Cursed Key","Juzu Bracelet","Peace Pipe","Damaru","Bag of Marbles","SlaversCollar","Molten Egg 2","FossilizedHelix","Bottled Flame"],"acts_visited":["Exordium","TheCity"],"potions_floor_usage":[6,8,8,16,24,24,28,33],"damage_taken":[{"damage":1,"enemies":"Jaw Worm","floor":1,"turns":3},{"damage":0,"enemies":"Cultist","floor":2,"turns":2},{"damage":4,"enemies":"Small Slimes","floor":3,"turns":3},{"damage":0,"enemies":"Exordium Wildlife","floor":4,"turns":4},{"damage":6,"enemies":"2 Fungi Beasts","floor":5,"turns":4},{"damage":15,"enemies":"3 Sentries","floor":6,"turns":10},{"damage":7,"enemies":"Blue Slaver","floor":7,"turns":4},{"damage":10,"enemies":"Lagavulin","floor":8,"turns":5},{"damage":0,"enemies":"3 Louse","floor":11,"turns":4},{"damage":0,"enemies":"Looter","floor":13,"turns":2},{"damage":1,"enemies":"Slime Boss","floor":16,"turns":7},{"damage":14,"enemies":"Spheric Guardian","floor":18,"turns":4},{"damage":5,"enemies":"3 Byrds","floor":20,"turns":5},{"damage":0,"enemies":"Centurion and Healer","floor":24,"turns":3},{"damage":16,"enemies":"Cultist and Chosen","floor":28,"turns":5},{"damage":3,"enemies":"Chosen and Byrds","floor":29,"turns":4},{"damage":75,"enemies":"Automaton","floor":33,"turns":12}],"seed_played":"-6370087497090916758","potions_obtained":[{"floor":3,"key":"BlessingOfTheForge"},{"floor":6,"key":"Strength Potion"},{"floor":7,"key":"GamblersBrew"},{"floor":11,"key":"SteroidPotion"},{"floor":13,"key":"SkillPotion"},{"floor":16,"key":"BottledMiracle"},{"floor":29,"key":"StancePotion"}],"is_trial":false,"path_per_floor":["M","M","M","M","M","E","M","E","T","$","M","R","M","?","R","B",null,"M","?","M","$","?","R","M","?","T","R","M","M","R","?","R","B"],"character_chosen":"WATCHER","items_purchased":["Bag of Marbles","Regen Potion","FollowUp","Molten Egg 2"],"campfire_rested":2,"item_purchase_floors":[10,10,21,21],"current_hp_per_floor":[71,71,67,67,61,46,39,29,29,29,29,50,50,50,50,49,72,58,58,53,53,47,47,56,56,56,56,40,37,58,72,72,0,0],"gold":88,"neow_bonus":"BOSS_RELIC","is_daily":false,"chose_seed":false,"campfire_upgraded":2,"win_rate":0.0,"timestamp":1609337449,"path_taken":["M","M","M","M","M","E","M","E","T","$","M","R","M","?","R","BOSS","M","?","M","$","?","R","M","?","T","R","M","M","R","?","R","BOSS"],"items_purchased_type":["Relic","Potion","Card","Relic"],"build_version":"2020-12-22","purchased_purges":2,"victory":false,"max_hp_per_floor":[72,72,72,72,72,72,72,72,72,72,72,72,72,72,72,72,72,72,72,72,72,72,72,72,72,72,72,72,72,72,72,72,72,72],"card_choices":[{"not_picked":["JustLucky","ThirdEye","ClearTheMind"],"picked":"SKIP","floor":1},{"not_picked":["Perseverance","EmptyFist"],"picked":"Halt","floor":2},{"not_picked":["CutThroughFate","Prostrate"],"picked":"Halt","floor":3},{"not_picked":["ClearTheMind","TalkToTheHand"],"picked":"MentalFortress","floor":4},{"not_picked":["Blasphemy","SashWhip"],"picked":"Wallop","floor":5},{"not_picked":["CutThroughFate","EmptyFist"],"picked":"BowlingBash","floor":6},{"not_picked":["SashWhip","PathToVictory"],"picked":"CrushJoints","floor":7},{"not_picked":["EmptyBody","ThirdEye"],"picked":"EmptyFist","floor":8},{"not_picked":["Fasting2","Halt"],"picked":"Wallop","floor":11},{"not_picked":["FlyingSleeves","CarveReality"],"picked":"Judgement","floor":13},{"not_picked":["Establishment","Scrawl"],"picked":"ConjureBlade","floor":16},{"not_picked":["CrushJoints","Worship"],"picked":"ForeignInfluence","floor":18},{"not_picked":["Indignation","CrushJoints"],"picked":"DeceiveReality","floor":20},{"not_picked":["Pray","JustLucky+1"],"picked":"FollowUp+1","floor":24},{"not_picked":["CutThroughFate+1","BowlingBash+1"],"picked":"Ragnarok+1","floor":28},{"not_picked":["FlurryOfBlows+1","Prostrate"],"picked":"WaveOfTheHand","floor":29}],"player_experience":209677,"relics_obtained":[{"floor":6,"key":"Juzu Bracelet"},{"floor":8,"key":"Peace Pipe"},{"floor":9,"key":"Damaru"},{"floor":26,"key":"Bottled Flame"}],"event_choices":[{"damage_healed":0,"gold_gain":0,"cards_transformed":["Strike_P"],"player_choice":"Transformed","damage_taken":0,"max_hp_gain":0,"max_hp_loss":0,"event_name":"Transmorgrifier","floor":14,"gold_loss":0,"cards_obtained":["Crescendo"]},{"damage_healed":0,"gold_gain":275,"player_choice":"Desecrate","damage_taken":0,"max_hp_gain":0,"max_hp_loss":0,"event_name":"Golden Shrine","floor":19,"gold_loss":0,"cards_obtained":["Regret"]},{"damage_healed":0,"gold_gain":0,"player_choice":"Joined the Cult","damage_taken":6,"max_hp_gain":0,"max_hp_loss":0,"event_name":"Nest","floor":22,"gold_loss":0,"cards_obtained":["RitualDagger"]},{"damage_healed":0,"gold_gain":0,"player_choice":"Stole Relic","damage_taken":0,"relics_obtained":["FossilizedHelix"],"max_hp_gain":0,"max_hp_loss":0,"event_name":"Addict","floor":25,"gold_loss":0,"cards_obtained":["Shame"]},{"damage_healed":24,"gold_gain":0,"player_choice":"Heal","damage_taken":0,"max_hp_gain":0,"max_hp_loss":0,"event_name":"The Library","floor":31,"gold_loss":0}],"is_beta":false,"boss_relics":[{"not_picked":["SacredBark","Tiny House"],"picked":"SlaversCollar"}],"items_purged_floors":[10,21],"is_endless":false,"potions_floor_spawned":[3,6,7,11,13,16,18,20,29],"killed_by":"Automaton","ascension_level":0}}