{"host":"rnys9sj607vajavv","time":1609367678,"event":{"mods":["BaseMod","Colored Map","Downfall","Minty Spire (QoL Compilation)","StSLib"],"gold_per_floor":[99,115,133,133,149,178,201,201,93,93,123,133,133,133,145,145,145,145],"floor_reached":16,"playtime":1290,"items_purged":[],"score":138,"play_id":"8429fff6-3d5b-4770-8230-2fa85200a210","local_time":"20201230143438","is_ascension_mode":true,"campfire_choices":[{"data":"champ:ShieldWall","floor":1,"key":"SMITH"},{"data":"champ:Taunt","floor":8,"key":"SMITH"},{"data":"champ:Lariat","floor":10,"key":"SMITH"},{"floor":13,"key":"REST"}],"circlet_count":0,"master_deck":["champ:Strike","champ:Strike","champ:Defend","champ:Defend","champ:Defend","champ:Defend","champ:Execute","champ:Taunt+1","champ:ShieldWall+1","champ:ViciousMockery","champ:SwordSigil","champ:Lariat+1","champ:Circumvent","champ:GladiatorsShout","champ:BringItOn","champ:RisingSlash","champ:StanceDance"],"relics":["champ:ChampionCrown","Guardian:PocketSentry","Juzu Bracelet","Gremlin Horn"],"acts_visited":["Exordium"],"potions_floor_usage":[16],"damage_taken":[{"damage":11,"enemies":"Small Slimes","floor":2,"turns":4},{"damage":7,"enemies":"Cultist","floor":3,"turns":4},{"damage":20,"enemies":"Jaw Worm","floor":5,"turns":5},{"damage":77,"enemies":"3 Sentries","floor":6,"turns":10},{"damage":5,"enemies":"downfall:FleeingMerchant","floor":9,"turns":4},{"damage":21,"enemies":"Gremlin Nob","floor":11,"turns":4},{"damage":12,"enemies":"Exordium Thugs","floor":12,"turns":2},{"damage":0,"enemies":"Red Slaver","floor":15,"turns":2},{"damage":37,"enemies":"downfall:Defect","floor":16,"turns":6}],"seed_played":"5963930917278749677","potions_obtained":[{"floor":3,"key":"champ:TechniquePotion"},{"floor":6,"key":"LiquidMemories"},{"floor":11,"key":"Explosive Potion"},{"floor":15,"key":"champ:CounterPotion"}],"is_trial":false,"path_per_floor":["R","M","M","?","M","E","T","R","$","R","E","M","R","?","M","B"],"character_chosen":"THE_CHAMP","items_purchased":["champ:BringItOn","champ:RisingSlash"],"campfire_rested":1,"item_purchase_floors":[9,9],"current_hp_per_floor":[90,82,80,80,78,31,31,31,31,31,15,8,35,35,35,0,0,0],"gold":145,"neow_bonus":"THREE_CARDS","is_daily":false,"chose_seed":false,"campfire_upgraded":3,"win_rate":0.0,"timestamp":1609367678,"path_taken":["R","M","M","?","?","E","T","R","$","R","E","M","R","?","M","BOSS"],"items_purchased_type":["Card","Card"],"build_version":"2020-12-22","purchased_purges":0,"victory":false,"max_hp_per_floor":[90,90,90,90,90,90,90,90,90,90,90,90,90,90,90,90,90,90],"card_choices":[{"not_picked":["champ:DefensiveShout","champ:ViciousMockery"],"picked":"champ:ShieldWall","floor":0},{"not_picked":["champ:BladeFlurry","champ:ShieldWall"],"picked":"champ:ViciousMockery","floor":2},{"not_picked":["champ:BerserkersShout","champ:BladeFlurry"],"picked":"champ:SwordSigil","floor":3},{"not_picked":["champ:BringItOn","champ:AdrenalArmor"],"picked":"champ:Circumvent","floor":5},{"not_picked":["champ:PreciseThrust","champ:Haymaker","champ:FanOfKnives"],"picked":"SKIP","floor":6},{"not_picked":["champ:Devastate","champ:BerserkersShout"],"picked":"champ:GladiatorsShout","floor":9},{"not_picked":["champ:Lariat","champ:FanOfKnives","champ:BringItOn"],"picked":"SKIP","floor":11},{"not_picked":["champ:FanOfKnives","champ:BringItOn"],"picked":"champ:StanceDance","floor":12},{"not_picked":["champ:PerfectedStrike","champ:FocusedGladiator","champ:Duel"],"picked":"SKIP","floor":15}],"player_experience":643049,"relics_obtained":[{"floor":6,"key":"Guardian:PocketSentry"},{"floor":7,"key":"Juzu Bracelet"},{"floor":11,"key":"Gremlin Horn"}],"event_choices":[{"damage_healed":0,"gold_gain":0,"cards_transformed":["champ:Strike"],"player_choice":"Transformed","damage_taken":0,"max_hp_gain":0,"max_hp_loss":0,"event_name":"Transmorgrifier","floor":4,"gold_loss":0,"cards_obtained":["champ:Lariat"]},{"cards_removed":["champ:Strike"],"damage_healed":0,"gold_gain":0,"player_choice":"Card Removal","damage_taken":0,"max_hp_gain":0,"max_hp_loss":0,"event_name":"Wheel of Change","floor":14,"gold_loss":0}],"is_beta":false,"boss_relics":[],"items_purged_floors":[],"is_endless":false,"potions_floor_spawned":[3,6,11,15],"killed_by":"downfall:Defect","ascension_level":5}}