{"host":"6pgtslebjnyv5xmi","time":1609328009,"event":{"mods":["AchievementEnabler","BaseMod","Colored Map","Minty Spire (QoL Compilation)","Rare Cards Sparkle","StSLib","SuperFastMode","everything is the same but u backflip on backflip"],"gold_per_floor":[119,119,139,150,150,150,170,170,223,251,279,279,297,218,218,218,218],"floor_reached":16,"playtime":569,"items_purged":["Strike_B"],"score":133,"play_id":"060162b6-77bb-4a90-a435-093f33a3df1d","local_time":"20201230203329","is_ascension_mode":true,"campfire_choices":[{"data":"Dualcast","floor":6,"key":"SMITH"},{"floor":12,"key":"REST"},{"data":"Reinforced Body","floor":15,"key":"SMITH"}],"circlet_count":0,"master_deck":["Strike_B","Strike_B","Strike_B","Defend_B","Defend_B","Defend_B","Defend_B","Zap","Dualcast+1","Hyperbeam+1","Capacitor","Self Repair","Undo","Reinforced Body+1"],"relics":["Cracked Core","The Courier","CeramicFish","Gremlin Horn"],"acts_visited":["Exordium"],"potions_floor_usage":[],"damage_taken":[{"damage":2,"enemies":"Jaw Worm","floor":1,"turns":3},{"damage":0,"enemies":"Cultist","floor":3,"turns":2},{"damage":0,"enemies":"Small Slimes","floor":4,"turns":2},{"damage":0,"enemies":"Exordium Thugs","floor":7,"turns":3},{"damage":0,"enemies":"3 Louse","floor":10,"turns":1},{"damage":41,"enemies":"Gremlin Nob","floor":11,"turns":5},{"damage":10,"enemies":"Lots of Slimes","floor":13,"turns":2},{"damage":49,"enemies":"Hexaghost","floor":16,"turns":10}],"seed_played":"-5126771731424932461","potions_obtained":[{"floor":4,"key":"Ancient Potion"},{"floor":11,"key":"DuplicationPotion"}],"is_trial":false,"path_per_floor":["M","?","M","M","T","R","M","?","T","M","E","R","M","$","R","B"],"character_chosen":"DEFECT","items_purchased":["Reinforced Body"],"campfire_rested":1,"item_purchase_floors":[14],"current_hp_per_floor":[66,66,66,66,66,66,66,66,66,66,32,52,49,49,49,0,0],"gold":218,"neow_bonus":"THREE_RARE_CARDS","is_daily":false,"chose_seed":false,"campfire_upgraded":2,"win_rate":0.0,"timestamp":1609328009,"path_taken":["M","?","?","M","?","R","M","?","T","?","E","R","M","$","R","BOSS"],"items_purchased_type":["Card"],"build_version":"2020-12-22","purchased_purges":1,"victory":false,"max_hp_per_floor":[68,68,68,68,68,68,68,68,68,68,68,68,68,68,68,68,68],"card_choices":[{"not_picked":["Buffer","Fission"],"picked":"Hyperbeam","floor":0},{"not_picked":["Steam","Rebound"],"picked":"Capacitor","floor":1},{"not_picked":["Steam","Gash","Leap"],"picked":"SKIP","floor":3},{"not_picked":["Storm","Conserve Battery","Go for the Eyes"],"picked":"SKIP","floor":4},{"not_picked":["Genetic Algorithm","Rebound"],"picked":"Self Repair","floor":7},{"not_picked":["Streamline","Lockon"],"picked":"Undo","floor":10},{"not_picked":["Darkness","Blizzard","Self Repair"],"picked":"SKIP","floor":11},{"not_picked":["Coolheaded","Leap","Conserve Battery"],"picked":"SKIP","floor":13}],"player_experience":621489,"relics_obtained":[{"floor":5,"key":"The Courier"},{"floor":9,"key":"CeramicFish"},{"floor":11,"key":"Gremlin Horn"}],"event_choices":[{"damage_healed":0,"gold_gain":0,"player_choice":"Upgraded","damage_taken":0,"max_hp_gain":0,"max_hp_loss":0,"event_name":"Upgrade Shrine","floor":2,"gold_loss":0,"cards_upgraded":["Hyperbeam"]},{"damage_healed":0,"gold_gain":0,"player_choice":"Bought 0 Potions","damage_taken":0,"max_hp_gain":0,"max_hp_loss":0,"event_name":"The Woman in Blue","floor":8,"gold_loss":0}],"is_beta":false,"boss_relics":[],"items_purged_floors":[14],"is_endless":false,"potions_floor_spawned":[4,11],"killed_by":"Hexaghost","ascension_level":6}}