{"host":"gg5724v8rdwen1xr","time":1609321719,"event":{"mods":["2.2 Compatiblity","AchievementEnabler","Act Like it!","Aspiration","BaseMod","Better Altar","Better Match","Better Note","Better Sensory Stone","Better Skull","Better Third Choice","Better Vampires","Better-Laid Plans","Colored Map","Colored Powertips","Curses Come First","DeckTracker","Downfall","Energized Spire","Hermit","Highlight Path","Minty Spire (QoL Compilation)","Quick Restart","Rare Cards Sparkle","Relic Sorter","Relic Stats","Reorder Act Four","Shade Mod","StSLib","Synergy Search","The Marked"],"gold_per_floor":[117,117,117,130,83,83,112,89,101,133,156,203,231,258,270,378,390,419,450,69,169,184,184,184,184],"floor_reached":24,"playtime":1654,"items_purged":["Shade:Doomsay"],"score":233,"play_id":"ba920243-1234-45be-bdcf-f7897ecf33bb","local_time":"20201230034839","is_ascension_mode":false,"campfire_choices":[{"floor":6,"key":"REST"},{"data":"Shade:FreshBones","floor":15,"key":"SMITH"},{"data":"Shade:AuraOfUnlife","floor":23,"key":"SMITH"}],"circlet_count":0,"master_deck":["Shade:Strike_Shade","Shade:Strike_Shade","Shade:Strike_Shade","Shade:Defend_Shade","Shade:Defend_Shade","Shade:Defend_Shade","Shade:Defend_Shade","Shade:AnimateDead","Shade:CarefulCut","Shade:WallOfFlesh","SignatureMove+1","Shade:CommandSoldier","Shade:FreshBones+1","Shade:GraveStillness","Shade:ClawBack","Shade:CommandSoldier","Shade:Putrefaction","Shade:SpectralStrikes","Shade:FuneraryArmor","Shade:AuraOfUnlife+1","Shade:FleshToFlesh"],"relics":["Shade:YorickSkull","NeowsBlessing","Blood Vial","MawBank","Meat on the Bone","HornCleat","Empty Cage","Matryoshka"],"acts_visited":["Exordium","TheCity"],"potions_floor_usage":[16,24,24],"damage_taken":[{"damage":0,"enemies":"Cultist","floor":1,"turns":1},{"damage":0,"enemies":"Jaw Worm","floor":4,"turns":1},{"damage":0,"enemies":"Lagavulin","floor":7,"turns":1},{"damage":0,"enemies":"Small Slimes","floor":10,"turns":4},{"damage":1,"enemies":"3 Louse","floor":11,"turns":5},{"damage":20,"enemies":"3 Sentries","floor":12,"turns":7},{"damage":15,"enemies":"Large Slime","floor":13,"turns":7},{"damage":1,"enemies":"Red Slaver","floor":14,"turns":3},{"damage":23,"enemies":"Hexaghost","floor":16,"turns":10},{"damage":2,"enemies":"Chosen","floor":18,"turns":5},{"damage":35,"enemies":"3 Byrds","floor":19,"turns":6},{"damage":9,"enemies":"Snecko","floor":22,"turns":6},{"damage":40,"enemies":"Slavers","floor":24,"turns":3}],"seed_played":"-461145696901374664","potions_obtained":[{"floor":4,"key":"Guardian:BlockOnCardUsePotion"},{"floor":13,"key":"CultistPotion"},{"floor":16,"key":"BlessingOfTheForge"}],"is_trial":false,"path_per_floor":["M","?","?","M","$","R","E","?","T","M","M","E","M","M","R","B",null,"M","M","$","?","M","R","E"],"character_chosen":"SHADE","items_purchased":["Shade:Trample","Shade:AuraOfUnlife","Matryoshka"],"campfire_rested":1,"item_purchase_floors":[5,20,20],"current_hp_per_floor":[65,58,2,4,4,23,25,41,41,43,44,38,37,38,38,29,65,63,42,42,42,35,35,0,0],"gold":184,"neow_bonus":"THREE_ENEMY_KILL","is_daily":false,"chose_seed":false,"campfire_upgraded":2,"win_rate":0.0,"timestamp":1609321719,"path_taken":["M","?","?","M","$","R","E","?","T","M","M","E","M","M","R","BOSS","M","M","$","?","?","R","E"],"items_purchased_type":["Card","Card","Relic"],"build_version":"2020-12-22","purchased_purges":1,"victory":false,"max_hp_per_floor":[65,65,65,65,65,65,65,65,65,65,65,65,65,65,65,65,65,65,65,65,65,65,65,65,65],"relic_stats":{"Blood Vial":22,"counters":[13,59],"MawBank":156,"obtain_stats":[{"Blood Vial":3,"HornCleat":12,"Matryoshka":20,"NeowsBlessing":0,"Shade:YorickSkull":0,"MawBank":7,"Empty Cage":17,"Meat on the Bone":9},{"Blood Vial":1,"HornCleat":6,"Matryoshka":11,"NeowsBlessing":0,"Shade:YorickSkull":0,"MawBank":3,"Empty Cage":9,"Meat on the Bone":3},{"Blood Vial":1,"HornCleat":19,"Matryoshka":50,"NeowsBlessing":0,"Shade:YorickSkull":0,"MawBank":3,"Empty Cage":39,"Meat on the Bone":3}],"Meat on the Bone":48},"card_choices":[{"not_picked":["Shade:GraveStillness","Shade:FeralStrike"],"picked":"Shade:WallOfFlesh","floor":1},{"not_picked":["Shade:RavenousHorde","Shade:FeralStrike"],"picked":"Shade:Trample","floor":4},{"not_picked":["Shade:Excise","Shade:BoneShards"],"picked":"Shade:CommandSoldier","floor":7},{"not_picked":["Shade:FuneraryArmor","Shade:SoulToxin"],"picked":"Shade:FreshBones","floor":10},{"not_picked":["Shade:ExtraLimbs","Shade:FuneraryArmor"],"picked":"Shade:Doomsay","floor":11},{"not_picked":["Shade:FuneraryArmor","Shade:FeralStrike"],"picked":"Shade:GraveStillness","floor":12},{"not_picked":["Shade:MadHubris","Shade:AncientSpear"],"picked":"Shade:ClawBack","floor":13},{"not_picked":["Shade:PressTheAttack","Shade:ClawBack"],"picked":"Shade:CommandSoldier","floor":14},{"not_picked":["Shade:UnbarTheGrave","Shade:MadHubris"],"picked":"Shade:Putrefaction","floor":16},{"not_picked":["Shade:FeralStrike","Shade:AblativeArmor"],"picked":"Shade:SpectralStrikes","floor":18},{"not_picked":["Shade:Frenzy","Shade:Premonition+1"],"picked":"Shade:FuneraryArmor","floor":19},{"not_picked":["Shade:FeralStrike","Shade:Premonition"],"picked":"Shade:FleshToFlesh","floor":22}],"player_experience":3723,"relics_obtained":[{"floor":7,"key":"MawBank"},{"floor":9,"key":"Meat on the Bone"},{"floor":12,"key":"HornCleat"}],"event_choices":[{"cards_removed":["Shade:Strike_Shade"],"damage_healed":0,"gold_gain":0,"player_choice":"Card Removal","damage_taken":7,"max_hp_gain":0,"max_hp_loss":0,"event_name":"Golden Wing","floor":2,"gold_loss":0},{"damage_healed":16,"gold_gain":0,"player_choice":"Healed","damage_taken":0,"max_hp_gain":0,"max_hp_loss":0,"event_name":"The Cleric","floor":8,"gold_loss":35},{"damage_healed":0,"gold_gain":100,"player_choice":"Pray","damage_taken":0,"max_hp_gain":0,"max_hp_loss":0,"event_name":"Golden Shrine","floor":21,"gold_loss":0}],"is_beta":false,"boss_relics":[{"not_picked":["aspiration:SilentSkillbook","energizedSpire:MagnifyingGlass"],"picked":"Empty Cage"}],"items_purged_floors":[20],"is_endless":false,"potions_floor_spawned":[4,13,16,18],"killed_by":"Slavers","ascension_level":0}}