{"host":"h4lp0eeso8a0ssq0","time":1609296480,"event":{"mods":["2.2 Compatiblity","AchievementEnabler","Astrologer","BaseMod","CapriCore","Colored Map","Downfall","Hermit","Lobotomy","Marisa£¨Ùöéë¡¡Øª×âÞÞ£©","Minty Spire (QoL Compilation)","StSLib","SuperFastMode","The Cursed","The Hierophant","The Immortal"],"gold_per_floor":[110,110,127,127,150,150,159,159,182,210,196,218,218,143,143,143,143],"floor_reached":16,"playtime":1266,"items_purged":["hierophant:Strike_Hierophant"],"score":160,"play_id":"5141fa46-73d1-4d9a-a5e6-a09bc090a698","local_time":"20201230114800","is_ascension_mode":false,"campfire_choices":[{"data":"hierophant:Endure","floor":6.0,"key":"SMITH"},{"data":"hierophant:Chorus","floor":13,"key":"SMITH"},{"data":"hierophant:MirrorShield","floor":15,"key":"SMITH"}],"circlet_count":0,"master_deck":["hierophant:Strike_Hierophant","hierophant:Strike_Hierophant","hierophant:Strike_Hierophant","hierophant:Punish","hierophant:Defend_Hierophant+1","hierophant:Defend_Hierophant+1","hierophant:Defend_Hierophant","hierophant:Defend_Hierophant","hierophant:ChurchCoffers","Clumsy","hierophant:Smite","hierophant:OrnateBuckler","hierophant:Endure+1","hierophant:FieryStrike","hierophant:MirrorShield+1","hierophant:Chorus+1"],"relics":["hierophant:PropheticMaskRelic","Dead Branch","Juzu Bracelet","Mango","War Paint","Strawberry"],"acts_visited":["Exordium"],"potions_floor_usage":[],"damage_taken":[{"damage":5.0,"enemies":"Cultist","floor":1.0,"turns":4.0},{"damage":1.0,"enemies":"2 Louse","floor":3.0,"turns":2.0},{"damage":6.0,"enemies":"Jaw Worm","floor":5.0,"turns":3.0},{"damage":9.0,"enemies":"3 Sentries","floor":7.0,"turns":8.0},{"damage":29.0,"enemies":"Lagavulin","floor":10.0,"turns":12.0},{"damage":2.0,"enemies":"Looter","floor":11.0,"turns":3.0},{"damage":6,"enemies":"Exordium Thugs","floor":12,"turns":3},{"damage":46,"enemies":"The Guardian","floor":16,"turns":20}],"seed_played":"-7726501546913958716","potions_obtained":[{"floor":7.0,"key":"GamblersBrew"},{"floor":12,"key":"BlessingOfTheForge"}],"is_trial":false,"path_per_floor":["M","?","M","?","M","R","E","T","T","E","M","M","R","$","R","B"],"character_chosen":"HIEROPHANT","items_purchased":[],"campfire_rested":0,"item_purchase_floors":[],"current_hp_per_floor":[84,72,71,71,65,65,56,70,70,48,46,40,40,40,40,0,0],"gold":143,"neow_bonus":"TWENTY_PERCENT_HP_BONUS","is_daily":false,"chose_seed":false,"campfire_upgraded":3,"win_rate":0.0,"timestamp":1609296480,"path_taken":["M","?","M","?","M","R","E","?","T","E","M","M","R","$","R","BOSS"],"items_purchased_type":[],"build_version":"2020-12-22","purchased_purges":1,"victory":false,"max_hp_per_floor":[89,89,89,89,89,89,89,103,103,110,110,110,110,110,110,110,110],"card_choices":[{"not_picked":["hierophant:RustyCrate","hierophant:Sermon"],"picked":"hierophant:Smite","floor":1.0},{"not_picked":["hierophant:RustyCrate","hierophant:AuricBeam"],"picked":"hierophant:OrnateBuckler","floor":3.0},{"not_picked":["hierophant:RustyCrate","hierophant:Smite"],"picked":"hierophant:Endure","floor":5.0},{"not_picked":["hierophant:Rebuild","hierophant:DisplayOfPower"],"picked":"hierophant:FieryStrike","floor":7.0},{"not_picked":["hierophant:HammerAndAnvil","hierophant:Blessing","hierophant:Anathema"],"picked":"SKIP","floor":10.0},{"not_picked":["hierophant:SealAway","hierophant:AuricShield"],"picked":"hierophant:MirrorShield","floor":11.0},{"not_picked":["hierophant:Glossolalia","hierophant:HolyVerse"],"picked":"hierophant:Chorus","floor":12}],"player_experience":43182,"relics_obtained":[{"floor":7.0,"key":"Juzu Bracelet"},{"floor":8.0,"key":"Mango"},{"floor":9.0,"key":"War Paint"},{"floor":10.0,"key":"Strawberry"}],"event_choices":[{"damage_healed":0.0,"max_hp_gain":0.0,"max_hp_loss":0.0,"gold_gain":0.0,"event_name":"Scrap Ooze","player_choice":"Success","floor":2.0,"gold_loss":0.0,"damage_taken":12.0,"relics_obtained":["Dead Branch"]},{"damage_healed":0.0,"max_hp_gain":0.0,"max_hp_loss":0.0,"gold_gain":0.0,"event_name":"Liars Game","player_choice":"Ignored","floor":4.0,"gold_loss":0.0,"damage_taken":0.0}],"is_beta":false,"boss_relics":[],"items_purged_floors":[14],"is_endless":false,"potions_floor_spawned":[7,12],"killed_by":"The Guardian","ascension_level":0}}