{"host":"j3h0p3l2xgzxhnx7","time":1609347544,"event":{"mods":["BaseMod","Luminous","Marisa????????","Minty Spire (QoL Compilation)","Remilia??????","StSLib","The Bug Knight","The Cursed","The Servant 0.9.4"],"gold_per_floor":[110,127,127,137,151,151,162,191,191,37,37,52,63,63,63,188,188,211,231,29,29,50,50,12,37,37,60,60,10,10,10,10,10,10],"floor_reached":33,"playtime":1160,"items_purged":["Shame","Injury"],"score":274,"play_id":"2e20e2c5-c215-484c-99c7-ab3c1a25f200","local_time":"20201231005904","is_ascension_mode":false,"campfire_choices":[{"floor":6,"key":"REST"},{"floor":11,"key":"REST"},{"data":"Gash","floor":15,"key":"SMITH"},{"floor":23,"key":"REST"},{"floor":30,"key":"REST"},{"floor":32,"key":"REST"}],"circlet_count":0,"master_deck":["Strike_B","Strike_B+1","Strike_B","Strike_B","Defend_B","Defend_B","Defend_B","Defend_B","Zap","Dualcast","Biased Cognition","Coolheaded+1","Gash+1","Thunder Strike","Cold Snap","FTL","Gash","Gash","Conserve Battery","Fission","Hologram","Lockon+1","Coolheaded","Gash","Fission","Scrape","Chaos+1","Glacier"],"relics":["FrozenCore","Regal Pillow","PreservedInsect","Membership Card","Golden Idol","Letter Opener","Dream Catcher","Ancient Tea Set","Question Card","Cracked Core"],"acts_visited":["Exordium","TheCity"],"potions_floor_usage":[8,16,16,33,33,33],"damage_taken":[{"damage":1,"enemies":"Cultist","floor":1,"turns":3},{"damage":0,"enemies":"2 Louse","floor":2,"turns":1},{"damage":0,"enemies":"Small Slimes","floor":4,"turns":2},{"damage":14,"enemies":"Blue Slaver","floor":5,"turns":3},{"damage":0,"enemies":"3 Louse","floor":7,"turns":4},{"damage":14,"enemies":"Lagavulin","floor":8,"turns":6},{"damage":0,"enemies":"Exordium Wildlife","floor":12,"turns":3},{"damage":8,"enemies":"Looter","floor":13,"turns":3},{"damage":36,"enemies":"Hexaghost","floor":16,"turns":10},{"damage":15,"enemies":"3 Byrds","floor":18,"turns":6},{"damage":5,"enemies":"Spheric Guardian","floor":19,"turns":4},{"damage":4,"enemies":"3 Cultists","floor":22,"turns":6},{"damage":24,"enemies":"Cultist and Chosen","floor":25,"turns":7},{"damage":24,"enemies":"Snake Plant","floor":27,"turns":6},{"damage":81,"enemies":"Champ","floor":33,"turns":11}],"seed_played":"-1870896059946910169","potions_obtained":[{"floor":2,"key":"LiquidMemories"},{"floor":5,"key":"PowerPotion"},{"floor":13,"key":"Dexterity Potion"},{"floor":19,"key":"ColorlessPotion"},{"floor":25,"key":"AttackPotion"},{"floor":27,"key":"Energy Potion"}],"is_trial":false,"path_per_floor":["M","M","?","M","M","R","M","E","T","$","R","M","M","?","R","B",null,"M","M","$","?","M","R","$","M","T","M","?","$","R","$","R","B"],"character_chosen":"DEFECT","items_purchased":["Membership Card","Letter Opener","Dream Catcher"],"campfire_rested":5,"item_purchase_floors":[10,20,20],"current_hp_per_floor":[74,74,59,59,45,67,67,53,53,53,75,75,67,67,67,31,75,60,55,55,55,51,75,75,51,51,27,27,27,64,64,75,0,0],"gold":10,"neow_bonus":"ONE_RANDOM_RARE_CARD","is_daily":false,"chose_seed":false,"campfire_upgraded":1,"win_rate":0.0,"timestamp":1609347544,"path_taken":["M","?","?","M","M","R","M","E","T","$","R","M","M","?","R","BOSS","M","M","$","?","M","R","$","M","T","M","?","$","R","?","R","BOSS"],"items_purchased_type":["Relic","Relic","Relic"],"build_version":"2020-12-22","purchased_purges":2,"victory":false,"max_hp_per_floor":[75,75,75,75,75,75,75,75,75,75,75,75,75,75,75,75,75,75,75,75,75,75,75,75,75,75,75,75,75,75,75,75,75,75],"card_choices":[{"not_picked":["Conserve Battery","Rebound"],"picked":"Coolheaded","floor":1},{"not_picked":["Glacier","Redo"],"picked":"Gash","floor":2},{"not_picked":["Redo","Go for the Eyes"],"picked":"Thunder Strike","floor":4},{"not_picked":["Turbo","Lockon"],"picked":"Cold Snap","floor":5},{"not_picked":["Tempest","Redo"],"picked":"FTL","floor":7},{"not_picked":["Reprogram","Meteor Strike"],"picked":"Gash","floor":8},{"not_picked":["Steam","Chill"],"picked":"Gash","floor":12},{"not_picked":["Capacitor","Steam"],"picked":"Conserve Battery","floor":13},{"not_picked":["Amplify","Reboot"],"picked":"Fission","floor":16},{"not_picked":["Redo+1","Barrage"],"picked":"Hologram","floor":18},{"not_picked":["Chaos","Genetic Algorithm"],"picked":"Lockon+1","floor":19},{"not_picked":["Turbo","Beam Cell"],"picked":"Coolheaded","floor":22},{"not_picked":["Compile Driver","Steam"],"picked":"Gash","floor":23},{"not_picked":["Gash","Steam"],"picked":"Fission","floor":25},{"not_picked":["Leap","Consume+1","Aggregate"],"picked":"Scrape","floor":27},{"not_picked":["Defragment","Consume","Auto Shields+1"],"picked":"Chaos+1","floor":30},{"not_picked":["Barrage+1","Consume","Beam Cell"],"picked":"Glacier","floor":32}],"player_experience":81211,"relics_obtained":[{"floor":8,"key":"Regal Pillow"},{"floor":9,"key":"PreservedInsect"},{"floor":26,"key":"Question Card"}],"event_choices":[{"damage_healed":0,"gold_gain":0,"player_choice":"Entered Light","damage_taken":15,"max_hp_gain":0,"max_hp_loss":0,"event_name":"Shining Light","floor":3,"gold_loss":0,"cards_upgraded":["Coolheaded","Strike_B"]},{"damage_healed":0,"gold_gain":0,"player_choice":"Take Wound","damage_taken":0,"relics_obtained":["Golden Idol"],"max_hp_gain":0,"max_hp_loss":0,"event_name":"Golden Idol","floor":14,"gold_loss":0,"cards_obtained":["Injury"]},{"damage_healed":0,"gold_gain":0,"player_choice":"Stole Relic","damage_taken":0,"relics_obtained":["Ancient Tea Set"],"max_hp_gain":0,"max_hp_loss":0,"event_name":"Addict","floor":21,"gold_loss":0,"cards_obtained":["Shame"]}],"is_beta":false,"boss_relics":[{"not_picked":["Cursed Key","Coffee Dripper"],"picked":"FrozenCore"}],"items_purged_floors":[24,29],"is_endless":false,"potions_floor_spawned":[2,5,13,19,25,27],"killed_by":"Champ","ascension_level":0}}