{"host":"3wgbc8rrx8r5g476","time":1609288545,"event":{"mods":["2.2 Compatiblity","Act Like it!","BaseMod","Bestiary","Better Note","Better Third Choice","Colored Powertips","Dota2Spire","Downfall","Friendly Minions","Halation","Hubris","Infinite Spire","Minty Spire (QoL Compilation)","Replay The Spire","Shade Mod","Shedinja","Shop Mod","StSLib","The Alterego","The Death Knight","The Dragon Tamer","The Druid","The Marked","TheFirefly","Trackpad","Uncapped","Wandering Minibosses","vexMod"],"gold_per_floor":[114,114,114,114,131,97,97,124,124,140,140,167,182,182,195,228,228,328,328,341,341,341,341,341,373,373,400,400,435,435,455,158,168,168,273,273,285,285,305,12,62,62,78,78,105,140,175,208,220,230,230,230,230,230,37,64,162],"floor_reached":58,"playtime":3905,"items_purged":[],"score":1716,"play_id":"5a959d3e-437b-47f7-a64b-a8e3c5e23b49","local_time":"20201230013545","is_ascension_mode":true,"campfire_choices":[{"data":"DeathKnight:Contagion","floor":9.0,"key":"SMITH"},{"data":"DeathKnight:GargoyleSkin","floor":14.0,"key":"SMITH"},{"data":"DeathKnight:Hysteria","floor":17.0,"key":"SMITH"},{"data":"DeathKnight:DarkSuccor","floor":26,"key":"SMITH"},{"data":"DeathKnight:Lichborne","floor":30,"key":"SMITH"},{"floor":34,"key":"DIG"},{"floor":42,"key":"RECALL"},{"data":"DeathKnight:Contagion","floor":44,"key":"SMITH"},{"data":"DeathKnight:BladedArmor","floor":51,"key":"SMITH"},{"data":"DeathKnight:IceboundArmor","floor":54,"key":"SMITH"}],"circlet_count":0,"master_deck":["DeathKnight:Strike_DeathKnight+1","DeathKnight:Strike_DeathKnight","DeathKnight:Strike_DeathKnight","DeathKnight:Strike_DeathKnight","DeathKnight:Strike_DeathKnight","DeathKnight:Defend_DeathKnight","DeathKnight:Defend_DeathKnight","DeathKnight:Defend_DeathKnight+1","DeathKnight:Defend_DeathKnight","DeathKnight:Defend_DeathKnight+1","DeathKnight:RuneTap","DeathKnight:RuneStrike+1","DeathKnight:ScourgeStrike","DeathKnight:Contagion+1","DeathKnight:IcyTouch+1","DeathKnight:DarkSuccor+1","DeathKnight:GargoyleSkin+1","DeathKnight:Hysteria+1","DeathKnight:Defile+1","DeathKnight:DancingRuneblade","DeathKnight:Lichborne+1","DeathKnight:DarkSuccor+1","DeathKnight:BladedArmor+1","DeathKnight:Contagion+1","DeathKnight:IceboundArmor+1","expansioncontent:Chronoboost"],"relics":["DeathKnight:BrokenRuneblade","trackpad:AdjectivePendant","Shedinja:ExtraMaxHp","Singing Bowl","Pet Ghost","DeathKnight:SindragosasSkull","ChewingGum","hubris:BottledHeart","alterego_mod:SomeoneToFightFor","halation:EternalFortune","Pantograph","Dota2Spire:PowerTreads","DeathKnight:Scourgestone","MerchantsRug","Potion Belt","Guardian:GemstoneGun","halation:QuantumPhysicsTextbook","hubris:Potato","halation:BlackBeret","Mercury Hourglass","Pocketwatch","Blood Vial"],"acts_visited":["Exordium","TheCity","TheBeyond","TheEnding"],"potions_floor_usage":[25,25,25,47,47,52,52,57,57],"damage_taken":[{"damage":0.0,"enemies":"2 Louse","floor":1.0,"turns":3.0},{"damage":0.0,"enemies":"Jaw Worm","floor":5.0,"turns":4.0},{"damage":22.0,"enemies":"3 Sentries","floor":8.0,"turns":10.0},{"damage":0.0,"enemies":"Cultist","floor":10.0,"turns":3.0},{"damage":44.0,"enemies":"Gremlin Nob","floor":12.0,"turns":6.0},{"damage":0.0,"enemies":"Red Slaver","floor":13.0,"turns":5.0},{"damage":5.0,"enemies":"3 Louse","floor":15.0,"turns":4.0},{"damage":1.0,"enemies":"Lagavulin","floor":16.0,"turns":6.0},{"damage":0.0,"enemies":"Fading Forest","floor":18.0,"turns":12.0},{"damage":0.0,"enemies":"3 Byrds","floor":20.0,"turns":6.0},{"damage":0,"enemies":"Slavers","floor":25,"turns":7},{"damage":0,"enemies":"Book of Stabbing","floor":27,"turns":7},{"damage":0,"enemies":"Nightmare","floor":29,"turns":6},{"damage":0,"enemies":"Chosen","floor":31,"turns":4},{"damage":0,"enemies":"Centurion and Healer","floor":33,"turns":5},{"damage":0,"enemies":"hubris:MusketHawk","floor":35,"turns":7},{"damage":0,"enemies":"3 Darklings","floor":37,"turns":5},{"damage":0,"enemies":"Orb Walker","floor":39,"turns":4},{"damage":0,"enemies":"Mind Bloom Boss Battle","floor":41,"turns":5},{"damage":0,"enemies":"Spire Growth","floor":43,"turns":5},{"damage":0,"enemies":"Nemesis","floor":46,"turns":7},{"damage":0,"enemies":"Reptomancer","floor":47,"turns":9},{"damage":0,"enemies":"R_Hoarder","floor":48,"turns":6},{"damage":0,"enemies":"Maw","floor":49,"turns":6},{"damage":0,"enemies":"4 Shapes","floor":50,"turns":4},{"damage":0,"enemies":"Time Eater","floor":52,"turns":7},{"damage":0,"enemies":"Shield and Spear","floor":56,"turns":7},{"damage":0,"enemies":"The Heart","floor":57,"turns":10}],"seed_played":"-4167107256886328506","potions_obtained":[{"floor":5.0,"key":"Energy Potion"},{"floor":7.0,"key":"CultistPotion"},{"floor":7.0,"key":"PowerPotion"},{"floor":18.0,"key":"EntropicBrew"},{"floor":31,"key":"Toxic Potion"},{"floor":39,"key":"Fire Potion"},{"floor":41,"key":"DeathKnight:RimePotion"},{"floor":47,"key":"SkillPotion"},{"floor":50,"key":"FearPotion"},{"floor":57,"key":"Reflective Coating"}],"is_trial":false,"path_per_floor":["M","?","PTL","PTL","M","$","?","E","R","M","T","E","M","R","M","E","R","B",null,"M","?","?","?","?","E","R","E","T","NM","R","M","$","M","R","B",null,"M","?","M","$","?","R","M","R","T","E","E","E","M","M","R","B",null,"R","$","E","B",null],"character_chosen":"DEATH_KNIGHT","items_purchased":["DeathKnight:IcyTouch+1","DeathKnight:BladedArmor","DeathKnight:Scourgestone","MerchantsRug","halation:QuantumPhysicsTextbook","expansioncontent:Chronoboost","Adrenaline Potion","Strength Potion"],"campfire_rested":0,"item_purchase_floors":[6,32,32,32,40,55,55,55],"current_hp_per_floor":[75,75,75,75,75,75,75,53,53,56,56,15,18,18,18,22,22,35,79,81,1,1,1,1,1,1,1,1,1,1,1,1,1,1,1,1,1,1,1,1,1,1,1,1,1,1,1,1,1,1,1,1,1,1,1,1,1],"gold":162,"neow_bonus":"RANDOM_COMMON_RELIC","is_daily":false,"chose_seed":false,"campfire_upgraded":8,"win_rate":0.0,"timestamp":1609288545,"path_taken":["M","?","PTL","PTL","M","$","?","E","R","M","T","E","?","R","M","E","R","BOSS","M","?","?","?","?","E","R","E","T","NM","R","M","$","?","R","BOSS","M","?","?","$","?","R","M","R","T","E","E","E","M","M","R","BOSS","R","$","E","BOSS"],"items_purchased_type":["Card","Card","Relic","Relic","Relic","Card","Potion","Potion"],"build_version":"2020-12-22","purchased_purges":0,"victory":true,"max_hp_per_floor":[75,75,75,75,75,75,75,75,75,75,75,75,75,75,77,79,79,79,79,81,1,1,1,1,1,1,1,1,1,1,1,1,1,1,1,1,1,1,1,1,1,1,1,1,1,1,1,1,1,1,1,1,1,1,1,1,1],"card_choices":[{"not_picked":["DeathKnight:BloodTap","DeathKnight:HartStrike"],"picked":"DeathKnight:ScourgeStrike","floor":1.0},{"not_picked":["DeathKnight:Lichborne","DeathKnight:RuneShock"],"picked":"DeathKnight:Contagion","floor":5.0},{"not_picked":["DeathKnight:DeathCoil","DeathKnight:Runeguard","DeathKnight:FrostStrike"],"picked":"SKIP","floor":8.0},{"not_picked":["DeathKnight:FrosPresence","DeathKnight:BloodBoil"],"picked":"DeathKnight:DarkSuccor","floor":10.0},{"not_picked":["DeathKnight:RunicCorruption","DeathKnight:PathOfFrost"],"picked":"DeathKnight:GargoyleSkin","floor":12.0},{"not_picked":["DeathKnight:RuneShock","DeathKnight:DeathCoil"],"picked":"DeathKnight:Hysteria","floor":13.0},{"not_picked":["DeathKnight:Marrowrend","DeathKnight:PlagueStrike","DeathKnight:Obliterate"],"picked":"Singing Bowl","floor":15.0},{"not_picked":["DeathKnight:PillarOfFrost","DeathKnight:DeathCoil","DeathKnight:Simulacrum"],"picked":"Singing Bowl","floor":16.0},{"not_picked":["DeathKnight:SindragosasBreath","DeathKnight:BoneStorm"],"picked":"DeathKnight:Defile","floor":18.0},{"not_picked":["DeathKnight:Runeguard","DeathKnight:Hemostasis","DeathKnight:ScourgeStrike"],"picked":"Singing Bowl","floor":20},{"not_picked":["DeathKnight:VampiricBlood","DeathKnight:Ossuary"],"picked":"DeathKnight:DancingRuneblade","floor":25},{"not_picked":["DeathKnight:ThirstingStrike","DeathKnight:Culling"],"picked":"DeathKnight:Lichborne","floor":27},{"not_picked":["DeathKnight:AntiMagicShell","DeathKnight:Ossuary","DeathKnight:BoneStorm"],"picked":"Singing Bowl","floor":29},{"not_picked":["DeathKnight:UnholyPresence","DeathKnight:BloodEchoes"],"picked":"DeathKnight:DarkSuccor+1","floor":31},{"not_picked":["DeathKnight:BladedArmor","DeathKnight:HornOfWinter"],"picked":"DeathKnight:Contagion","floor":33},{"not_picked":["DeathKnight:Frostscythe","DeathKnight:Runesurge","DeathKnight:RunicDetonation"],"picked":"Singing Bowl","floor":35},{"not_picked":["DeathKnight:BladedArmor","DeathKnight:DeathCoil+1","DeathKnight:DeathsAdvance"],"picked":"Singing Bowl","floor":37},{"not_picked":["DeathKnight:Ossuary","DeathKnight:DeathRune","DeathKnight:Culling"],"picked":"Singing Bowl","floor":39},{"not_picked":["DeathKnight:RuneShock","DeathKnight:DeathStrike+1","DeathKnight:Ossuary+1"],"picked":"Singing Bowl","floor":41},{"not_picked":["DeathKnight:IcyTouch+1","DeathKnight:DeathAndDecay+1","DeathKnight:Simulacrum"],"picked":"Singing Bowl","floor":43},{"not_picked":["DeathKnight:DeathGrip","DeathKnight:DancingRuneblade+1"],"picked":"DeathKnight:IceboundArmor","floor":46},{"not_picked":["DeathKnight:FrostStrike+1","DeathKnight:MutagenicPlague","DeathKnight:MindFreeze+1"],"picked":"Singing Bowl","floor":47},{"not_picked":["DeathKnight:DreadStrike+1","DeathKnight:SindragosasBreath","DeathKnight:Ossuary+1"],"picked":"Singing Bowl","floor":48},{"not_picked":["DeathKnight:RuneShock+1","DeathKnight:UnholyFrenzy","DeathKnight:BoneSpear+1"],"picked":"Singing Bowl","floor":49},{"not_picked":["DeathKnight:ScourgeStrike","DeathKnight:FrostStrike+1","DeathKnight:RaiseAlly"],"picked":"Singing Bowl","floor":50},{"not_picked":["DeathKnight:PlagueStrike+1","DeathKnight:HartStrike+1","DeathKnight:IcyTouch+1"],"picked":"Singing Bowl","floor":56},{"not_picked":["DeathKnight:VampiricBlood","DeathKnight:SindragosasBreath","DeathKnight:Frostscythe"],"picked":"Singing Bowl","floor":57}],"player_experience":515694,"relics_obtained":[{"floor":8.0,"key":"War Paint"},{"floor":11.0,"key":"Singing Bowl"},{"floor":12.0,"key":"Pet Ghost"},{"floor":16.0,"key":"DeathKnight:SindragosasSkull"},{"floor":25,"key":"Pantograph"},{"floor":27,"key":"Whetstone"},{"floor":28,"key":"Dota2Spire:PowerTreads"},{"floor":29,"key":"Centennial Puzzle"},{"floor":34,"key":"Potion Belt"},{"floor":41,"key":"hubris:Potato"},{"floor":46,"key":"halation:BlackBeret"},{"floor":47,"key":"Mercury Hourglass"},{"floor":48,"key":"Pocketwatch"},{"floor":56,"key":"Blood Vial"}],"event_choices":[{"damage_healed":0.0,"max_hp_gain":0.0,"max_hp_loss":0.0,"gold_gain":0.0,"event_name":"Lab","player_choice":"Got Potions","floor":7.0,"gold_loss":0.0,"damage_taken":0.0},{"damage_healed":0,"gold_gain":0,"player_choice":"Choice 2","damage_taken":0,"relics_obtained":["alterego_mod:SomeoneToFightFor"],"max_hp_gain":0,"max_hp_loss":0,"event_name":"Secret Garden","floor":23,"gold_loss":0},{"damage_healed":0,"gold_gain":0,"player_choice":"Gave Potion","damage_taken":0,"relics_obtained":["Guardian:GemstoneGun"],"max_hp_gain":0,"max_hp_loss":0,"event_name":"WeMeetAgain","floor":38,"gold_loss":0},{"damage_healed":0,"gold_gain":0,"player_choice":"Fight","damage_taken":0,"max_hp_gain":0,"max_hp_loss":0,"event_name":"MindBloom","floor":41,"gold_loss":0}],"is_beta":false,"boss_relics":[{"not_picked":["hubris:VirtuousBlindfold","Honey Jar"],"picked":"ChewingGum"},{"not_picked":["Runic Dome","Painkiller Herb","hubris:CrackedHourglass"]}],"items_purged_floors":[],"is_endless":true,"potions_floor_spawned":[5,13,15,18,31,39,41,47,50,57],"ascension_level":1}}