{"host":"x205naxbihvu3p76","time":1609332903,"event":{"mods":["AchievementEnabler","BaseMod","Minty Spire (QoL Compilation)","StSLib","SuperFastMode"],"gold_per_floor":[114,129,144,159,174,174,189,204,504,534,549,579,609,106,106,206,206,221,45,45,60,75,105,120,135,135,150,180,180,210,225,225,325,325,340,340,140,140,155,155,170,170,170,170,185,215,245,275,275,275],"floor_reached":51,"playtime":1461,"items_purged":["Strike_B","Strike_B","Melter+1"],"score":1023,"play_id":"735f9247-3b98-46c7-87f4-016042403574","local_time":"20201230215503","daily_mods":["Cursed Run","Diverse","DeadlyEvents"],"is_ascension_mode":false,"campfire_choices":[{"data":"Fire Breathing","floor":6.0,"key":"SMITH"},{"data":"Dualcast","floor":15.0,"key":"SMITH"},{"data":"Beam Cell","floor":29.0,"key":"SMITH"},{"data":"1","floor":32.0,"key":"LIFT"},{"data":"2","floor":40.0,"key":"LIFT"},{"data":"3","floor":42.0,"key":"LIFT"},{"data":"PiercingWail","floor":44.0,"key":"SMITH"},{"floor":49.0,"key":"REST"}],"circlet_count":0,"master_deck":["Defend_B","Defend_B","Defend_B","Dualcast+1","PiercingWail+1","Doom and Gloom","Fire Breathing+1","Second Wind","Flame Barrier","Doubt","Shrug It Off","Violence+1","Shame","Corpse Explosion+1","CurseOfTheBell","Coolheaded+1","Swivel+1","Backflip+1","Beam Cell+1","Injury","Pray+1","Calculated Gamble+1","Pain","Tantrum+1","Skewer+1","Dark Shackles+1","Master of Strategy+1","Parasite","Shame"],"relics":["Cursed Key","Darkstone Periapt","Du-Vu Doll","Old Coin","Meat on the Bone","Bottled Flame","Bottled Tornado","Toxic Egg 2","Calling Bell","Lantern","Pear","Girya","Eternal Feather","Letter Opener","StrikeDummy","Anchor","Astrolabe","HornCleat","Vajra","Happy Flower","Regal Pillow"],"acts_visited":["Exordium","TheCity","TheBeyond"],"potions_floor_usage":[50],"damage_taken":[{"damage":1.0,"enemies":"Cultist","floor":1.0,"turns":4.0},{"damage":0.0,"enemies":"Small Slimes","floor":2.0,"turns":4.0},{"damage":1.0,"enemies":"Jaw Worm","floor":3.0,"turns":2.0},{"damage":11.0,"enemies":"Exordium Thugs","floor":4.0,"turns":4.0},{"damage":13.0,"enemies":"2 Fungi Beasts","floor":5.0,"turns":3.0},{"damage":0.0,"enemies":"Looter","floor":7.0,"turns":3.0},{"damage":7.0,"enemies":"Blue Slaver","floor":8.0,"turns":3.0},{"damage":14.0,"enemies":"3 Sentries","floor":10.0,"turns":4.0},{"damage":0.0,"enemies":"3 Louse","floor":11.0,"turns":3.0},{"damage":13.0,"enemies":"Gremlin Nob","floor":12.0,"turns":4.0},{"damage":3.0,"enemies":"Lagavulin","floor":13.0,"turns":5.0},{"damage":27.0,"enemies":"Hexaghost","floor":16.0,"turns":9.0},{"damage":9.0,"enemies":"Shell Parasite","floor":18.0,"turns":5.0},{"damage":11.0,"enemies":"3 Byrds","floor":21.0,"turns":3.0},{"damage":2.0,"enemies":"Snecko","floor":22.0,"turns":5.0},{"damage":26.0,"enemies":"Book of Stabbing","floor":23.0,"turns":7.0},{"damage":9.0,"enemies":"Sentry and Sphere","floor":24.0,"turns":4.0},{"damage":22.0,"enemies":"Snake Plant","floor":25.0,"turns":4.0},{"damage":9.0,"enemies":"Snecko","floor":27.0,"turns":4.0},{"damage":12.0,"enemies":"Gremlin Leader","floor":28.0,"turns":5.0},{"damage":18.0,"enemies":"Book of Stabbing","floor":30.0,"turns":5.0},{"damage":10.0,"enemies":"Sentry and Sphere","floor":31.0,"turns":3.0},{"damage":38.0,"enemies":"Collector","floor":33.0,"turns":10.0},{"damage":2.0,"enemies":"3 Shapes","floor":35.0,"turns":2.0},{"damage":0.0,"enemies":"Orb Walker","floor":39.0,"turns":1.0},{"damage":8.0,"enemies":"Writhing Mass","floor":41.0,"turns":4.0},{"damage":1.0,"enemies":"4 Shapes","floor":45.0,"turns":2.0},{"damage":8.0,"enemies":"Nemesis","floor":46.0,"turns":7.0},{"damage":12.0,"enemies":"Reptomancer","floor":47.0,"turns":5.0},{"damage":56.0,"enemies":"Giant Head","floor":48.0,"turns":9.0},{"damage":31,"enemies":"Donu and Deca","floor":50,"turns":2}],"seed_played":"9091901603564859836","potions_obtained":[{"floor":4.0,"key":"EssenceOfSteel"},{"floor":7.0,"key":"Dexterity Potion"},{"floor":8.0,"key":"FearPotion"},{"floor":10.0,"key":"LiquidMemories"},{"floor":16.0,"key":"AttackPotion"},{"floor":21.0,"key":"PowerPotion"},{"floor":30.0,"key":"PotionOfCapacity"},{"floor":33.0,"key":"Block Potion"}],"is_trial":false,"path_per_floor":["M","M","M","M","M","R","M","M","T","E","M","E","E","$","R","B",null,"M","$","?","M","M","E","M","M","T","M","E","R","E","M","R","B",null,"M","?","$","?","M","R","M","R","T","R","M","E","E","E","R","B",null],"character_chosen":"DEFECT","items_purchased":["Toxic Egg 2","Violence+1","Heatsinks","DuplicationPotion"],"campfire_rested":1,"item_purchase_floors":[14,14,19,37],"current_hp_per_floor":[74,74,73,62,49,49,49,42,48,34,46,45,42,42,42,33,103,94,94,94,83,81,55,58,48,54,57,57,72,66,56,71,51,115,113,113,113,103,103,115,107,115,121,121,120,112,100,56,121,96],"gold":275,"neow_bonus":"","is_daily":true,"chose_seed":false,"campfire_upgraded":4,"win_rate":0.0,"timestamp":1609332903,"path_taken":["M","M","M","?","M","R","M","M","T","?","M","E","?","$","R","BOSS","M","$","?","M","M","E","M","M","T","M","E","R","E","M","R","BOSS","M","?","$","?","M","R","M","R","T","R","?","E","?","E","R","BOSS"],"items_purchased_type":["Relic","Card","Card","Potion"],"build_version":"2020-12-22","purchased_purges":3,"victory":true,"max_hp_per_floor":[75,75,75,75,75,75,75,75,81,81,81,81,81,81,81,87,103,103,103,103,103,103,103,103,103,109,109,109,109,109,109,109,115,115,115,115,115,115,115,115,115,115,121,121,121,121,121,121,121,127],"card_choices":[{"not_picked":["Compile Driver","Poisoned Stab"],"picked":"PiercingWail","floor":1.0},{"not_picked":["EmptyFist","Havoc"],"picked":"Doom and Gloom","floor":2.0},{"not_picked":["Outmaneuver","Melter"],"picked":"Fire Breathing","floor":3.0},{"not_picked":["Redo","PathToVictory","FlyingSleeves"],"picked":"SKIP","floor":4.0},{"not_picked":["Genetic Algorithm","CrushJoints"],"picked":"Second Wind","floor":5.0},{"not_picked":["Poisoned Stab","Headbutt","Barrage"],"picked":"SKIP","floor":7.0},{"not_picked":["Poisoned Stab","Headbutt","Barrage"],"picked":"SKIP","floor":7.0},{"not_picked":["Warcry","Consecrate"],"picked":"Flame Barrier","floor":8.0},{"not_picked":["Outmaneuver","Slice","Quick Slash"],"picked":"SKIP","floor":10.0},{"not_picked":["Warcry","FearNoEvil","Feel No Pain"],"picked":"SKIP","floor":11.0},{"not_picked":["Sentinel","Stack","Gash"],"picked":"SKIP","floor":12.0},{"not_picked":["Crescendo","Die Die Die"],"picked":"Shrug It Off","floor":13.0},{"not_picked":["Doppelganger+1","Phantasmal Killer+1"],"picked":"Corpse Explosion+1","floor":16.0},{"not_picked":["Prostrate+1","Carnage+1"],"picked":"Coolheaded+1","floor":18.0},{"not_picked":["BowlingBash","Skim+1"],"picked":"Swivel+1","floor":21.0},{"not_picked":["Perfected Strike","All For One"],"picked":"Backflip+1","floor":22.0},{"not_picked":["Cold Snap","Genetic Algorithm+1"],"picked":"Beam Cell","floor":23.0},{"not_picked":["Doom and Gloom+1","Chill+1","Cold Snap"],"picked":"SKIP","floor":24.0},{"not_picked":["Sentinel+1","PiercingWail+1","True Grit+1"],"picked":"SKIP","floor":25.0},{"not_picked":["Infinite Blades","Deflect+1"],"picked":"Pray+1","floor":27.0},{"not_picked":["Sever Soul+1","Protect+1","True Grit+1"],"picked":"SKIP","floor":28.0},{"not_picked":["Distraction+1","Amplify+1","SashWhip+1"],"picked":"SKIP","floor":30.0},{"not_picked":["Sweeping Beam","Feel No Pain"],"picked":"Calculated Gamble+1","floor":31.0},{"not_picked":["Clothesline","JustLucky","Warcry+1"],"picked":"SKIP","floor":35.0},{"not_picked":["Enlightenment+1","Jack Of All Trades+1"],"picked":"Dark Shackles+1","floor":38.0},{"not_picked":["Blind+1","Dark Shackles+1"],"picked":"Master of Strategy+1","floor":38.0},{"not_picked":["SignatureMove+1","Flex+1","Noxious Fumes+1"],"picked":"SKIP","floor":39.0},{"not_picked":["Armaments+1","All Out Attack+1","Stack+1"],"picked":"SKIP","floor":41.0},{"not_picked":["Genetic Algorithm+1","Setup+1","Reckless Charge+1"],"picked":"SKIP","floor":45.0},{"not_picked":["True Grit+1","ThirdEye+1","Havoc+1"],"picked":"SKIP","floor":46.0},{"not_picked":["Blur+1","Darkness+1","Sweeping Beam+1"],"picked":"SKIP","floor":47.0},{"not_picked":["Iron Wave+1","Leap+1","Metallicize"],"picked":"SKIP","floor":48.0}],"player_experience":938480,"relics_obtained":[{"floor":9.0,"key":"Old Coin"},{"floor":10.0,"key":"Meat on the Bone"},{"floor":12.0,"key":"Bottled Flame"},{"floor":13.0,"key":"Bottled Tornado"},{"floor":17.0,"key":"Lantern"},{"floor":17.0,"key":"Pear"},{"floor":17.0,"key":"Girya"},{"floor":23.0,"key":"Eternal Feather"},{"floor":26.0,"key":"Letter Opener"},{"floor":28.0,"key":"StrikeDummy"},{"floor":30.0,"key":"Anchor"},{"floor":43.0,"key":"HornCleat"},{"floor":46.0,"key":"Vajra"},{"floor":47.0,"key":"Happy Flower"},{"floor":48.0,"key":"Regal Pillow"}],"event_choices":[{"cards_removed":["Strike_B"],"damage_healed":0.0,"max_hp_gain":0.0,"max_hp_loss":0.0,"gold_gain":0.0,"event_name":"Purifier","player_choice":"Purged","floor":20.0,"gold_loss":0.0,"damage_taken":0.0},{"cards_removed":["Heatsinks"],"damage_healed":0.0,"max_hp_gain":0.0,"max_hp_loss":0.0,"gold_gain":0.0,"event_name":"Falling","player_choice":"Removed Power","floor":36.0,"gold_loss":0.0,"damage_taken":0.0},{"damage_healed":0.0,"max_hp_gain":0.0,"max_hp_loss":0.0,"gold_gain":0.0,"event_name":"SensoryStone","player_choice":"Memory 3","floor":38.0,"gold_loss":0.0,"damage_taken":10.0}],"is_beta":false,"boss_relics":[{"not_picked":["Philosopher\u0027s Stone","Empty Cage"],"picked":"Calling Bell"},{"not_picked":["Runic Dome","Inserter"],"picked":"Astrolabe"}],"items_purged_floors":[14,19,37],"is_endless":false,"potions_floor_spawned":[4,7,8,10,16,21,22,30,33,45,47],"ascension_level":0}}