{"host":"u9xtr94typ21duox","time":1609306031,"event":{"mods":["BaseMod","Key Reminder","KinomotoSakuraMod(木之本樱)","LagranYue(拉格朗・月)","Marisa（F雨　魔理沙）","Minty Spire (QoL Compilation)","Reimu（博丽灵梦）","Remilia（蕾米莉亚）","Replay The Spire","StSLib","Td1madao Mod","The Administrix","The Bladedancer","The Bug Knight","The Construct","The Cursed","The Gatherer","The Runesmith","The Servant 0.9.4","WarShipGirlsR/战舰少女R mod","Youmu（魂魄妖梦）","vexMod"],"gold_per_floor":[113,132,11,23,73,99,118,135,214,214,214],"floor_reached":10,"playtime":377,"items_purged":["Strike_S"],"score":98,"play_id":"ae74c8d4-1b6d-4e4b-892c-fb286eb8b750","local_time":"20201230132711","is_ascension_mode":true,"campfire_choices":[],"circlet_count":0,"master_deck":["Strike_S","Strike_S","Strike_S","Defend_S","Defend_S","Defend_S","Defend_S","KidneyShot","Exchange","SilverBlades","SilverBlades","FastForward","Comet","MurderousAura+1"],"relics":["Uniform","LagranYue:RandomDrawCardRelic","keyreminder:keyreminder","Golden Egg","Replay:WaspNest"],"acts_visited":["Exordium"],"potions_floor_usage":[6,6,10],"damage_taken":[{"damage":5,"enemies":"Cultist","floor":1,"turns":5},{"damage":6,"enemies":"Small Slimes","floor":2,"turns":5},{"damage":7,"enemies":"2 Louse","floor":4,"turns":3},{"damage":24,"enemies":"Gremlin Nob","floor":6,"turns":5},{"damage":3,"enemies":"Looter","floor":7,"turns":4},{"damage":2,"enemies":"2 Fungi Beasts","floor":8,"turns":4},{"damage":14,"enemies":"3 Sentries","floor":10,"turns":4}],"seed_played":"2153436407737423267","potions_obtained":[{"floor":2,"key":"SpeedPotion"},{"floor":4,"key":"Adrenaline Potion"},{"floor":6,"key":"Languid Potion"}],"is_trial":false,"path_per_floor":["M","M","$","M","T","E","M","M","T","E"],"character_chosen":"THE_SERVANT","items_purchased":["FastForward"],"campfire_rested":0,"item_purchase_floors":[3],"current_hp_per_floor":[54,48,48,41,41,17,14,12,12,0,0],"gold":214,"neow_bonus":"THREE_CARDS","is_daily":false,"chose_seed":false,"campfire_upgraded":0,"win_rate":0.0,"timestamp":1609306031,"path_taken":["M","?","$","M","?","E","M","?","T","E"],"items_purchased_type":["Card"],"build_version":"2020-12-22","purchased_purges":1,"victory":false,"max_hp_per_floor":[65,65,65,65,65,65,65,65,65,65,65],"card_choices":[{"not_picked":["TimeWarp","Reset"],"picked":"SilverBlades","floor":1},{"not_picked":["Spin","Defy"],"picked":"SilverBlades","floor":2},{"not_picked":["Rearm","SilverBlades"],"picked":"Comet","floor":4},{"not_picked":["Replace","Misdirection"],"picked":"MurderousAura","floor":6},{"not_picked":["ShatteredReality","Snipe","Unruled"],"picked":"SKIP","floor":7},{"not_picked":["Replace","ShatteredReality","Rewind"],"picked":"SKIP","floor":8}],"player_experience":259462,"relics_obtained":[{"floor":6,"key":"Golden Egg"},{"floor":9,"key":"Replay:WaspNest"}],"event_choices":[],"is_beta":false,"boss_relics":[],"items_purged_floors":[3],"is_endless":false,"potions_floor_spawned":[2,4,6],"killed_by":"3 Sentries","ascension_level":8}}