{"host":"e4hse1vg61zltgzv","time":1609327124,"event":{"mods":["AchievementEnabler","BaseMod","Block Reminder","Colored Map","DeckTracker","GifTheSpireLib","Minty Spire (QoL Compilation)","Rare Cards Sparkle","StSLib","SuperFastMode","everything is the same but u backflip on backflip"],"gold_per_floor":[113,130,55,105,118,118,150,150,150,8,19,53,69,43,43,115,165,181,196,196,111,111,111,146,146,146,180,194,194,227,154,154,230,230,242,255,255,267,142,173,173,173,221,251,60,60,85,95,95,95,95,95,95,10,45,45],"floor_reached":57,"playtime":2024,"items_purged":["Defend_B","Defend_B","Compile Driver+1","Defend_B+1"],"score":3208,"play_id":"cc72f6af-7cd3-4de1-8dec-333def3516c4","local_time":"20201230201844","is_ascension_mode":true,"campfire_choices":[{"data":"Go for the Eyes","floor":6.0,"key":"SMITH"},{"data":"Beam Cell","floor":8.0,"key":"SMITH"},{"data":"Glacier","floor":15.0,"key":"SMITH"},{"data":"Skim","floor":23.0,"key":"SMITH"},{"data":"Dualcast","floor":25.0,"key":"SMITH"},{"data":"Self Repair","floor":29.0,"key":"SMITH"},{"floor":32.0,"key":"REST"},{"data":"Seek","floor":41,"key":"SMITH"},{"floor":49,"key":"RECALL"},{"data":"Recycle","floor":53,"key":"SMITH"}],"circlet_count":0,"master_deck":["AscendersBane","Zap+1","Dualcast+1","Gash","Gash","Gash+1","Go for the Eyes+1","Beam Cell+1","Glacier+1","Skim+1","Hologram+1","Scrape+1","Self Repair+1","Seek+1","Chill+1","Recycle+1"],"relics":["Cracked Core","InkBottle","Molten Egg 2","StrikeDummy","Tiny House","Bottled Flame","Sundial","Toy Ornithopter","Blood Vial","War Paint","SlaversCollar","Meat on the Bone","Bronze Scales","Unceasing Top","Bag of Marbles","Du-Vu Doll","TungstenRod","TheAbacus"],"acts_visited":["Exordium","TheCity","TheBeyond","TheEnding"],"potions_floor_usage":[40,55,56,56,56,56,56,56,56],"damage_taken":[{"damage":5.0,"enemies":"Small Slimes","floor":1.0,"turns":2.0},{"damage":0.0,"enemies":"Cultist","floor":2.0,"turns":3.0},{"damage":7.0,"enemies":"Jaw Worm","floor":5.0,"turns":2.0},{"damage":5.0,"enemies":"Gremlin Nob","floor":7.0,"turns":3.0},{"damage":0.0,"enemies":"Exordium Wildlife","floor":11.0,"turns":3.0},{"damage":25.0,"enemies":"3 Sentries","floor":12.0,"turns":5.0},{"damage":0.0,"enemies":"Large Slime","floor":13.0,"turns":3.0},{"damage":0.0,"enemies":"Hexaghost","floor":16.0,"turns":5.0},{"damage":0.0,"enemies":"Chosen","floor":18.0,"turns":2.0},{"damage":2.0,"enemies":"Spheric Guardian","floor":19.0,"turns":3.0},{"damage":23.0,"enemies":"Slavers","floor":24.0,"turns":2.0},{"damage":11.0,"enemies":"Book of Stabbing","floor":27.0,"turns":3.0},{"damage":13.0,"enemies":"Snake Plant","floor":28.0,"turns":2.0},{"damage":19.0,"enemies":"Slavers","floor":30.0,"turns":4.0},{"damage":14.0,"enemies":"Collector","floor":33.0,"turns":4.0},{"damage":24.0,"enemies":"3 Shapes","floor":35.0,"turns":3.0},{"damage":0.0,"enemies":"3 Darklings","floor":36.0,"turns":3.0},{"damage":0.0,"enemies":"Transient","floor":38.0,"turns":6.0},{"damage":0,"enemies":"Reptomancer","floor":40,"turns":4},{"damage":0,"enemies":"Giant Head","floor":44,"turns":3},{"damage":0,"enemies":"Reptomancer","floor":47,"turns":3},{"damage":9,"enemies":"Maw","floor":48,"turns":4},{"damage":73,"enemies":"Time Eater","floor":50,"turns":7},{"damage":0,"enemies":"Awakened One","floor":51,"turns":4},{"damage":0,"enemies":"Shield and Spear","floor":55,"turns":2},{"damage":143,"enemies":"The Heart","floor":56,"turns":7}],"seed_played":"-2216903973097423703","potions_obtained":[{"floor":0.0,"key":"Fire Potion"},{"floor":0.0,"key":"DistilledChaos"},{"floor":1.0,"key":"EntropicBrew"},{"floor":11.0,"key":"LiquidBronze"},{"floor":17.0,"key":"AttackPotion"},{"floor":28.0,"key":"Swift Potion"},{"floor":30.0,"key":"FearPotion"},{"floor":44,"key":"Fire Potion"},{"floor":48,"key":"EssenceOfSteel"},{"floor":55,"key":"FocusPotion"}],"is_trial":false,"path_per_floor":["M","M","$","?","M","R","E","R","T","$","M","E","M","$","R","B",null,"M","M","?","$","?","R","E","R","T","E","M","R","E","?","R","B",null,"M","M","?","M","$","E","R","T","T","E","$","?","E","M","R","B","B",null,"R","$","E","B",null],"character_chosen":"DEFECT","items_purchased":["Glacier","Compile Driver+1","Scrape+1","Recycle","LiquidMemories"],"campfire_rested":1,"item_purchase_floors":[10,14,21,45,54],"current_hp_per_floor":[59,59,59,59,52,52,47,47,47,47,47,22,22,22,22,22,64,64,62,62,62,62,62,39,39,39,28,15,15,11,11,33,31,65,43,45,45,57,57,74,74,74,74,76,76,76,76,76,76,25,49,69,69,69,76,37],"gold":45,"neow_bonus":"THREE_SMALL_POTIONS","is_daily":false,"chose_seed":false,"campfire_upgraded":8,"win_rate":0.0,"timestamp":1609327124,"path_taken":["M","M","$","?","M","R","E","R","T","$","M","E","M","?","R","BOSS","M","M","?","$","?","R","E","R","T","E","M","R","E","?","R","BOSS","M","?","?","M","$","E","R","?","T","E","$","?","E","M","R","BOSS","BOSS","R","$","E","BOSS"],"items_purchased_type":["Card","Card","Card","Card","Potion"],"build_version":"2020-12-22","purchased_purges":4,"victory":true,"max_hp_per_floor":[71,71,71,71,71,71,71,71,71,71,71,71,71,71,71,71,76,76,76,76,76,76,76,76,76,76,76,76,76,76,76,76,76,76,76,76,76,76,76,76,76,76,76,76,76,76,76,76,76,76,76,76,76,76,76,76],"card_choices":[{"not_picked":["Defragment","Cold Snap"],"picked":"Go for the Eyes","floor":1.0},{"not_picked":["Hologram","Sweeping Beam","Steam"],"picked":"SKIP","floor":2.0},{"not_picked":["Tempest","Gash","Reprogram"],"picked":"SKIP","floor":5.0},{"not_picked":["Capacitor","Gash"],"picked":"Beam Cell","floor":7.0},{"not_picked":["Fission","Streamline+1","Cold Snap+1"],"picked":"SKIP","floor":11.0},{"not_picked":["Multi-Cast","Gash+1","Redo"],"picked":"SKIP","floor":12.0},{"not_picked":["Redo","Cold Snap+1","Aggregate"],"picked":"SKIP","floor":13.0},{"not_picked":["Go for the Eyes+1","Reprogram"],"picked":"Skim","floor":17.0},{"not_picked":["Heatsinks","Consume"],"picked":"Hologram+1","floor":18.0},{"not_picked":["Go for the Eyes+1","Turbo","Gash+1"],"picked":"SKIP","floor":19.0},{"not_picked":["Gash+1","Chill","Ball Lightning+1"],"picked":"SKIP","floor":24.0},{"not_picked":["Hello World","Sweeping Beam+1","Steam"],"picked":"SKIP","floor":27.0},{"not_picked":["Rip and Tear+1","Go for the Eyes+1"],"picked":"Self Repair","floor":28.0},{"not_picked":["Defragment","Gash+1","Recycle"],"picked":"SKIP","floor":30.0},{"not_picked":["Core Surge+1","Hyperbeam+1"],"picked":"Seek","floor":33.0},{"not_picked":["Sweeping Beam+1","Steam"],"picked":"Chill+1","floor":35.0},{"not_picked":["Cold Snap+1","Ball Lightning+1","Compile Driver+1"],"picked":"SKIP","floor":36.0},{"not_picked":["Double Energy","Cold Snap+1","Turbo"],"picked":"SKIP","floor":38.0},{"not_picked":["Creative AI","Conserve Battery","Barrage+1"],"picked":"SKIP","floor":40},{"not_picked":["Chaos","Streamline+1","Coolheaded"],"picked":"SKIP","floor":44},{"not_picked":["Beam Cell+1","Defragment","Leap"],"picked":"SKIP","floor":47},{"not_picked":["Thunder Strike+1","Hello World","Beam Cell+1"],"picked":"SKIP","floor":48},{"not_picked":["Hologram","Rebound+1","Consume+1"],"picked":"SKIP","floor":55}],"player_experience":766488,"relics_obtained":[{"floor":7.0,"key":"InkBottle"},{"floor":9.0,"key":"Molten Egg 2"},{"floor":12.0,"key":"StrikeDummy"},{"floor":24.0,"key":"Bottled Flame"},{"floor":26.0,"key":"Sundial"},{"floor":27.0,"key":"Toy Ornithopter"},{"floor":30.0,"key":"Blood Vial"},{"floor":40,"key":"Meat on the Bone"},{"floor":43,"key":"Bronze Scales"},{"floor":44,"key":"Bag of Marbles"},{"floor":47,"key":"Du-Vu Doll"},{"floor":55,"key":"TungstenRod"}],"event_choices":[{"damage_healed":0.0,"max_hp_gain":0.0,"max_hp_loss":0.0,"gold_gain":50.0,"event_name":"Golden Shrine","player_choice":"Pray","floor":4.0,"gold_loss":0.0,"damage_taken":0.0},{"damage_healed":0.0,"max_hp_gain":0.0,"max_hp_loss":0.0,"gold_gain":0.0,"event_name":"Ghosts","player_choice":"Ignored","floor":20.0,"gold_loss":0.0,"damage_taken":0.0},{"cards_removed":["Defend_B"],"damage_healed":0.0,"max_hp_gain":0.0,"max_hp_loss":0.0,"gold_gain":0.0,"event_name":"Back to Basics","player_choice":"Elegance","floor":22.0,"gold_loss":0.0,"damage_taken":0.0},{"damage_healed":0.0,"max_hp_gain":0.0,"max_hp_loss":0.0,"gold_gain":0.0,"event_name":"WeMeetAgain","player_choice":"Paid Gold","floor":31.0,"gold_loss":73.0,"damage_taken":0.0,"relics_obtained":["War Paint"]},{"cards_removed":["Gash"],"damage_healed":0.0,"max_hp_gain":0.0,"max_hp_loss":0.0,"gold_gain":0.0,"event_name":"Falling","player_choice":"Removed Attack","floor":37.0,"gold_loss":0.0,"damage_taken":0.0},{"damage_healed":0,"gold_gain":0,"player_choice":"Ignored","damage_taken":0,"max_hp_gain":0,"max_hp_loss":0,"event_name":"SecretPortal","floor":46,"gold_loss":0}],"is_beta":false,"boss_relics":[{"not_picked":["Busted Crown","Sozu"],"picked":"Tiny House"},{"not_picked":["Calling Bell","SacredBark"],"picked":"SlaversCollar"}],"items_purged_floors":[3,10,39,45],"is_endless":false,"potions_floor_spawned":[1,2,5,11,28,30,38,44,48,55],"ascension_level":20}}