{"host":"gttgmv2wah99hzdm","time":1609347841,"event":{"mods":["AchievementEnabler","BaseMod","Bestiary","Block Reminder","Filter the Spire","Minty Spire (QoL Compilation)","Relic Stats","ojb\u0027s Better Paths Mod","ojb\u0027s Info Mod"],"gold_per_floor":[16,28,38,38,3,3,31,31,31,106,106,123,151,169,169,169,169],"floor_reached":16,"playtime":683,"items_purged":[],"score":220,"play_id":"a8245357-76e3-4599-aadc-7e6a827e88e4","local_time":"20201230110401","is_ascension_mode":true,"campfire_choices":[{"data":"Bash","floor":6.0,"key":"SMITH"},{"data":"Carnage","floor":8,"key":"SMITH"},{"data":"True Grit","floor":15,"key":"SMITH"}],"circlet_count":0,"master_deck":["AscendersBane","Strike_R","Strike_R+1","Strike_R","Strike_R","Strike_R","Defend_R","Defend_R+1","Defend_R","Defend_R","Bash+1","Headbutt","Sword Boomerang","Shrug It Off","Carnage+1","Battle Trance","True Grit+1","Dark Embrace"],"relics":["Burning Blood","Calipers","Question Card","Boot","InkBottle"],"acts_visited":["Exordium"],"potions_floor_usage":[7,14,16],"damage_taken":[{"damage":8.0,"enemies":"Cultist","floor":1.0,"turns":5.0},{"damage":4.0,"enemies":"Small Slimes","floor":2.0,"turns":5.0},{"damage":5.0,"enemies":"2 Louse","floor":3.0,"turns":3.0},{"damage":19,"enemies":"3 Sentries","floor":7,"turns":6},{"damage":1,"enemies":"2 Fungi Beasts","floor":12,"turns":3},{"damage":8,"enemies":"Gremlin Nob","floor":13,"turns":3},{"damage":9,"enemies":"Large Slime","floor":14,"turns":6},{"damage":33,"enemies":"Hexaghost","floor":16,"turns":9}],"seed_played":"9150056647552565014","potions_obtained":[{"floor":1.0,"key":"PowerPotion"},{"floor":12,"key":"Swift Potion"},{"floor":13,"key":"SteroidPotion"},{"floor":14,"key":"Block Potion"}],"is_trial":false,"path_per_floor":["M","M","M","$","?","R","E","R","T","?","?","M","E","M","R","B"],"character_chosen":"IRONCLAD","items_purchased":[],"campfire_rested":0,"item_purchase_floors":[],"current_hp_per_floor":[66,68,69,69,75,75,62,62,62,51,28,33,31,28,28,0,0],"gold":169,"neow_bonus":"ONE_RARE_RELIC","is_daily":false,"chose_seed":false,"campfire_upgraded":3,"win_rate":0.0,"timestamp":1609347841,"path_taken":["M","M","M","$","?","R","E","R","T","?","?","M","E","M","R","BOSS"],"items_purchased_type":[],"build_version":"2020-12-22","purchased_purges":0,"victory":false,"max_hp_per_floor":[75,75,75,75,75,75,75,75,75,75,75,75,75,75,75,75,75],"relic_stats":{"counters":[8,40],"Question Card":3,"Boot":[20],"obtain_stats":[{"Calipers":0,"Question Card":7,"Boot":9,"Burning Blood":0,"InkBottle":13},{"Calipers":0,"Question Card":4,"Boot":4,"Burning Blood":0,"InkBottle":6},{"Calipers":0,"Question Card":19,"Boot":19,"Burning Blood":0,"InkBottle":25}],"Burning Blood":42,"InkBottle":[1]},"card_choices":[{"not_picked":["Sever Soul","Searing Blow"],"picked":"Headbutt","floor":1.0},{"not_picked":["Thunderclap","Havoc"],"picked":"Sword Boomerang","floor":2.0},{"not_picked":["Fire Breathing","Pummel"],"picked":"Shrug It Off","floor":3.0},{"not_picked":["Reckless Charge","Feel No Pain"],"picked":"Carnage","floor":7},{"not_picked":["Pommel Strike","Wild Strike","Body Slam"],"picked":"Battle Trance","floor":12},{"not_picked":["Clash","Bloodletting","Armaments"],"picked":"True Grit","floor":13},{"not_picked":["Sword Boomerang","Second Wind","Infernal Blade"],"picked":"Dark Embrace","floor":14}],"player_experience":1036171,"relics_obtained":[{"floor":7,"key":"Question Card"},{"floor":9,"key":"Boot"},{"floor":13,"key":"InkBottle"}],"event_choices":[{"damage_healed":18.0,"max_hp_gain":0.0,"max_hp_loss":0.0,"gold_gain":0.0,"event_name":"The Cleric","player_choice":"Healed","floor":5.0,"gold_loss":35.0,"damage_taken":0.0},{"damage_healed":0,"gold_gain":75,"player_choice":"Gather Gold","damage_taken":11,"max_hp_gain":0,"max_hp_loss":0,"event_name":"World of Goop","floor":10,"gold_loss":0},{"damage_healed":0,"gold_gain":0,"player_choice":"Entered Light","damage_taken":23,"max_hp_gain":0,"max_hp_loss":0,"event_name":"Shining Light","floor":11,"gold_loss":0,"cards_upgraded":["Defend_R","Strike_R"]}],"is_beta":false,"boss_relics":[],"items_purged_floors":[],"is_endless":false,"potions_floor_spawned":[1,12,13,14],"killed_by":"Hexaghost","ascension_level":20}}