{"host":"w2kjv12xyhtt0cv2","time":1609339132,"event":{"mods":["Act Like it!","BaseMod","Colored Map","Friendly Minions","Gensokyo","Highlight Path","Hubris","Kiyohime（清姬）","Marisa（F雨　魔理沙）","Minty Spire (QoL Compilation)","Quick Restart","Reimu（博丽灵梦）","Relic Stats","Replay The Spire","RumiaBox-露米娅的神秘盒子","Shop Mod","Spicy Shops","StSLib","The Cursed","The Servant 0.9.4","UnlockEverythingMod","Waifu the Spire","[功能]功能增强和修复MOD","vexMod","【功能Mod】Neow奖励","【遗物卡牌】REMEMod","没有小屋子和绿帽子啦"],"gold_per_floor":[111,9,9,9,9,9,19,52,52,52,52,52,52,52,70,88,88,88,88],"floor_reached":18,"playtime":673,"items_purged":[],"score":235,"play_id":"2b463794-8727-4e1c-bd71-fb88de16fda7","local_time":"20201230223852","is_ascension_mode":true,"campfire_choices":[{"data":"TheCursedMod:DemonSword","floor":6,"key":"SMITH"},{"data":"Rearm","floor":12,"key":"SMITH"},{"data":"Gensokyo:CrescentMoonSlash","floor":17,"key":"SMITH"}],"circlet_count":0,"master_deck":["Strike_S","Strike_S","Strike_S","Strike_S","Defend_S","Defend_S","Defend_S","Defend_S","KidneyShot","TheCursedMod:DemonSword+1","BestPractice","Gensokyo:RustyChest","Gensokyo:RPG","Rearm+1","BottledTime","Gensokyo:CrescentMoonSlash+1","Contraction"],"relics":["Uniform","REME_ComplimentaryCards","NeowsBlessing","Gensokyo:Justice","Lantern","hubris:BundleOfHerbs","Gensokyo:CelestialsFlawlessClothing","Potion Belt"],"acts_visited":["Gensokyo:Gensokyo"],"potions_floor_usage":[18],"damage_taken":[{"damage":0.0,"enemies":"Gensokyo:2_Kodama","floor":1.0,"turns":1.0},{"damage":0,"enemies":"Gensokyo:3_Fairies","floor":7,"turns":1},{"damage":0,"enemies":"Gensokyo:Aya","floor":8,"turns":1},{"damage":9,"enemies":"Gensokyo:Gryphon","floor":15,"turns":3},{"damage":12,"enemies":"Gensokyo:Kitsune","floor":16,"turns":4},{"damage":154,"enemies":"Gensokyo:Kokoro","floor":18,"turns":16}],"seed_played":"8350554566060232957","potions_obtained":[{"floor":7,"key":"Elixir"},{"floor":16,"key":"AttackPotion"}],"is_trial":false,"path_per_floor":["M","COS","?","?","$","R","M","E","PTL","PTL","T","R","?","?","M","M","R","B"],"character_chosen":"THE_SERVANT","items_purchased":[],"campfire_rested":0,"item_purchase_floors":[],"current_hp_per_floor":[59,59,59,59,59,59,59,59,59,59,59,59,43,34,25,18,18,0,0],"gold":88,"neow_bonus":"THREE_ENEMY_KILL","is_daily":false,"chose_seed":false,"campfire_upgraded":3,"win_rate":0.0,"timestamp":1609339132,"path_taken":["M","COS","?","?","?","R","?","E","PTL","PTL","T","R","?","?","M","M","R","BOSS"],"items_purchased_type":[],"build_version":"2020-12-22","purchased_purges":0,"victory":false,"max_hp_per_floor":[65,65,65,65,65,65,65,65,65,65,65,65,65,65,65,65,65,65,65],"relic_stats":{"counters":[6,26],"obtain_stats":[{"Potion Belt":18,"Lantern":8,"NeowsBlessing":0,"hubris:BundleOfHerbs":11,"Uniform":0,"Gensokyo:Justice":3,"Gensokyo:CelestialsFlawlessClothing":13,"REME_ComplimentaryCards":0},{"Potion Belt":6,"Lantern":3,"NeowsBlessing":0,"hubris:BundleOfHerbs":3,"Uniform":0,"Gensokyo:Justice":1,"Gensokyo:CelestialsFlawlessClothing":3,"REME_ComplimentaryCards":0},{"Potion Belt":13,"Lantern":3,"NeowsBlessing":0,"hubris:BundleOfHerbs":3,"Uniform":0,"Gensokyo:Justice":1,"Gensokyo:CelestialsFlawlessClothing":3,"REME_ComplimentaryCards":0}]},"card_choices":[{"not_picked":["Alleviate","Ricochet"],"picked":"BestPractice","floor":1.0},{"not_picked":["Revamp","Alleviate"],"picked":"Rearm","floor":4},{"not_picked":["Starlight","Revamp"],"picked":"BottledTime","floor":7},{"not_picked":["Shuttle","Revamp","FastForward"],"picked":"SKIP","floor":8},{"not_picked":["Defy","Potential","SurpressingFire"],"picked":"SKIP","floor":15},{"not_picked":["BottledTime","Rewind"],"picked":"Contraction","floor":16}],"player_experience":69513,"relics_obtained":[{"floor":8,"key":"Lantern"},{"floor":11,"key":"hubris:BundleOfHerbs"}],"event_choices":[],"is_beta":false,"boss_relics":[],"items_purged_floors":[],"is_endless":false,"potions_floor_spawned":[7,16],"killed_by":"Gensokyo:Kokoro","ascension_level":6}}