{"host":"porgtwlvhh3hs75v","time":1609336281,"event":{"mods":["ATMod(°¢èªMod)","Act Like it!","BaseMod","GifTheSpireLib","Minty Spire (QoL Compilation)","Quick Restart","Replay The Spire","StSLib"],"gold_per_floor":[111,121,121,121,196,239,150,150,150,176,200,223,247,274,274,380,380,414,464,464,200,235,235,299,331,331,386,410,410,70,129,129,261,261,288,288,329,364,38,38,95,95,95,97,27,81,108,108,108,136,176,176,176,95,66,86],"floor_reached":57,"playtime":2368,"items_purged":["Voices","Strike_P","Defend_P","Injury","ReplayTheSpireMod:Splinters"],"score":3419,"play_id":"bc8976e1-ee62-4725-8ff0-5805443ca967","local_time":"20201230215121","is_ascension_mode":true,"campfire_choices":[{"data":"Eruption","floor":15.0,"key":"SMITH"},{"data":"AT_OneInchPunch","floor":23.0,"key":"SMITH"},{"data":"CrushJoints","floor":29.0,"key":"SMITH"},{"floor":32.0,"key":"DIG"},{"data":"Adaptation","floor":40.0,"key":"SMITH"},{"data":"Wallop","floor":42.0,"key":"SMITH"},{"floor":49.0,"key":"RECALL"},{"data":"FearNoEvil","floor":53.0,"key":"SMITH"}],"circlet_count":0,"master_deck":["AscendersBane","Eruption+1","Vigilance","AT_EmpoweredMortalDraw","CrushJoints+1","Indignation+1","AT_OneInchPunch+1","Crescendo+1","AT_IrregularMenstruation+1","InnerPeace+1","DeusExMachina+1","FlurryOfBlows","Wallop+1","DeceiveReality+1","Adaptation+1","Pray+1","ClearTheMind+1","DevaForm+1","FearNoEvil+1"],"relics":["PureWater","AT_ATBox","NeowsBlessing","Golden Idol","Replay:Rubber Ducky","ReplayTheSpireMod:CursedCoin","Replay:Bandana","Toxic Egg 2","FossilizedHelix","Cursed Key","OrangePellets","ReplayTheSpireMod:TigerMarble","Mercury Hourglass","Membership Card","Toy Ornithopter","Matryoshka","InkBottle","Kintsugi","BargainBundle","AT_ArchangelStaff","Ornamental Fan","Regal Pillow","ReplayTheSpireMod:Lightbulb","Replay:Wax Seal","PrismaticShard","Yang","ClockworkSouvenir","Gremlin Food"],"acts_visited":["Exordium","TheCity","TheBeyond","TheEnding"],"potions_floor_usage":[56],"damage_taken":[{"damage":0.0,"enemies":"Cultist","floor":1.0,"turns":1.0},{"damage":0.0,"enemies":"Small Slimes","floor":2.0,"turns":1.0},{"damage":0.0,"enemies":"Gremlin Nob","floor":6.0,"turns":1.0},{"damage":0.0,"enemies":"2 Louse","floor":10.0,"turns":2.0},{"damage":0.0,"enemies":"Looter","floor":11.0,"turns":2.0},{"damage":0.0,"enemies":"Exordium Wildlife","floor":12.0,"turns":1.0},{"damage":0.0,"enemies":"Blue Slaver","floor":13.0,"turns":2.0},{"damage":0.0,"enemies":"Looter","floor":14.0,"turns":2.0},{"damage":0.0,"enemies":"Slime Boss","floor":16.0,"turns":3.0},{"damage":0.0,"enemies":"2 Thieves","floor":18.0,"turns":3.0},{"damage":0.0,"enemies":"Chosen","floor":22.0,"turns":2.0},{"damage":0.0,"enemies":"Gremlin Leader","floor":24.0,"turns":4.0},{"damage":0.0,"enemies":"Snecko","floor":25.0,"turns":2.0},{"damage":0.0,"enemies":"Slavers","floor":27.0,"turns":3.0},{"damage":0.0,"enemies":"Centurion and Healer","floor":28.0,"turns":1.0},{"damage":0.0,"enemies":"Book of Stabbing","floor":31.0,"turns":3.0},{"damage":23.0,"enemies":"Pondfish","floor":33.0,"turns":5.0},{"damage":0.0,"enemies":"3 Darklings","floor":35.0,"turns":3.0},{"damage":0.0,"enemies":"3 Shapes","floor":37.0,"turns":3.0},{"damage":0.0,"enemies":"3 Darklings","floor":38.0,"turns":2.0},{"damage":10.0,"enemies":"R_Hoarder","floor":41.0,"turns":7.0},{"damage":0.0,"enemies":"4 Shapes","floor":45.0,"turns":4.0},{"damage":0.0,"enemies":"Reptomancer","floor":46.0,"turns":2.0},{"damage":0.0,"enemies":"Transient","floor":47.0,"turns":6.0},{"damage":0.0,"enemies":"Awakened One","floor":50.0,"turns":6.0},{"damage":0.0,"enemies":"Replay:Hell Engine","floor":51.0,"turns":5.0},{"damage":0.0,"enemies":"Shield and Spear","floor":55.0,"turns":5.0},{"damage":44,"enemies":"The Heart","floor":56,"turns":7}],"seed_played":"7402778031874381264","potions_obtained":[{"floor":1.0,"key":"Weak Potion"},{"floor":2.0,"key":"Block Potion"},{"floor":11.0,"key":"PowerPotion"},{"floor":14.0,"key":"Adrenaline Potion"},{"floor":18.0,"key":"FearPotion"},{"floor":28.0,"key":"SteroidPotion"},{"floor":33.0,"key":"Ancient Potion"},{"floor":35.0,"key":"Languid Potion"},{"floor":46.0,"key":"PowerPotion"}],"is_trial":false,"path_per_floor":["M","M","?","?","?","E","$","?","T","M","M","M","M","M","R","B",null,"M","?","?","$","M","R","E","M","T","E","M","R","$","E","R","B",null,"M","?","M","M","$","R","E","R","T","$","M","E","M","?","R","B","B",null,"R","$","E","B",null],"character_chosen":"WATCHER","items_purchased":["ReplayTheSpireMod:CursedCoin","Replay:Bandana","OrangePellets","Membership Card","Pray+1","Toy Ornithopter","BargainBundle","AT_ArchangelStaff","Ornamental Fan","Replay:Wax Seal","PrismaticShard","ClockworkSouvenir"],"campfire_rested":0,"item_purchase_floors":[7,7,21,30,30,30,39,39,39,44,44,54],"current_hp_per_floor":[61,61,61,61,50,50,50,45,45,45,45,45,45,45,45,45,58,58,58,58,58,58,58,58,58,58,58,58,58,58,62,62,39,56,56,56,56,56,56,56,46,46,46,46,46,46,46,46,46,46,46,58,58,58,62,18],"gold":86,"neow_bonus":"THREE_ENEMY_KILL","is_daily":false,"chose_seed":false,"campfire_upgraded":6,"win_rate":0.0,"timestamp":1609336281,"path_taken":["M","M","?","?","?","E","$","?","T","M","M","?","M","M","R","BOSS","M","?","?","$","M","R","E","M","T","E","M","R","$","E","R","BOSS","M","?","M","?","?","R","E","R","T","$","M","E","M","?","R","BOSS","BOSS","R","$","E","BOSS"],"items_purchased_type":["Relic","Relic","Relic","Relic","Card","Relic","Relic","Relic","Relic","Relic","Relic","Relic"],"build_version":"2020-12-22","purchased_purges":5,"victory":true,"max_hp_per_floor":[68,68,68,62,62,62,62,62,62,62,62,62,62,62,62,62,62,62,62,62,62,62,62,62,62,62,62,62,62,62,62,62,62,62,62,62,62,62,62,62,62,62,62,62,62,62,62,62,62,62,62,62,62,62,62,62],"card_choices":[{"not_picked":["AT_DivineConfetti","SashWhip"],"picked":"SignatureMove","floor":1.0},{"not_picked":["Swivel","Protect"],"picked":"CrushJoints","floor":2.0},{"not_picked":["Consecrate","SandsOfTime","WaveOfTheHand"],"picked":"SKIP","floor":6.0},{"not_picked":["Collect+1","SandsOfTime"],"picked":"Indignation+1","floor":10.0},{"not_picked":["SashWhip","WreathOfFlame+1"],"picked":"AT_OneInchPunch","floor":11.0},{"not_picked":["FlyingSleeves","EmptyBody+1"],"picked":"Crescendo+1","floor":12.0},{"not_picked":["AT_RealFormLess+1","EmptyBody+1"],"picked":"AT_IrregularMenstruation+1","floor":13.0},{"not_picked":["Replay:Hum+1","Replay:ManipulateFuture+1"],"picked":"InnerPeace+1","floor":14.0},{"not_picked":["Brilliance","Establishment"],"picked":"DeusExMachina+1","floor":16.0},{"not_picked":["Weave","ThirdEye+1"],"picked":"FlurryOfBlows","floor":18.0},{"not_picked":["FlurryOfBlows","ReachHeaven"],"picked":"BowlingBash+1","floor":22.0},{"not_picked":["EmptyFist+1","LessonLearned"],"picked":"Adaptation","floor":24.0},{"not_picked":["InnerPeace+1","EmptyFist","Wireheading"],"picked":"SKIP","floor":25.0},{"not_picked":["InnerPeace+1","Blasphemy+1","Study"],"picked":"SKIP","floor":27.0},{"not_picked":["WreathOfFlame+1","Replay:BluntJabs","AT_OneInchPunch"],"picked":"SKIP","floor":28.0},{"not_picked":["Evaluate+1","ForeignInfluence+1"],"picked":"ClearTheMind+1","floor":31.0},{"not_picked":["Ragnarok","Establishment"],"picked":"DevaForm","floor":33.0},{"not_picked":["Replay:BluntJabs","ThirdEye+1","SandsOfTime"],"picked":"SKIP","floor":35.0},{"not_picked":["LikeWater+1","SandsOfTime","FlyingSleeves"],"picked":"SKIP","floor":37.0},{"not_picked":["CutThroughFate","ThirdEye+1","EmptyMind+1"],"picked":"SKIP","floor":38.0},{"not_picked":["BowlingBash+1","Evaluate+1"],"picked":"FearNoEvil","floor":41.0},{"not_picked":["BowlingBash+1","PiercingWail+1","Poisoned Stab"],"picked":"SKIP","floor":45.0},{"not_picked":["Dash","Heavy Blade","Doom and Gloom"],"picked":"SKIP","floor":46.0},{"not_picked":["Replay:Undeath\u0027s Touch","Replay:AtTheReady+1","Evaluate+1"],"picked":"SKIP","floor":47.0},{"not_picked":["BowlingBash","Clothesline","Sucker Punch+1"],"picked":"SKIP","floor":55.0}],"player_experience":515245,"relics_obtained":[{"floor":6.0,"key":"Replay:Rubber Ducky"},{"floor":9.0,"key":"FossilizedHelix"},{"floor":24.0,"key":"ReplayTheSpireMod:TigerMarble"},{"floor":27.0,"key":"Mercury Hourglass"},{"floor":31.0,"key":"Matryoshka"},{"floor":32.0,"key":"InkBottle"},{"floor":41.0,"key":"Regal Pillow"},{"floor":43.0,"key":"ReplayTheSpireMod:Lightbulb"},{"floor":46.0,"key":"Yang"},{"floor":55.0,"key":"Gremlin Food"}],"event_choices":[{"damage_healed":0.0,"max_hp_gain":0.0,"max_hp_loss":0.0,"gold_gain":0.0,"event_name":"Liars Game","player_choice":"Ignored","floor":3.0,"gold_loss":0.0,"damage_taken":0.0},{"damage_healed":0.0,"max_hp_gain":0.0,"max_hp_loss":6.0,"gold_gain":0.0,"event_name":"Golden Idol","player_choice":"Lose Max HP","floor":4.0,"gold_loss":0.0,"damage_taken":0.0,"relics_obtained":["Golden Idol"]},{"damage_healed":0.0,"max_hp_gain":0.0,"max_hp_loss":0.0,"gold_gain":75.0,"event_name":"World of Goop","player_choice":"Gather Gold","floor":5.0,"gold_loss":0.0,"damage_taken":11.0},{"damage_healed":0.0,"max_hp_gain":0.0,"max_hp_loss":0.0,"gold_gain":0.0,"event_name":"Scrap Ooze","player_choice":"Success","floor":8.0,"gold_loss":0.0,"damage_taken":5.0,"relics_obtained":["Toxic Egg 2"]},{"damage_healed":0.0,"max_hp_gain":0.0,"max_hp_loss":0.0,"gold_gain":50.0,"event_name":"Nest","player_choice":"Stole From Cult","floor":19.0,"gold_loss":0.0,"damage_taken":0.0},{"damage_healed":0.0,"max_hp_gain":0.0,"max_hp_loss":0.0,"gold_gain":0.0,"cards_transformed":["Defend_P","Defend_P"],"event_name":"Drug Dealer","player_choice":"Became Test Subject","floor":20.0,"gold_loss":0.0,"damage_taken":0.0,"cards_obtained":["Wallop","DeceiveReality"]},{"cards_removed":["Injury"],"damage_healed":0.0,"max_hp_gain":0.0,"max_hp_loss":0.0,"gold_gain":0.0,"event_name":"Wheel of Change","player_choice":"Card Removal","floor":36.0,"gold_loss":0.0,"damage_taken":0.0},{"cards_removed":["BowlingBash"],"damage_healed":0.0,"max_hp_gain":0.0,"max_hp_loss":0.0,"gold_gain":0.0,"event_name":"Falling","player_choice":"Removed Attack","floor":48.0,"gold_loss":0.0,"damage_taken":0.0}],"is_beta":false,"boss_relics":[{"not_picked":["Abe\u0027s Treasure","Painkiller Herb"],"picked":"Cursed Key"},{"not_picked":["Black Star","SacredBark"],"picked":"Kintsugi"}],"items_purged_floors":[7,21,30,39,44],"is_endless":false,"potions_floor_spawned":[1,2,11,14,16,18,28,33,35,38,41,46],"ascension_level":20}}