{"host":"2lo6hma6kymb0g9i","time":1609312510,"event":{"mods":["BaseMod","Colored Map","DeckTracker","Minty Spire (QoL Compilation)"],"gold_per_floor":[118,118,118,118,193,226,226,240,265,283,301,315,351,366,366,487,487,511,511,436,448,448,448],"floor_reached":22,"playtime":1124,"items_purged":["Strike_B"],"score":265,"play_id":"e1b91553-b889-4043-a0e9-14bcd7dde680","local_time":"20201230161510","is_ascension_mode":true,"campfire_choices":[{"data":"Doom and Gloom","floor":7,"key":"SMITH"},{"floor":15,"key":"REST"}],"circlet_count":0,"master_deck":["Strike_B","Strike_B","Strike_B","Defend_B","Defend_B","Defend_B","Defend_B","Zap","Dualcast","Sweeping Beam","Doom and Gloom+1","Redo","Turbo","Streamline","Beam Cell","Redo","Multi-Cast","Chill","Hologram"],"relics":["Cracked Core","Oddly Smooth Stone","Shovel","Kunai","Akabeko","Regal Pillow","Inserter","Nloth\u0027s Gift"],"acts_visited":["Exordium","TheCity"],"potions_floor_usage":[13,13,21,22,22],"damage_taken":[{"damage":6,"enemies":"Jaw Worm","floor":1,"turns":3},{"damage":22,"enemies":"3 Sentries","floor":6,"turns":9},{"damage":2,"enemies":"Small Slimes","floor":8,"turns":2},{"damage":0,"enemies":"2 Louse","floor":10,"turns":2},{"damage":7,"enemies":"Blue Slaver","floor":11,"turns":3},{"damage":4,"enemies":"Lots of Slimes","floor":12,"turns":2},{"damage":0,"enemies":"Gremlin Nob","floor":13,"turns":2},{"damage":0,"enemies":"2 Fungi Beasts","floor":14,"turns":1},{"damage":32,"enemies":"The Guardian","floor":16,"turns":9},{"damage":69,"enemies":"Shell Parasite","floor":18,"turns":7},{"damage":2,"enemies":"3 Byrds","floor":21,"turns":5},{"damage":3,"enemies":"Snake Plant","floor":22,"turns":2}],"seed_played":"-1998729247784256301","potions_obtained":[{"floor":6,"key":"Energy Potion"},{"floor":8,"key":"LiquidMemories"},{"floor":13,"key":"SkillPotion"},{"floor":14,"key":"Swift Potion"},{"floor":16,"key":"FearPotion"},{"floor":21,"key":"ColorlessPotion"}],"is_trial":false,"path_per_floor":["M","?","?","?","?","E","R","M","T","M","M","M","E","M","R","B",null,"M","?","$","M","M"],"character_chosen":"DEFECT","items_purchased":[],"campfire_rested":1,"item_purchase_floors":[],"current_hp_per_floor":[69,74,49,49,38,16,16,14,14,14,7,3,3,3,40,8,74,5,5,5,3,0,0],"gold":448,"neow_bonus":"RANDOM_COMMON_RELIC","is_daily":false,"chose_seed":false,"campfire_upgraded":1,"win_rate":0.0,"timestamp":1609312510,"path_taken":["M","?","?","?","?","E","R","M","T","?","M","M","E","M","R","BOSS","M","?","$","M","?"],"items_purchased_type":[],"build_version":"2020-12-22","purchased_purges":1,"victory":false,"max_hp_per_floor":[75,80,80,74,74,74,74,74,74,74,74,74,74,74,74,74,74,74,74,74,74,74,74],"card_choices":[{"not_picked":["Beam Cell","Aggregate"],"picked":"Sweeping Beam","floor":1},{"not_picked":["Stack","Undo"],"picked":"Doom and Gloom","floor":6},{"not_picked":["Force Field","Rebound"],"picked":"Redo","floor":8},{"not_picked":["Heatsinks","Ball Lightning"],"picked":"Turbo","floor":10},{"not_picked":["Gash","Steam"],"picked":"Streamline","floor":11},{"not_picked":["Fusion","Compile Driver","Sunder"],"picked":"SKIP","floor":12},{"not_picked":["Creative AI","Fission"],"picked":"Beam Cell","floor":13},{"not_picked":["Go for the Eyes","Undo"],"picked":"Redo","floor":14},{"not_picked":["Core Surge","All For One"],"picked":"Multi-Cast","floor":16},{"not_picked":["Reprogram","White Noise"],"picked":"Chill","floor":18},{"not_picked":["Redo","Coolheaded+1"],"picked":"Hologram","floor":21}],"player_experience":920300,"relics_obtained":[{"floor":6,"key":"Kunai"},{"floor":9,"key":"Akabeko"},{"floor":13,"key":"Regal Pillow"}],"event_choices":[{"damage_healed":0,"gold_gain":0,"player_choice":"Donut","damage_taken":0,"max_hp_gain":5,"max_hp_loss":0,"event_name":"Big Fish","floor":2,"gold_loss":0},{"damage_healed":0,"gold_gain":0,"player_choice":"Success","damage_taken":25,"relics_obtained":["Shovel"],"max_hp_gain":0,"max_hp_loss":0,"event_name":"Scrap Ooze","floor":3,"gold_loss":0},{"damage_healed":0,"gold_gain":0,"player_choice":"Lose Max HP","damage_taken":0,"relics_obtained":["Golden Idol"],"max_hp_gain":0,"max_hp_loss":6,"event_name":"Golden Idol","floor":4,"gold_loss":0},{"damage_healed":0,"gold_gain":75,"player_choice":"Gather Gold","damage_taken":11,"max_hp_gain":0,"max_hp_loss":0,"event_name":"World of Goop","floor":5,"gold_loss":0},{"damage_healed":0,"gold_gain":0,"player_choice":"Traded Relic","damage_taken":0,"relics_obtained":["Nloth\u0027s Gift"],"max_hp_gain":0,"max_hp_loss":0,"event_name":"N\u0027loth","floor":19,"relics_lost":["Golden Idol"],"gold_loss":0}],"is_beta":false,"boss_relics":[{"not_picked":["Cursed Key","Coffee Dripper"],"picked":"Inserter"}],"items_purged_floors":[20],"is_endless":false,"potions_floor_spawned":[6,8,13,14,16,21],"killed_by":"Snake Plant","ascension_level":4}}