{"host":"m4gez01cdgxblqzl","time":1609370451,"event":{"mods":["2.2 Compatiblity","AchievementEnabler","Act Like it!","Aspiration","BaseMod","Better Altar","Better Match","Better Note","Better Sensory Stone","Better Skull","Better Third Choice","BetterRewards","CCEM","Challenge The Spire","Clawfect","Colored Powertips","Conspire","Downfall","GifTheSpireLib","Glutton Mod","Halation","Hermit","Hubris","Infinite Spire","Jedi Mod","Minty Spire (QoL Compilation)","Permanent Neow","READ ME - Guardian Mod","RatMod","Replay The Spire","Shade Mod","Shop Mod","Spicy Shops","Spikes Relics","StSLib","Stuff the Spire","The Blue Laboratory","The Construct","The Jungle","The Problem Sleuth","The Runesmith","The Spell Scribe","Trackpad","Unceasing Turn Reminder","Unknown Chances","everything is the same but u backflip on backflip","vexMod"],"gold_per_floor":[114,114,114,124,21,21,21,21,48,63,76,106,24,49,49,152,152,169,169,169,169,219,108,108,120,120,175,175,203,27,41,41,142,142,157,176,176,176,192,192,220,239,263,282,282,308,324,324,324,324],"floor_reached":51,"playtime":4015,"items_purged":["Notoriety"],"score":898,"play_id":"f35e6fdd-ff1b-411e-ad55-ccc4d8b08547","local_time":"20201230172051","is_ascension_mode":false,"campfire_choices":[{"data":"Infernal Blade","floor":6.0,"key":"SMITH"},{"data":"Heavy Blade","floor":8.0,"key":"SMITH"},{"data":"Invigoration","floor":15.0,"key":"SMITH"},{"floor":28.0,"key":"REST"},{"floor":32.0,"key":"DIG"},{"floor":40,"key":"REST"}],"circlet_count":0,"master_deck":["Defend_R","Defend_R+1","Defend_R+1","Defend_R","Bash","Infernal Blade+1","StuffTheSpire:Incineration","Heavy Blade+1","jedi:MakeshiftSword","Invigoration+1","Heavy Blade","Heavy Blade","Demon Form","Spot Weakness","Impatience","Slimebound:Tackle+1","Slimebound:Tackle+1","Slimebound:Tackle+1","hubris:Fate","Iron Wave+1","Infernal Blade+1","Perfected Strike","Infernal Blade","Hemogenesis","vexMod:UltimateCard","ReplayTheSpireMod:Strike From Hell+1","Thunderclap+1","StuffTheSpire:CuriosityCurse","Fire Breathing+1","Shrug It Off","Parasite","BarbarianYell+1","Warcry+1","Combust+1","Writhe","sneckomod:Bewildered"],"relics":["Burning Blood","Vajra","halation:PinkSoulGem","SpikesRelics:ToyHorsey","Oddly Smooth Stone","hubris:Towel","Orichalcum","aspiration:SeaSaltIceCream","aspiration:Nostalgia","hexamod:SpiritBrand","halation:LostSnail","Potion Belt","Ring of Chaos","ReplayTheSpireMod:Ring of Collecting","Ring of Greed","MawBank","Tiny Chest","jedi:bottledfury","ReplayTheSpireMod:Ring of Challenge","Torii","Simple Rune","halation:Diary","trackpad:Compendium","hubris:Backtick","Juzu Bracelet","ReplayTheSpireMod:Ring of Addiction","Toy Ornithopter","SacredBark","SnailShell","Meat on the Bone","trackpad:ByrdBGone","StuffTheSpire:Experiment12","ReplayTheSpireMod:Ring of Exchange","Ring of Peace","Shuriken","Ring of Panic","Bag of Preparation"],"acts_visited":["Exordium","TheCity","TheBeyond"],"potions_floor_usage":[35,36,39,41,41,44,50],"damage_taken":[{"damage":10.0,"enemies":"Small Slimes","floor":1.0,"turns":4.0},{"damage":1.0,"enemies":"Cultist","floor":4.0,"turns":3.0},{"damage":0.0,"enemies":"2 Louse","floor":10.0,"turns":3.0},{"damage":7.0,"enemies":"2 Fungi Beasts","floor":11.0,"turns":3.0},{"damage":10.0,"enemies":"Replay:BlueRogue","floor":12.0,"turns":3.0},{"damage":8.0,"enemies":"Gremlin Nob","floor":14.0,"turns":3.0},{"damage":0.0,"enemies":"Slime Boss","floor":16.0,"turns":6.0},{"damage":38.0,"enemies":"3 Byrds","floor":18.0,"turns":6.0},{"damage":0.0,"enemies":"2 Thieves","floor":25.0,"turns":1.0},{"damage":21.0,"enemies":"Centurion and Healer","floor":27.0,"turns":3.0},{"damage":15.0,"enemies":"Gremlin Leader","floor":29.0,"turns":5.0},{"damage":10.0,"enemies":"Snake Plant","floor":31.0,"turns":2.0},{"damage":19.0,"enemies":"hubris:MusketHawk","floor":33.0,"turns":6.0},{"damage":33,"enemies":"3 Shapes","floor":35,"turns":2},{"damage":14,"enemies":"Orb Walker","floor":36,"turns":3},{"damage":23,"enemies":"Transient","floor":39,"turns":5},{"damage":34,"enemies":"conspire:MimicChest","floor":41,"turns":5},{"damage":38,"enemies":"Writhing Mass","floor":42,"turns":7},{"damage":9,"enemies":"Jaw Worm Horde","floor":44,"turns":2},{"damage":5,"enemies":"Spire Growth","floor":47,"turns":5},{"damage":44,"enemies":"infinitespire:MassOfShapes","floor":50,"turns":7}],"seed_played":"6030268349666189763","potions_obtained":[{"floor":1.0,"key":"LiquidBronze"},{"floor":10.0,"key":"blueLaboratory:FruitPreserves"},{"floor":11.0,"key":"Energy Potion"},{"floor":12.0,"key":"Explosive Potion"},{"floor":27.0,"key":"jedi:wingpotion"},{"floor":31.0,"key":"FearPotion"},{"floor":33.0,"key":"Slimebound:ThreeZeroPotion"},{"floor":36,"key":"blueLaboratory:NullPotion"},{"floor":37,"key":"jedi:StrikingPotion"},{"floor":37,"key":"blueLaboratory:PolymorphPotion"},{"floor":37,"key":"BlessingOfTheForge"},{"floor":42,"key":"Energy Potion"}],"is_trial":false,"path_per_floor":["M","?","?","M","$","R","?","R","T","M","M","E","$","E","R","B",null,"M","AVR","?","?","?","$","?","M","T","M","R","E","$","M","R","B",null,"M","M","T","?","M","R","?","M","T","M","T","T","M","?","R","B",null],"character_chosen":"IRONCLAD","items_purchased":["Oddly Smooth Stone","Heavy Blade","halation:LostSnail","jedi:bottledfury","halation:Diary"],"campfire_rested":2,"item_purchase_floors":[5,5,13,23,30],"current_hp_per_floor":[76,76,76,80,80,80,80,80,80,80,79,75,75,73,73,79,80,48,48,48,48,48,48,28,34,34,43,67,58,58,54,54,41,80,53,52,52,52,52,76,52,32,32,46,46,46,52,72,72,51],"gold":324,"neow_bonus":"RANDOM_COMMON_RELIC","is_daily":false,"chose_seed":false,"campfire_upgraded":3,"win_rate":0.0,"timestamp":1609370451,"path_taken":["M","?","?","?","$","R","?","R","T","M","M","E","$","E","R","BOSS","M","AVR","?","?","?","$","?","?","T","?","R","E","$","M","R","BOSS","M","M","?","?","M","R","?","M","T","M","?","?","M","?","R","BOSS"],"items_purchased_type":["Relic","Card","Relic","Relic","Relic"],"build_version":"2020-12-22","purchased_purges":1,"victory":true,"max_hp_per_floor":[80,80,80,80,80,80,80,80,80,80,80,80,80,80,80,80,80,80,80,80,80,80,80,80,80,80,80,80,80,80,80,80,80,80,80,80,80,80,80,80,80,80,80,80,80,80,80,78,78,78],"card_choices":[{"not_picked":["jedi:fear","Pommel Strike"],"picked":"Infernal Blade","floor":1.0},{"not_picked":["Disarm","True Grit"],"picked":"StuffTheSpire:Incineration","floor":4.0},{"not_picked":["Hemokinesis","StuffTheSpire:Resist"],"picked":"jedi:MakeshiftSword","floor":10.0},{"not_picked":["Armaments","jedi:fear"],"picked":"Invigoration","floor":11.0},{"not_picked":["Perfected Strike","Cleave"],"picked":"Heavy Blade","floor":12.0},{"not_picked":["Abandon","Cleave"],"picked":"Heavy Blade","floor":14.0},{"not_picked":["Juggernaut","StuffTheSpire:TitanForm"],"picked":"Demon Form","floor":16.0},{"not_picked":["hubris:SharpeningStone+1","StuffTheSpire:Slingshot"],"picked":"Spot Weakness","floor":18.0},{"not_picked":["Replay:Fractal Strike","ReplayTheSpireMod:Chaos Vortex"],"picked":"hubris:Fate","floor":24.0},{"not_picked":["Warcry","Second Wind"],"picked":"Iron Wave+1","floor":25.0},{"not_picked":["Anger","ReplayTheSpireMod:Muscle Training+1"],"picked":"Infernal Blade+1","floor":27.0},{"not_picked":["Iron Wave","Warcry"],"picked":"Perfected Strike","floor":29.0},{"not_picked":["True Grit+1","Reckless Charge+1"],"picked":"Infernal Blade","floor":31.0},{"not_picked":["hubris:StunningStrike","Double Tap"],"picked":"Hemogenesis","floor":33.0},{"not_picked":["jedi:controlledanger","Abandon+1"],"picked":"ReplayTheSpireMod:Strike From Hell+1","floor":35},{"not_picked":["Pommel Strike","Warcry+1"],"picked":"Thunderclap+1","floor":36},{"not_picked":["Intimidate","Iron Wave"],"picked":"Fire Breathing+1","floor":39},{"not_picked":["Ghostly Armor","Flex"],"picked":"Shrug It Off","floor":41},{"not_picked":["ReplayTheSpireMod:Strike From Hell","Dark Embrace"],"picked":"BarbarianYell+1","floor":42},{"not_picked":["Perfected Strike+1","Flex+1"],"picked":"Warcry+1","floor":44},{"not_picked":["Cleave","Replay:Undeath\u0027s Touch"],"picked":"Combust+1","floor":47}],"player_experience":41227,"relics_obtained":[{"floor":9.0,"key":"Orichalcum"},{"floor":12.0,"key":"aspiration:SeaSaltIceCream"},{"floor":14.0,"key":"Potion Belt"},{"floor":22.0,"key":"ReplayTheSpireMod:Ring of Collecting"},{"floor":22.0,"key":"Ring of Greed"},{"floor":22.0,"key":"MawBank"},{"floor":22.0,"key":"Tiny Chest"},{"floor":26.0,"key":"ReplayTheSpireMod:Ring of Challenge"},{"floor":26.0,"key":"Torii"},{"floor":29.0,"key":"Simple Rune"},{"floor":32.0,"key":"trackpad:Compendium"},{"floor":37,"key":"ReplayTheSpireMod:Ring of Addiction"},{"floor":37,"key":"Toy Ornithopter"},{"floor":37,"key":"SacredBark"},{"floor":37,"key":"SnailShell"},{"floor":41,"key":"trackpad:ByrdBGone"},{"floor":43,"key":"StuffTheSpire:Experiment12"},{"floor":43,"key":"ReplayTheSpireMod:Ring of Exchange"},{"floor":45,"key":"Ring of Peace"},{"floor":45,"key":"Shuriken"},{"floor":46,"key":"Ring of Panic"},{"floor":46,"key":"Bag of Preparation"}],"event_choices":[{"damage_healed":0.0,"max_hp_gain":0.0,"max_hp_loss":0.0,"gold_gain":0.0,"event_name":"WeMeetAgain","player_choice":"Gave Potion","floor":3.0,"gold_loss":0.0,"damage_taken":0.0,"relics_obtained":["SpikesRelics:ToyHorsey"]},{"damage_healed":0.0,"max_hp_gain":0.0,"max_hp_loss":0.0,"gold_gain":0.0,"event_name":"betterNote:BetterNote","player_choice":"Take","floor":20.0,"gold_loss":0.0,"damage_taken":0.0,"cards_obtained":["Impatience"]},{"damage_healed":20,"gold_gain":0,"player_choice":"Writhe","damage_taken":0,"max_hp_gain":0,"max_hp_loss":0,"event_name":"Winding Halls","floor":48,"gold_loss":0,"cards_obtained":["Writhe"]}],"is_beta":false,"boss_relics":[{"not_picked":["Velvet Choker","hubris:VirtuousBlindfold"],"picked":"Ring of Chaos"},{"not_picked":["aspiration:RunicSpoon","Black Blood"],"picked":"hubris:Backtick"}],"items_purged_floors":[30],"is_endless":false,"potions_floor_spawned":[1,10,11,12,27,31,33,36,42],"ascension_level":0}}