{"host":"873t0y8ybyo38pfq","time":1609335313,"event":{"mods":["BaseMod","Bestiary","Colored Map","Colored Powertips","Highlight Path","Minty Spire (QoL Compilation)","Quick Restart","RNG Fix","Rare Cards Sparkle","Relic Stats","StSLib"],"gold_per_floor":[112,125,125,50,50,76,1,1,27,62,62,85,85,107,107,107,107],"floor_reached":16,"playtime":418,"items_purged":["Defend_G"],"score":266,"play_id":"ba6bd391-a2d8-4912-bc6a-54520ad26bbe","local_time":"20201230083513","is_ascension_mode":true,"campfire_choices":[{"data":"Riddle With Holes","floor":8,"key":"SMITH"},{"data":"Doppelganger","floor":11,"key":"SMITH"},{"floor":15,"key":"REST"}],"circlet_count":0,"master_deck":["AscendersBane","Strike_G","Strike_G","Strike_G","Defend_G","Defend_G","Defend_G","Defend_G","Survivor","Neutralize","Riddle With Holes+1","Venomology","Doppelganger+1","Noxious Fumes","Cloak And Dagger"],"relics":["Ring of the Snake","NeowsBlessing","InkBottle","FossilizedHelix","CeramicFish","Pen Nib"],"acts_visited":["Exordium"],"potions_floor_usage":[10,10,14,16,16,16],"damage_taken":[{"damage":0,"enemies":"2 Louse","floor":1,"turns":1},{"damage":0,"enemies":"Small Slimes","floor":2,"turns":1},{"damage":0,"enemies":"Gremlin Nob","floor":6,"turns":1},{"damage":27,"enemies":"3 Sentries","floor":10,"turns":10},{"damage":7,"enemies":"Jaw Worm","floor":12,"turns":6},{"damage":0,"enemies":"2 Fungi Beasts","floor":14,"turns":4},{"damage":32,"enemies":"Slime Boss","floor":16,"turns":8}],"seed_played":"6581923685882278040","potions_obtained":[{"floor":1,"key":"LiquidBronze"},{"floor":10,"key":"DuplicationPotion"}],"is_trial":false,"path_per_floor":["M","M","?","?","?","E","$","R","T","E","R","M","?","M","R","B"],"character_chosen":"THE_SILENT","items_purchased":[],"campfire_rested":1,"item_purchase_floors":[],"current_hp_per_floor":[59,59,54,54,47,47,47,47,47,20,20,13,13,13,32,0,0],"gold":107,"neow_bonus":"THREE_ENEMY_KILL","is_daily":false,"chose_seed":false,"campfire_upgraded":2,"win_rate":0.0,"timestamp":1609335313,"path_taken":["M","?","?","?","?","E","$","R","T","E","R","M","?","M","R","BOSS"],"items_purchased_type":[],"build_version":"2020-12-22","purchased_purges":1,"victory":false,"max_hp_per_floor":[66,66,66,66,66,66,66,66,66,66,66,66,66,66,66,66,66],"relic_stats":{"counters":[7,31],"CeramicFish":27,"Pen Nib":[3],"obtain_stats":[{"NeowsBlessing":0,"CeramicFish":9,"Pen Nib":10,"InkBottle":3,"FossilizedHelix":6,"Ring of the Snake":0},{"NeowsBlessing":0,"CeramicFish":3,"Pen Nib":4,"InkBottle":2,"FossilizedHelix":3,"Ring of the Snake":0},{"NeowsBlessing":0,"CeramicFish":3,"Pen Nib":13,"InkBottle":2,"FossilizedHelix":3,"Ring of the Snake":0}],"InkBottle":[8],"Ring of the Snake":[14]},"card_choices":[{"not_picked":["Dodge and Roll","Underhanded Strike","Accuracy"],"picked":"SKIP","floor":1},{"not_picked":["Flying Knee","Bane"],"picked":"Riddle With Holes","floor":2},{"not_picked":["Expertise","Dodge and Roll"],"picked":"Venomology","floor":6},{"not_picked":["Masterful Stab","Reflex"],"picked":"Doppelganger","floor":10},{"not_picked":["Quick Slash","Flechettes"],"picked":"Noxious Fumes","floor":12},{"not_picked":["Underhanded Strike","Escape Plan"],"picked":"Cloak And Dagger","floor":14}],"player_experience":1412370,"relics_obtained":[{"floor":6,"key":"FossilizedHelix"},{"floor":9,"key":"CeramicFish"},{"floor":10,"key":"Pen Nib"}],"event_choices":[{"damage_healed":0,"gold_gain":0,"player_choice":"Success","damage_taken":5,"relics_obtained":["InkBottle"],"max_hp_gain":0,"max_hp_loss":0,"event_name":"Scrap Ooze","floor":3,"gold_loss":0},{"cards_removed":["Strike_G"],"damage_healed":0,"gold_gain":0,"player_choice":"Card Removal","damage_taken":0,"max_hp_gain":0,"max_hp_loss":0,"event_name":"The Cleric","floor":4,"gold_loss":75},{"cards_removed":["Strike_G"],"damage_healed":0,"gold_gain":0,"player_choice":"Card Removal","damage_taken":7,"max_hp_gain":0,"max_hp_loss":0,"event_name":"Golden Wing","floor":5,"gold_loss":0},{"damage_healed":0,"gold_gain":0,"player_choice":"Ignored","damage_taken":0,"max_hp_gain":0,"max_hp_loss":0,"event_name":"Liars Game","floor":13,"gold_loss":0}],"is_beta":false,"boss_relics":[],"items_purged_floors":[7],"is_endless":false,"potions_floor_spawned":[1,10,14],"killed_by":"Slime Boss","ascension_level":20}}