{"host":"psucr0e9afynhpu7","time":1609360364,"event":{"mods":["AchievementEnabler","BaseMod","Better Altar","Better Match","Better Note","Better Sensory Stone","Better Skull","Better Third Choice","Colored Powertips","Minty Spire (QoL Compilation)","Quick Restart","Random Character Button","Relic Sorter","StSLib","Synergy Search"],"gold_per_floor":[11,21,37,52,71,98,98,6,6,34,54,66,94,113,113,214,264,277,277,277,290,14,14,47,47,47,58,84,112,131,151,151,254,254,266,316,330,552,552,552,634,634,634,634,634,648,41,52,52,52],"floor_reached":51,"playtime":4678,"items_purged":[],"score":809,"play_id":"73e9baf9-bb10-4807-aec5-f0d5ee898fb0","local_time":"20201230183244","is_ascension_mode":false,"campfire_choices":[{"data":"Armaments","floor":7.0,"key":"SMITH"},{"data":"Seeing Red","floor":15.0,"key":"SMITH"},{"data":"The Bomb","floor":23.0,"key":"SMITH"},{"data":"Panache","floor":25.0,"key":"SMITH"},{"data":"Infernal Blade","floor":32.0,"key":"SMITH"},{"data":"Fire Breathing","floor":40.0,"key":"SMITH"},{"data":"Offering","floor":42.0,"key":"SMITH"},{"data":"Reckless Charge","floor":44.0,"key":"SMITH"},{"data":"Dramatic Entrance","floor":49,"key":"SMITH"}],"circlet_count":0,"master_deck":["Strike_R+1","Strike_R+1","Strike_R+1","Strike_R+1","Defend_R+1","Defend_R+1","Defend_R+1","Defend_R+1","Bash+1","The Bomb+1","Hemokinesis+1","Shrug It Off+1","Flex+1","Armaments+1","Pommel Strike+1","Body Slam+1","Flash of Steel+1","Inflame+1","Rage+1","Rage+1","Seeing Red+1","Clash+1","Reaper+1","Intimidate+1","Searing Blow+1","Blood for Blood+1","Panache+1","Infernal Blade+1","Cleave+1","Entrench+1","Rage+1","Clash+1","Clash+1","Twin Strike+1","Reaper+1","Offering+1","CurseOfTheBell","Burning Pact+1","Fire Breathing+1","Reckless Charge+1","AscendersBane","Reckless Charge+1","Shockwave","Body Slam","Violence","Dramatic Entrance+1","Impervious","Dual Wield+1"],"relics":["Burning Blood","Meat on the Bone","Whetstone","Pen Nib","Bottled Lightning","Tiny House","Strawberry","HornCleat","Red Mask","Champion Belt","Calling Bell","PreservedInsect","Self Forming Clay","Gambling Chip","Peace Pipe","Pear","Kunai","Mark of the Bloom","Ancient Tea Set"],"acts_visited":["Exordium","TheCity","TheBeyond"],"potions_floor_usage":[50],"damage_taken":[{"damage":8.0,"enemies":"Cultist","floor":1.0,"turns":5.0},{"damage":2.0,"enemies":"2 Louse","floor":2.0,"turns":2.0},{"damage":2.0,"enemies":"Small Slimes","floor":3.0,"turns":4.0},{"damage":12.0,"enemies":"Exordium Thugs","floor":4.0,"turns":4.0},{"damage":2.0,"enemies":"Looter","floor":5.0,"turns":3.0},{"damage":20.0,"enemies":"Lagavulin","floor":6.0,"turns":6.0},{"damage":4.0,"enemies":"3 Sentries","floor":10.0,"turns":3.0},{"damage":4.0,"enemies":"2 Fungi Beasts","floor":11.0,"turns":5.0},{"damage":3.0,"enemies":"3 Louse","floor":12.0,"turns":3.0},{"damage":0.0,"enemies":"Gremlin Nob","floor":13.0,"turns":3.0},{"damage":5.0,"enemies":"Looter","floor":14.0,"turns":3.0},{"damage":2.0,"enemies":"Slime Boss","floor":16.0,"turns":4.0},{"damage":9.0,"enemies":"2 Thieves","floor":18.0,"turns":3.0},{"damage":3.0,"enemies":"Chosen","floor":21.0,"turns":4.0},{"damage":45.0,"enemies":"Book of Stabbing","floor":24.0,"turns":4.0},{"damage":0.0,"enemies":"Centurion and Healer","floor":27.0,"turns":5.0},{"damage":5.0,"enemies":"Masked Bandits","floor":28.0,"turns":3.0},{"damage":29.0,"enemies":"Gremlin Leader","floor":29.0,"turns":4.0},{"damage":14.0,"enemies":"Snecko","floor":30.0,"turns":5.0},{"damage":8.0,"enemies":"Shelled Parasite and Fungi","floor":31.0,"turns":3.0},{"damage":24.0,"enemies":"Collector","floor":33.0,"turns":7.0},{"damage":4.0,"enemies":"Orb Walker","floor":35.0,"turns":3.0},{"damage":6.0,"enemies":"2 Orb Walkers","floor":36.0,"turns":3.0},{"damage":6.0,"enemies":"3 Shapes","floor":37.0,"turns":3.0},{"damage":13.0,"enemies":"3 Darklings","floor":46.0,"turns":3.0},{"damage":24.0,"enemies":"Maw","floor":48.0,"turns":5.0},{"damage":49,"enemies":"Donu and Deca","floor":50,"turns":8}],"seed_played":"8982598532105454164","potions_obtained":[{"floor":1.0,"key":"SteroidPotion"},{"floor":4.0,"key":"Weak Potion"},{"floor":12.0,"key":"Regen Potion"},{"floor":14.0,"key":"LiquidMemories"},{"floor":16.0,"key":"Fire Potion"},{"floor":17.0,"key":"FearPotion"},{"floor":24.0,"key":"Fire Potion"},{"floor":27.0,"key":"Strength Potion"},{"floor":28.0,"key":"AttackPotion"},{"floor":29.0,"key":"AttackPotion"},{"floor":30.0,"key":"FearPotion"},{"floor":35.0,"key":"SkillPotion"},{"floor":46.0,"key":"SneckoOil"}],"is_trial":false,"path_per_floor":["M","M","M","M","M","E","R","$","T","E","M","M","E","M","R","B",null,"M","?","?","M","$","R","E","R","T","M","?","E","M","M","R","B",null,"M","?","M","?","?","R","T","R","T","R","?","M","$","M","R","B",null],"character_chosen":"IRONCLAD","items_purchased":["Flash of Steel","Panache","Infernal Blade","Cleave","Body Slam","Violence","Dramatic Entrance","Impervious","Ancient Tea Set"],"campfire_rested":0,"item_purchase_floors":[8,22,22,22,47,47,47,47,47],"current_hp_per_floor":[78,80,80,74,78,64,64,64,64,66,68,71,77,78,78,80,85,85,85,85,85,85,85,58,58,58,72,73,74,66,64,64,68,92,92,92,92,92,92,92,102,102,102,102,102,89,89,65,65,16],"gold":52,"neow_bonus":"RANDOM_COLORLESS_2","is_daily":false,"chose_seed":false,"campfire_upgraded":9,"win_rate":0.0,"timestamp":1609360364,"path_taken":["M","M","M","M","M","E","R","$","T","E","M","M","E","?","R","BOSS","M","?","?","M","$","R","E","R","T","M","?","E","M","M","R","BOSS","M","?","M","?","?","R","?","R","T","R","?","M","$","M","R","BOSS"],"items_purchased_type":["Card","Card","Card","Card","Card","Card","Card","Card","Relic"],"build_version":"2020-12-22","purchased_purges":0,"victory":true,"max_hp_per_floor":[80,80,80,80,80,80,80,80,80,80,80,80,80,80,80,80,85,85,85,85,85,85,85,92,92,92,92,92,92,92,92,92,92,92,92,92,92,92,92,92,102,102,102,102,102,102,102,102,102,102],"card_choices":[{"not_picked":["Thinking Ahead","Secret Technique"],"picked":"The Bomb","floor":0.0},{"not_picked":["Clothesline","Burning Pact"],"picked":"Hemokinesis","floor":1.0},{"not_picked":["Sever Soul","Warcry"],"picked":"Shrug It Off","floor":2.0},{"not_picked":["Clash","Headbutt"],"picked":"Flex","floor":3.0},{"not_picked":["Twin Strike","Sever Soul"],"picked":"Armaments","floor":4.0},{"not_picked":["Sword Boomerang","Warcry"],"picked":"Pommel Strike","floor":5.0},{"not_picked":["Twin Strike","Burning Pact"],"picked":"Body Slam","floor":6.0},{"not_picked":["Disarm","Flex"],"picked":"Inflame","floor":10.0},{"not_picked":["Blood for Blood","Impervious"],"picked":"Rage","floor":11.0},{"not_picked":["Twin Strike","Clash"],"picked":"Rage","floor":12.0},{"not_picked":["Sword Boomerang","Iron Wave"],"picked":"Seeing Red","floor":13.0},{"not_picked":["Warcry","Shrug It Off"],"picked":"Clash","floor":14.0},{"not_picked":["Feed","Bludgeon"],"picked":"Reaper","floor":16.0},{"not_picked":["Battle Trance","Combust"],"picked":"Intimidate","floor":17.0},{"not_picked":["Ghostly Armor+1","Iron Wave"],"picked":"Searing Blow","floor":18.0},{"not_picked":["Iron Wave","Perfected Strike"],"picked":"Blood for Blood","floor":21.0},{"not_picked":["Flame Barrier","Iron Wave"],"picked":"Entrench+1","floor":24.0},{"not_picked":["Metallicize","Flex"],"picked":"Rage","floor":27.0},{"not_picked":["Thunderclap","Intimidate"],"picked":"Clash","floor":28.0},{"not_picked":["Metallicize","Clothesline"],"picked":"Clash+1","floor":29.0},{"not_picked":["Clothesline","Thunderclap+1"],"picked":"Twin Strike+1","floor":30.0},{"not_picked":["Flex+1","Blood for Blood"],"picked":"Reaper","floor":31.0},{"not_picked":["Bludgeon","Corruption"],"picked":"Offering","floor":33.0},{"not_picked":["Iron Wave","Seeing Red"],"picked":"Burning Pact+1","floor":35.0},{"not_picked":["Power Through+1","Searing Blow+1"],"picked":"Fire Breathing","floor":36.0},{"not_picked":["Thunderclap","Fire Breathing"],"picked":"Reckless Charge+1","floor":37.0},{"not_picked":["Dark Embrace+1","Headbutt"],"picked":"Shockwave","floor":46.0},{"not_picked":["Anger+1","Searing Blow+1"],"picked":"Dual Wield+1","floor":48.0}],"player_experience":5164,"relics_obtained":[{"floor":6.0,"key":"Meat on the Bone"},{"floor":9.0,"key":"Whetstone"},{"floor":10.0,"key":"Pen Nib"},{"floor":13.0,"key":"Bottled Lightning"},{"floor":24.0,"key":"Strawberry"},{"floor":26.0,"key":"HornCleat"},{"floor":28.0,"key":"Red Mask"},{"floor":29.0,"key":"Champion Belt"},{"floor":34.0,"key":"PreservedInsect"},{"floor":34.0,"key":"Self Forming Clay"},{"floor":34.0,"key":"Gambling Chip"},{"floor":36.0,"key":"Peace Pipe"},{"floor":41.0,"key":"Pear"},{"floor":43.0,"key":"Kunai"}],"event_choices":[{"cards_removed":["Strike_R"],"damage_healed":0.0,"max_hp_gain":0.0,"max_hp_loss":0.0,"gold_gain":0.0,"event_name":"Purifier","player_choice":"Purged","floor":19.0,"gold_loss":0.0,"damage_taken":0.0},{"cards_removed":["Reaper"],"damage_healed":0.0,"max_hp_gain":0.0,"max_hp_loss":0.0,"gold_gain":0.0,"event_name":"betterNote:BetterNote","player_choice":"Give","floor":20.0,"gold_loss":0.0,"damage_taken":0.0,"cards_obtained":["Sword Boomerang"]},{"damage_healed":0.0,"max_hp_gain":0.0,"max_hp_loss":0.0,"gold_gain":0.0,"event_name":"Masked Bandits","player_choice":"Fought Bandits","floor":28.0,"gold_loss":0.0,"damage_taken":0.0},{"damage_healed":0.0,"max_hp_gain":0.0,"max_hp_loss":0.0,"gold_gain":0.0,"event_name":"Mysterious Sphere","player_choice":"Fight","floor":36.0,"gold_loss":0.0,"damage_taken":0.0},{"damage_healed":0.0,"max_hp_gain":0.0,"max_hp_loss":0.0,"gold_gain":222.0,"event_name":"Tomb of Lord Red Mask","player_choice":"Wore Mask","floor":38.0,"gold_loss":0.0,"damage_taken":0.0},{"damage_healed":0.0,"max_hp_gain":0.0,"max_hp_loss":0.0,"gold_gain":3.0,"event_name":"betterStone:BetterStone","player_choice":"3","floor":39.0,"gold_loss":0.0,"damage_taken":0.0,"cards_obtained":["Reckless Charge"]},{"damage_healed":0.0,"max_hp_gain":0.0,"max_hp_loss":0.0,"gold_gain":0.0,"event_name":"MindBloom","player_choice":"Upgrade","floor":45.0,"gold_loss":0.0,"damage_taken":0.0,"cards_upgraded":["Strike_R","Strike_R","Defend_R","Defend_R","Defend_R","Defend_R","Bash","Shrug It Off","Flex","Pommel Strike","Body Slam","Flash of Steel","Inflame","Rage","Rage","Clash","Reaper","Intimidate","Searing Blow","Blood for Blood","Cleave","Rage","Clash","Reaper"],"relics_obtained":["Mark of the Bloom"]}],"is_beta":false,"boss_relics":[{"not_picked":["Busted Crown","Astrolabe"],"picked":"Tiny House"},{"not_picked":["Coffee Dripper","Sozu"],"picked":"Calling Bell"}],"items_purged_floors":[],"is_endless":false,"potions_floor_spawned":[1,4,12,14,16,24,27,28,29,30,35,46],"ascension_level":0}}