{"host":"idmgg8r816nmas40","time":1609318049,"event":{"mods":["AchievementEnabler","AlwaysNeverKeys","BaseMod","BetterRewards","Block Reminder","Colored Map","Colored Powertips","DeckTracker","Googly Eyes","Highlight Path","Hubris","Infinite Spire","Minty Spire (QoL Compilation)","Quick Restart","Relic Stats","Replay The Spire","Shop Mod","StSLib","SuperFastMode","Synergy Search","Transform Curses"],"gold_per_floor":[112,112,112,124,474,474,474],"floor_reached":6,"playtime":220,"items_purged":[],"score":65,"play_id":"de4de9a4-bf1e-42bf-ab0b-9233f8fddb36","local_time":"20201230014729","is_ascension_mode":true,"campfire_choices":[],"circlet_count":0,"master_deck":["AscendersBane","Strike_B","Strike_B","Strike_B","Strike_B","Defend_B","Defend_B","Defend_B","Defend_B","Zap","Dualcast","Heatsinks+1","Cold Snap","Cold Snap","Chaos","Capacitor","Gash","Blizzard","Madness","Parasite","Doubt"],"relics":["Cracked Core","Mummified Hand","Runic Capacitor","Gremlin Food","Ring of Greed","Old Coin","The Courier","Ring of Hypnosis"],"acts_visited":["Exordium"],"potions_floor_usage":[6],"damage_taken":[{"damage":4.0,"enemies":"Cultist","floor":1.0,"turns":3.0},{"damage":0.0,"enemies":"2 Louse","floor":4.0,"turns":3.0},{"damage":57,"enemies":"Gremlin Nob","floor":6,"turns":5}],"seed_played":"8911817931656245458","potions_obtained":[{"floor":4.0,"key":"SkillPotion"}],"is_trial":false,"path_per_floor":["M","T","?","M","?","E"],"character_chosen":"DEFECT","items_purchased":["Mummified Hand","Runic Capacitor","Heatsinks","Cold Snap","Capacitor"],"campfire_rested":0,"item_purchase_floors":[0,0,0,0,0],"current_hp_per_floor":[52,52,52,52,52,0,0],"gold":474,"neow_bonus":"","is_daily":false,"chose_seed":false,"campfire_upgraded":0,"win_rate":0.0,"timestamp":1609318049,"path_taken":["M","?","?","?","?","E"],"items_purchased_type":["Relic","Relic","Card","Card","Card"],"build_version":"2020-12-22","purchased_purges":0,"victory":false,"max_hp_per_floor":[71,71,71,71,71,71,71],"relic_stats":{"counters":[3,11],"Mummified Hand":[6],"obtain_stats":[{"Gremlin Food":2,"Ring of Hypnosis":5,"Mummified Hand":0,"The Courier":5,"Runic Capacitor":0,"Ring of Greed":5,"Cracked Core":0,"Old Coin":5},{"Gremlin Food":1,"Ring of Hypnosis":2,"Mummified Hand":0,"The Courier":2,"Runic Capacitor":0,"Ring of Greed":2,"Cracked Core":0,"Old Coin":2},{"Gremlin Food":3,"Ring of Hypnosis":6,"Mummified Hand":0,"The Courier":6,"Runic Capacitor":0,"Ring of Greed":6,"Cracked Core":0,"Old Coin":6}]},"card_choices":[{"not_picked":["Leap","Compile Driver"],"picked":"Gash","floor":1.0},{"not_picked":["Reinforced Body","Hologram"],"picked":"Blizzard","floor":4.0}],"player_experience":1013341,"relics_obtained":[{"floor":2.0,"key":"Gremlin Food"},{"floor":5.0,"key":"Ring of Greed"},{"floor":5.0,"key":"Old Coin"},{"floor":5.0,"key":"The Courier"},{"floor":5.0,"key":"Ring of Hypnosis"}],"event_choices":[{"damage_healed":0.0,"max_hp_gain":0.0,"max_hp_loss":0.0,"gold_gain":0.0,"event_name":"Upgrade Shrine","player_choice":"Upgraded","floor":3.0,"gold_loss":0.0,"damage_taken":0.0,"cards_upgraded":["Heatsinks"]}],"is_beta":false,"boss_relics":[],"items_purged_floors":[],"is_endless":false,"potions_floor_spawned":[4],"killed_by":"Gremlin Nob","ascension_level":18}}