{"host":"foq4mrde4mssg7vt","time":1609304905,"event":{"mods":["AchievementEnabler","BaseMod","Colored Map","Colored Powertips","Highlight Path","Minty Spire (QoL Compilation)","Relic Stats","everything is the same but u backflip on backflip"],"gold_per_floor":[112,124,124,10,29,57,57,92,92,7,24,24,24,36,36,109,109,9,9,9,9,9,9,9,9,9,9,9,9,9,9,9,9,9,9,9,9,9,9,9,9,9,9,9,9],"floor_reached":44,"playtime":2140,"items_purged":[],"score":1082,"play_id":"04b6e7e6-270c-44df-a694-451905683441","local_time":"20201230130825","is_ascension_mode":true,"campfire_choices":[{"data":"EmptyFist","floor":7.0,"key":"SMITH"},{"data":"WindmillStrike","floor":13.0,"key":"SMITH"},{"data":"TalkToTheHand","floor":15.0,"key":"SMITH"},{"data":"Meditate","floor":23.0,"key":"SMITH"},{"data":"Ghostly","floor":32.0,"key":"SMITH"}],"circlet_count":0,"master_deck":["AscendersBane","Strike_P+1","Strike_P","Strike_P+1","Strike_P","Defend_P+1","Defend_P+1","Defend_P","Defend_P","Eruption","Vigilance","FlurryOfBlows","CutThroughFate","WindmillStrike+1","MentalFortress+1","EmptyFist+1","Tantrum","EmptyBody+1","TalkToTheHand+1","SpiritShield+1","Meditate+1","Halt","BowlingBash","ClearTheMind+1","LessonLearned","Ghostly+1","Ghostly","Ghostly","Vault","EmptyMind","FlurryOfBlows+1","FearNoEvil"],"relics":["SlaversCollar","Bag of Preparation","Shovel","Ornamental Fan","Ectoplasm","Du-Vu Doll","Eternal Feather","Smiling Mask","Peace Pipe","VioletLotus","Lantern","Damaru"],"acts_visited":["TheCity","TheBeyond"],"potions_floor_usage":[41,41,44],"damage_taken":[{"damage":6.0,"enemies":"Small Slimes","floor":1.0,"turns":3.0},{"damage":2.0,"enemies":"Cultist","floor":2.0,"turns":3.0},{"damage":7.0,"enemies":"2 Louse","floor":5.0,"turns":2.0},{"damage":7.0,"enemies":"Lagavulin","floor":6.0,"turns":5.0},{"damage":22.0,"enemies":"3 Sentries","floor":8.0,"turns":7.0},{"damage":0.0,"enemies":"Exordium Thugs","floor":11.0,"turns":2.0},{"damage":17.0,"enemies":"Lots of Slimes","floor":14.0,"turns":4.0},{"damage":0.0,"enemies":"The Guardian","floor":16.0,"turns":7.0},{"damage":9.0,"enemies":"2 Thieves","floor":18.0,"turns":5.0},{"damage":21.0,"enemies":"Shell Parasite","floor":19.0,"turns":4.0},{"damage":26.0,"enemies":"Cultist and Chosen","floor":21.0,"turns":6.0},{"damage":8.0,"enemies":"Gremlin Leader","floor":24.0,"turns":5.0},{"damage":15.0,"enemies":"Centurion and Healer","floor":25.0,"turns":5.0},{"damage":1.0,"enemies":"Slavers","floor":27.0,"turns":4.0},{"damage":7.0,"enemies":"Sentry and Sphere","floor":28.0,"turns":5.0},{"damage":0.0,"enemies":"Gremlin Leader","floor":30.0,"turns":4.0},{"damage":4.0,"enemies":"Snake Plant","floor":31.0,"turns":7.0},{"damage":24.0,"enemies":"Automaton","floor":33.0,"turns":9.0},{"damage":0.0,"enemies":"3 Darklings","floor":35.0,"turns":5.0},{"damage":0.0,"enemies":"Orb Walker","floor":37.0,"turns":5.0},{"damage":0.0,"enemies":"Maw","floor":40.0,"turns":9.0},{"damage":20,"enemies":"Reptomancer","floor":41,"turns":10},{"damage":0,"enemies":"Jaw Worm Horde","floor":42,"turns":5},{"damage":16,"enemies":"Nemesis","floor":44,"turns":2}],"seed_played":"3605736312005906010","potions_obtained":[{"floor":6.0,"key":"Fruit Juice"},{"floor":11.0,"key":"Block Potion"},{"floor":14.0,"key":"Energy Potion"},{"floor":19.0,"key":"Weak Potion"},{"floor":30.0,"key":"Energy Potion"},{"floor":31.0,"key":"Strength Potion"},{"floor":35.0,"key":"SpeedPotion"},{"floor":42,"key":"SpeedPotion"}],"is_trial":false,"path_per_floor":["M","M","?","$","M","E","R","E","T","$","M","$","R","M","R","B",null,"M","M","?","M","$","R","E","M","T","E","M","?","E","M","R","B",null,"M","?","M","T","?","M","E","M","T","E"],"character_chosen":"WATCHER","items_purchased":["WindmillStrike","MentalFortress","Tantrum"],"campfire_rested":0,"item_purchase_floors":[4,4,10],"current_hp_per_floor":[55,53,68,68,61,54,54,32,32,32,32,32,32,20,20,20,60,51,30,73,47,47,47,39,24,24,23,16,16,16,12,27,3,28,28,28,28,28,28,28,8,8,8,0,0],"gold":9,"neow_bonus":"BOSS_RELIC","is_daily":false,"chose_seed":false,"campfire_upgraded":5,"win_rate":0.0,"timestamp":1609304905,"path_taken":["M","M","?","$","M","E","R","E","T","?","M","$","R","M","R","BOSS","M","M","?","M","?","R","E","M","T","E","?","?","E","M","R","BOSS","M","?","M","?","?","M","E","M","T","E"],"items_purchased_type":["Card","Card","Card"],"build_version":"2020-12-22","purchased_purges":0,"victory":false,"max_hp_per_floor":[68,68,68,68,68,68,68,68,68,68,68,68,68,73,73,73,73,73,73,73,73,73,73,73,73,73,73,73,36,36,36,36,36,36,36,36,36,36,36,36,36,36,36,36,36],"relic_stats":{"Peace Pipe":0,"Shovel":0,"counters":[24,123],"Ornamental Fan":[260],"Eternal Feather":15,"Ectoplasm":443,"VioletLotus":[10],"Bag of Preparation":[40],"Smiling Mask":0,"obtain_stats":[{"Lantern":41,"Damaru":43,"Eternal Feather":26,"Bag of Preparation":6,"Smiling Mask":27,"Du-Vu Doll":24,"Peace Pipe":30,"SlaversCollar":0,"Shovel":8,"Ornamental Fan":9,"Ectoplasm":17,"VioletLotus":34,"PureWater":0},{"Lantern":22,"Damaru":23,"Eternal Feather":13,"Bag of Preparation":4,"Smiling Mask":14,"Du-Vu Doll":12,"Peace Pipe":16,"SlaversCollar":0,"Shovel":5,"Ornamental Fan":5,"Ectoplasm":8,"VioletLotus":18,"PureWater":0},{"Lantern":116,"Damaru":121,"Eternal Feather":58,"Bag of Preparation":13,"Smiling Mask":62,"Du-Vu Doll":53,"Peace Pipe":71,"SlaversCollar":0,"Shovel":20,"Ornamental Fan":20,"Ectoplasm":33,"VioletLotus":87,"PureWater":0}]},"card_choices":[{"not_picked":["CrushJoints","EmptyBody"],"picked":"FlurryOfBlows","floor":1.0},{"not_picked":["Protect","WaveOfTheHand"],"picked":"CutThroughFate","floor":2.0},{"not_picked":["Establishment","Protect"],"picked":"EmptyFist","floor":5.0},{"not_picked":["Nirvana","FlurryOfBlows","EmptyFist"],"picked":"SKIP","floor":6.0},{"not_picked":["FollowUp","SashWhip"],"picked":"BattleHymn","floor":8.0},{"not_picked":["Evaluate","EmptyFist"],"picked":"EmptyBody","floor":11.0},{"not_picked":["SashWhip","Indignation"],"picked":"TalkToTheHand","floor":14.0},{"not_picked":["ConjureBlade","Judgement"],"picked":"SpiritShield","floor":16.0},{"not_picked":["SashWhip","Perseverance"],"picked":"Meditate","floor":18.0},{"not_picked":["FlurryOfBlows","Consecrate"],"picked":"Halt","floor":19.0},{"not_picked":["Indignation+1","Crescendo+1"],"picked":"BowlingBash","floor":21.0},{"not_picked":["Fasting2","Vengeance","JustLucky"],"picked":"SKIP","floor":24.0},{"not_picked":["Prostrate","FollowUp"],"picked":"ClearTheMind","floor":25.0},{"not_picked":["FlurryOfBlows","Study"],"picked":"LessonLearned","floor":27.0},{"not_picked":["JustLucky","FollowUp+1","Consecrate"],"picked":"SKIP","floor":28.0},{"not_picked":["BowlingBash+1","ReachHeaven","BattleHymn"],"picked":"SKIP","floor":30.0},{"not_picked":["Vengeance","BowlingBash","Crescendo"],"picked":"SKIP","floor":31.0},{"not_picked":["LessonLearned","Devotion"],"picked":"Vault","floor":33.0},{"not_picked":["Pray","Tantrum"],"picked":"EmptyMind","floor":35.0},{"not_picked":["CutThroughFate","BowlingBash+1"],"picked":"FlurryOfBlows+1","floor":37.0},{"not_picked":["EmptyMind+1","Sanctity","EmptyBody+1"],"picked":"SKIP","floor":40.0},{"not_picked":["Halt","WheelKick"],"picked":"FearNoEvil","floor":41},{"not_picked":["ReachHeaven","PathToVictory","FlurryOfBlows"],"picked":"SKIP","floor":42}],"player_experience":319602,"relics_obtained":[{"floor":6.0,"key":"Bag of Preparation"},{"floor":8.0,"key":"Shovel"},{"floor":9.0,"key":"Ornamental Fan"},{"floor":24.0,"key":"Du-Vu Doll"},{"floor":26.0,"key":"Eternal Feather"},{"floor":27.0,"key":"Smiling Mask"},{"floor":30.0,"key":"Peace Pipe"},{"floor":41,"key":"Lantern"},{"floor":43,"key":"Damaru"}],"event_choices":[{"damage_healed":15.0,"max_hp_gain":0.0,"max_hp_loss":0.0,"gold_gain":0.0,"event_name":"Wheel of Change","player_choice":"Full Heal","floor":3.0,"gold_loss":0.0,"damage_taken":0.0},{"cards_removed":["BattleHymn"],"damage_healed":43.0,"max_hp_gain":0.0,"max_hp_loss":0.0,"gold_gain":0.0,"event_name":"Bonfire Elementals","player_choice":"Offered Uncommon","floor":20.0,"gold_loss":0.0,"damage_taken":0.0},{"damage_healed":0.0,"max_hp_gain":0.0,"max_hp_loss":37.0,"gold_gain":0.0,"event_name":"Ghosts","player_choice":"Became a Ghost","floor":29.0,"gold_loss":0.0,"damage_taken":0.0,"cards_obtained":["Ghostly","Ghostly","Ghostly"]},{"damage_healed":0.0,"max_hp_gain":0.0,"max_hp_loss":0.0,"gold_gain":0.0,"event_name":"Mysterious Sphere","player_choice":"Ignored","floor":36.0,"gold_loss":0.0,"damage_taken":0.0},{"damage_healed":0.0,"max_hp_gain":0.0,"max_hp_loss":0.0,"gold_gain":0.0,"event_name":"Golden Shrine","player_choice":"Ignored","floor":39.0,"gold_loss":0.0,"damage_taken":0.0}],"is_beta":false,"boss_relics":[{"not_picked":["Tiny House","Busted Crown"],"picked":"Ectoplasm"},{"not_picked":["Calling Bell","Cursed Key"],"picked":"VioletLotus"}],"items_purged_floors":[],"is_endless":false,"potions_floor_spawned":[6,11,14,16,19,24,30,31,35,42],"killed_by":"Nemesis","ascension_level":17}}