{"host":"t7mx8yfj1no5p62f","time":1609306592,"event":{"mods":["BaseMod","Colored Map","Colored Powertips","Minty Spire (QoL Compilation)","Relic Stats","StSLib"],"gold_per_floor":[361,371,386,17,28,55,55,130,130,130,159,159,219,11,11,89,89,61,76,76,89,89,89,121,139,189,189,205,205,220,233,233,311,311,321,321,333,350,22,22,51,51,51,80,132,160,172,204,216,228,240,252,264,36,36,36],"floor_reached":55,"playtime":3805,"items_purged":["Strike_G"],"score":2045,"play_id":"eee5fe40-75e7-4adb-b3fd-e8dad6490ef3","local_time":"20201230003632","is_ascension_mode":true,"campfire_choices":[{"data":"Crippling Poison","floor":7.0,"key":"SMITH"},{"data":"Footwork","floor":10.0,"key":"SMITH"},{"data":"Noxious Fumes","floor":15,"key":"SMITH"},{"data":"Malaise","floor":23,"key":"SMITH"},{"data":"Acrobatics","floor":27,"key":"SMITH"},{"data":"Blur","floor":29,"key":"SMITH"},{"data":"Blur","floor":32,"key":"SMITH"},{"data":"Bullet Time","floor":40,"key":"SMITH"},{"data":"Wraith Form v2","floor":42,"key":"SMITH"},{"floor":49,"key":"RECALL"},{"data":"Acrobatics","floor":53,"key":"SMITH"}],"circlet_count":0,"master_deck":["AscendersBane","Strike_G+1","Defend_G+1","Defend_G+1","Defend_G+1","Defend_G+1","Defend_G+1","Survivor","Neutralize","Dash","Dagger Throw","Footwork+1","Noxious Fumes+1","Crippling Poison+1","Acrobatics+1","Backstab","Blur+1","Backflip","Malaise+1","Tactician+1","Outmaneuver+1","Leg Sweep+1","Backflip+1","Blur+1","Noxious Fumes+1","Deflect","Blur","Wraith Form v2+1","Panacea","PanicButton","Purity","Blur","Blade Dance","Bullet Time+1","Concentrate","Blade Dance+1","Bouncing Flask+1","Acrobatics+1","Catalyst+1","Outmaneuver+1","Caltrops"],"relics":["Ring of the Snake","Oddly Smooth Stone","Eternal Feather","Singing Bowl","Centennial Puzzle","Bottled Tornado","PreservedInsect","Astrolabe","Potion Belt","Blood Vial","Black Star","Toolbox","Gambling Chip","Lantern","Kunai","MealTicket","Prayer Wheel","The Courier","MawBank","Bottled Lightning","Orrery"],"acts_visited":["Exordium","TheCity","TheBeyond","TheEnding"],"potions_floor_usage":[25,31,45,46,46,51,55],"damage_taken":[{"damage":1.0,"enemies":"Small Slimes","floor":1.0,"turns":4.0},{"damage":1.0,"enemies":"2 Louse","floor":2.0,"turns":3.0},{"damage":1.0,"enemies":"Jaw Worm","floor":3.0,"turns":3.0},{"damage":0.0,"enemies":"2 Fungi Beasts","floor":5.0,"turns":4.0},{"damage":42.0,"enemies":"Gremlin Nob","floor":6.0,"turns":5.0},{"damage":18,"enemies":"3 Sentries","floor":11,"turns":8},{"damage":7,"enemies":"3 Sentries","floor":13,"turns":6},{"damage":15,"enemies":"Hexaghost","floor":16,"turns":13},{"damage":10,"enemies":"2 Thieves","floor":18,"turns":4},{"damage":6,"enemies":"3 Byrds","floor":19,"turns":7},{"damage":17,"enemies":"3 Cultists","floor":21,"turns":7},{"damage":21,"enemies":"Gremlin Leader","floor":24,"turns":8},{"damage":7,"enemies":"Snake Plant","floor":25,"turns":6},{"damage":0,"enemies":"Centurion and Healer","floor":28,"turns":9},{"damage":0,"enemies":"Cultist and Chosen","floor":30,"turns":7},{"damage":0,"enemies":"3 Cultists","floor":31,"turns":7},{"damage":4,"enemies":"Automaton","floor":33,"turns":13},{"damage":0,"enemies":"3 Darklings","floor":35,"turns":8},{"damage":14,"enemies":"Orb Walker","floor":37,"turns":7},{"damage":19,"enemies":"Transient","floor":38,"turns":6},{"damage":0,"enemies":"Nemesis","floor":41,"turns":13},{"damage":0,"enemies":"Giant Head","floor":44,"turns":10},{"damage":22,"enemies":"2 Orb Walkers","floor":45,"turns":6},{"damage":24,"enemies":"Reptomancer","floor":46,"turns":7},{"damage":1,"enemies":"Sphere and 2 Shapes","floor":48,"turns":7},{"damage":25,"enemies":"Awakened One","floor":50,"turns":42},{"damage":27,"enemies":"Donu and Deca","floor":51,"turns":12},{"damage":80,"enemies":"Shield and Spear","floor":55,"turns":6}],"seed_played":"-3244548078837444943","potions_obtained":[{"floor":1.0,"key":"SteroidPotion"},{"floor":2.0,"key":"FearPotion"},{"floor":13,"key":"Dexterity Potion"},{"floor":21,"key":"Dexterity Potion"},{"floor":28,"key":"Fire Potion"},{"floor":38,"key":"Poison Potion"},{"floor":44,"key":"BlessingOfTheForge"},{"floor":45,"key":"GamblersBrew"}],"is_trial":false,"path_per_floor":["M","M","M","$","M","E","R","?","T","R","E","?","?","$","R","B",null,"M","M","?","M","?","R","E","M","T","R","M","R","M","M","R","B",null,"M","?","M","M","$","R","E","R","T","E","?","E","T","M","R","B","B",null,"R","$","E"],"character_chosen":"THE_SILENT","items_purchased":["Noxious Fumes","Crippling Poison","Oddly Smooth Stone","PreservedInsect","Backflip","Bullet Time","Toolbox","Orrery","Caltrops","Weak Potion"],"campfire_rested":0,"item_purchase_floors":[4,4,4,14,14,39,39,54,54,54],"current_hp_per_floor":[58,57,56,56,56,14,23,12,12,21,5,25,18,18,30,15,50,40,34,34,19,19,31,10,3,3,18,22,37,39,43,58,56,65,69,59,47,30,30,48,50,70,70,72,52,30,30,31,52,29,4,57,74,80,0,0],"gold":36,"neow_bonus":"TWO_FIFTY_GOLD","is_daily":false,"chose_seed":false,"campfire_upgraded":10,"win_rate":0.0,"timestamp":1609306592,"path_taken":["M","M","M","$","M","E","R","?","T","R","E","?","?","$","R","BOSS","M","M","?","M","?","R","E","M","T","R","M","R","M","M","R","BOSS","M","?","M","M","$","R","E","R","T","E","?","E","?","M","R","BOSS","BOSS","R","$","E"],"items_purchased_type":["Card","Card","Relic","Relic","Card","Card","Relic","Relic","Card","Potion"],"build_version":"2020-12-22","purchased_purges":1,"victory":false,"max_hp_per_floor":[60,60,60,60,60,60,60,60,60,60,62,62,62,62,62,62,62,62,62,62,64,64,64,64,64,64,64,66,66,66,68,68,68,68,70,70,70,70,70,70,70,70,70,72,74,74,74,74,74,74,74,74,74,80,80,80],"relic_stats":{"Singing Bowl":20,"counters":[28,238],"Astrolabe":["Tactician","Outmaneuver","Leg Sweep"],"Eternal Feather":163,"PreservedInsect":367,"MawBank":96,"Blood Vial":24,"Centennial Puzzle":[48],"Gambling Chip":[38],"MealTicket":0,"Prayer Wheel":1,"Black Star":3,"Kunai":[29],"obtain_stats":[{"Potion Belt":24,"Lantern":41,"Singing Bowl":9,"Astrolabe":17,"Oddly Smooth Stone":4,"Eternal Feather":6,"PreservedInsect":14,"The Courier":46,"Bottled Tornado":13,"MawBank":46,"Blood Vial":26,"Centennial Puzzle":11,"Gambling Chip":41,"Toolbox":39,"Orrery":54,"MealTicket":44,"Prayer Wheel":45,"Black Star":34,"Kunai":44,"Bottled Lightning":47,"Ring of the Snake":0},{"Potion Belt":12,"Lantern":21,"Singing Bowl":5,"Astrolabe":8,"Oddly Smooth Stone":3,"Eternal Feather":5,"PreservedInsect":7,"The Courier":24,"Bottled Tornado":7,"MawBank":24,"Blood Vial":13,"Centennial Puzzle":6,"Gambling Chip":21,"Toolbox":20,"Orrery":27,"MealTicket":22,"Prayer Wheel":23,"Black Star":17,"Kunai":22,"Bottled Lightning":24,"Ring of the Snake":0},{"Potion Belt":72,"Lantern":148,"Singing Bowl":19,"Astrolabe":46,"Oddly Smooth Stone":10,"Eternal Feather":19,"PreservedInsect":33,"The Courier":171,"Bottled Tornado":33,"MawBank":171,"Blood Vial":78,"Centennial Puzzle":27,"Gambling Chip":148,"Toolbox":135,"Orrery":232,"MealTicket":158,"Prayer Wheel":164,"Black Star":114,"Kunai":158,"Bottled Lightning":171,"Ring of the Snake":0}],"Ring of the Snake":[56]},"card_choices":[{"not_picked":["Blade Dance","Outmaneuver"],"picked":"Dash","floor":1.0},{"not_picked":["Cloak And Dagger","Deadly Poison"],"picked":"Dagger Throw","floor":2.0},{"not_picked":["Deflect","Expertise"],"picked":"Footwork","floor":3.0},{"not_picked":["Flying Knee","Sucker Punch"],"picked":"Acrobatics","floor":5.0},{"not_picked":["Heel Hook","Noxious Fumes"],"picked":"Backstab","floor":6.0},{"not_picked":["Endless Agony","Dagger Throw","Acrobatics"],"picked":"Singing Bowl","floor":11},{"not_picked":["Accuracy","Prepared"],"picked":"Blur","floor":13},{"not_picked":["Storm of Steel","Adrenaline"],"picked":"Malaise","floor":16},{"not_picked":["Finisher","Outmaneuver"],"picked":"Backflip+1","floor":18},{"not_picked":["Blade Dance","Tactician"],"picked":"Blur","floor":19},{"not_picked":["Finisher","Backflip","Quick Slash"],"picked":"Singing Bowl","floor":21},{"not_picked":["Skewer","Endless Agony"],"picked":"Noxious Fumes+1","floor":24},{"not_picked":["Bouncing Flask","Terror"],"picked":"Deflect","floor":25},{"not_picked":["Flechettes","Infinite Blades","Deadly Poison"],"picked":"Singing Bowl","floor":28},{"not_picked":["Sucker Punch","Bouncing Flask"],"picked":"Blur","floor":30},{"not_picked":["Skewer","Expertise","Outmaneuver"],"picked":"Singing Bowl","floor":31},{"not_picked":["Adrenaline","Phantasmal Killer"],"picked":"Wraith Form v2","floor":33},{"not_picked":["Endless Agony+1","Deadly Poison","Choke"],"picked":"Singing Bowl","floor":35},{"not_picked":["Thinking Ahead","Trip"],"picked":"Panacea","floor":36},{"not_picked":["Panacea","Transmutation"],"picked":"PanicButton","floor":36},{"not_picked":["Good Instincts","Enlightenment"],"picked":"Purity","floor":36},{"not_picked":["Sucker Punch","Cloak And Dagger"],"picked":"Blur","floor":37},{"not_picked":["Backflip","Dash"],"picked":"Blade Dance","floor":38},{"not_picked":["Storm of Steel","Quick Slash"],"picked":"Concentrate","floor":41},{"not_picked":["Eviscerate","Envenom","Crippling Poison+1"],"picked":"Singing Bowl","floor":44},{"not_picked":["Dash+1","Deadly Poison","Flechettes+1"],"picked":"Singing Bowl","floor":45},{"not_picked":["Deflect","Caltrops"],"picked":"Blade Dance+1","floor":46},{"not_picked":["Poisoned Stab+1","Crippling Poison"],"picked":"Bouncing Flask+1","floor":48},{"not_picked":["Endless Agony","Dagger Throw+1"],"picked":"Acrobatics","floor":48},{"not_picked":["Backflip","Flying Knee"],"picked":"Catalyst+1","floor":54},{"not_picked":["Doppelganger","Blade Dance"],"picked":"Outmaneuver+1","floor":54},{"not_picked":["Escape Plan","Deflect","Flying Knee"],"picked":"Singing Bowl","floor":54},{"not_picked":["Terror","Backstab","Prepared"],"picked":"Singing Bowl","floor":54},{"not_picked":["Dagger Spray","Backflip","Distraction"],"picked":"Singing Bowl","floor":54}],"player_experience":1605325,"relics_obtained":[{"floor":6.0,"key":"Eternal Feather"},{"floor":9.0,"key":"Singing Bowl"},{"floor":11,"key":"Centennial Puzzle"},{"floor":13,"key":"Bottled Tornado"},{"floor":24,"key":"Potion Belt"},{"floor":26,"key":"Blood Vial"},{"floor":41,"key":"Gambling Chip"},{"floor":41,"key":"Lantern"},{"floor":44,"key":"Kunai"},{"floor":44,"key":"MealTicket"},{"floor":45,"key":"Prayer Wheel"},{"floor":46,"key":"The Courier"},{"floor":46,"key":"MawBank"},{"floor":47,"key":"Bottled Lightning"}],"event_choices":[{"damage_healed":0.0,"max_hp_gain":0.0,"max_hp_loss":0.0,"gold_gain":75.0,"event_name":"World of Goop","player_choice":"Gather Gold","floor":8.0,"gold_loss":0.0,"damage_taken":11.0},{"damage_healed":20,"gold_gain":0,"player_choice":"Banana","damage_taken":0,"max_hp_gain":0,"max_hp_loss":0,"event_name":"Big Fish","floor":12,"gold_loss":0},{"damage_healed":0,"gold_gain":0,"player_choice":"Searched \u00271\u0027 times","damage_taken":0,"max_hp_gain":0,"max_hp_loss":0,"event_name":"Dead Adventurer","floor":13,"gold_loss":0},{"damage_healed":0,"gold_gain":0,"player_choice":"Simplicity","damage_taken":0,"max_hp_gain":0,"max_hp_loss":0,"event_name":"Back to Basics","floor":22,"gold_loss":0,"cards_upgraded":["Strike_G","Defend_G","Defend_G","Defend_G","Defend_G","Defend_G"]},{"damage_healed":0,"gold_gain":0,"player_choice":"Memory 3","damage_taken":10,"max_hp_gain":0,"max_hp_loss":0,"event_name":"SensoryStone","floor":36,"gold_loss":0},{"damage_healed":0,"gold_gain":0,"player_choice":"Fight","damage_taken":0,"max_hp_gain":0,"max_hp_loss":0,"event_name":"Mysterious Sphere","floor":45,"gold_loss":0}],"is_beta":false,"boss_relics":[{"not_picked":["Fusion Hammer","SacredBark"],"picked":"Astrolabe"},{"not_picked":["Ring of the Serpent","Velvet Choker"],"picked":"Black Star"}],"items_purged_floors":[4],"is_endless":false,"potions_floor_spawned":[1,2,5,13,21,28,38,44,45],"killed_by":"Shield and Spear","ascension_level":20}}