{"host":"nnxvcju6x1qybncj","time":1609330237,"event":{"mods":["BaseMod","Displayed Cursed Tome","Downfall","Jorbs\u0027s Wanderer Trilogy","Minty Spire (QoL Compilation)","Quick Restart","StSLib","The Construct","The Cursed","The Disciple","The Hierophant","The Judge","The Necromancer","The Spell Scribe","TheFirefly"],"gold_per_floor":[119,119,119,143,68,107,107,188,188,208,244,244,268,110,110,110,110],"floor_reached":16,"playtime":545,"items_purged":["Strike_B","Strike_B"],"score":266,"play_id":"17e812f7-153b-454a-9d89-0b400b179577","local_time":"20201230131037","is_ascension_mode":true,"campfire_choices":[{"data":"Hologram","floor":7,"key":"SMITH"},{"floor":12,"key":"REST"},{"data":"Zap","floor":15,"key":"SMITH"}],"circlet_count":0,"master_deck":["AscendersBane","Strike_B","Strike_B","Defend_B","Defend_B","Defend_B","Defend_B","Zap+1","Dualcast","Rebound","Ball Lightning","Hologram+1","Leap","Leap","Hologram","Core Surge","Ball Lightning"],"relics":["Cracked Core","NeowsBlessing","Golden Idol","Gremlin Horn","Art of War","StrikeDummy","Regal Pillow"],"acts_visited":["Exordium"],"potions_floor_usage":[11],"damage_taken":[{"damage":0,"enemies":"Jaw Worm","floor":1,"turns":1},{"damage":0,"enemies":"Small Slimes","floor":4,"turns":1},{"damage":0,"enemies":"Lagavulin","floor":6,"turns":1},{"damage":30,"enemies":"3 Sentries","floor":8,"turns":6},{"damage":1,"enemies":"2 Louse","floor":10,"turns":2},{"damage":27,"enemies":"3 Sentries","floor":11,"turns":8},{"damage":1,"enemies":"2 Fungi Beasts","floor":13,"turns":4},{"damage":43,"enemies":"Hexaghost","floor":16,"turns":9}],"seed_played":"5003614360353365348","potions_obtained":[{"floor":8,"key":"champ:CounterPotion"},{"floor":10,"key":"SteroidPotion"}],"is_trial":false,"path_per_floor":["M","?","?","M","$","E","R","?","T","M","E","R","M","$","R","B"],"character_chosen":"DEFECT","items_purchased":["Ball Lightning"],"campfire_rested":1,"item_purchase_floors":[14],"current_hp_per_floor":[64,64,64,64,64,64,64,34,34,33,6,40,39,39,39,0,0],"gold":110,"neow_bonus":"THREE_ENEMY_KILL","is_daily":false,"chose_seed":false,"campfire_upgraded":2,"win_rate":0.0,"timestamp":1609330237,"path_taken":["M","?","?","M","$","E","R","?","T","M","E","R","M","$","R","BOSS"],"items_purchased_type":["Card"],"build_version":"2020-12-22","purchased_purges":2,"victory":false,"max_hp_per_floor":[71,71,64,64,64,64,64,64,64,64,64,64,64,64,64,64,64],"card_choices":[{"not_picked":["Stack","Cold Snap"],"picked":"Rebound","floor":1},{"not_picked":["Streamline","Conserve Battery"],"picked":"Ball Lightning","floor":4},{"not_picked":["Doom and Gloom","Fusion"],"picked":"Hologram","floor":6},{"not_picked":["Reprogram","Barrage"],"picked":"Leap","floor":8},{"not_picked":["Sweeping Beam","Turbo"],"picked":"Leap","floor":10},{"not_picked":["Double Energy","Genetic Algorithm"],"picked":"Hologram","floor":11},{"not_picked":["Compile Driver","Stack"],"picked":"Core Surge","floor":13}],"player_experience":618259,"relics_obtained":[{"floor":6,"key":"Gremlin Horn"},{"floor":8,"key":"Art of War"},{"floor":9,"key":"StrikeDummy"},{"floor":11,"key":"Regal Pillow"}],"event_choices":[{"damage_healed":0,"gold_gain":0,"player_choice":"Ignored","damage_taken":0,"max_hp_gain":0,"max_hp_loss":0,"event_name":"Liars Game","floor":2,"gold_loss":0},{"damage_healed":0,"gold_gain":0,"player_choice":"Lose Max HP","damage_taken":0,"relics_obtained":["Golden Idol"],"max_hp_gain":0,"max_hp_loss":7,"event_name":"Golden Idol","floor":3,"gold_loss":0},{"damage_healed":0,"gold_gain":0,"player_choice":"Searched \u00271\u0027 times","damage_taken":0,"max_hp_gain":0,"max_hp_loss":0,"event_name":"Dead Adventurer","floor":8,"gold_loss":0}],"is_beta":false,"boss_relics":[],"items_purged_floors":[5,14],"is_endless":false,"potions_floor_spawned":[8,10],"killed_by":"Hexaghost","ascension_level":20}}