{"host":"raai0vtvcfkt8csp","time":1609295443,"event":{"mods":["2.2 Compatiblity","AchievementEnabler","BaseMod","Block Reminder","DeckTracker","Defective Defect","GifTheSpireLib","Minty Spire (QoL Compilation)","Quick Restart","Random Character Button","Rare Cards Sparkle","StSLib","Unceasing Turn Reminder"],"gold_per_floor":[12,23,23,23,36,68,143,173,173,190,200,200,200,218,218,317,317,328,328,338,356,368,368,401,418,444,444,444],"floor_reached":27,"playtime":1302,"items_purged":[],"score":263,"play_id":"5646bc9f-fc03-49b3-b635-3e90396a65a3","local_time":"20201230033043","is_ascension_mode":true,"campfire_choices":[{"floor":15.0,"key":"REST"},{"floor":23,"key":"REST"}],"circlet_count":0,"master_deck":["Defend_P","Defend_P","Defend_P","Defend_P","Eruption","Vigilance","ConjureBlade","FlurryOfBlows","LikeWater+1","Wallop","WindmillStrike","DeusExMachina","FlurryOfBlows","SignatureMove","MentalFortress","Prostrate","Alpha","SandsOfTime","Bite","Bite","Bite","Bite","Bite","LikeWater","Protect+1","EmptyBody+1","DeceiveReality+1","Evaluate","Pain"],"relics":["PureWater","Anchor","Matryoshka","Pen Nib","Cursed Key","Red Mask","Bag of Marbles","Akabeko"],"acts_visited":["Exordium","TheCity"],"potions_floor_usage":[16,18,20,21,22,22],"damage_taken":[{"damage":6.0,"enemies":"2 Louse","floor":1.0,"turns":4.0},{"damage":6.0,"enemies":"Jaw Worm","floor":2.0,"turns":4.0},{"damage":2.0,"enemies":"Small Slimes","floor":5.0,"turns":5.0},{"damage":5.0,"enemies":"3 Sentries","floor":6.0,"turns":10.0},{"damage":24.0,"enemies":"Gremlin Nob","floor":8.0,"turns":7.0},{"damage":0.0,"enemies":"Exordium Thugs","floor":10.0,"turns":4.0},{"damage":6.0,"enemies":"3 Louse","floor":11.0,"turns":5.0},{"damage":0.0,"enemies":"Looter","floor":14.0,"turns":1.0},{"damage":25,"enemies":"Hexaghost","floor":16,"turns":8},{"damage":13,"enemies":"Shell Parasite","floor":18,"turns":4},{"damage":11,"enemies":"2 Thieves","floor":20,"turns":4},{"damage":48,"enemies":"Cultist and Chosen","floor":21,"turns":5},{"damage":3,"enemies":"Centurion and Healer","floor":22,"turns":6},{"damage":44,"enemies":"Masked Bandits","floor":24,"turns":9},{"damage":5,"enemies":"Snake Plant","floor":25,"turns":3},{"damage":17,"enemies":"Gremlin Leader","floor":27,"turns":2}],"seed_played":"1908619452154743514","potions_obtained":[{"floor":2.0,"key":"Ambrosia"},{"floor":8.0,"key":"ColorlessPotion"},{"floor":10.0,"key":"BlessingOfTheForge"},{"floor":11.0,"key":"LiquidMemories"},{"floor":16,"key":"Regen Potion"},{"floor":18,"key":"DuplicationPotion"},{"floor":20,"key":"Weak Potion"},{"floor":24,"key":"EssenceOfSteel"}],"is_trial":false,"path_per_floor":["M","M","?","$","M","E","?","E","T","M","M","?","?","M","R","B",null,"M","?","M","M","M","R","?","M","T","E"],"character_chosen":"WATCHER","items_purchased":[],"campfire_rested":2,"item_purchase_floors":[],"current_hp_per_floor":[66,60,60,60,58,53,42,18,18,18,12,12,12,12,33,8,72,59,50,41,4,22,37,7,6,6,0,0],"gold":444,"neow_bonus":"THREE_RARE_CARDS","is_daily":false,"chose_seed":false,"campfire_upgraded":0,"win_rate":0.0,"timestamp":1609295443,"path_taken":["M","M","?","$","M","E","?","E","T","M","M","?","?","M","R","BOSS","M","?","M","M","M","R","?","M","T","E"],"items_purchased_type":[],"build_version":"2020-12-22","purchased_purges":0,"victory":false,"max_hp_per_floor":[72,72,72,72,72,72,72,72,72,72,72,72,72,72,72,72,72,72,50,50,50,50,50,50,50,50,50,50],"card_choices":[{"not_picked":["DeusExMachina","Scrawl"],"picked":"ConjureBlade","floor":0.0},{"not_picked":["Protect","FlyingSleeves"],"picked":"FlurryOfBlows","floor":1.0},{"not_picked":["InnerPeace","JustLucky"],"picked":"LikeWater","floor":2.0},{"not_picked":["Sanctity","Indignation"],"picked":"Wallop","floor":5.0},{"not_picked":["BowlingBash","CrushJoints"],"picked":"WindmillStrike","floor":6.0},{"not_picked":["BowlingBash","Collect"],"picked":"DeusExMachina","floor":8.0},{"not_picked":["CrushJoints","PathToVictory"],"picked":"FlurryOfBlows","floor":10.0},{"not_picked":["EmptyFist","FlurryOfBlows"],"picked":"SignatureMove","floor":11.0},{"not_picked":["Evaluate","FlyingSleeves"],"picked":"Prostrate","floor":14.0},{"not_picked":["Vault","Blasphemy"],"picked":"Alpha","floor":16},{"not_picked":["JustLucky","FollowUp"],"picked":"SandsOfTime","floor":18},{"not_picked":["SandsOfTime","EmptyFist+1"],"picked":"LikeWater","floor":20},{"not_picked":["WheelKick+1","Consecrate"],"picked":"Protect+1","floor":21},{"not_picked":["Evaluate","InnerPeace"],"picked":"EmptyBody+1","floor":22},{"not_picked":["Crescendo+1","SandsOfTime"],"picked":"DeceiveReality+1","floor":24},{"not_picked":["Worship+1","EmptyFist+1"],"picked":"Evaluate","floor":25}],"player_experience":514619,"relics_obtained":[{"floor":6.0,"key":"Anchor"},{"floor":8.0,"key":"Matryoshka"},{"floor":9.0,"key":"Pen Nib"},{"floor":24,"key":"Red Mask"},{"floor":26,"key":"Bag of Marbles"},{"floor":26,"key":"Akabeko"}],"event_choices":[{"damage_healed":0.0,"max_hp_gain":0.0,"max_hp_loss":0.0,"gold_gain":0.0,"event_name":"Living Wall","player_choice":"Grow","floor":3.0,"gold_loss":0.0,"damage_taken":0.0,"cards_upgraded":["LikeWater"]},{"damage_healed":0.0,"max_hp_gain":0.0,"max_hp_loss":0.0,"gold_gain":75.0,"event_name":"World of Goop","player_choice":"Gather Gold","floor":7.0,"gold_loss":0.0,"damage_taken":11.0},{"damage_healed":0.0,"max_hp_gain":0.0,"max_hp_loss":0.0,"gold_gain":0.0,"event_name":"Liars Game","player_choice":"Ignored","floor":12.0,"gold_loss":0.0,"damage_taken":0.0},{"damage_healed":0.0,"max_hp_gain":0.0,"max_hp_loss":0.0,"gold_gain":0.0,"cards_transformed":["Strike_P"],"event_name":"Transmorgrifier","player_choice":"Transformed","floor":13.0,"gold_loss":0.0,"damage_taken":0.0,"cards_obtained":["MentalFortress"]},{"damage_healed":0,"gold_gain":0,"player_choice":"Became a vampire","damage_taken":0,"max_hp_gain":0,"max_hp_loss":22,"event_name":"Vampires","floor":19,"gold_loss":0,"cards_obtained":["Bite","Bite","Bite","Bite","Bite"]},{"damage_healed":0,"gold_gain":0,"player_choice":"Fought Bandits","damage_taken":0,"max_hp_gain":0,"max_hp_loss":0,"event_name":"Masked Bandits","floor":24,"gold_loss":0}],"is_beta":false,"boss_relics":[{"not_picked":["Astrolabe","VioletLotus"],"picked":"Cursed Key"}],"items_purged_floors":[],"is_endless":false,"potions_floor_spawned":[2,8,10,11,16,18,20,24],"killed_by":"Gremlin Leader","ascension_level":1}}