{"host":"oigynbtg272c19pw","time":1609369675,"event":{"mods":["BaseMod","Colored Map","Minty Spire (QoL Compilation)","Relic Stats","StSLib"],"gold_per_floor":[117,133,45,57,57,57,92,92,92,122,137,150,150,181,181,258,258,270,299,89,89,89,89,9,9,57,57,99,99,136,136,136,136,136],"floor_reached":33,"playtime":1029,"items_purged":["Strike_G"],"score":594,"play_id":"37098b91-3be2-4b1c-98b5-d2a670919e2b","local_time":"20201231000755","is_ascension_mode":true,"campfire_choices":[{"data":"Blade Dance","floor":6,"key":"SMITH"},{"data":"Accuracy","floor":8,"key":"SMITH"},{"floor":13,"key":"REST"},{"floor":15,"key":"REST"},{"floor":23,"key":"REST"},{"data":"A Thousand Cuts","floor":27,"key":"SMITH"},{"floor":29,"key":"REST"},{"floor":32,"key":"REST"}],"circlet_count":0,"master_deck":["AscendersBane","Strike_G","Strike_G","Strike_G","Defend_G","Defend_G","Defend_G","Defend_G","Defend_G","Survivor","Neutralize","Blade Dance+1","Acrobatics","Accuracy+1","Die Die Die","A Thousand Cuts+1","Reflex","Blade Dance","Finisher+1","Infinite Blades","Malaise","Phantasmal Killer","Dagger Spray+1","Escape Plan","Crippling Poison","Footwork","Finisher+1","Wraith Form v2"],"relics":["Ring of the Snake","NeowsBlessing","Boot","Molten Egg 2","Vajra","Nunchaku","SacredBark","Red Mask","Matryoshka","PreservedInsect","CeramicFish","Bottled Tornado","Bottled Lightning"],"acts_visited":["Exordium","TheCity"],"potions_floor_usage":[7,14,28,28],"damage_taken":[{"damage":0,"enemies":"Cultist","floor":1,"turns":1},{"damage":0,"enemies":"2 Louse","floor":2,"turns":1},{"damage":0,"enemies":"Small Slimes","floor":4,"turns":1},{"damage":5,"enemies":"Lagavulin","floor":7,"turns":6},{"damage":34,"enemies":"3 Sentries","floor":10,"turns":8},{"damage":0,"enemies":"3 Louse","floor":11,"turns":2},{"damage":0,"enemies":"Red Slaver","floor":12,"turns":4},{"damage":26,"enemies":"Gremlin Nob","floor":14,"turns":4},{"damage":14,"enemies":"Hexaghost","floor":16,"turns":8},{"damage":21,"enemies":"Shell Parasite","floor":18,"turns":5},{"damage":4,"enemies":"Masked Bandits","floor":19,"turns":2},{"damage":26,"enemies":"Gremlin Leader","floor":28,"turns":5},{"damage":24,"enemies":"Book of Stabbing","floor":30,"turns":4},{"damage":39,"enemies":"Collector","floor":33,"turns":6}],"seed_played":"4458440923136840439","potions_obtained":[{"floor":2,"key":"SpeedPotion"},{"floor":10,"key":"Block Potion"},{"floor":12,"key":"CultistPotion"},{"floor":19,"key":"PowerPotion"},{"floor":28,"key":"FearPotion"}],"is_trial":false,"path_per_floor":["M","M","$","M","?","R","E","R","T","E","M","M","R","E","R","B",null,"M","?","$","?","?","R","$","?","T","R","E","R","E","?","R","B"],"character_chosen":"THE_SILENT","items_purchased":["Accuracy","Block Potion","Crippling Poison","Footwork"],"campfire_rested":5,"item_purchase_floors":[3,20,20,24],"current_hp_per_floor":[59,59,59,59,59,59,54,54,54,20,20,20,39,13,32,18,54,33,29,29,11,11,32,32,32,32,32,6,27,3,3,24,0,0],"gold":136,"neow_bonus":"THREE_ENEMY_KILL","is_daily":false,"chose_seed":false,"campfire_upgraded":3,"win_rate":0.0,"timestamp":1609369675,"path_taken":["M","?","$","?","?","R","E","R","T","E","M","M","R","E","R","BOSS","M","?","$","?","?","R","$","?","T","R","E","R","E","?","R","BOSS"],"items_purchased_type":["Card","Potion","Card","Card"],"build_version":"2020-12-13","purchased_purges":1,"victory":false,"max_hp_per_floor":[66,66,66,66,66,66,66,66,66,66,66,66,66,66,66,66,66,66,66,66,71,71,71,71,71,71,71,71,71,71,71,71,71,71],"relic_stats":{"Nunchaku":[7],"counters":[14,57],"CeramicFish":18,"PreservedInsect":87,"Boot":[15],"obtain_stats":[{"NeowsBlessing":0,"SacredBark":17,"CeramicFish":26,"Vajra":10,"PreservedInsect":26,"Bottled Tornado":28,"Boot":7,"Nunchaku":14,"Matryoshka":25,"Molten Egg 2":9,"Red Mask":19,"Bottled Lightning":30,"Ring of the Snake":0},{"NeowsBlessing":0,"SacredBark":9,"CeramicFish":11,"Vajra":5,"PreservedInsect":11,"Bottled Tornado":12,"Boot":4,"Nunchaku":8,"Matryoshka":11,"Molten Egg 2":4,"Red Mask":11,"Bottled Lightning":13,"Ring of the Snake":0},{"NeowsBlessing":0,"SacredBark":35,"CeramicFish":42,"Vajra":17,"PreservedInsect":42,"Bottled Tornado":47,"Boot":9,"Nunchaku":27,"Matryoshka":42,"Molten Egg 2":9,"Red Mask":42,"Bottled Lightning":51,"Ring of the Snake":0}],"Ring of the Snake":[28]},"card_choices":[{"not_picked":["Backflip","Deflect"],"picked":"Blade Dance","floor":1},{"not_picked":["Dagger Throw","Bane"],"picked":"Acrobatics","floor":2},{"not_picked":["Outmaneuver","Prepared"],"picked":"Die Die Die","floor":4},{"not_picked":["Concentrate","Sucker Punch"],"picked":"Reflex","floor":7},{"not_picked":["PiercingWail","Dodge and Roll"],"picked":"Blade Dance","floor":10},{"not_picked":["Bouncing Flask","Underhanded Strike+1"],"picked":"Finisher+1","floor":11},{"not_picked":["Reflex","Deadly Poison"],"picked":"Infinite Blades","floor":12},{"not_picked":["Poisoned Stab+1","Corpse Explosion"],"picked":"Malaise","floor":14},{"not_picked":["Tools of the Trade","Die Die Die+1"],"picked":"Phantasmal Killer","floor":16},{"not_picked":["Outmaneuver","Deadly Poison+1"],"picked":"Dagger Spray+1","floor":18},{"not_picked":["Skewer+1","Slice+1"],"picked":"Escape Plan","floor":19},{"not_picked":["Deadly Poison","Sucker Punch+1"],"picked":"Finisher+1","floor":28},{"not_picked":["Blur","Dodge and Roll"],"picked":"Wraith Form v2","floor":30}],"player_experience":1304864,"relics_obtained":[{"floor":7,"key":"Boot"},{"floor":9,"key":"Molten Egg 2"},{"floor":10,"key":"Vajra"},{"floor":14,"key":"Nunchaku"},{"floor":19,"key":"Red Mask"},{"floor":26,"key":"PreservedInsect"},{"floor":26,"key":"CeramicFish"},{"floor":28,"key":"Bottled Tornado"},{"floor":30,"key":"Bottled Lightning"}],"event_choices":[{"damage_healed":0,"gold_gain":0,"cards_transformed":["Strike_G"],"player_choice":"Transformed","damage_taken":0,"max_hp_gain":0,"max_hp_loss":0,"event_name":"Transmorgrifier","floor":5,"gold_loss":0,"cards_obtained":["A Thousand Cuts"]},{"damage_healed":0,"gold_gain":0,"player_choice":"Fought Bandits","damage_taken":0,"max_hp_gain":0,"max_hp_loss":0,"event_name":"Masked Bandits","floor":19,"gold_loss":0},{"damage_healed":0,"gold_gain":0,"player_choice":"Shed Blood","damage_taken":23,"max_hp_gain":5,"max_hp_loss":0,"event_name":"Forgotten Altar","floor":21,"gold_loss":0},{"damage_healed":0,"gold_gain":0,"player_choice":"Ignored","damage_taken":0,"max_hp_gain":0,"max_hp_loss":0,"event_name":"Cursed Tome","floor":22,"gold_loss":0},{"damage_healed":0,"gold_gain":0,"player_choice":"Opened","damage_taken":0,"relics_obtained":["Matryoshka"],"max_hp_gain":0,"max_hp_loss":0,"event_name":"The Mausoleum","floor":25,"gold_loss":0,"cards_obtained":["Writhe"]},{"cards_removed":["Writhe"],"damage_healed":0,"gold_gain":0,"player_choice":"Removed Curses","damage_taken":0,"max_hp_gain":0,"max_hp_loss":0,"event_name":"Fountain of Cleansing","floor":31,"gold_loss":0}],"is_beta":false,"boss_relics":[{"not_picked":["Tiny House","Snecko Eye"],"picked":"SacredBark"}],"items_purged_floors":[20],"is_endless":false,"potions_floor_spawned":[2,10,12,19,28],"killed_by":"Collector","ascension_level":20}}