{"host":"6affnl2vk6en9o4b","time":1609332136,"event":{"mods":["2.2 Compatiblity","AchievementEnabler","Aspiration","BaseMod","BetterRewards","Colored Powertips","Conspire","Downfall","Friendly Minions","Googly Eyes","Highlight Path","Hubris","Minty Spire (QoL Compilation)","Replay The Spire","StSLib","Trackpad","Unceasing Turn Reminder","vexMod"],"gold_per_floor":[99,116,126,138,156,186,186,219,219,232,232,232,232,232],"floor_reached":12,"playtime":710,"items_purged":[],"score":95,"play_id":"659e7eb7-3a4c-41b9-80aa-83fc062ea5d3","local_time":"20201230124216","is_ascension_mode":true,"campfire_choices":[{"floor":1.0,"key":"RECALL"}],"circlet_count":0,"master_deck":["Guardian:Strike_Guardian","Guardian:Strike_Guardian","Guardian:Strike_Guardian","Guardian:Strike_Guardian","Guardian:Defend_Guardian","Guardian:Defend_Guardian","Guardian:Defend_Guardian","Guardian:Defend_Guardian","Guardian:CurlUp","Guardian:TwinSlam","Guardian:RevengeProtocol","Guardian:SpikerProtocol","Guardian:Repulse","Guardian:CrystalBeam","Guardian:MultiBeam","Guardian:WalkerClaw","Guardian:Gem_Red","Guardian:Incinerate","Guardian:PrismaticBeam","Guardian:ExploitGems","Guardian:Gem_Red"],"relics":["Guardian:ModeShifter","aspiration:DSix","aspiration:StickyExplosives_weak","Pet Ghost"],"acts_visited":["Exordium"],"potions_floor_usage":[],"damage_taken":[{"damage":0.0,"enemies":"Small Slimes","floor":2.0,"turns":3.0},{"damage":0.0,"enemies":"Cultist","floor":3.0,"turns":4.0},{"damage":1.0,"enemies":"conspire:RoseBush","floor":4.0,"turns":4.0},{"damage":7.0,"enemies":"Red Slaver","floor":5.0,"turns":4.0},{"damage":18.0,"enemies":"3 Sentries","floor":6.0,"turns":9.0},{"damage":26.0,"enemies":"Replay:BlueRogue","floor":8.0,"turns":7.0},{"damage":0.0,"enemies":"downfall:FleeingMerchant","floor":9.0,"turns":1.0},{"damage":6,"enemies":"Exordium Wildlife","floor":10,"turns":5},{"damage":19,"enemies":"Gremlin Nob","floor":12,"turns":3}],"seed_played":"-2353711232693489385","potions_obtained":[{"floor":2.0,"key":"SkillPotion"},{"floor":6.0,"key":"SmokeBomb"},{"floor":10,"key":"Slimebound:ThreeZeroPotion"}],"is_trial":false,"path_per_floor":["R","M","M","M","M","E","T","E","$","M","?","E"],"character_chosen":"GUARDIAN","items_purchased":[],"campfire_rested":0,"item_purchase_floors":[],"current_hp_per_floor":[72,72,72,71,64,46,46,20,20,14,14,0,0,0],"gold":232,"neow_bonus":"THREE_RARE_CARDS","is_daily":false,"chose_seed":false,"campfire_upgraded":0,"win_rate":0.0,"timestamp":1609332136,"path_taken":["R","M","M","M","M","E","T","E","$","M","?","E"],"items_purchased_type":[],"build_version":"2020-12-22","purchased_purges":0,"victory":false,"max_hp_per_floor":[72,72,72,72,72,72,72,72,72,72,72,72,72,72],"card_choices":[{"not_picked":["Guardian:FastForward","Guardian:GemFinder"],"picked":"Guardian:RevengeProtocol","floor":0.0},{"not_picked":["Guardian:Gem_Purple","Guardian:Planning"],"picked":"Guardian:SpikerProtocol","floor":2.0},{"not_picked":["Guardian:ChargeCore","Guardian:Orbwalk"],"picked":"Guardian:Repulse","floor":3.0},{"not_picked":["Guardian:Emergency","Guardian:Preprogram"],"picked":"Guardian:CrystalBeam","floor":4.0},{"not_picked":["Guardian:Repulse","Guardian:Incinerate"],"picked":"Guardian:MultiBeam","floor":5.0},{"not_picked":["Guardian:Incinerate","Guardian:TemporalStrike"],"picked":"Guardian:WalkerClaw","floor":6.0},{"not_picked":["Guardian:Clone","Guardian:ConstructionForm"],"picked":"Guardian:Gem_Red","floor":8.0},{"not_picked":["Guardian:MultiBeam","Guardian:Gem_Cyan"],"picked":"Guardian:Incinerate","floor":10}],"player_experience":196931,"relics_obtained":[{"floor":6.0,"key":"aspiration:DSix"},{"floor":7.0,"key":"aspiration:StickyExplosives_weak"},{"floor":8.0,"key":"Pet Ghost"}],"event_choices":[],"is_beta":false,"boss_relics":[],"items_purged_floors":[],"is_endless":false,"potions_floor_spawned":[2,6,10],"killed_by":"Gremlin Nob","ascension_level":1}}