{"host":"pu81sch6k9sz3dc3","time":1609296671,"event":{"mods":["AchievementEnabler","Ascension Reborn","Aspiration","BaseMod","Better Match","Better Note","BetterRewards","Card Forge","Colored Powertips","Halation","Hubris","Infinite Spire","Minty Spire (QoL Compilation)","Permanent Neow","Quick Restart","Replay The Spire","StSLib","The Marked","vexMod"],"gold_per_floor":[109,128,146,163,173,98,112,112,112,112,55,83,83,118,118,232,232,257,288,288,311,321,321],"floor_reached":22,"playtime":1853,"items_purged":[],"score":198,"play_id":"080319b7-ee2c-4890-b010-3caa0487e424","local_time":"20201229175111","is_ascension_mode":true,"campfire_choices":[{"floor":10,"key":"REST"},{"floor":15,"key":"REST"}],"circlet_count":0,"master_deck":["theMarked:Strike+1","theMarked:Strike+1","theMarked:Strike+1","theMarked:Strike+1","theMarked:Strike+1","theMarked:Defend+1","theMarked:Defend+1","theMarked:Defend+1","theMarked:Defend+1","theMarked:SoldierOfQuellstein+1","theMarked:WastefulAttack+1","theMarked:ChainLightning+1","theMarked:SwordAndMagic+1","theMarked:Generate+1","theMarked:Electrocute+1","theMarked:Panic+1","theMarked:Aftermath+1","theMarked:GodGivenPower+1","theMarked:RogueSparks+1","theMarked:RepellingDischarge+1","theMarked:FavorableWinds+1","CurseOfTheBell","theMarked:SwordAndMagic+1","theMarked:HeightenedSenses+1","theMarked:WardOff+1"],"relics":["theMarked:ArtifactOfAir","Hammer of Thor","Seething Fire","Anvil of the Gods","aspiration:Nostalgia","infinitespire:DarkRift","vexMod:HappyDrink","vexMod:BetterTron","Replay:Bandana","Calling Bell","ReplayTheSpireMod:Lightbulb","Kunai","FossilizedHelix"],"acts_visited":["Exordium","TheCity"],"potions_floor_usage":[16,19,21],"damage_taken":[{"damage":0,"enemies":"Cultist","floor":1,"turns":3},{"damage":1,"enemies":"2 Louse","floor":2,"turns":2},{"damage":1,"enemies":"Jaw Worm","floor":3,"turns":2},{"damage":0,"enemies":"Large Slime","floor":4,"turns":4},{"damage":0,"enemies":"3 Louse","floor":5,"turns":2},{"damage":3,"enemies":"Red Slaver","floor":7,"turns":4},{"damage":21,"enemies":"Lagavulin","floor":12,"turns":4},{"damage":3,"enemies":"3 Sentries","floor":14,"turns":5},{"damage":39,"enemies":"Fading Forest","floor":16,"turns":11},{"damage":37,"enemies":"3 Byrds","floor":18,"turns":8},{"damage":20,"enemies":"Spheric Guardian","floor":19,"turns":5},{"damage":7,"enemies":"Snake Plant","floor":21,"turns":4},{"damage":11,"enemies":"Centurion and Healer","floor":22,"turns":4}],"seed_played":"7993623245952570915","potions_obtained":[{"floor":1,"key":"PowerPotion"},{"floor":4,"key":"EssenceOfSteel"},{"floor":16,"key":"Fire Potion"}],"is_trial":false,"path_per_floor":["M","M","M","M","M","$","M","?","T","R","$","E","?","E","R","B",null,"M","M","?","M","M"],"character_chosen":"THE_DEFAULT","items_purchased":["theMarked:Panic","theMarked:GodGivenPower+1"],"campfire_rested":2,"item_purchase_floors":[6,11],"current_hp_per_floor":[70,69,68,68,68,68,65,65,67,72,74,53,60,57,74,35,74,37,17,17,10,0,0],"gold":321,"neow_bonus":"NOSTALGIA","is_daily":false,"chose_seed":false,"campfire_upgraded":0,"win_rate":0.0,"timestamp":1609296671,"path_taken":["M","?","M","M","M","$","M","?","T","R","$","E","?","E","R","BOSS","M","M","?","M","?"],"items_purchased_type":["Card","Card"],"build_version":"2020-12-22","purchased_purges":0,"victory":false,"max_hp_per_floor":[70,70,70,70,70,70,70,70,72,72,74,74,74,74,74,74,74,74,74,74,74,74,74],"card_choices":[{"not_picked":["theMarked:Electrocute","theMarked:ResourceFulStrike"],"picked":"theMarked:WastefulAttack","floor":1},{"not_picked":["theMarked:WastefulAttack","theMarked:Frustration"],"picked":"theMarked:ChainLightning","floor":2},{"not_picked":["theMarked:ShockingTouch","theMarked:WastefulAttack"],"picked":"theMarked:SwordAndMagic","floor":3},{"not_picked":["theMarked:Improvise","theMarked:MuscleMemory"],"picked":"theMarked:Generate","floor":4},{"not_picked":["theMarked:Frustration","theMarked:ResourceFulStrike"],"picked":"theMarked:Electrocute","floor":5},{"not_picked":["theMarked:Electrify","theMarked:ChainLightning"],"picked":"theMarked:Aftermath","floor":7},{"not_picked":["theMarked:PowerFlow","theMarked:ContemptForTheProud"],"picked":"theMarked:RogueSparks","floor":12},{"not_picked":["theMarked:WastefulAttack","theMarked:PowerFlow"],"picked":"theMarked:RepellingDischarge","floor":14},{"not_picked":["theMarked:Snap","theMarked:MuscleMemory"],"picked":"theMarked:FavorableWinds","floor":16},{"not_picked":["theMarked:Panic","theMarked:Overthink+1"],"picked":"theMarked:SwordAndMagic","floor":18},{"not_picked":["theMarked:Overthink","theMarked:DeterminationOfTheMarked+1"],"picked":"theMarked:HeightenedSenses","floor":19},{"not_picked":["theMarked:ParalyzingBlade","theMarked:RepellingDischarge+1"],"picked":"theMarked:WardOff","floor":21}],"player_experience":178213,"relics_obtained":[{"floor":9,"key":"vexMod:HappyDrink"},{"floor":12,"key":"vexMod:BetterTron"},{"floor":14,"key":"Replay:Bandana"},{"floor":17,"key":"ReplayTheSpireMod:Lightbulb"},{"floor":17,"key":"Kunai"},{"floor":17,"key":"FossilizedHelix"}],"event_choices":[{"damage_healed":0,"gold_gain":0,"player_choice":"Ignored","damage_taken":0,"max_hp_gain":0,"max_hp_loss":0,"event_name":"Upgrade Shrine","floor":20,"gold_loss":0}],"is_beta":false,"boss_relics":[{"not_picked":["Ring of Chaos","theMarked:Eyepatch"],"picked":"Calling Bell"}],"items_purged_floors":[],"is_endless":false,"potions_floor_spawned":[1,4,7,14,16],"killed_by":"Centurion and Healer","ascension_level":0}}