{"host":"nox","time":1609340061,"event":{"mods":["Act Like it!","Aspiration","BaseMod","Better Altar","Better Match","Better Note","Better Sensory Stone","Better Skull","Better Third Choice","BetterRewards","Colored Powertips","Conspire","Energized Spire","GifTheSpireLib","Hubris","Infinite Spire","Minty Spire (QoL Compilation)","Pale of the Ancients","Quick Restart","Rare Cards Sparkle","Replay The Spire","Shop Mod","Spikes Relics","StSLib","Stuff the Spire","SuperFastMode","The Alterego","vexMod"],"gold_per_floor":[110,128,55,72,82,82,107,107,156,156,156,172,172,184,184,184,184],"floor_reached":16,"playtime":660,"items_purged":[],"score":138,"play_id":"2b4c9467-5a05-4243-9e59-b5a8c857c28a","local_time":"20201230215421","is_ascension_mode":true,"campfire_choices":[{"data":"Footwork","floor":6.0,"key":"SMITH"},{"floor":8.0,"key":"REST"},{"data":"StuffTheSpire:Perfection","floor":13,"key":"SMITH"},{"data":"StuffTheSpire:Shiver","floor":15,"key":"SMITH"}],"circlet_count":0,"master_deck":["Strike_G+1","Strike_G","Strike_G","Strike_G","Strike_G","Defend_G","Defend_G","Defend_G","Defend_G+1","Defend_G","Survivor","Neutralize+1","Terror","Footwork+1","Blade Dance","Outmaneuver","StuffTheSpire:Shiver+1"],"relics":["Ring of the Snake","Matryoshka"],"acts_visited":["Exordium"],"potions_floor_usage":[16],"damage_taken":[{"damage":9.0,"enemies":"Jaw Worm","floor":1.0,"turns":6.0},{"damage":4.0,"enemies":"2 Louse","floor":2.0,"turns":4.0},{"damage":0.0,"enemies":"Cultist","floor":4.0,"turns":5.0},{"damage":29.0,"enemies":"Lots of Slimes","floor":5.0,"turns":7.0},{"damage":21.0,"enemies":"Lagavulin","floor":7.0,"turns":9.0},{"damage":5,"enemies":"Blue Slaver","floor":12,"turns":5},{"damage":0,"enemies":"Exordium Wildlife","floor":14,"turns":4},{"damage":34,"enemies":"Fading Forest","floor":16,"turns":7}],"seed_played":"3422686887117484757","potions_obtained":[{"floor":4.0,"key":"Milkshake"},{"floor":5.0,"key":"SkillPotion"},{"floor":7.0,"key":"Dexterity Potion"}],"is_trial":false,"path_per_floor":["M","M","$","M","M","R","E","R","T","?","?","M","R","M","R","B"],"character_chosen":"THE_SILENT","items_purchased":["Footwork"],"campfire_rested":1,"item_purchase_floors":[3],"current_hp_per_floor":[61,57,57,57,28,28,7,30,30,30,30,25,25,25,25,0,0],"gold":184,"neow_bonus":"TEN_PERCENT_HP_BONUS","is_daily":false,"chose_seed":false,"campfire_upgraded":3,"win_rate":0.0,"timestamp":1609340061,"path_taken":["M","M","$","M","M","R","E","R","T","?","?","M","R","M","R","BOSS"],"items_purchased_type":["Card"],"build_version":"2020-11-17","purchased_purges":0,"victory":false,"max_hp_per_floor":[77,77,77,77,77,77,77,77,77,77,77,77,77,77,77,77,77],"card_choices":[{"not_picked":["Deadly Poison","Acrobatics","Replay:Poison Smokescreen"],"picked":"SKIP","floor":1.0},{"not_picked":["Cloak And Dagger","Underhanded Strike"],"picked":"Terror","floor":2.0},{"not_picked":["All Out Attack","Dodge and Roll"],"picked":"Blade Dance","floor":4.0},{"not_picked":["Crippling Poison","Acrobatics","Well Laid Plans"],"picked":"SKIP","floor":5.0},{"not_picked":["Replay:Poison Smokescreen","Bouncing Flask","Wraith Form v2"],"picked":"SKIP","floor":7.0},{"not_picked":["StuffTheSpire:Brawn","StuffTheSpire:Vigor"],"picked":"StuffTheSpire:Perfection","floor":11.0},{"not_picked":["Hidden Blade","Dagger Spray"],"picked":"Outmaneuver","floor":12},{"not_picked":["ReplayTheSpireMod:Exploit Weakness","ShadowRift"],"picked":"StuffTheSpire:Shiver","floor":14}],"player_experience":283305,"relics_obtained":[{"floor":7.0,"key":"Matryoshka"},{"floor":9.0,"key":"Vajra"}],"event_choices":[{"damage_healed":0.0,"max_hp_gain":0.0,"max_hp_loss":0.0,"gold_gain":0.0,"event_name":"Dead Adventurer","player_choice":"Searched \u00270\u0027 times","floor":10.0,"gold_loss":0.0,"damage_taken":0.0}],"is_beta":true,"boss_relics":[],"items_purged_floors":[],"is_endless":false,"potions_floor_spawned":[4,5,7],"killed_by":"Fading Forest","ascension_level":7}}