{"host":"sav7uxregyirlf69","time":1609300769,"event":{"mods":["AchievementEnabler","BaseMod","Colored Map","DeckTracker","Keyboard Shortcuts","Minty Spire (QoL Compilation)","READ ME - Guardian Mod","StSLib","SuperFastMode"],"gold_per_floor":[109,69,89,89,14,14,40,40,40,60,60,60,74,91,91,165,165,182,97,17,34,53,53,85,85,85,135,35,35,35],"floor_reached":29,"playtime":455,"items_purged":["Strike_G","Strike_G","Decay"],"score":532,"play_id":"745c15b0-d09d-4a58-ba35-ab4f3e1e2db2","local_time":"20201230125929","is_ascension_mode":true,"campfire_choices":[{"data":"Neutralize","floor":6.0,"key":"SMITH"},{"data":"Noxious Fumes","floor":11.0,"key":"SMITH"},{"data":"Deadly Poison","floor":15.0,"key":"SMITH"},{"floor":23.0,"key":"REST"}],"circlet_count":0,"master_deck":["AscendersBane","Strike_G","Strike_G","Strike_G","Defend_G","Defend_G+1","Defend_G","Defend_G+1","Defend_G","Survivor","Neutralize+1","Backflip","Acrobatics","Noxious Fumes+1","Deadly Poison+1","After Image","Footwork","Catalyst"],"relics":["Ring of the Snake","NeowsBlessing","StoneCalendar","The Courier","Tough Bandages","HoveringKite","Pantograph","War Paint","FossilizedHelix"],"acts_visited":["Exordium","TheCity"],"potions_floor_usage":[29],"damage_taken":[{"damage":0.0,"enemies":"Jaw Worm","floor":1.0,"turns":1.0},{"damage":0.0,"enemies":"Cultist","floor":3.0,"turns":1.0},{"damage":0.0,"enemies":"Lagavulin","floor":7.0,"turns":1.0},{"damage":0.0,"enemies":"2 Louse","floor":10.0,"turns":3.0},{"damage":1.0,"enemies":"Exordium Wildlife","floor":13.0,"turns":4.0},{"damage":0.0,"enemies":"Looter","floor":14.0,"turns":4.0},{"damage":24.0,"enemies":"Hexaghost","floor":16.0,"turns":8.0},{"damage":14.0,"enemies":"Shell Parasite","floor":18.0,"turns":6.0},{"damage":24.0,"enemies":"3 Byrds","floor":21.0,"turns":6.0},{"damage":9.0,"enemies":"3 Cultists","floor":22.0,"turns":7.0},{"damage":25.0,"enemies":"Gremlin Leader","floor":24.0,"turns":6.0},{"damage":23,"enemies":"Slavers","floor":29,"turns":3}],"seed_played":"-6003224789815557936","potions_obtained":[{"floor":2.0,"key":"EssenceOfSteel"},{"floor":2.0,"key":"Strength Potion"},{"floor":14.0,"key":"Fruit Juice"},{"floor":21.0,"key":"Block Potion"},{"floor":24.0,"key":"ColorlessPotion"}],"is_trial":false,"path_per_floor":["M","?","M","?","$","R","E","T","T","M","R","?","M","M","R","B",null,"M","?","$","M","M","R","E","?","T","?","$","E"],"character_chosen":"THE_SILENT","items_purchased":[],"campfire_rested":1,"item_purchase_floors":[],"current_hp_per_floor":[59,59,59,64,64,64,64,64,64,64,64,64,63,63,63,39,63,49,49,49,25,16,43,18,18,18,18,18,0,0],"gold":35,"neow_bonus":"THREE_ENEMY_KILL","is_daily":false,"chose_seed":false,"campfire_upgraded":3,"win_rate":0.0,"timestamp":1609300769,"path_taken":["M","?","?","?","$","R","E","?","T","M","R","?","M","M","R","BOSS","M","?","$","M","M","R","E","?","T","?","$","E"],"items_purchased_type":[],"build_version":"2020-12-22","purchased_purges":3,"victory":false,"max_hp_per_floor":[66,66,66,71,71,71,71,71,71,71,71,71,71,71,71,71,71,71,71,71,71,71,76,76,76,76,76,76,76,76],"card_choices":[{"not_picked":["Prepared","Dodge and Roll"],"picked":"Backflip","floor":1.0},{"not_picked":["Flying Knee","Endless Agony"],"picked":"Acrobatics","floor":3.0},{"not_picked":["Deflect","Bullet Time"],"picked":"Noxious Fumes","floor":7.0},{"not_picked":["Bane","PiercingWail","Slice"],"picked":"SKIP","floor":10.0},{"not_picked":["Sucker Punch","Expertise","Acrobatics"],"picked":"SKIP","floor":13.0},{"not_picked":["Dagger Spray","Bouncing Flask"],"picked":"Deadly Poison","floor":14.0},{"not_picked":["Tools of the Trade","Wraith Form v2"],"picked":"After Image","floor":16.0},{"not_picked":["Underhanded Strike","Deflect"],"picked":"Footwork","floor":18.0},{"not_picked":["Poisoned Stab+1","Dagger Spray+1","Quick Slash"],"picked":"SKIP","floor":21.0},{"not_picked":["Prepared","Infinite Blades"],"picked":"Catalyst","floor":22.0},{"not_picked":["Dodge and Roll+1","Grand Finale","Flechettes+1"],"picked":"SKIP","floor":24.0}],"player_experience":1064002,"relics_obtained":[{"floor":7.0,"key":"StoneCalendar"},{"floor":8.0,"key":"The Courier"},{"floor":9.0,"key":"Tough Bandages"},{"floor":24.0,"key":"War Paint"},{"floor":26.0,"key":"FossilizedHelix"}],"event_choices":[{"damage_healed":0.0,"max_hp_gain":0.0,"max_hp_loss":0.0,"gold_gain":0.0,"event_name":"The Woman in Blue","player_choice":"Bought 3 Potions","floor":2.0,"gold_loss":0.0,"damage_taken":0.0},{"damage_healed":0.0,"max_hp_gain":5.0,"max_hp_loss":0.0,"gold_gain":0.0,"event_name":"Big Fish","player_choice":"Donut","floor":4.0,"gold_loss":0.0,"damage_taken":0.0},{"damage_healed":0.0,"max_hp_gain":0.0,"max_hp_loss":0.0,"gold_gain":0.0,"event_name":"The Cleric","player_choice":"Leave","floor":12.0,"gold_loss":0.0,"damage_taken":0.0},{"damage_healed":0.0,"max_hp_gain":0.0,"max_hp_loss":0.0,"gold_gain":0.0,"event_name":"Addict","player_choice":"Obtained Relic","floor":19.0,"gold_loss":85.0,"damage_taken":0.0,"relics_obtained":["Pantograph"]},{"damage_healed":0.0,"max_hp_gain":0.0,"max_hp_loss":0.0,"gold_gain":0.0,"event_name":"Forgotten Altar","player_choice":"Smashed Altar","floor":25.0,"gold_loss":0.0,"damage_taken":0.0,"cards_obtained":["Decay"]},{"damage_healed":0.0,"max_hp_gain":0.0,"max_hp_loss":0.0,"gold_gain":100.0,"event_name":"The Joust","player_choice":"Bet on Murderer","floor":27.0,"gold_loss":50.0,"damage_taken":0.0}],"is_beta":false,"boss_relics":[{"not_picked":["Tiny House","SlaversCollar"],"picked":"HoveringKite"}],"items_purged_floors":[5,20,28],"is_endless":false,"potions_floor_spawned":[13,14,21,24],"killed_by":"Slavers","ascension_level":20}}