{"host":"sc0o2qwpf9j16a4i","time":1609368639,"event":{"mods":["AchievementEnabler","BaseMod","BetterRewards","Block Reminder","Colored Map","Colored Powertips","Custom Start","Highlight Path","Minty Spire (QoL Compilation)","Relic Stats"],"gold_per_floor":[119,134,134,150,150,150,150,206,206,206,224,224,260,280,280,370,370,394,419,88,106,146,146,146,146],"floor_reached":24,"playtime":820,"items_purged":["Strike_G"],"score":412,"play_id":"f18471f7-75f6-4b86-aff6-468dd9b947ab","local_time":"20201231005039","is_ascension_mode":true,"campfire_choices":[{"data":"Skewer","floor":6,"key":"SMITH"},{"floor":10,"key":"REST"},{"floor":12,"key":"REST"},{"floor":15,"key":"REST"},{"floor":23,"key":"REST"}],"circlet_count":0,"master_deck":["AscendersBane","Strike_G","Strike_G","Strike_G","Defend_G","Defend_G","Defend_G","Defend_G","Defend_G","Survivor","Neutralize","Well Laid Plans","Skewer+1","Deadly Poison","Deflect","Concentrate","Bouncing Flask","Corpse Explosion","Bane","Noxious Fumes","PiercingWail"],"relics":["Ring of the Snake","Anchor","Golden Idol","Torii","Pear","Pocketwatch","Philosopher\u0027s Stone","ClockworkSouvenir","Red Mask"],"acts_visited":["Exordium","TheCity"],"potions_floor_usage":[8,22,24],"damage_taken":[{"damage":12,"enemies":"Jaw Worm","floor":1,"turns":4},{"damage":4,"enemies":"Small Slimes","floor":2,"turns":4},{"damage":0,"enemies":"2 Louse","floor":4,"turns":2},{"damage":25,"enemies":"Lagavulin","floor":8,"turns":8},{"damage":10,"enemies":"Exordium Wildlife","floor":11,"turns":5},{"damage":29,"enemies":"Gremlin Nob","floor":13,"turns":4},{"damage":0,"enemies":"3 Louse","floor":14,"turns":4},{"damage":3,"enemies":"The Guardian","floor":16,"turns":9},{"damage":7,"enemies":"Spheric Guardian","floor":18,"turns":3},{"damage":8,"enemies":"2 Thieves","floor":19,"turns":3},{"damage":27,"enemies":"Snake Plant","floor":21,"turns":4},{"damage":0,"enemies":"Masked Bandits","floor":22,"turns":2},{"damage":47,"enemies":"Book of Stabbing","floor":24,"turns":5}],"seed_played":"-645600465981184070","potions_obtained":[{"floor":2,"key":"ColorlessPotion"},{"floor":4,"key":"GamblersBrew"},{"floor":13,"key":"SpeedPotion"},{"floor":21,"key":"ColorlessPotion"}],"is_trial":false,"path_per_floor":["M","M","?","M","?","R","?","E","T","R","M","R","E","M","R","B",null,"M","M","$","M","?","R","E"],"character_chosen":"THE_SILENT","items_purchased":["ClockworkSouvenir","Noxious Fumes"],"campfire_rested":4,"item_purchase_floors":[20,20],"current_hp_per_floor":[47,43,43,43,36,36,36,11,21,42,32,53,24,24,45,42,63,56,48,48,21,21,42,0,0],"gold":146,"neow_bonus":"RANDOM_COMMON_RELIC","is_daily":false,"chose_seed":false,"campfire_upgraded":1,"win_rate":0.0,"timestamp":1609368639,"path_taken":["M","M","?","M","?","R","?","E","T","R","M","R","E","?","R","BOSS","M","M","$","M","?","R","E"],"items_purchased_type":["Relic","Card"],"build_version":"2020-12-22","purchased_purges":1,"victory":false,"max_hp_per_floor":[66,66,66,66,66,66,60,60,70,70,70,70,70,70,70,70,70,70,70,70,70,70,70,70,70],"relic_stats":{"Torii":6,"counters":[13,57],"Golden Idol":62,"obtain_stats":[{"Anchor":0,"Pear":9,"Torii":8,"Golden Idol":7,"Philosopher\u0027s Stone":17,"Red Mask":22,"Ring of the Snake":0,"Pocketwatch":13,"ClockworkSouvenir":20},{"Anchor":0,"Pear":4,"Torii":4,"Golden Idol":3,"Philosopher\u0027s Stone":8,"Red Mask":12,"Ring of the Snake":0,"Pocketwatch":6,"ClockworkSouvenir":10},{"Anchor":0,"Pear":18,"Torii":18,"Golden Idol":10,"Philosopher\u0027s Stone":40,"Red Mask":52,"Ring of the Snake":0,"Pocketwatch":27,"ClockworkSouvenir":46}],"Ring of the Snake":[26],"Pocketwatch":[36]},"card_choices":[{"not_picked":["Prepared","Deflect"],"picked":"Well Laid Plans","floor":1},{"not_picked":["Poisoned Stab","Quick Slash"],"picked":"Skewer","floor":2},{"not_picked":["Dash","Well Laid Plans"],"picked":"Deadly Poison","floor":4},{"not_picked":["Slice","Riddle With Holes"],"picked":"Deflect","floor":8},{"not_picked":["Expertise","Quick Slash"],"picked":"Concentrate","floor":11},{"not_picked":["Dagger Throw","Heel Hook","Blade Dance"],"picked":"SKIP","floor":13},{"not_picked":["Well Laid Plans","Acrobatics"],"picked":"Bouncing Flask","floor":14},{"not_picked":["Bullet Time","Storm of Steel"],"picked":"Corpse Explosion","floor":16},{"not_picked":["Dagger Spray","Deadly Poison","Flying Knee"],"picked":"SKIP","floor":18},{"not_picked":["Cloak And Dagger","Backflip"],"picked":"Bane","floor":19},{"not_picked":["Predator","Tools of the Trade","Poisoned Stab"],"picked":"SKIP","floor":21},{"not_picked":["Acrobatics","Eviscerate"],"picked":"PiercingWail","floor":22}],"player_experience":460063,"relics_obtained":[{"floor":8,"key":"Torii"},{"floor":9,"key":"Pear"},{"floor":13,"key":"Pocketwatch"},{"floor":22,"key":"Red Mask"}],"event_choices":[{"damage_healed":0,"gold_gain":0,"player_choice":"Ignored","damage_taken":0,"max_hp_gain":0,"max_hp_loss":0,"event_name":"Liars Game","floor":3,"gold_loss":0},{"cards_removed":["Strike_G"],"damage_healed":0,"gold_gain":0,"player_choice":"Card Removal","damage_taken":7,"max_hp_gain":0,"max_hp_loss":0,"event_name":"Golden Wing","floor":5,"gold_loss":0},{"damage_healed":0,"gold_gain":0,"player_choice":"Lose Max HP","damage_taken":0,"relics_obtained":["Golden Idol"],"max_hp_gain":0,"max_hp_loss":6,"event_name":"Golden Idol","floor":7,"gold_loss":0},{"damage_healed":0,"gold_gain":0,"player_choice":"Fought Bandits","damage_taken":0,"max_hp_gain":0,"max_hp_loss":0,"event_name":"Masked Bandits","floor":22,"gold_loss":0}],"is_beta":false,"boss_relics":[{"not_picked":["Fusion Hammer","SacredBark"],"picked":"Philosopher\u0027s Stone"}],"items_purged_floors":[20],"is_endless":false,"potions_floor_spawned":[2,4,13,21],"killed_by":"Book of Stabbing","ascension_level":20}}