{"host":"ydb2tj77qwtn71sy","time":1609362509,"event":{"mods":["2.2 Compatiblity","AchievementEnabler","Aspiration","BaseMod","Bestiary","Better Note","Better Skull","Better Third Choice","BetterRewards","Colored Map","Colored Powertips","Conspire","DeckTracker","Displayed Cursed Tome","Infinite Spire","Lobotomy","Minty Spire (QoL Compilation)","Relic Stats","Replay The Spire","Spicy Shops","StSLib","The Blue Laboratory","Uncapped"],"gold_per_floor":[117,127,5,16,16,42,56,89,137,137,163,189,189,209,209,306,306,306,306,306,306,306,306,306,306,306,306,306,306,306,306,306,306,306,306,306,306,306,306,306,306,306,306,306,306,306,306,306,306,306],"floor_reached":51,"playtime":2833,"items_purged":[],"score":1500,"play_id":"3e0b2106-f0a8-4f58-9977-ede3202795b9","local_time":"20201231060829","is_ascension_mode":true,"campfire_choices":[{"data":"Phantasmal Killer","floor":13,"key":"SMITH"},{"data":"Backstab","floor":15,"key":"SMITH"},{"floor":23,"key":"REST"},{"floor":30,"key":"REST"},{"floor":40,"key":"REST"},{"floor":49,"key":"REST"}],"circlet_count":0,"master_deck":["Strike_G","Strike_G","Strike_G","Strike_G","Strike_G","Defend_G","Defend_G","Defend_G","Defend_G","Defend_G","Survivor","Neutralize+1","Quick Slash","Escape Plan","Hidden Blade","Hidden Blade","Backstab+1","Poisoned Stab","Sneak Up+1","Backstab","Deflect","All Out Attack","Endless Agony","Riddle With Holes","Phantasmal Killer+1","Backstab","Blade Dance","Replay:Poison Smokescreen","Backstab+1","Flying Knee","Poisoned Stab","Tactician+1","Outmaneuver","Dagger Spray","Bane","Acrobatics","Dagger Spray+1","Terror","Distraction","A Thousand Cuts","Slice+1","Sucker Punch+1","Toxin Wave+1","Finisher+1","Quick Slash+1","Fluid Movement+1","Blade Dance","Endless Agony+1","Doubt","Underhanded Strike+1","Cloak And Dagger","Replay:Bootleg Shield Generator"],"relics":["Ring of the Snake","Replay:WaspNest","Lantern","ReplayTheSpireMod:Ninjato","Orichalcum","DollysMirror","Nunchaku","Potion Belt","MealTicket","Anchor","Centennial Puzzle","Ectoplasm","Whetstone","Pen Nib","Bag of Preparation","infinitespire:Broken Mirror","Garlic","Fusion Hammer","MawBank","aspiration:HummingbirdHeart","Kunai"],"acts_visited":["Exordium","TheCity","TheBeyond"],"potions_floor_usage":[12,20,28,50,50],"damage_taken":[{"damage":0,"enemies":"Small Slimes","floor":1,"turns":2},{"damage":0,"enemies":"Jaw Worm","floor":2,"turns":1},{"damage":0,"enemies":"conspire:RoseBush","floor":4,"turns":2},{"damage":8,"enemies":"3 Sentries","floor":6,"turns":5},{"damage":0,"enemies":"Blue Slaver","floor":7,"turns":1},{"damage":9,"enemies":"Gremlin Nob","floor":8,"turns":3},{"damage":0,"enemies":"Replay:BlueRogue","floor":11,"turns":2},{"damage":0,"enemies":"conspire:MimicChest","floor":12,"turns":2},{"damage":0,"enemies":"Red Slaver","floor":14,"turns":1},{"damage":56,"enemies":"Fading Forest","floor":16,"turns":11},{"damage":0,"enemies":"Shell Parasite","floor":18,"turns":1},{"damage":0,"enemies":"Spheric Guardian","floor":19,"turns":1},{"damage":8,"enemies":"Snake Plant","floor":20,"turns":3},{"damage":0,"enemies":"Sentry and Sphere","floor":21,"turns":2},{"damage":9,"enemies":"conspire:HollyBat","floor":24,"turns":6},{"damage":0,"enemies":"Shelled Parasite and Fungi","floor":25,"turns":2},{"damage":7,"enemies":"Centurion and Healer","floor":27,"turns":3},{"damage":2,"enemies":"Replay:Snechameleon","floor":28,"turns":4},{"damage":0,"enemies":"conspire:Head Lice","floor":31,"turns":3},{"damage":44,"enemies":"conspire:MysteriousRune","floor":33,"turns":5},{"damage":1,"enemies":"3 Shapes","floor":35,"turns":4},{"damage":0,"enemies":"Orb Walker","floor":36,"turns":1},{"damage":8,"enemies":"4 Shapes","floor":37,"turns":4},{"damage":0,"enemies":"Sphere and 2 Shapes","floor":38,"turns":2},{"damage":23,"enemies":"Maw","floor":39,"turns":4},{"damage":29,"enemies":"Reptomancer","floor":41,"turns":3},{"damage":3,"enemies":"Transient","floor":42,"turns":5},{"damage":11,"enemies":"R_Hoarder","floor":44,"turns":5},{"damage":4,"enemies":"4 Shapes","floor":46,"turns":3},{"damage":0,"enemies":"Spire Growth","floor":47,"turns":2},{"damage":29,"enemies":"infinitespire:MassOfShapes","floor":50,"turns":9}],"seed_played":"-4678049079719741151","potions_obtained":[{"floor":2,"key":"Milkshake"},{"floor":6,"key":"AttackPotion"},{"floor":8,"key":"blueLaboratory:EnragingPotion"},{"floor":11,"key":"SteroidPotion"},{"floor":14,"key":"Weak Potion"},{"floor":18,"key":"SteroidPotion"},{"floor":24,"key":"LifebloodPotion"},{"floor":25,"key":"blueLaboratory:Virophage"},{"floor":31,"key":"blueLaboratory:RememoryPotion"},{"floor":47,"key":"blueLaboratory:NinjaPotion"}],"is_trial":false,"path_per_floor":["M","M","$","M","?","E","M","E","T","$","E","?","R","M","R","B",null,"M","M","M","M","T","R","M","M","T","M","E","T","R","E","R_BF","B",null,"M","M","M","M","M","R","E","M","T","E","?","M","M","?","R","B",null],"character_chosen":"THE_SILENT","items_purchased":["Quick Slash","Escape Plan","Replay:WaspNest","Hidden Blade","Lantern","ReplayTheSpireMod:Ninjato","Backstab","Poisoned Stab","Orichalcum","Sneak Up+1","DollysMirror","Endless Agony","Riddle With Holes"],"campfire_rested":4,"item_purchase_floors":[0,0,0,0,0,0,0,0,0,0,0,3,3],"current_hp_per_floor":[63,63,63,63,63,55,55,46,46,61,61,61,61,61,61,25,59,59,59,51,51,51,70,61,61,61,54,52,52,70,70,70,26,59,58,58,50,50,27,48,19,16,16,5,70,66,66,66,70,41],"gold":306,"neow_bonus":"","is_daily":false,"chose_seed":false,"campfire_upgraded":2,"win_rate":0.0,"timestamp":1609362509,"path_taken":["M","M","$","M","?","E","M","E","T","?","E","?","R","M","R","BOSS","M","M","M","M","?","R","M","M","T","M","E","?","R","E","R_BF","BOSS","M","M","M","M","M","R","E","M","T","E","?","M","M","?","R","BOSS"],"items_purchased_type":["Card","Card","Relic","Card","Card","Relic","Card","Card","Relic","Card","Relic","Card","Card"],"build_version":"2020-12-22","purchased_purges":0,"victory":true,"max_hp_per_floor":[70,70,70,70,70,70,70,70,70,70,70,70,70,70,70,70,70,70,70,70,70,70,70,70,70,70,70,70,70,70,70,70,70,70,70,70,70,70,70,70,70,70,70,70,70,70,70,70,70,70],"relic_stats":{"counters":[188,762],"Pen Nib":[28],"Bag of Preparation":[28],"Whetstone":["Backstab","Neutralize"],"Orichalcum":[102],"MawBank":0,"Nunchaku":[46],"Centennial Puzzle":[81],"MealTicket":15,"Ectoplasm":667,"Kunai":[96],"obtain_stats":[{"TwistedFunnel":0,"infinitespire:BottledMercury":9,"Golden Egg":45,"Spirit Poop":20,"Whetstone":44,"Sling":0,"infinitespire:ShieldingShard":26,"MealTicket":9,"Fusion Hammer":17,"HandDrill":0,"Kunai":38,"Replay:Wax Seal":0,"aspiration:StickyExplosives":47,"Blue Candle":40,"Eternal Feather":6,"Tingsha":30,"ReplayTheSpireMod:SealedPack":17,"Pen Nib":26,"Paper Crane":0,"aspiration:IroncladSkillbook":17,"SlaversCollar":17,"infinitespire:Broken Mirror":24,"infinitespire:PuzzleCube":23,"Lantern":0,"Torii":0,"Blue Doll":9,"Replay:Multitool":45,"Bag of Preparation":28,"Cursed Key":21,"Ancient Tea Set":14,"conspire:InfiniteJournal":6,"Matryoshka":26,"WristBlade":17,"infinitespire:Eraser":40,"Replay:Bottled Eggs":43,"Ring of the Snake":0,"aspiration:VileToxins":8,"Potion Belt":8,"Lee\u0027s Waffle":0,"Replay:M_StaffOfTheSnake":24,"Basket Of Snakes":0,"PreservedInsect":24,"infinitespire:Joker Card":27,"The Courier":9,"Omamori":48,"infinitespire:Lucky Rock":9,"MawBank":41,"Busted Crown":17,"Turnip":42,"Ectoplasm":17,"Art of War":23,"Garlic":31,"ReplayTheSpireMod:Lightbulb":26,"Toy Ornithopter":43,"Ice Cream":46,"Divine Protection":43,"Vajra":0,"conspire:SeveredTorchhead":34,"Centennial Puzzle":47,"HornCleat":3,"DollysMirror":0,"Strawberry":11,"Toxic Egg 2":4,"Happy Flower":5,"aspiration:Nostalgia":24,"Letter Opener":9,"aspiration:HiddenCompartment":12,"Replay:Baseball":0,"Bronze Scales":44,"Onion Ring":24,"Simple Rune":0,"Molten Egg 2":0,"Mirror":0,"Darkstone Periapt":26,"Replay:PocketPolymizer":24,"SacredBark":34,"conspire:SpecialSausage":34,"aspiration:TomeofQuesting":9,"Juzu Bracelet":25,"PrismaticShard":29,"conspire:TopHat":43,"ClockworkSouvenir":38,"Nunchaku":14,"Replay:Bandana":23,"TheAbacus":20,"Pantograph":28,"Runic Pyramid":34,"ReplayTheSpireMod:Ninjato":0,"Replay:Towering Pillar of Hats":8,"aspiration:FetidBarrel":43,"infinitespire:CursedDice":37,"Replay:WaspNest":29,"infinitespire:FocusingShard":47,"aspiration:HummingbirdHeart":28,"Orichalcum":44,"CaptainsWheel":13,"Anchor":0,"infinitespire:Satchel":21,"Membership Card":24,"FossilizedHelix":31},{"TwistedFunnel":46,"infinitespire:BottledMercury":52,"Golden Egg":96,"Spirit Poop":17,"Whetstone":125,"Sling":34,"infinitespire:ShieldingShard":61,"MealTicket":5,"Fusion Hammer":137,"HandDrill":99,"Kunai":94,"Replay:Wax Seal":34,"aspiration:StickyExplosives":71,"Blue Candle":95,"Eternal Feather":10,"Tingsha":143,"ReplayTheSpireMod:SealedPack":15,"Pen Nib":173,"Paper Crane":99,"aspiration:IroncladSkillbook":108,"SlaversCollar":83,"infinitespire:Broken Mirror":141,"infinitespire:PuzzleCube":114,"Lantern":6,"Torii":73,"Blue Doll":11,"Replay:Multitool":71,"Bag of Preparation":175,"Cursed Key":17,"Ancient Tea Set":82,"conspire:InfiniteJournal":132,"Matryoshka":20,"WristBlade":56,"infinitespire:Eraser":69,"Replay:Bottled Eggs":95,"Ring of the Snake":0,"aspiration:VileToxins":52,"Potion Belt":163,"Lee\u0027s Waffle":73,"Replay:M_StaffOfTheSnake":60,"Basket Of Snakes":73,"PreservedInsect":60,"infinitespire:Joker Card":116,"The Courier":133,"Omamori":72,"infinitespire:Lucky Rock":105,"MawBank":183,"Busted Crown":43,"Turnip":153,"Ectoplasm":167,"Art of War":141,"Garlic":176,"ReplayTheSpireMod:Lightbulb":142,"Toy Ornithopter":124,"Ice Cream":33,"Divine Protection":31,"Vajra":73,"conspire:SeveredTorchhead":119,"Centennial Puzzle":97,"HornCleat":1,"DollysMirror":157,"Strawberry":53,"Toxic Egg 2":8,"Happy Flower":50,"aspiration:Nostalgia":60,"Letter Opener":79,"aspiration:HiddenCompartment":135,"Replay:Baseball":128,"Bronze Scales":154,"Onion Ring":60,"Simple Rune":73,"Molten Egg 2":99,"Mirror":34,"Darkstone Periapt":88,"Replay:PocketPolymizer":19,"SacredBark":92,"conspire:SpecialSausage":25,"aspiration:TomeofQuesting":41,"Juzu Bracelet":88,"PrismaticShard":62,"conspire:TopHat":31,"ClockworkSouvenir":94,"Nunchaku":14,"Replay:Bandana":60,"TheAbacus":84,"Pantograph":116,"Runic Pyramid":145,"ReplayTheSpireMod:Ninjato":157,"Replay:Towering Pillar of Hats":79,"aspiration:FetidBarrel":69,"infinitespire:CursedDice":148,"Replay:WaspNest":90,"infinitespire:FocusingShard":126,"aspiration:HummingbirdHeart":21,"Orichalcum":32,"CaptainsWheel":107,"Anchor":128,"infinitespire:Satchel":17,"Membership Card":60,"FossilizedHelix":63},{"TwistedFunnel":207,"infinitespire:BottledMercury":231,"Golden Egg":414,"Spirit Poop":81,"Whetstone":534,"Sling":148,"infinitespire:ShieldingShard":271,"MealTicket":12,"Fusion Hammer":575,"HandDrill":435,"Kunai":402,"Replay:Wax Seal":148,"aspiration:StickyExplosives":308,"Blue Candle":408,"Eternal Feather":41,"Tingsha":596,"ReplayTheSpireMod:SealedPack":69,"Pen Nib":705,"Paper Crane":435,"aspiration:IroncladSkillbook":468,"SlaversCollar":352,"infinitespire:Broken Mirror":590,"infinitespire:PuzzleCube":495,"Lantern":19,"Torii":315,"Blue Doll":44,"Replay:Multitool":308,"Bag of Preparation":712,"Cursed Key":81,"Ancient Tea Set":343,"conspire:InfiniteJournal":557,"Matryoshka":89,"WristBlade":251,"infinitespire:Eraser":301,"Replay:Bottled Eggs":408,"Ring of the Snake":0,"aspiration:VileToxins":231,"Potion Belt":674,"Lee\u0027s Waffle":315,"Replay:M_StaffOfTheSnake":267,"Basket Of Snakes":315,"PreservedInsect":267,"infinitespire:Joker Card":501,"The Courier":559,"Omamori":310,"infinitespire:Lucky Rock":452,"MawBank":738,"Busted Crown":190,"Turnip":637,"Ectoplasm":690,"Art of War":590,"Garlic":715,"ReplayTheSpireMod:Lightbulb":593,"Toy Ornithopter":528,"Ice Cream":145,"Divine Protection":134,"Vajra":315,"conspire:SeveredTorchhead":513,"Centennial Puzzle":419,"HornCleat":2,"DollysMirror":660,"Strawberry":238,"Toxic Egg 2":27,"Happy Flower":221,"aspiration:Nostalgia":267,"Letter Opener":332,"aspiration:HiddenCompartment":565,"Replay:Baseball":548,"Bronze Scales":641,"Onion Ring":267,"Simple Rune":315,"Molten Egg 2":435,"Mirror":148,"Darkstone Periapt":373,"Replay:PocketPolymizer":86,"SacredBark":393,"conspire:SpecialSausage":109,"aspiration:TomeofQuesting":175,"Juzu Bracelet":373,"PrismaticShard":274,"conspire:TopHat":134,"ClockworkSouvenir":402,"Nunchaku":53,"Replay:Bandana":267,"TheAbacus":359,"Pantograph":501,"Runic Pyramid":604,"ReplayTheSpireMod:Ninjato":660,"Replay:Towering Pillar of Hats":332,"aspiration:FetidBarrel":301,"infinitespire:CursedDice":614,"Replay:WaspNest":381,"infinitespire:FocusingShard":539,"aspiration:HummingbirdHeart":96,"Orichalcum":142,"CaptainsWheel":459,"Anchor":548,"infinitespire:Satchel":81,"Membership Card":267,"FossilizedHelix":277}],"Ring of the Snake":[380]},"card_choices":[{"not_picked":["Prepared","Leg Sweep"],"picked":"Deflect","floor":1},{"not_picked":["PiercingWail","Noxious Fumes"],"picked":"All Out Attack","floor":2},{"not_picked":["Blade Dance","Backflip"],"picked":"Phantasmal Killer","floor":4},{"not_picked":["Heel Hook","Predator"],"picked":"Backstab","floor":6},{"not_picked":["Deflect","Flechettes"],"picked":"Blade Dance","floor":7},{"not_picked":["Grand Finale","Acrobatics"],"picked":"Replay:Poison Smokescreen","floor":8},{"not_picked":["Bane","Quick Slash"],"picked":"Backstab","floor":11},{"not_picked":["All Out Attack","Prepared"],"picked":"Flying Knee","floor":12},{"not_picked":["Expertise","ReplayTheSpireMod:Shiv Toss"],"picked":"Poisoned Stab","floor":14},{"not_picked":["Predator","Escape Plan"],"picked":"Tactician+1","floor":18},{"not_picked":["ReplayTheSpireMod:The Works","Caltrops"],"picked":"Outmaneuver","floor":19},{"not_picked":["Noxious Fumes+1","Backflip"],"picked":"Dagger Spray","floor":20},{"not_picked":["Cloak And Dagger","Dagger Spray"],"picked":"Bane","floor":21},{"not_picked":["Catalyst","ReplayTheSpireMod:Scrap Shanks"],"picked":"Acrobatics","floor":24},{"not_picked":["Sucker Punch","Acrobatics"],"picked":"Dagger Spray+1","floor":25},{"not_picked":["Caltrops","Outmaneuver"],"picked":"Terror","floor":27},{"not_picked":["Deflect","Unload","Dagger Spray"],"picked":"SKIP","floor":28},{"not_picked":["Replay:Poison Smokescreen","Bane"],"picked":"Distraction","floor":31},{"not_picked":["ReplayTheSpireMod:From All Sides","Night Terror"],"picked":"A Thousand Cuts","floor":33},{"not_picked":["ReplayTheSpireMod:Shiv Toss","Backflip"],"picked":"Slice+1","floor":35},{"not_picked":["PiercingWail","Poisoned Stab+1"],"picked":"Sucker Punch+1","floor":36},{"not_picked":["Sucker Punch","Prepared"],"picked":"Toxin Wave+1","floor":37},{"not_picked":["Dagger Spray+1","Calculated Gamble"],"picked":"Finisher+1","floor":38},{"not_picked":["Deadly Poison","Poisoned Stab+1"],"picked":"Quick Slash+1","floor":39},{"not_picked":["Poisoned Stab","Deflect"],"picked":"Fluid Movement+1","floor":41},{"not_picked":["aspiration:Lunge","Draining Mist+1"],"picked":"Blade Dance","floor":42},{"not_picked":["Deadly Poison","Hidden Blade"],"picked":"Endless Agony+1","floor":44},{"not_picked":["Outmaneuver","Deadly Poison"],"picked":"Underhanded Strike+1","floor":46},{"not_picked":["Replay:Poison Smokescreen+1","Poisoned Stab"],"picked":"Cloak And Dagger","floor":47},{"not_picked":["Replay:BasicMightCard","Deep Breath"],"picked":"Replay:Bootleg Shield Generator","floor":48}],"player_experience":387655,"relics_obtained":[{"floor":6,"key":"Nunchaku"},{"floor":8,"key":"Potion Belt"},{"floor":9,"key":"MealTicket"},{"floor":11,"key":"Anchor"},{"floor":12,"key":"Centennial Puzzle"},{"floor":22,"key":"Whetstone"},{"floor":26,"key":"Pen Nib"},{"floor":28,"key":"Bag of Preparation"},{"floor":29,"key":"infinitespire:Broken Mirror"},{"floor":31,"key":"Garlic"},{"floor":41,"key":"MawBank"},{"floor":43,"key":"aspiration:HummingbirdHeart"},{"floor":44,"key":"Kunai"}],"event_choices":[{"damage_healed":0,"gold_gain":0,"player_choice":"Disagree","damage_taken":0,"max_hp_gain":0,"max_hp_loss":0,"event_name":"conspire:LoneGhost","floor":5,"gold_loss":0},{"damage_healed":65,"gold_gain":0,"player_choice":"Heal","damage_taken":0,"max_hp_gain":0,"max_hp_loss":0,"event_name":"MindBloom","floor":45,"gold_loss":0,"cards_obtained":["Doubt"]},{"damage_healed":0,"gold_gain":0,"player_choice":"Memory 1","damage_taken":0,"max_hp_gain":0,"max_hp_loss":0,"event_name":"SensoryStone","floor":48,"gold_loss":0}],"is_beta":false,"boss_relics":[{"not_picked":["Astrolabe","Pandora\u0027s Box"],"picked":"Ectoplasm"},{"not_picked":["aspiration:FutureDiary","Honey Jar"],"picked":"Fusion Hammer"}],"items_purged_floors":[],"is_endless":false,"potions_floor_spawned":[2,6,8,11,14,18,19,24,25,31,37,41,46,47],"ascension_level":8}}