{"host":"hkfd27larxvbrzdx","time":1609330980,"event":{"mods":["AchievementEnabler","BaseMod","Colored Map","Colored Powertips","DeckTracker","Minty Spire (QoL Compilation)"],"gold_per_floor":[115,115,127,77,77,77,107,107,107,133,133,162,162,188,188,287,287,297,218,201,214,139,139,139,139],"floor_reached":24,"playtime":1749,"items_purged":[],"score":242,"play_id":"2f28f5c1-a241-4387-a6bc-271d17b55c17","local_time":"20201230202300","is_ascension_mode":true,"campfire_choices":[{"data":"Neutralize","floor":6,"key":"SMITH"},{"floor":8,"key":"REST"},{"floor":11,"key":"REST"},{"data":"Dagger Spray","floor":15,"key":"SMITH"},{"data":"Envenom","floor":23,"key":"SMITH"}],"circlet_count":0,"master_deck":["Strike_G","Strike_G","Defend_G","Defend_G","Defend_G","Survivor","Neutralize+1","Deflect","Dagger Spray+1","Backflip","Caltrops","Backflip","Envenom+1","Dash"],"relics":["Ring of the Snake","Regal Pillow","StrikeDummy","Happy Flower","Tiny Chest","Bottled Tornado","Calipers","Empty Cage"],"acts_visited":["Exordium","TheCity"],"potions_floor_usage":[16,16],"damage_taken":[{"damage":0,"enemies":"Cultist","floor":1,"turns":5},{"damage":1,"enemies":"Small Slimes","floor":3,"turns":5},{"damage":52,"enemies":"Lagavulin","floor":7,"turns":13},{"damage":15,"enemies":"Gremlin Nob","floor":10,"turns":5},{"damage":13,"enemies":"3 Sentries","floor":12,"turns":7},{"damage":19,"enemies":"Gremlin Nob","floor":14,"turns":4},{"damage":16,"enemies":"Hexaghost","floor":16,"turns":13},{"damage":21,"enemies":"Spheric Guardian","floor":18,"turns":8},{"damage":12,"enemies":"2 Thieves","floor":20,"turns":4},{"damage":11,"enemies":"Snake Plant","floor":21,"turns":5},{"damage":40,"enemies":"Gremlin Leader","floor":24,"turns":6}],"seed_played":"1104781221597328686","potions_obtained":[{"floor":1,"key":"SkillPotion"},{"floor":3,"key":"FearPotion"},{"floor":10,"key":"CunningPotion"},{"floor":16,"key":"PowerPotion"},{"floor":18,"key":"Poison Potion"}],"is_trial":false,"path_per_floor":["M","?","M","?","?","R","E","R","T","E","R","E","?","E","R","B",null,"M","$","M","M","?","R","E"],"character_chosen":"THE_SILENT","items_purchased":["Dash"],"campfire_rested":2,"item_purchase_floors":[19],"current_hp_per_floor":[77,77,76,76,64,64,12,50,50,35,73,60,60,41,41,25,77,56,56,44,33,33,33,0,0],"gold":139,"neow_bonus":"TEN_PERCENT_HP_BONUS","is_daily":false,"chose_seed":false,"campfire_upgraded":3,"win_rate":0.0,"timestamp":1609330980,"path_taken":["M","?","M","?","?","R","E","R","T","E","R","E","?","E","R","BOSS","M","$","M","M","?","R","E"],"items_purchased_type":["Card"],"build_version":"2020-12-22","purchased_purges":0,"victory":false,"max_hp_per_floor":[77,77,77,77,77,77,77,77,77,77,77,77,77,77,77,77,77,77,77,77,77,77,77,77,77],"card_choices":[{"not_picked":["Reflex","Underhanded Strike"],"picked":"Deflect","floor":1},{"not_picked":["Blade Dance","Flying Knee"],"picked":"Dagger Spray","floor":3},{"not_picked":["Accuracy","Escape Plan"],"picked":"Backflip","floor":7},{"not_picked":["Quick Slash","Skewer"],"picked":"Caltrops","floor":10},{"not_picked":["Riddle With Holes","Underhanded Strike"],"picked":"Backflip","floor":12},{"not_picked":["Outmaneuver","Slice","Escape Plan"],"picked":"SKIP","floor":14},{"not_picked":["Bullet Time","Storm of Steel"],"picked":"Envenom","floor":16},{"not_picked":["Blade Dance","Dodge and Roll","Quick Slash"],"picked":"SKIP","floor":18},{"not_picked":["Poisoned Stab+1","Deflect","Quick Slash"],"picked":"SKIP","floor":20},{"not_picked":["Quick Slash","Prepared","Deadly Poison"],"picked":"SKIP","floor":21}],"player_experience":151786,"relics_obtained":[{"floor":7,"key":"StrikeDummy"},{"floor":9,"key":"Happy Flower"},{"floor":10,"key":"Tiny Chest"},{"floor":12,"key":"Bottled Tornado"},{"floor":14,"key":"Calipers"}],"event_choices":[{"cards_removed":["Strike_G"],"damage_healed":0,"gold_gain":0,"player_choice":"Forget","damage_taken":0,"max_hp_gain":0,"max_hp_loss":0,"event_name":"Living Wall","floor":2,"gold_loss":0},{"cards_removed":["Strike_G"],"damage_healed":0,"gold_gain":0,"player_choice":"Card Removal","damage_taken":0,"max_hp_gain":0,"max_hp_loss":0,"event_name":"The Cleric","floor":4,"gold_loss":50},{"damage_healed":0,"gold_gain":0,"player_choice":"Success","damage_taken":12,"relics_obtained":["Regal Pillow"],"max_hp_gain":0,"max_hp_loss":0,"event_name":"Scrap Ooze","floor":5,"gold_loss":0},{"damage_healed":0,"gold_gain":0,"player_choice":"Ignored","damage_taken":0,"max_hp_gain":0,"max_hp_loss":0,"event_name":"Liars Game","floor":13,"gold_loss":0},{"cards_removed":["Defend_G"],"damage_healed":0,"gold_gain":0,"player_choice":"Gave Gold","damage_taken":0,"max_hp_gain":0,"max_hp_loss":0,"event_name":"Beggar","floor":22,"gold_loss":75}],"is_beta":false,"boss_relics":[{"not_picked":["Velvet Choker","Snecko Eye"],"picked":"Empty Cage"}],"items_purged_floors":[],"is_endless":false,"potions_floor_spawned":[1,3,10,16,18,20,21],"killed_by":"Gremlin Leader","ascension_level":2}}