{"host":"baymyijz6sxaqj5s","time":1609334994,"event":{"mods":["AchievementEnabler","BaseMod","Colored Map","Colored Powertips","DeckTracker","Highlight Path","KOR Keyword Fix","Keyboard Shortcuts","Minty Spire (QoL Compilation)","Quick Restart","StSLib","SuperFastMode"],"gold_per_floor":[109,109,59,70,83,83,60,60,87,87,104,122,135,146,146,146,146],"floor_reached":16,"playtime":365,"items_purged":[],"score":94,"play_id":"44af43f1-d66f-49cb-b378-de2415aaa3bb","local_time":"20201230222954","is_ascension_mode":false,"campfire_choices":[{"data":"Dualcast","floor":6,"key":"SMITH"},{"data":"Redo","floor":8,"key":"SMITH"},{"floor":15,"key":"REST"}],"circlet_count":0,"master_deck":["Strike_B","Strike_B","Strike_B","Defend_B","Defend_B","Defend_B","Defend_B","Zap","Dualcast+1","Compile Driver","Redo+1","Capacitor","Redo","Sweeping Beam","Auto Shields"],"relics":["Cracked Core","Regal Pillow","Cables"],"acts_visited":["Exordium"],"potions_floor_usage":[],"damage_taken":[{"damage":0,"enemies":"2 Louse","floor":1,"turns":1},{"damage":10,"enemies":"Small Slimes","floor":4,"turns":4},{"damage":6,"enemies":"Jaw Worm","floor":5,"turns":4},{"damage":8,"enemies":"Red Slaver","floor":11,"turns":2},{"damage":9,"enemies":"Exordium Wildlife","floor":12,"turns":4},{"damage":0,"enemies":"3 Louse","floor":13,"turns":3},{"damage":12,"enemies":"Blue Slaver","floor":14,"turns":2},{"damage":57,"enemies":"Hexaghost","floor":16,"turns":10}],"seed_played":"-4285361950465392426","potions_obtained":[{"floor":5,"key":"FocusPotion"},{"floor":14,"key":"GamblersBrew"}],"is_trial":false,"path_per_floor":["M","?","?","M","M","R","$","R","T","T","M","M","M","M","R","B"],"character_chosen":"DEFECT","items_purchased":["Redo"],"campfire_rested":1,"item_purchase_floors":[7],"current_hp_per_floor":[82,87,87,77,71,71,71,71,71,71,63,54,54,42,83,26,26],"gold":146,"neow_bonus":"TEN_PERCENT_HP_BONUS","is_daily":false,"chose_seed":false,"campfire_upgraded":2,"win_rate":0.0,"timestamp":1609334994,"path_taken":["M","?","?","M","?","R","?","R","T","?","M","M","M","M","R","BOSS"],"items_purchased_type":["Card"],"build_version":"2020-12-22","purchased_purges":0,"victory":false,"max_hp_per_floor":[82,87,87,87,87,87,87,87,87,87,87,87,87,87,87,87,87],"card_choices":[{"not_picked":["Cold Snap","Skim"],"picked":"Compile Driver","floor":1},{"not_picked":["Turbo","Rebound"],"picked":"Redo","floor":4},{"not_picked":["Scrape","Fusion"],"picked":"Capacitor","floor":5},{"not_picked":["Creative AI","Aggregate"],"picked":"Sweeping Beam","floor":11},{"not_picked":["Turbo","Compile Driver","Streamline"],"picked":"SKIP","floor":12},{"not_picked":["FTL","Steam Power","Heatsinks"],"picked":"SKIP","floor":13},{"not_picked":["Go for the Eyes","Compile Driver"],"picked":"Auto Shields","floor":14}],"player_experience":280743,"relics_obtained":[{"floor":9,"key":"Regal Pillow"},{"floor":10,"key":"Cables"}],"event_choices":[{"damage_healed":0,"gold_gain":0,"player_choice":"Donut","damage_taken":0,"max_hp_gain":5,"max_hp_loss":0,"event_name":"Big Fish","floor":2,"gold_loss":0},{"cards_removed":["Strike_B"],"damage_healed":0,"gold_gain":0,"player_choice":"Card Removal","damage_taken":0,"max_hp_gain":0,"max_hp_loss":0,"event_name":"The Cleric","floor":3,"gold_loss":50}],"is_beta":false,"boss_relics":[],"items_purged_floors":[],"is_endless":false,"potions_floor_spawned":[5,14],"killed_by":"Hexaghost","ascension_level":0}}