{"host":"ab3ipg3fqe03b2ex","time":1609320186,"event":{"mods":["AchievementEnabler","BaseMod","Colored Powertips","Minty Spire (QoL Compilation)","MostiFishMod","Quick Restart","Shop Mod","StSLib","Uncapped","【功能Mod】Neow奖励","【功能Mod】精心准备"],"gold_per_floor":[113,113,127,140,140,140,176,197,197,158,177,102,115,159,159,285,285,299,216,230,230,52,52,95,95,95,118,142,165,203,228,228,351,351,365,380,445,465,352,383,383,396,396,429,429,467,467,492,492,492],"floor_reached":51,"playtime":3083,"items_purged":["Defend_B","Defend_B","Strike_B","Defend_B"],"score":1219,"play_id":"baf7c67e-8a5a-4fe2-8436-a8e99da879e5","local_time":"20201230172305","is_ascension_mode":false,"campfire_choices":[{"floor":6.0,"key":"REST"},{"floor":15.0,"key":"REST"},{"data":"Darkness","floor":23.0,"key":"SMITH"},{"data":"Redo","floor":25.0,"key":"SMITH"},{"data":"Fusion","floor":32,"key":"SMITH"},{"data":"MostiFishMod:Tomorrow","floor":45,"key":"SMITH"},{"data":"Panacea","floor":47,"key":"SMITH"},{"data":"Zap","floor":49,"key":"SMITH"}],"circlet_count":0,"master_deck":["Strike_B+1","Strike_B","Defend_B+1","Zap+1","Dualcast","Steam Power","Coolheaded","Darkness+1","Fusion+1","MostiFishMod:IntelligentEquipment+1","Double Energy+1","Redo+1","Ball Lightning","Storm+1","MostiFishMod:Tomorrow+1","Panacea+1"],"relics":["OneHitWonderSystem","BirthdayGift-Icosahedron","SynthV:TestCard","Golden Idol","Frozen Egg 2","HereWithMe","MerchantsRug","Dodecahedron","ImprovedEquipment","CombinedTypeHook","Red Mask","HaiYi:Twilight","Calipers","SynthV:C4","Question Card","HornCleat","Nunchaku"],"acts_visited":["Exordium","TheCity","TheBeyond"],"potions_floor_usage":[33,33,33,50,50,50],"damage_taken":[{"damage":0.0,"enemies":"Jaw Worm","floor":1.0,"turns":2.0},{"damage":0.0,"enemies":"2 Louse","floor":3.0,"turns":1.0},{"damage":0.0,"enemies":"Cultist","floor":4.0,"turns":3.0},{"damage":0.0,"enemies":"3 Sentries","floor":7.0,"turns":2.0},{"damage":0.0,"enemies":"Looter","floor":8.0,"turns":2.0},{"damage":0.0,"enemies":"Blue Slaver","floor":11.0,"turns":2.0},{"damage":0.0,"enemies":"2 Fungi Beasts","floor":13.0,"turns":2.0},{"damage":0.0,"enemies":"Gremlin Nob","floor":14.0,"turns":3.0},{"damage":0.0,"enemies":"Slime Boss","floor":16.0,"turns":5.0},{"damage":0.0,"enemies":"2 Thieves","floor":18.0,"turns":3.0},{"damage":0.0,"enemies":"Spheric Guardian","floor":20.0,"turns":3.0},{"damage":0.0,"enemies":"Slavers","floor":24.0,"turns":2.0},{"damage":0.0,"enemies":"Centurion and Healer","floor":27.0,"turns":2.0},{"damage":0.0,"enemies":"Chosen and Byrds","floor":28.0,"turns":2.0},{"damage":0.0,"enemies":"Snake Plant","floor":29.0,"turns":2.0},{"damage":0,"enemies":"Masked Bandits","floor":30,"turns":2},{"damage":0,"enemies":"3 Cultists","floor":31,"turns":1},{"damage":0,"enemies":"Champ","floor":33,"turns":3},{"damage":0,"enemies":"Orb Walker","floor":35,"turns":2},{"damage":0,"enemies":"3 Shapes","floor":36,"turns":2},{"damage":0,"enemies":"2 Orb Walkers","floor":37,"turns":3},{"damage":0,"enemies":"Jaw Worm Horde","floor":38,"turns":2},{"damage":0,"enemies":"Giant Head","floor":40,"turns":4},{"damage":0,"enemies":"Sphere and 2 Shapes","floor":42,"turns":1},{"damage":0,"enemies":"Reptomancer","floor":44,"turns":2},{"damage":0,"enemies":"Giant Head","floor":46,"turns":4},{"damage":0,"enemies":"4 Shapes","floor":48,"turns":2},{"damage":0,"enemies":"Time Eater","floor":50,"turns":3}],"seed_played":"-2193231779308609207","potions_obtained":[{"floor":1.0,"key":"CultistPotion"},{"floor":7.0,"key":"AttackPotion"},{"floor":13.0,"key":"AttackPotion"},{"floor":24.0,"key":"SteroidPotion"},{"floor":27.0,"key":"SteroidPotion"},{"floor":30,"key":"DuplicationPotion"},{"floor":36,"key":"ColorlessPotion"},{"floor":37,"key":"ColorlessPotion"},{"floor":40,"key":"Swift Potion"}],"is_trial":false,"path_per_floor":["M","?","M","M","?","R","E","M","T","?","M","$","M","E","R","B",null,"M","$","M","?","$","R","E","R","T","M","M","M","?","M","R","B",null,"M","M","?","M","$","E","?","M","T","E","R","E","R","M","R","B",null],"character_chosen":"DEFECT","items_purchased":["MerchantsRug","Dodecahedron"],"campfire_rested":2,"item_purchase_floors":[19,22],"current_hp_per_floor":[1,1,1,1,1,1,1,1,1,1,1,1,1,1,1,1,1,1,1,1,1,1,1,1,1,1,1,1,1,1,1,1,1,1,1,1,1,1,1,1,1,1,1,1,1,1,1,1,1,1],"gold":492,"neow_bonus":"BOSS_RELIC","is_daily":false,"chose_seed":false,"campfire_upgraded":6,"win_rate":0.0,"timestamp":1609320185,"path_taken":["M","?","M","M","?","R","E","M","T","?","M","?","?","E","R","BOSS","M","$","M","?","$","R","E","R","T","M","M","M","?","M","R","BOSS","M","M","?","M","$","E","?","M","T","E","R","E","R","M","R","BOSS"],"items_purchased_type":["Relic","Relic"],"build_version":"2020-12-22","purchased_purges":4,"victory":true,"max_hp_per_floor":[1,1,1,1,1,1,1,1,1,1,1,1,1,1,1,1,1,1,1,1,1,1,1,1,1,1,1,1,1,1,1,1,1,1,1,1,1,1,1,1,1,1,1,1,1,1,1,1,1,1],"card_choices":[{"not_picked":["Reprogram","Compile Driver"],"picked":"Steam Power","floor":1.0},{"not_picked":["Gash","MostiFishMod:PushDownKick","Consume","MostiFishMod:FluxCapactior"],"picked":"Coolheaded","floor":3.0},{"not_picked":["Sweeping Beam","Blizzard","Streamline","Hologram","Go for the Eyes"],"picked":"SKIP","floor":4.0},{"not_picked":["Stack","Beam Cell","Compile Driver","Steam","Chill"],"picked":"SKIP","floor":7.0},{"not_picked":["Coolheaded","Static Discharge","Leap","Compile Driver","Go for the Eyes"],"picked":"SKIP","floor":8.0},{"not_picked":["Defragment+1","Hello World+1","Sweeping Beam","Leap"],"picked":"Darkness","floor":11.0},{"not_picked":["Beam Cell","Rip and Tear","Electrodynamics+1","Gash","Conserve Battery"],"picked":"SKIP","floor":13.0},{"not_picked":["Melter","Steam","Barrage","FTL"],"picked":"Fusion","floor":14.0},{"not_picked":["All For One","Buffer+1","MostiFishMod:TalkingToTheRain+1","MostiFishMod:IceShield"],"picked":"MostiFishMod:IntelligentEquipment+1","floor":16.0},{"not_picked":["Sweeping Beam","Rip and Tear","Reprogram","Heatsinks+1","Barrage"],"picked":"SKIP","floor":18.0},{"not_picked":["Steam","Redo","Loop+1","Barrage+1"],"picked":"Double Energy+1","floor":20.0},{"not_picked":["Compile Driver","Lockon","Reinforced Body+1","Leap"],"picked":"Redo","floor":24.0},{"not_picked":["Stack+1","Leap","MostiFishMod:IntelligentEquipment+1","Auto Shields"],"picked":"Ball Lightning","floor":27.0},{"not_picked":["Go for the Eyes","Loop+1","Coolheaded+1","Cold Snap+1"],"picked":"Storm+1","floor":28.0},{"not_picked":["Streamline","Defragment+1","Hologram","Fusion","MostiFishMod:PushDownKick+1"],"picked":"SKIP","floor":29.0},{"not_picked":["Compile Driver","Gash","Double Energy+1","Lockon","Doom and Gloom"],"picked":"SKIP","floor":31},{"not_picked":["MostiFishMod:ReadyAimFire","MostiFishMod:Distribution","Buffer+1","MostiFishMod:IntelligentEquipment+1"],"picked":"MostiFishMod:Tomorrow","floor":33},{"not_picked":["Ball Lightning","Redo+1","Barrage","Leap+1","Steam"],"picked":"SKIP","floor":35},{"not_picked":["Doom and Gloom+1","Barrage","Stack+1","Coolheaded","Go for the Eyes+1"],"picked":"SKIP","floor":36},{"not_picked":["Ball Lightning","Scrape+1","Genetic Algorithm","Reinforced Body","Hologram"],"picked":"SKIP","floor":38},{"not_picked":["Cold Snap","Amplify","Sweeping Beam","Heatsinks+1","Barrage+1"],"picked":"SKIP","floor":40},{"not_picked":["Dark Shackles","Purity","Blind","Flash of Steel"],"picked":"Panacea","floor":41},{"not_picked":["MostiFishMod:PushDownKick","Redo+1","Capacitor+1","Steam Power","Darkness"],"picked":"SKIP","floor":42},{"not_picked":["Beam Cell","Cold Snap","Hologram","Skim","Melter","Redo"],"picked":"SKIP","floor":44},{"not_picked":["Force Field+1","Hologram","Reinforced Body","Loop+1","Rip and Tear+1","Beam Cell"],"picked":"SKIP","floor":46},{"not_picked":["MostiFishMod:FluxCapactior+1","Leap+1","Gash","Sweeping Beam","Beam Cell","Streamline+1"],"picked":"SKIP","floor":48}],"player_experience":15180,"relics_obtained":[{"floor":1.0,"key":"SynthV:TestCard"},{"floor":7.0,"key":"Darkstone Periapt"},{"floor":9.0,"key":"Frozen Egg 2"},{"floor":14.0,"key":"MealTicket"},{"floor":24.0,"key":"ImprovedEquipment"},{"floor":26.0,"key":"CombinedTypeHook"},{"floor":30,"key":"Red Mask"},{"floor":37,"key":"Calipers"},{"floor":40,"key":"SynthV:C4"},{"floor":43,"key":"Question Card"},{"floor":44,"key":"HornCleat"},{"floor":46,"key":"Nunchaku"}],"event_choices":[{"damage_healed":0.0,"max_hp_gain":0.0,"max_hp_loss":0.0,"gold_gain":0.0,"event_name":"Golden Idol","player_choice":"Take Damage","floor":2.0,"gold_loss":0.0,"damage_taken":0.0,"relics_obtained":["Golden Idol"]},{"damage_healed":0.0,"max_hp_gain":0.0,"max_hp_loss":0.0,"gold_gain":0.0,"event_name":"Shining Light","player_choice":"Entered Light","floor":5.0,"gold_loss":0.0,"damage_taken":0.0,"cards_upgraded":["Defend_B","Strike_B"]},{"damage_healed":0.0,"max_hp_gain":0.0,"max_hp_loss":0.0,"gold_gain":0.0,"event_name":"World of Goop","player_choice":"Left Gold","floor":10.0,"gold_loss":39.0,"damage_taken":0.0},{"cards_removed":["Strike_B"],"damage_healed":0.0,"max_hp_gain":0.0,"max_hp_loss":0.0,"gold_gain":0.0,"event_name":"Back to Basics","player_choice":"Elegance","floor":21.0,"gold_loss":0.0,"damage_taken":0.0},{"damage_healed":0,"gold_gain":0,"player_choice":"Fought Bandits","damage_taken":0,"max_hp_gain":0,"max_hp_loss":0,"event_name":"Masked Bandits","floor":30,"gold_loss":0},{"damage_healed":0,"gold_gain":0,"player_choice":"Fight","damage_taken":0,"max_hp_gain":0,"max_hp_loss":0,"event_name":"Mysterious Sphere","floor":37,"gold_loss":0},{"damage_healed":0,"gold_gain":0,"player_choice":"Memory 1","damage_taken":0,"max_hp_gain":0,"max_hp_loss":0,"event_name":"SensoryStone","floor":41,"gold_loss":0}],"is_beta":false,"boss_relics":[{"not_picked":["GreenFoldingFan","Philosopher\u0027s Stone"],"picked":"HereWithMe"},{"not_picked":["Velvet Choker","Coffee Dripper"],"picked":"HaiYi:Twilight"}],"items_purged_floors":[12,19,22,39],"is_endless":false,"potions_floor_spawned":[1,7,13,14,24,27,30,36,37,40,44],"ascension_level":0}}