{"host":"h1l2j95f0ioyx0nx","time":1609342450,"event":{"mods":["AchievementEnabler","BaseMod","BetterRewards","Gold Saver","Minty Spire (QoL Compilation)","Permanent Neow","Quick Restart","Replay The Spire","Shop Mod","Spicy Shops","StSLib","The Cursed","The Dragon Tamer","The Hierophant","The Poker Player","The Runesmith"],"gold_per_floor":[2057,2057,2132,2132,724,763,776,128,128,146,146,167,185,185,185,203,203,327,327,343,52,151,169,187,187,221,221,247,247,3,39,64,87,87,217,280,294,294,294,309,330,371,616,659,659,722,743,743,743,15,15,15,15,15,15,58,58],"floor_reached":58,"playtime":5261,"items_purged":["PokerPlayerMod:Spade1","Sickly","Shame","Amnesia"],"score":1453,"play_id":"93bcd9bf-6077-48d2-9505-d8a8a7e401e9","local_time":"20201231003410","is_ascension_mode":false,"metric_token":1054,"campfire_choices":[{"floor":17,"key":"RECALL"},{"data":"PokerPlayerMod:VarietyAttack","floor":25,"key":"SMITH"},{"data":"PokerPlayerMod:VarietyAttack","floor":29,"key":"SMITH"},{"floor":34,"key":"REST"},{"data":"PokerPlayerMod:CardPrinter","floor":51,"key":"SMITH"},{"data":"PokerPlayerMod:CardPrinter+1","floor":54,"key":"SMITH"}],"circlet_count":0,"master_deck":["PokerPlayerMod:Diamond2","PokerPlayerMod:Diamond3","PokerPlayerMod:Diamond3","PokerPlayerMod:Diamond4","PokerPlayerMod:Diamond5","PokerPlayerMod:Spade2","PokerPlayerMod:Spade3","PokerPlayerMod:Spade5","PokerPlayerMod:Club1","PokerPlayerMod:Club2","PokerPlayerMod:Heart2","PokerPlayerMod:TrumpStrike+1","PokerPlayerMod:BadJoker","PokerPlayerMod:Mulligan","PokerPlayerMod:ClubsClub","Pot Of Greed","Pot Of Greed","PokerPlayerMod:CardPrinter+2","PokerPlayerMod:VarietyAttack+1","PokerPlayerMod:Heart6","ReplayTheSpireMod:Uncanny Aura","PokerPlayerMod:Diamond4","PokerPlayerMod:Raise","PokerPlayerMod:Spade6","PokerPlayerMod:ClubShade","Pot Of Greed","PokerPlayerMod:Club3","PokerPlayerMod:DiamondStrike","PokerPlayerMod:ClubShade","PokerPlayerMod:Configure","PokerPlayerMod:StackedDeck","PokerPlayerMod:Spade5","PokerPlayerMod:Club4","PokerPlayerMod:ClubShade","PokerPlayerMod:Heart3","Pot Of Greed","PokerPlayerMod:VarietyAttack+1","PokerPlayerMod:Heart2","PokerPlayerMod:Extraction","PokerPlayerMod:SecretDealer+1","PokerPlayerMod:Club2","PokerPlayerMod:CardPrinter","Hallucinations","PokerPlayerMod:Raise+1","PokerPlayerMod:Club3","PokerPlayerMod:Club3","PokerPlayerMod:CardBurn","PokerPlayerMod:Trickery","Pot Of Greed","PokerPlayerMod:Club4","PokerPlayerMod:Diamond5","PokerPlayerMod:Club9","PokerPlayerMod:TheDieIsCast+1"],"relics":["PokerPlayerMod:DeckCase","Bronze Scales","Golden Idol","Grinning Jar","Juzu Bracelet","BargainBundle","MerchantsRug","Guide Book","PreservedInsect","Mirror","TungstenRod","Simple Rune","Chemical X","Replay:Ringing Soul","Medical Kit","PokerPlayerMod:FairLicense","Replay:Ancient Bell","Tiny Chest","Letter Opener","Gambling Chip","PokerPlayerMod:BottledPoker","Snack Pack","Strawberry","Pet Ghost","Golden Egg","Replay:Wax Seal","Tiny House","PokerPlayerMod:CoolBox","Ring of Chaos","ReplayTheSpireMod:Ring of Challenge","Pear","Happy Flower","Replay:Rubber Ducky","Durian","Chameleon Ring","Torii","Runesmith:AutoHammer","Replay:Baseball"],"acts_visited":["Exordium","TheCity","TheBeyond","TheEnding"],"potions_floor_usage":[18,18,18,44,57],"damage_taken":[{"damage":0,"enemies":"2 Louse","floor":1,"turns":2},{"damage":5,"enemies":"Lagavulin","floor":6,"turns":4},{"damage":0,"enemies":"Small Slimes","floor":7,"turns":2},{"damage":0,"enemies":"Jaw Worm","floor":10,"turns":2},{"damage":0,"enemies":"Lots of Slimes","floor":12,"turns":2},{"damage":0,"enemies":"Large Slime","floor":13,"turns":1},{"damage":0,"enemies":"Exordium Wildlife","floor":16,"turns":1},{"damage":0,"enemies":"Slime Boss","floor":18,"turns":3},{"damage":9,"enemies":"Spheric Guardian","floor":20,"turns":3},{"damage":0,"enemies":"2 Thieves","floor":23,"turns":1},{"damage":0,"enemies":"Snake Plant","floor":24,"turns":1},{"damage":9,"enemies":"Replay:Snechameleon","floor":26,"turns":4},{"damage":29,"enemies":"Slavers","floor":31,"turns":4},{"damage":0,"enemies":"3 Cultists","floor":33,"turns":1},{"damage":52,"enemies":"Collector","floor":35,"turns":8},{"damage":4,"enemies":"Orb Walker","floor":37,"turns":3},{"damage":2,"enemies":"3 Shapes","floor":40,"turns":1},{"damage":3,"enemies":"Transient","floor":41,"turns":5},{"damage":0,"enemies":"Nemesis","floor":42,"turns":3},{"damage":24,"enemies":"R_Hoarder","floor":44,"turns":7},{"damage":12,"enemies":"Mind Bloom Boss Battle","floor":46,"turns":3},{"damage":0,"enemies":"4 Shapes","floor":47,"turns":3},{"damage":70,"enemies":"Donu and Deca","floor":52,"turns":8},{"damage":24,"enemies":"Shield and Spear","floor":56,"turns":4},{"damage":73,"enemies":"The Heart","floor":57,"turns":10}],"seed_played":"6246682268760396756","potions_obtained":[{"floor":10,"key":"Explosive Potion"},{"floor":13,"key":"AttackPotion"},{"floor":20,"key":"BlessingOfTheForge"},{"floor":23,"key":"Strength Potion"},{"floor":24,"key":"SkillPotion"},{"floor":36,"key":"SkillPotion"},{"floor":40,"key":"LiquidMemories"},{"floor":41,"key":"Adrenaline Potion"},{"floor":46,"key":"Elixir"}],"is_trial":false,"path_per_floor":["M","?","?","?","$","E","M","$","T","M","?","M","M","PTL","PTL","M","R","B",null,"M","$","?","M","M","R","E","?","T","R","$","E","T","M","R","B",null,"M","T","?","M","M","E","?","E","T","?","M","T","?","$","R","B",null,"R","$","E","B",null],"character_chosen":"THE_POKER_PLAYER","items_purchased":["Juzu Bracelet","BargainBundle","PowerPotion","Energy Potion","Explosive Potion","MerchantsRug","BlessingOfTheForge","Guide Book","PreservedInsect","Mirror","TungstenRod","PokerPlayerMod:CardPrinter","PokerPlayerMod:VarietyAttack","PokerPlayerMod:Heart6","ReplayTheSpireMod:Uncanny Aura","Chemical X","Replay:Ringing Soul","PokerPlayerMod:Spade6","PokerPlayerMod:ClubShade","Medical Kit","PokerPlayerMod:BottledPoker","PokerPlayerMod:Club4","Pet Ghost","Torii","PokerPlayerMod:Club8","Runesmith:AutoHammer"],"campfire_rested":1,"item_purchase_floors":[5,5,5,5,5,5,5,5,5,5,5,5,5,5,5,8,8,8,8,8,21,21,30,50,50,50],"current_hp_per_floor":[52,39,28,25,25,31,38,41,41,44,44,54,57,57,57,60,60,70,73,67,70,70,80,83,83,81,65,72,72,72,55,55,58,89,60,117,120,120,123,124,129,142,145,148,148,144,154,154,154,157,157,94,162,162,162,141,82],"gold":58,"neow_bonus":"RANDOM_COMMON_RELIC","is_daily":false,"chose_seed":false,"campfire_upgraded":4,"win_rate":0.0,"timestamp":1609342450,"path_taken":["M","?","?","?","$","E","M","$","T","M","?","M","M","PTL","PTL","M","R","BOSS","M","$","?","M","M","R","E","?","T","R","$","E","?","M","R","BOSS","M","?","?","M","M","E","?","E","T","?","M","?","?","$","R","BOSS","R","$","E","BOSS"],"items_purchased_type":["Relic","Relic","Potion","Potion","Potion","Relic","Potion","Relic","Relic","Relic","Relic","Card","Card","Card","Card","Relic","Relic","Card","Card","Relic","Relic","Card","Relic","Relic","Card","Relic"],"build_version":"2020-12-22","purchased_purges":4,"victory":true,"max_hp_per_floor":[52,52,52,52,52,52,52,55,55,58,58,61,64,64,64,67,67,70,73,76,79,79,82,85,85,88,93,100,100,100,103,103,106,106,109,117,120,120,123,126,129,142,145,148,148,156,159,159,159,162,162,162,162,162,162,165,165],"card_choices":[{"not_picked":["PokerPlayerMod:Diamond4","PokerPlayerMod:Spade4"],"picked":"PokerPlayerMod:ClubsClub","floor":1},{"not_picked":["PokerPlayerMod:Heart2","PokerPlayerMod:Spade4"],"picked":"PokerPlayerMod:Diamond4","floor":6},{"not_picked":["PokerPlayerMod:SpadeStrike","PokerPlayerMod:Diamond3"],"picked":"PokerPlayerMod:Raise","floor":7},{"not_picked":["PokerPlayerMod:DartThrow","PokerPlayerMod:Heart1"],"picked":"PokerPlayerMod:Club3","floor":10},{"not_picked":["PokerPlayerMod:Spade5","PokerPlayerMod:Trickery"],"picked":"PokerPlayerMod:DiamondStrike","floor":12},{"not_picked":["PokerPlayerMod:Trickery","PokerPlayerMod:DiamondStrike"],"picked":"PokerPlayerMod:ClubShade","floor":13},{"not_picked":["PokerPlayerMod:Diamond4","PokerPlayerMod:Fold"],"picked":"PokerPlayerMod:Configure","floor":16},{"not_picked":["PokerPlayerMod:Club10+","PokerPlayerMod:WildCard"],"picked":"PokerPlayerMod:StackedDeck","floor":18},{"not_picked":["Voices","CurseOfTheBell"],"picked":"Amnesia","floor":19},{"not_picked":["Regret","Pain"],"picked":"Shame","floor":19},{"not_picked":["ReplayTheSpireMod:IOU","Normality"],"picked":"Sickly","floor":19},{"not_picked":["PokerPlayerMod:PoorCopy","PokerPlayerMod:Spade1"],"picked":"PokerPlayerMod:Spade5","floor":20},{"not_picked":["PokerPlayerMod:Spade2","PokerPlayerMod:Spade3"],"picked":"PokerPlayerMod:ClubShade","floor":23},{"not_picked":["PokerPlayerMod:ClubsClub","PokerPlayerMod:Trickery"],"picked":"PokerPlayerMod:Heart3","floor":24},{"not_picked":["PokerPlayerMod:FillThePot","PokerPlayerMod:Diamond6"],"picked":"PokerPlayerMod:VarietyAttack","floor":26},{"not_picked":["PokerPlayerMod:Harden","PokerPlayerMod:Spade4"],"picked":"PokerPlayerMod:Heart2","floor":31},{"not_picked":["PokerPlayerMod:Diamond3","PokerPlayerMod:Diamond4"],"picked":"PokerPlayerMod:Extraction","floor":33},{"not_picked":["PokerPlayerMod:Spade7","PokerPlayerMod:TheDieIsCast"],"picked":"PokerPlayerMod:SecretDealer","floor":35},{"not_picked":["PokerPlayerMod:DartThrow+1","PokerPlayerMod:Diamond3"],"picked":"PokerPlayerMod:Club2","floor":36},{"not_picked":["PokerPlayerMod:Trickery+1","PokerPlayerMod:Fold"],"picked":"PokerPlayerMod:CardPrinter","floor":37},{"not_picked":["PokerPlayerMod:Manipulation+1","PokerPlayerMod:Spade3"],"picked":"PokerPlayerMod:Raise+1","floor":40},{"not_picked":["PokerPlayerMod:FlyingCard","PokerPlayerMod:Club1"],"picked":"PokerPlayerMod:Club3","floor":41},{"not_picked":["PokerPlayerMod:Diamond4","PokerPlayerMod:Spade4"],"picked":"PokerPlayerMod:Club3","floor":42},{"not_picked":["PokerPlayerMod:Spade1","PokerPlayerMod:Diamond4"],"picked":"PokerPlayerMod:CardBurn","floor":43},{"not_picked":["PokerPlayerMod:Diamond3","PokerPlayerMod:Diamond2"],"picked":"PokerPlayerMod:Trickery","floor":44},{"not_picked":["PokerPlayerMod:Spade2","PokerPlayerMod:Diamond5"],"picked":"PokerPlayerMod:Club4","floor":46},{"not_picked":["PokerPlayerMod:SpadeStrike","PokerPlayerMod:CloakAndDiamond"],"picked":"PokerPlayerMod:Diamond5","floor":47},{"not_picked":["PokerPlayerMod:CloakAndDiamond","PokerPlayerMod:Diamond4"],"picked":"PokerPlayerMod:TheDieIsCast","floor":56}],"player_experience":113021,"relics_obtained":[{"floor":6,"key":"Simple Rune"},{"floor":26,"key":"Snack Pack"},{"floor":28,"key":"Strawberry"},{"floor":31,"key":"Golden Egg"},{"floor":32,"key":"Replay:Wax Seal"},{"floor":38,"key":"PokerPlayerMod:CoolBox"},{"floor":39,"key":"Ring of Chaos"},{"floor":39,"key":"ReplayTheSpireMod:Ring of Challenge"},{"floor":42,"key":"Pear"},{"floor":44,"key":"Happy Flower"},{"floor":45,"key":"Replay:Rubber Ducky"},{"floor":46,"key":"Durian"},{"floor":48,"key":"Chameleon Ring"},{"floor":56,"key":"Replay:Baseball"}],"event_choices":[{"damage_healed":0,"gold_gain":0,"player_choice":"Take Damage","damage_taken":13,"relics_obtained":["Golden Idol"],"max_hp_gain":0,"max_hp_loss":0,"event_name":"Golden Idol","floor":2,"gold_loss":0},{"damage_healed":0,"gold_gain":75,"player_choice":"Gather Gold","damage_taken":11,"max_hp_gain":0,"max_hp_loss":0,"event_name":"World of Goop","floor":3,"gold_loss":0},{"damage_healed":0,"gold_gain":0,"player_choice":"Success","damage_taken":3,"relics_obtained":["Grinning Jar"],"max_hp_gain":0,"max_hp_loss":0,"event_name":"Scrap Ooze","floor":4,"gold_loss":0},{"damage_healed":0,"gold_gain":0,"player_choice":"Gave Potion","damage_taken":0,"relics_obtained":["PokerPlayerMod:FairLicense"],"max_hp_gain":0,"max_hp_loss":0,"event_name":"WeMeetAgain","floor":11,"gold_loss":0},{"damage_healed":0,"gold_gain":99,"player_choice":"Stole From Cult","damage_taken":0,"max_hp_gain":0,"max_hp_loss":0,"event_name":"Nest","floor":22,"gold_loss":0},{"damage_healed":0,"gold_gain":0,"player_choice":"Shed Blood","damage_taken":22,"max_hp_gain":5,"max_hp_loss":0,"event_name":"Forgotten Altar","floor":27,"gold_loss":0},{"damage_healed":0,"gold_gain":0,"player_choice":"Fight","damage_taken":0,"max_hp_gain":0,"max_hp_loss":0,"event_name":"MindBloom","floor":46,"gold_loss":0},{"damage_healed":0,"gold_gain":0,"player_choice":"Ignored","damage_taken":0,"max_hp_gain":0,"max_hp_loss":0,"event_name":"Tomb of Lord Red Mask","floor":49,"gold_loss":0}],"is_beta":false,"boss_relics":[{"not_picked":["Fusion Hammer","Painkiller Herb"],"picked":"Replay:Ancient Bell"},{"not_picked":["Oddly Smooth Stone","ReplayTheSpireMod:Lightbulb"],"picked":"Tiny Chest"},{"not_picked":["PokerPlayerMod:BrokenClock","Kunai"],"picked":"Letter Opener"},{"not_picked":["CaptainsWheel","Du-Vu Doll"],"picked":"Gambling Chip"},{"not_picked":["Runic Dome","Ring of Chaos"],"picked":"Tiny House"}],"items_purged_floors":[5,21,30,50],"is_endless":false,"potions_floor_spawned":[7,10,13,20,23,24,40,41,46],"ascension_level":0}}