{"host":"31s8hzukbhz1k6i6","time":1609288804,"event":{"mods":["AchievementEnabler","BaseMod","Colored Map","Filter the Spire","Minty Spire (QoL Compilation)","Relic Stats","UnlockEverythingMod","ojb\u0027s Info Mod"],"gold_per_floor":[112,37,112,126,126,126,146,146,146,146,146,146,178,192,192,293,293,312,512,527,537,537,537,570,570,617,28,46,56,68,88,88,183,183,199,249,249,106,125,125,139,174,174,193,193,193,25,25,25,25,25,25,25,53,53],"floor_reached":56,"playtime":2577,"items_purged":["Normality","Strike_P+1","LessonLearned+1"],"score":1877,"play_id":"4fce7045-b136-4d78-b526-3c968104bc80","local_time":"20201229164004","is_ascension_mode":true,"campfire_choices":[{"data":"1","floor":6.0,"key":"LIFT"},{"floor":8.0,"key":"REST"},{"data":"2","floor":11.0,"key":"LIFT"},{"data":"3","floor":15.0,"key":"LIFT"},{"floor":23.0,"key":"REST"},{"floor":25.0,"key":"REST"},{"data":"CrushJoints","floor":32.0,"key":"SMITH"},{"floor":40.0,"key":"DIG"},{"floor":45,"key":"DIG"},{"floor":49,"key":"RECALL"},{"floor":52,"key":"DIG"}],"circlet_count":0,"master_deck":["AscendersBane","Defend_P+1","Defend_P+1","Eruption+1","Vigilance+1","Vengeance+1","Tantrum+1","Meditate+1","Adaptation+1","CrushJoints+1","MentalFortress+1","Vault+1","Evaluate+1","Master of Strategy+1","Vault+1","EmptyMind"],"relics":["PureWater","Girya","Odd Mushroom","Du-Vu Doll","War Paint","VioletLotus","Regal Pillow","Vajra","CaptainsWheel","Empty Cage","Shovel","Medical Kit","Smiling Mask","TeardropLocket","Eternal Feather","Molten Egg 2","Bottled Lightning","Bag of Preparation"],"acts_visited":["Exordium","TheCity","TheBeyond","TheEnding"],"potions_floor_usage":[54,55],"damage_taken":[{"damage":12.0,"enemies":"Cultist","floor":1.0,"turns":5.0},{"damage":0.0,"enemies":"2 Louse","floor":4.0,"turns":2.0},{"damage":7.0,"enemies":"The Mushroom Lair","floor":7.0,"turns":3.0},{"damage":0.0,"enemies":"Lagavulin","floor":13.0,"turns":2.0},{"damage":4.0,"enemies":"Small Slimes","floor":14.0,"turns":2.0},{"damage":2.0,"enemies":"The Guardian","floor":16.0,"turns":7.0},{"damage":2.0,"enemies":"2 Thieves","floor":18.0,"turns":2.0},{"damage":20.0,"enemies":"3 Byrds","floor":20.0,"turns":3.0},{"damage":15.0,"enemies":"Centurion and Healer","floor":21.0,"turns":3.0},{"damage":9.0,"enemies":"Gremlin Leader","floor":24.0,"turns":4.0},{"damage":12.0,"enemies":"Cultist and Chosen","floor":28.0,"turns":5.0},{"damage":6.0,"enemies":"Snecko","floor":29.0,"turns":3.0},{"damage":4.0,"enemies":"Chosen and Byrds","floor":30.0,"turns":3.0},{"damage":0.0,"enemies":"Cultist and Chosen","floor":31.0,"turns":3.0},{"damage":0.0,"enemies":"Automaton","floor":33.0,"turns":3.0},{"damage":12.0,"enemies":"3 Shapes","floor":35.0,"turns":3.0},{"damage":0.0,"enemies":"Mind Bloom Boss Battle","floor":36.0,"turns":5.0},{"damage":5.0,"enemies":"Orb Walker","floor":39.0,"turns":3.0},{"damage":3.0,"enemies":"Jaw Worm Horde","floor":41.0,"turns":3.0},{"damage":0,"enemies":"Reptomancer","floor":42,"turns":3},{"damage":0,"enemies":"Writhing Mass","floor":44,"turns":2},{"damage":26,"enemies":"Time Eater","floor":50,"turns":6},{"damage":0,"enemies":"Shield and Spear","floor":54,"turns":5},{"damage":30,"enemies":"The Heart","floor":55,"turns":7}],"seed_played":"1752905775698167373","potions_obtained":[{"floor":7.0,"key":"Strength Potion"},{"floor":14.0,"key":"LiquidMemories"},{"floor":18.0,"key":"LiquidMemories"},{"floor":20.0,"key":"DistilledChaos"},{"floor":24.0,"key":"Dexterity Potion"},{"floor":29.0,"key":"Fruit Juice"},{"floor":35.0,"key":"Explosive Potion"},{"floor":41.0,"key":"Block Potion"},{"floor":42,"key":"StancePotion"}],"is_trial":false,"path_per_floor":["M","$","?","M","?","R","?","R","T","?","R","?","E","M","R","B",null,"M","?","M","M","?","R","E","R","T","$","M","M","M","M","R","B",null,"M","?","?","$","M","R","M","E","T","M","R","?","$","T","R","B",null,"R","$","E","B",null],"character_chosen":"WATCHER","items_purchased":["Master of Strategy","CaptainsWheel","Medical Kit","EmptyMind","Swift Potion"],"campfire_rested":3,"item_purchase_floors":[27,27,38,47,47],"current_hp_per_floor":[53,53,42,42,17,17,10,31,31,24,24,48,48,44,44,42,65,63,63,43,28,28,49,40,72,72,72,60,54,50,50,50,50,67,60,60,60,60,55,55,52,52,52,52,52,52,52,52,61,35,64,73,73,73,43],"gold":53,"neow_bonus":"TRANSFORM_TWO_CARDS","is_daily":false,"chose_seed":false,"campfire_upgraded":1,"win_rate":0.0,"timestamp":1609288804,"path_taken":["M","$","?","M","?","R","?","R","T","?","R","?","E","M","R","BOSS","M","?","M","?","?","R","E","R","T","$","M","?","M","M","R","BOSS","M","?","?","?","?","R","M","E","T","M","R","?","$","?","R","BOSS","R","$","E","BOSS"],"items_purchased_type":["Card","Relic","Relic","Card","Potion"],"build_version":"2020-12-22","purchased_purges":3,"victory":true,"max_hp_per_floor":[72,72,72,72,72,72,72,72,72,72,72,72,72,72,72,72,72,72,72,72,72,72,72,72,72,72,72,72,72,72,72,72,72,72,77,77,73,73,73,73,73,73,73,73,73,73,73,73,73,73,73,73,73,73,73],"relic_stats":{"Regal Pillow":11,"Shovel":3,"counters":[24,87],"Eternal Feather":18,"VioletLotus":[88],"Bag of Preparation":[2],"War Paint":["Vengeance","Defend_P"],"Medical Kit":[8],"Smiling Mask":75,"obtain_stats":[{"Girya":5,"Regal Pillow":24,"Vajra":26,"Eternal Feather":45,"Bag of Preparation":54,"TeardropLocket":42,"Odd Mushroom":7,"War Paint":13,"Empty Cage":34,"Medical Kit":38,"Smiling Mask":40,"Du-Vu Doll":9,"CaptainsWheel":27,"Shovel":36,"Molten Egg 2":48,"VioletLotus":17,"Bottled Lightning":52,"PureWater":0},{"Girya":2,"Regal Pillow":10,"Vajra":10,"Eternal Feather":21,"Bag of Preparation":23,"TeardropLocket":20,"Odd Mushroom":3,"War Paint":4,"Empty Cage":15,"Medical Kit":17,"Smiling Mask":18,"Du-Vu Doll":3,"CaptainsWheel":10,"Shovel":17,"Molten Egg 2":21,"VioletLotus":6,"Bottled Lightning":22,"PureWater":0},{"Girya":7,"Regal Pillow":33,"Vajra":33,"Eternal Feather":69,"Bag of Preparation":80,"TeardropLocket":67,"Odd Mushroom":10,"War Paint":12,"Empty Cage":50,"Medical Kit":58,"Smiling Mask":61,"Du-Vu Doll":10,"CaptainsWheel":33,"Shovel":58,"Molten Egg 2":69,"VioletLotus":21,"Bottled Lightning":75,"PureWater":0}]},"card_choices":[{"not_picked":["FlyingSleeves","SashWhip"],"picked":"Tantrum","floor":1.0},{"not_picked":["ClearTheMind","Crescendo"],"picked":"Meditate","floor":4.0},{"not_picked":["ClearTheMind","ThirdEye"],"picked":"Adaptation","floor":7.0},{"not_picked":["Crescendo","DeceiveReality"],"picked":"CrushJoints","floor":13.0},{"not_picked":["EmptyFist","FollowUp"],"picked":"MentalFortress","floor":14.0},{"not_picked":["ConjureBlade","Establishment"],"picked":"Vault","floor":16.0},{"not_picked":["CrushJoints","JustLucky","BowlingBash"],"picked":"SKIP","floor":18.0},{"not_picked":["BowlingBash","Crescendo"],"picked":"Fasting2","floor":20.0},{"not_picked":["Indignation","Meditate","Prostrate+1"],"picked":"SKIP","floor":21.0},{"not_picked":["WheelKick","FlurryOfBlows","Tantrum+1"],"picked":"SKIP","floor":24.0},{"not_picked":["Study+1","LikeWater+1","BowlingBash+1"],"picked":"SKIP","floor":28.0},{"not_picked":["BowlingBash","PathToVictory","SpiritShield"],"picked":"SKIP","floor":29.0},{"not_picked":["Tantrum","SashWhip","Meditate"],"picked":"SKIP","floor":30.0},{"not_picked":["Halt+1","SashWhip","BowlingBash+1"],"picked":"SKIP","floor":31.0},{"not_picked":["SashWhip","FlyingSleeves+1","ForeignInfluence"],"picked":"SKIP","floor":35.0},{"not_picked":["Protect+1","ThirdEye","Crescendo+1"],"picked":"SKIP","floor":39.0},{"not_picked":["Collect","WindmillStrike","Nirvana"],"picked":"SKIP","floor":41.0},{"not_picked":["WindmillStrike+1","CutThroughFate+1","SandsOfTime"],"picked":"SKIP","floor":42},{"not_picked":["EmptyFist+1","Evaluate+1","Blasphemy"],"picked":"SKIP","floor":44},{"not_picked":["ThirdEye+1","Meditate","FollowUp+1"],"picked":"SKIP","floor":54}],"player_experience":84098,"relics_obtained":[{"floor":7.0,"key":"Odd Mushroom"},{"floor":9.0,"key":"Du-Vu Doll"},{"floor":13.0,"key":"War Paint"},{"floor":24.0,"key":"Regal Pillow"},{"floor":26.0,"key":"Vajra"},{"floor":36.0,"key":"Shovel"},{"floor":40.0,"key":"Smiling Mask"},{"floor":42,"key":"TeardropLocket"},{"floor":45,"key":"Eternal Feather"},{"floor":48,"key":"Molten Egg 2"},{"floor":52,"key":"Bottled Lightning"},{"floor":54,"key":"Bag of Preparation"}],"event_choices":[{"damage_healed":0.0,"max_hp_gain":0.0,"max_hp_loss":0.0,"gold_gain":75.0,"event_name":"World of Goop","player_choice":"Gather Gold","floor":3.0,"gold_loss":0.0,"damage_taken":11.0},{"damage_healed":0.0,"max_hp_gain":0.0,"max_hp_loss":0.0,"gold_gain":0.0,"event_name":"Scrap Ooze","player_choice":"Success","floor":5.0,"gold_loss":0.0,"damage_taken":25.0,"relics_obtained":["Girya"]},{"damage_healed":0.0,"max_hp_gain":0.0,"max_hp_loss":0.0,"gold_gain":0.0,"event_name":"Mushrooms","player_choice":"Fought Mushrooms","floor":7.0,"gold_loss":0.0,"damage_taken":0.0},{"cards_removed":["Strike_P"],"damage_healed":0.0,"max_hp_gain":0.0,"max_hp_loss":0.0,"gold_gain":0.0,"event_name":"Golden Wing","player_choice":"Card Removal","floor":10.0,"gold_loss":0.0,"damage_taken":7.0},{"damage_healed":24.0,"max_hp_gain":0.0,"max_hp_loss":0.0,"gold_gain":0.0,"event_name":"Big Fish","player_choice":"Banana","floor":12.0,"gold_loss":0.0,"damage_taken":0.0},{"damage_healed":0.0,"max_hp_gain":0.0,"max_hp_loss":0.0,"gold_gain":250.0,"event_name":"The Joust","player_choice":"Bet on Owner","floor":19.0,"gold_loss":50.0,"damage_taken":0.0},{"damage_healed":0.0,"max_hp_gain":0.0,"max_hp_loss":0.0,"gold_gain":0.0,"cards_transformed":["Strike_P"],"event_name":"Transmorgrifier","player_choice":"Transformed","floor":22.0,"gold_loss":0.0,"damage_taken":0.0,"cards_obtained":["Evaluate"]},{"damage_healed":0.0,"max_hp_gain":0.0,"max_hp_loss":0.0,"gold_gain":0.0,"event_name":"MindBloom","player_choice":"Fight","floor":36.0,"gold_loss":0.0,"damage_taken":0.0},{"damage_healed":0.0,"max_hp_gain":0.0,"max_hp_loss":4.0,"gold_gain":0.0,"event_name":"Winding Halls","player_choice":"Max HP","floor":37.0,"gold_loss":0.0,"damage_taken":0.0},{"damage_healed":0,"gold_gain":0,"player_choice":"Copied","damage_taken":0,"max_hp_gain":0,"max_hp_loss":0,"event_name":"Duplicator","floor":46,"gold_loss":0,"cards_obtained":["Vault"]}],"is_beta":false,"boss_relics":[{"not_picked":["SacredBark","Black Star"],"picked":"VioletLotus"},{"not_picked":["Philosopher\u0027s Stone","HolyWater"],"picked":"Empty Cage"}],"items_purged_floors":[2,27,47],"is_endless":false,"potions_floor_spawned":[7,14,18,20,24,29,35,36,41,42],"ascension_level":10}}