{"host":"1jyvlwrg3lqf29t2","time":1609337443,"event":{"mods":["BaseMod","Colored Powertips","Downfall","Hermit","Minty Spire (QoL Compilation)","StSLib","The Blackbeard","The Cursed","The Poker Player","TheBandit"],"gold_per_floor":[114,114,44,44,54,86,86,98,98,98,98,98,133,58,58,58,58],"floor_reached":16,"playtime":815,"items_purged":["Defend_P"],"score":156,"play_id":"603db077-bc2e-42ec-a320-000da07fd0fe","local_time":"20201230081043","is_ascension_mode":false,"campfire_choices":[{"data":"LikeWater","floor":7,"key":"SMITH"},{"data":"Perseverance","floor":10,"key":"SMITH"},{"data":"Vigilance","floor":12,"key":"SMITH"},{"floor":15,"key":"REST"}],"circlet_count":0,"master_deck":["Strike_P+1","Strike_P","Strike_P","Strike_P","Defend_P","Defend_P","Defend_P+1","Eruption","Vigilance+1","LikeWater+1","Perseverance+1","DevaForm"],"relics":["PureWater","NeowsBlessing","Bird Faced Urn","Mango","Golden Idol","Dead Branch"],"acts_visited":["Exordium"],"potions_floor_usage":[],"damage_taken":[{"damage":0,"enemies":"2 Louse","floor":1,"turns":1},{"damage":0,"enemies":"Jaw Worm","floor":5,"turns":1},{"damage":0,"enemies":"3 Sentries","floor":6,"turns":1},{"damage":0,"enemies":"Small Slimes","floor":8,"turns":5},{"damage":52,"enemies":"Gremlin Nob","floor":13,"turns":8},{"damage":46,"enemies":"Hexaghost","floor":16,"turns":16}],"seed_played":"7220980485364128437","potions_obtained":[{"floor":5,"key":"champ:CounterPotion"},{"floor":13,"key":"EntropicBrew"}],"is_trial":false,"path_per_floor":["M","?","$","?","M","E","R","M","T","R","?","R","E","$","R","B"],"character_chosen":"WATCHER","items_purchased":["LikeWater"],"campfire_rested":1,"item_purchase_floors":[3],"current_hp_per_floor":[72,58,58,63,63,63,63,65,79,79,57,57,7,7,34,0,0],"gold":58,"neow_bonus":"THREE_ENEMY_KILL","is_daily":false,"chose_seed":false,"campfire_upgraded":3,"win_rate":0.0,"timestamp":1609337443,"path_taken":["M","?","$","?","M","E","R","M","T","R","?","R","E","?","R","BOSS"],"items_purchased_type":["Card"],"build_version":"2020-12-22","purchased_purges":1,"victory":false,"max_hp_per_floor":[72,72,72,77,77,77,77,77,91,91,91,91,91,91,91,91,91],"card_choices":[{"not_picked":["BowlingBash","Study","FlurryOfBlows"],"picked":"SKIP","floor":1},{"not_picked":["Fasting2","BowlingBash","ClearTheMind"],"picked":"SKIP","floor":5},{"not_picked":["FearNoEvil","Consecrate"],"picked":"Perseverance","floor":6},{"not_picked":["ClearTheMind","Evaluate","Halt"],"picked":"SKIP","floor":8},{"not_picked":["Evaluate","FollowUp"],"picked":"DevaForm","floor":13}],"player_experience":388644,"relics_obtained":[{"floor":6,"key":"Bird Faced Urn"},{"floor":9,"key":"Mango"},{"floor":13,"key":"Dead Branch"}],"event_choices":[{"damage_healed":0,"gold_gain":0,"player_choice":"Entered Light","damage_taken":14,"max_hp_gain":0,"max_hp_loss":0,"event_name":"Shining Light","floor":2,"gold_loss":0,"cards_upgraded":["Strike_P","Defend_P"]},{"damage_healed":0,"gold_gain":0,"player_choice":"Donut","damage_taken":0,"max_hp_gain":5,"max_hp_loss":0,"event_name":"Big Fish","floor":4,"gold_loss":0},{"damage_healed":0,"gold_gain":0,"player_choice":"Take Damage","damage_taken":22,"relics_obtained":["Golden Idol"],"max_hp_gain":0,"max_hp_loss":0,"event_name":"Golden Idol","floor":11,"gold_loss":0}],"is_beta":false,"boss_relics":[],"items_purged_floors":[14],"is_endless":false,"potions_floor_spawned":[5,13],"killed_by":"Hexaghost","ascension_level":0}}