{"host":"cijwx898anu8dehj","time":1609292377,"event":{"mods":["AchievementEnabler","AlwaysNeverKeys","BaseMod","Colored Map","Colored Powertips","Highlight Path","Minty Spire (QoL Compilation)","Rare Cards Sparkle","Relic Stats","Slay-I"],"gold_per_floor":[114,129,144,159,174,204,219,219,519,549,564,594,594,112,112,212,212,227,142,142,91,106,121,121,136,136,151,181,181,211,226,226,326,326,341,356,371,85,100,130,152,152,152,152,152,182,182,212,212,212],"floor_reached":51,"playtime":4064,"items_purged":["Strike_B","Strike_B"],"score":974,"play_id":"7d45f920-c2d8-4fcd-8854-d4e696bde499","local_time":"20201229233937","daily_mods":["Cursed Run","Diverse","DeadlyEvents"],"is_ascension_mode":false,"campfire_choices":[{"data":"Flame Barrier","floor":8,"key":"SMITH"},{"data":"Doom and Gloom","floor":15,"key":"SMITH"},{"data":"1","floor":24,"key":"LIFT"},{"data":"2","floor":29,"key":"LIFT"},{"data":"3","floor":32,"key":"LIFT"},{"data":"Ragnarok","floor":42,"key":"SMITH"},{"data":"Zap","floor":44,"key":"SMITH"},{"data":"Redo","floor":49,"key":"SMITH"}],"circlet_count":0,"master_deck":["Strike_B","Strike_B","Defend_B","Defend_B","Defend_B","Defend_B","Zap+1","Dualcast","Compile Driver","Doom and Gloom+1","Melter","Redo+1","Genetic Algorithm","Headbutt","Flame Barrier+1","Burst+1","Decay","Rainbow+1","CurseOfTheBell","Coolheaded+1","Armaments+1","Heavy Blade+1","Deflect+1","Chill+1","Doubt","True Grit+1","Reboot+1","Shrug It Off+1","Injury","Ragnarok+1","Evaluate+1","Riddle With Holes+1","Shockwave+1","Genetic Algorithm+1","Compile Driver+1","Battle Trance+1","Decay","Metallicize+1","Good Instincts+1","Dramatic Entrance","Pain"],"relics":["Cursed Key","Darkstone Periapt","Du-Vu Doll","Meat on the Bone","Old Coin","Bottled Flame","Question Card","Toxic Egg 2","Calling Bell","Lantern","Pear","Girya","Eternal Feather","Letter Opener","StrikeDummy","Anchor","Inserter","DollysMirror","Vajra","Ice Cream","HornCleat","Happy Flower","Regal Pillow"],"acts_visited":["Exordium","TheCity","TheBeyond"],"potions_floor_usage":[6,12,12,30,33,40,50,50],"damage_taken":[{"damage":1,"enemies":"Cultist","floor":1,"turns":3},{"damage":5,"enemies":"Small Slimes","floor":2,"turns":2},{"damage":0,"enemies":"Jaw Worm","floor":3,"turns":3},{"damage":18,"enemies":"Exordium Thugs","floor":4,"turns":4},{"damage":0,"enemies":"2 Fungi Beasts","floor":5,"turns":2},{"damage":11,"enemies":"3 Sentries","floor":6,"turns":5},{"damage":7,"enemies":"Looter","floor":7,"turns":3},{"damage":35,"enemies":"Gremlin Nob","floor":10,"turns":5},{"damage":0,"enemies":"Blue Slaver","floor":11,"turns":4},{"damage":2,"enemies":"Lagavulin","floor":12,"turns":3},{"damage":27,"enemies":"Hexaghost","floor":16,"turns":9},{"damage":0,"enemies":"Shell Parasite","floor":18,"turns":4},{"damage":13,"enemies":"3 Byrds","floor":22,"turns":3},{"damage":2,"enemies":"Snecko","floor":23,"turns":5},{"damage":0,"enemies":"Sentry and Sphere","floor":25,"turns":3},{"damage":0,"enemies":"Snake Plant","floor":27,"turns":3},{"damage":18,"enemies":"Book of Stabbing","floor":28,"turns":6},{"damage":13,"enemies":"Gremlin Leader","floor":30,"turns":5},{"damage":0,"enemies":"Snecko","floor":31,"turns":3},{"damage":34,"enemies":"Collector","floor":33,"turns":10},{"damage":11,"enemies":"3 Shapes","floor":35,"turns":2},{"damage":0,"enemies":"Orb Walker","floor":36,"turns":2},{"damage":3,"enemies":"Writhing Mass","floor":37,"turns":5},{"damage":0,"enemies":"4 Shapes","floor":39,"turns":4},{"damage":29,"enemies":"Nemesis","floor":40,"turns":5},{"damage":6,"enemies":"2 Orb Walkers","floor":41,"turns":3},{"damage":0,"enemies":"Reptomancer","floor":46,"turns":4},{"damage":7,"enemies":"Giant Head","floor":48,"turns":6},{"damage":17,"enemies":"Donu and Deca","floor":50,"turns":6}],"seed_played":"9091901603564859836","potions_obtained":[{"floor":4,"key":"EssenceOfSteel"},{"floor":6,"key":"Dexterity Potion"},{"floor":7,"key":"FearPotion"},{"floor":10,"key":"LiquidMemories"},{"floor":18,"key":"FearPotion"},{"floor":28,"key":"Explosive Potion"},{"floor":31,"key":"PowerPotion"},{"floor":33,"key":"Ancient Potion"},{"floor":35,"key":"PotionOfCapacity"},{"floor":37,"key":"Block Potion"},{"floor":41,"key":"Explosive Potion"}],"is_trial":false,"path_per_floor":["M","M","M","M","M","E","M","R","T","E","M","E","?","$","R","B",null,"M","?","?","$","M","M","R","M","T","M","E","R","E","M","R","B",null,"M","M","M","$","M","E","?","R","T","R","?","E","?","E","R","B",null],"character_chosen":"DEFECT","items_purchased":["Toxic Egg 2","Burst+1","Armaments+1","Shockwave+1","DollysMirror"],"campfire_rested":0,"item_purchase_floors":[14,14,21,38,38],"current_hp_per_floor":[74,69,69,51,51,40,45,45,51,28,40,50,50,50,50,41,103,103,103,103,103,90,88,100,100,106,106,88,103,90,90,105,77,115,104,104,101,101,101,72,66,87,93,114,114,114,104,97,121,110],"gold":212,"neow_bonus":"","is_daily":true,"chose_seed":false,"campfire_upgraded":5,"win_rate":0.0,"timestamp":1609292377,"path_taken":["M","M","?","?","M","E","M","R","T","?","M","E","?","$","R","BOSS","M","?","?","$","M","M","R","?","T","M","E","R","E","M","R","BOSS","M","M","M","$","M","E","?","R","T","R","?","E","?","E","R","BOSS"],"items_purchased_type":["Relic","Card","Card","Card","Relic"],"build_version":"2020-12-22","purchased_purges":2,"victory":true,"max_hp_per_floor":[75,75,75,75,75,75,75,75,81,81,81,81,81,81,81,87,103,103,103,103,103,103,103,103,103,109,109,109,109,109,109,109,115,115,115,115,115,115,115,115,115,115,121,121,121,121,121,121,121,127],"relic_stats":{"Darkstone Periapt":42,"Regal Pillow":0,"Inserter":[18],"Happy Flower":[4],"counters":[29,122],"Eternal Feather":108,"Letter Opener":[182],"Cursed Key":3,"Question Card":22,"obtain_stats":[{"Darkstone Periapt":0,"Ice Cream":41,"Girya":17,"Lantern":17,"Regal Pillow":48,"Pear":17,"Inserter":34,"Happy Flower":46,"Vajra":40,"Eternal Feather":19,"Letter Opener":26,"Cursed Key":0,"Question Card":12,"Old Coin":9,"Du-Vu Doll":0,"Calling Bell":17,"Bottled Flame":10,"Anchor":30,"HornCleat":43,"DollysMirror":38,"Toxic Egg 2":14,"StrikeDummy":28,"Meat on the Bone":6},{"Darkstone Periapt":0,"Ice Cream":26,"Girya":11,"Lantern":11,"Regal Pillow":28,"Pear":11,"Inserter":20,"Happy Flower":27,"Vajra":25,"Eternal Feather":12,"Letter Opener":15,"Cursed Key":0,"Question Card":10,"Old Coin":7,"Du-Vu Doll":0,"Calling Bell":11,"Bottled Flame":8,"Anchor":18,"HornCleat":26,"DollysMirror":23,"Toxic Egg 2":10,"StrikeDummy":17,"Meat on the Bone":6},{"Darkstone Periapt":0,"Ice Cream":106,"Girya":43,"Lantern":43,"Regal Pillow":116,"Pear":43,"Inserter":85,"Happy Flower":110,"Vajra":103,"Eternal Feather":47,"Letter Opener":58,"Cursed Key":0,"Question Card":34,"Old Coin":22,"Du-Vu Doll":0,"Calling Bell":43,"Bottled Flame":27,"Anchor":72,"HornCleat":106,"DollysMirror":94,"Toxic Egg 2":34,"StrikeDummy":67,"Meat on the Bone":19}],"Meat on the Bone":60},"card_choices":[{"not_picked":["PiercingWail","Poisoned Stab"],"picked":"Compile Driver","floor":1},{"not_picked":["EmptyFist","Havoc"],"picked":"Doom and Gloom","floor":2},{"not_picked":["Fire Breathing","Outmaneuver"],"picked":"Melter","floor":3},{"not_picked":["PathToVictory","FlyingSleeves"],"picked":"Redo","floor":4},{"not_picked":["CrushJoints","Second Wind"],"picked":"Genetic Algorithm","floor":5},{"not_picked":["Poisoned Stab","Barrage"],"picked":"Headbutt","floor":6},{"not_picked":["Warcry","Consecrate"],"picked":"Flame Barrier","floor":7},{"not_picked":["Outmaneuver","Slice","Quick Slash"],"picked":"SKIP","floor":10},{"not_picked":["Warcry","FearNoEvil","Feel No Pain"],"picked":"SKIP","floor":11},{"not_picked":["Sentinel","Stack","Gash"],"picked":"SKIP","floor":12},{"not_picked":["Brutality","Omniscience+1","Juggernaut"],"picked":"Rainbow+1","floor":16},{"not_picked":["Prostrate+1","Carnage","Prepared+1"],"picked":"Coolheaded+1","floor":18},{"not_picked":["Offering+1","Havoc+1","Perfected Strike"],"picked":"Heavy Blade+1","floor":22},{"not_picked":["Compile Driver","Underhanded Strike","Lockon"],"picked":"Deflect+1","floor":23},{"not_picked":["Doom and Gloom","Cold Snap","Rebound"],"picked":"Chill+1","floor":25},{"not_picked":["Prepared+1","Crescendo+1","Pray+1"],"picked":"True Grit+1","floor":27},{"not_picked":["Doom and Gloom","JustLucky+1","Ball Lightning"],"picked":"Reboot+1","floor":28},{"not_picked":["Calculated Gamble+1","Sword Boomerang+1","Halt+1","Prostrate+1"],"picked":"SKIP","floor":30},{"not_picked":["Bloodletting+1","Underhanded Strike+1","SandsOfTime"],"picked":"Shrug It Off+1","floor":31},{"not_picked":["MasterReality","After Image","Reboot+1"],"picked":"Ragnarok","floor":33},{"not_picked":["Clothesline","JustLucky","Warcry+1","Body Slam"],"picked":"SKIP","floor":35},{"not_picked":["Burning Pact+1","Poisoned Stab+1","Force Field+1"],"picked":"Evaluate+1","floor":36},{"not_picked":["Rage+1","Choke+1","PiercingWail+1"],"picked":"Riddle With Holes+1","floor":37},{"not_picked":["Force Field+1","Uppercut","FearNoEvil"],"picked":"Compile Driver+1","floor":39},{"not_picked":["Cold Snap","Fusion+1","Fasting2"],"picked":"DeusExMachina+1","floor":40},{"not_picked":["Fusion+1","Hologram+1","Gash+1"],"picked":"Battle Trance+1","floor":41},{"not_picked":["InnerPeace+1","Iron Wave+1","Leap+1"],"picked":"Metallicize+1","floor":46},{"not_picked":["HandOfGreed","Master of Strategy+1","Dark Shackles+1"],"picked":"Good Instincts+1","floor":47},{"not_picked":["The Bomb+1","Mind Blast","Panache"],"picked":"Dramatic Entrance","floor":47},{"not_picked":["Sentinel+1","Warcry+1","Setup+1","Malaise+1"],"picked":"SKIP","floor":48}],"player_experience":930495,"relics_obtained":[{"floor":6,"key":"Meat on the Bone"},{"floor":9,"key":"Old Coin"},{"floor":10,"key":"Bottled Flame"},{"floor":12,"key":"Question Card"},{"floor":17,"key":"Lantern"},{"floor":17,"key":"Pear"},{"floor":17,"key":"Girya"},{"floor":26,"key":"Letter Opener"},{"floor":28,"key":"StrikeDummy"},{"floor":30,"key":"Anchor"},{"floor":40,"key":"Vajra"},{"floor":41,"key":"Ice Cream"},{"floor":43,"key":"HornCleat"},{"floor":46,"key":"Happy Flower"},{"floor":48,"key":"Regal Pillow"}],"event_choices":[{"cards_removed":["Doubt"],"damage_healed":0,"gold_gain":0,"player_choice":"Card Removal","damage_taken":0,"max_hp_gain":0,"max_hp_loss":0,"event_name":"Wheel of Change","floor":13,"gold_loss":0},{"damage_healed":0,"gold_gain":0,"player_choice":"Obtained Relic","damage_taken":0,"relics_obtained":["Eternal Feather"],"max_hp_gain":0,"max_hp_loss":0,"event_name":"Addict","floor":19,"gold_loss":85},{"damage_healed":0,"gold_gain":0,"player_choice":"Ignored","damage_taken":0,"max_hp_gain":0,"max_hp_loss":0,"event_name":"Ghosts","floor":20,"gold_loss":0},{"damage_healed":0,"gold_gain":0,"player_choice":"Fight","damage_taken":0,"max_hp_gain":0,"max_hp_loss":0,"event_name":"Mysterious Sphere","floor":41,"gold_loss":0},{"cards_removed":["DeusExMachina"],"damage_healed":0,"gold_gain":0,"player_choice":"Removed Skill","damage_taken":0,"max_hp_gain":0,"max_hp_loss":0,"event_name":"Falling","floor":45,"gold_loss":0},{"damage_healed":0,"gold_gain":0,"player_choice":"Memory 3","damage_taken":10,"max_hp_gain":0,"max_hp_loss":0,"event_name":"SensoryStone","floor":47,"gold_loss":0}],"is_beta":false,"boss_relics":[{"not_picked":["Philosopher\u0027s Stone","Empty Cage"],"picked":"Calling Bell"},{"not_picked":["Astrolabe","Runic Dome"],"picked":"Inserter"}],"items_purged_floors":[14,38],"is_endless":false,"potions_floor_spawned":[4,6,7,10,18,28,31,33,35,37,41],"ascension_level":0}}