{"host":"2461dio7vetlq1z3","time":1609368116,"event":{"mods":["2.2 Compatiblity","AchievementEnabler","Aspiration","BaseMod","Better Third Choice","Friendly Minions","Hermit","Minty Spire (QoL Compilation)","Relic Stats","Spicy Shops","StSLib","The Hierophant","Waifu the Spire"],"gold_per_floor":[113,124,161,161,161,161,15,49,130,130,186,186,244,292,292,391,391,393,64,112,112,172,172,225,225,225,225,150,150,248,298,298,295,295,427,427,498,634,783,783,783],"floor_reached":40,"playtime":1751,"items_purged":["Pain"],"score":534,"play_id":"346801bb-93b3-46c2-b9d4-a7e0c8714f1b","local_time":"20201230234156","is_ascension_mode":false,"campfire_choices":[{"data":"hierophant:Punish","floor":6,"key":"SMITH"},{"data":"hierophant:FieryStrike","floor":10,"key":"SMITH"},{"data":"hierophant:Remorse","floor":12,"key":"SMITH"},{"data":"hierophant:EyeForCoin","floor":15,"key":"SMITH"},{"data":"hierophant:WrathOfGod","floor":23,"key":"SMITH"},{"data":"hierophant:Charity","floor":25,"key":"SMITH"},{"data":"hierophant:DisplayOfPower","floor":27,"key":"SMITH"},{"data":"hierophant:Levitation","floor":32,"key":"SMITH"}],"circlet_count":0,"master_deck":["hierophant:Strike_Hierophant","hierophant:Punish+1","hierophant:Defend_Hierophant","hierophant:Defend_Hierophant","hierophant:Defend_Hierophant","hierophant:ChurchCoffers+1","hierophant:SealAway","hierophant:RustyCrate","hierophant:Doubloon","hierophant:Doubloon","hierophant:Doubloon","hierophant:Remorse+1","hierophant:DisplayOfPower+1","hierophant:FieryStrike+1","hierophant:EyeForCoin+1","hierophant:Doubloon+1","hierophant:WrathOfGod+1","hierophant:Doubloon+1","hierophant:Doubloon","hierophant:Remorse","hierophant:Charity+1","hierophant:Doubloon","hierophant:SecretStash","hierophant:Empathy","hierophant:Doubloon+1","hierophant:Rebuild+1","hierophant:Doubloon+1","hierophant:Levitation+1","hierophant:Doubloon","hierophant:Dazzle","hierophant:Doubloon+1","hierophant:Invocation","hierophant:Doubloon+1","hierophant:MorningPrayer","Injury","hierophant:Doubloon+1","hierophant:Doubloon+1","hierophant:Kindle","hierophant:Doubloon+1"],"relics":["hierophant:PropheticMaskRelic","Anchor","Pantograph","Vajra","Oddly Smooth Stone","Cursed Key","Meat on the Bone","Bronze Scales","Eternal Feather","Snecko Eye","InkBottle"],"acts_visited":["Exordium","TheCity","TheBeyond"],"potions_floor_usage":[13,20,24],"damage_taken":[{"damage":1,"enemies":"Jaw Worm","floor":1,"turns":3},{"damage":0,"enemies":"2 Louse","floor":2,"turns":2},{"damage":0,"enemies":"Small Slimes","floor":3,"turns":2},{"damage":8,"enemies":"Red Slaver","floor":8,"turns":4},{"damage":4,"enemies":"3 Sentries","floor":11,"turns":5},{"damage":20,"enemies":"Lagavulin","floor":13,"turns":8},{"damage":0,"enemies":"Lots of Slimes","floor":14,"turns":2},{"damage":48,"enemies":"The Guardian","floor":16,"turns":11},{"damage":18,"enemies":"Shell Parasite","floor":18,"turns":4},{"damage":11,"enemies":"2 Thieves","floor":20,"turns":3},{"damage":14,"enemies":"Centurion and Healer","floor":22,"turns":2},{"damage":37,"enemies":"Slavers","floor":24,"turns":3},{"damage":42,"enemies":"Gremlin Leader","floor":30,"turns":5},{"damage":1,"enemies":"Cultist and Chosen","floor":31,"turns":3},{"damage":61,"enemies":"Champ","floor":33,"turns":9},{"damage":0,"enemies":"3 Darklings","floor":35,"turns":2},{"damage":8,"enemies":"3 Shapes","floor":38,"turns":6},{"damage":17,"enemies":"Jaw Worm Horde","floor":39,"turns":3},{"damage":60,"enemies":"Reptomancer","floor":40,"turns":5}],"seed_played":"859879835667134766","potions_obtained":[{"floor":8,"key":"Dexterity Potion"},{"floor":14,"key":"BlessingOfTheForge"},{"floor":16,"key":"FearPotion"},{"floor":20,"key":"Weak Potion"},{"floor":22,"key":"Strength Potion"},{"floor":31,"key":"AttackPotion"},{"floor":38,"key":"EntropicBrew"}],"is_trial":false,"path_per_floor":["M","M","M","?","?","R","$","M","T","R","E","R","E","M","R","B",null,"M","$","M","?","M","R","E","R","T","R","$","?","E","M","R","B",null,"M","?","T","M","M","E"],"character_chosen":"HIEROPHANT","items_purchased":["Anchor","hierophant:Charity","Meat on the Bone"],"campfire_rested":0,"item_purchase_floors":[7,19,19],"current_hp_per_floor":[74,74,74,67,67,67,67,59,59,59,55,55,35,35,35,12,75,57,57,46,46,44,44,19,19,19,19,19,44,14,25,43,19,75,75,75,75,67,50,0,0],"gold":783,"neow_bonus":"UPGRADE_CARD","is_daily":false,"chose_seed":false,"campfire_upgraded":8,"win_rate":0.0,"timestamp":1609368116,"path_taken":["M","M","M","?","?","R","$","M","T","R","E","R","E","M","R","BOSS","M","$","M","?","?","R","E","R","T","R","?","?","E","M","R","BOSS","M","?","?","M","M","E"],"items_purchased_type":["Relic","Card","Relic"],"build_version":"2020-12-22","purchased_purges":1,"victory":false,"max_hp_per_floor":[75,75,75,75,75,75,75,75,75,75,75,75,75,75,75,75,75,75,75,75,75,75,75,75,75,75,75,75,75,75,75,75,75,75,75,75,75,75,75,75,75],"relic_stats":{"counters":[19,82],"Pantograph":50,"Bronze Scales":[76],"Snecko Eye":[24,30,26,26],"Eternal Feather":18,"Cursed Key":2,"obtain_stats":[{"Anchor":7,"hierophant:PropheticMaskRelic":0,"Pantograph":9,"Bronze Scales":24,"Vajra":11,"Oddly Smooth Stone":13,"Snecko Eye":34,"Eternal Feather":30,"Cursed Key":17,"InkBottle":37,"Meat on the Bone":19},{"Anchor":3,"hierophant:PropheticMaskRelic":0,"Pantograph":4,"Bronze Scales":12,"Vajra":5,"Oddly Smooth Stone":6,"Snecko Eye":15,"Eternal Feather":13,"Cursed Key":8,"InkBottle":16,"Meat on the Bone":9},{"Anchor":7,"hierophant:PropheticMaskRelic":0,"Pantograph":11,"Bronze Scales":49,"Vajra":16,"Oddly Smooth Stone":24,"Snecko Eye":66,"Eternal Feather":54,"Cursed Key":37,"InkBottle":68,"Meat on the Bone":41}],"InkBottle":[3],"Meat on the Bone":60},"card_choices":[{"not_picked":["hierophant:Purify","hierophant:Sermon"],"picked":"hierophant:SealAway","floor":1},{"not_picked":["hierophant:ThreeLashes","hierophant:Remorse"],"picked":"hierophant:RustyCrate","floor":2},{"not_picked":["hierophant:HolyVerse","hierophant:Flagellation"],"picked":"hierophant:Remorse","floor":3},{"not_picked":["hierophant:Community","hierophant:SolarFlare"],"picked":"hierophant:FieryStrike","floor":8},{"not_picked":["hierophant:ThreeLashes","hierophant:Smite","hierophant:OrnateBuckler"],"picked":"SKIP","floor":11},{"not_picked":["hierophant:FlamingChariot","hierophant:SecretStash"],"picked":"hierophant:EyeForCoin","floor":13},{"not_picked":["hierophant:MirrorShield","hierophant:Sermon","hierophant:DeathKnell"],"picked":"SKIP","floor":14},{"not_picked":["hierophant:Levitation","hierophant:Anathema"],"picked":"hierophant:WrathOfGod","floor":16},{"not_picked":["hierophant:SolarFlare","hierophant:Chorus"],"picked":"hierophant:Remorse","floor":18},{"not_picked":["hierophant:PassingBell","hierophant:Shelter"],"picked":"hierophant:SecretStash","floor":20},{"not_picked":["hierophant:HolyVerse","hierophant:Prophecy","hierophant:Martyrdom+1"],"picked":"SKIP","floor":22},{"not_picked":["hierophant:Bribe","hierophant:PassingBell+1"],"picked":"hierophant:Rebuild+1","floor":24},{"not_picked":["hierophant:EyeForCoin","hierophant:PristineSoul"],"picked":"hierophant:Levitation","floor":30},{"not_picked":["hierophant:DisplayOfPower+1","hierophant:Martyrdom+1"],"picked":"hierophant:Dazzle","floor":31},{"not_picked":["hierophant:Batter","hierophant:DeathKnell"],"picked":"hierophant:Invocation","floor":33},{"not_picked":["hierophant:RepressedViolence+1","hierophant:Embezzle+1"],"picked":"hierophant:MorningPrayer","floor":35},{"not_picked":["hierophant:Rebuild","hierophant:ConvertCurrency+1","hierophant:HammerAndAnvil"],"picked":"SKIP","floor":38},{"not_picked":["hierophant:Shelter","hierophant:Remorse+1"],"picked":"hierophant:Kindle","floor":39}],"player_experience":1030310,"relics_obtained":[{"floor":9,"key":"Pantograph"},{"floor":11,"key":"Vajra"},{"floor":13,"key":"Oddly Smooth Stone"},{"floor":24,"key":"Bronze Scales"},{"floor":30,"key":"Eternal Feather"},{"floor":37,"key":"InkBottle"}],"event_choices":[{"cards_removed":["hierophant:Strike_Hierophant"],"damage_healed":0,"gold_gain":0,"player_choice":"Card Removal","damage_taken":7,"max_hp_gain":0,"max_hp_loss":0,"event_name":"Golden Wing","floor":4,"gold_loss":0},{"damage_healed":0,"gold_gain":0,"cards_transformed":["hierophant:Strike_Hierophant"],"player_choice":"Change","damage_taken":0,"max_hp_gain":0,"max_hp_loss":0,"event_name":"Living Wall","floor":5,"gold_loss":0,"cards_obtained":["hierophant:DisplayOfPower"]},{"damage_healed":0,"gold_gain":0,"cards_transformed":["hierophant:Strike_Hierophant"],"player_choice":"Transformed","damage_taken":0,"max_hp_gain":0,"max_hp_loss":0,"event_name":"Transmorgrifier","floor":21,"gold_loss":0,"cards_obtained":["hierophant:Empathy"]},{"damage_healed":25,"gold_gain":0,"player_choice":"Heal","damage_taken":0,"max_hp_gain":0,"max_hp_loss":0,"event_name":"The Library","floor":29,"gold_loss":0},{"cards_removed":["hierophant:Defend_Hierophant"],"damage_healed":0,"gold_gain":0,"player_choice":"Removed Skill","damage_taken":0,"max_hp_gain":0,"max_hp_loss":0,"event_name":"Falling","floor":36,"gold_loss":0}],"is_beta":false,"boss_relics":[{"not_picked":["aspiration:FutureDiary","Ectoplasm"],"picked":"Cursed Key"},{"not_picked":["Sozu","Fusion Hammer"],"picked":"Snecko Eye"}],"items_purged_floors":[28],"is_endless":false,"potions_floor_spawned":[8,14,16,20,22,31,33,38],"killed_by":"Reptomancer","ascension_level":0}}