{"host":"rag04wbrzwiojxfu","time":1609303521,"event":{"mods":["AchievementEnabler","Alarm Clock","BaseMod","Bestiary","Block Reminder","Colored Powertips","Highlight Path","Minty Spire (QoL Compilation)","Quick Restart","Relic Sorter","Relic Stats","Shop Mod","StSLib"],"gold_per_floor":[109,109,125,141,91,91,116,116,162,162,87,98,131,31,31,130,130,150,150,168,188,205,205,205],"floor_reached":23,"playtime":1718,"items_purged":["Strike_R","Defend_R"],"score":221,"play_id":"c9972761-e3dd-4f38-b461-142f762a7348","local_time":"20201229224521","is_ascension_mode":true,"campfire_choices":[{"floor":6,"key":"RECALL"},{"data":"Spot Weakness","floor":8,"key":"SMITH"},{"data":"Disarm","floor":10,"key":"SMITH"},{"floor":15,"key":"REST"}],"circlet_count":0,"master_deck":["Strike_R","Strike_R","Strike_R","Defend_R","Defend_R","Defend_R","Bash","Iron Wave","Disarm+1","Spot Weakness+1","Berserk","Double Tap","CurseOfTheBell","Power Through+1","Ghostly Armor","Juggernaut","Flame Barrier+1"],"relics":["Burning Blood","NeowsBlessing","MealTicket","Bird Faced Urn","PreservedInsect","Ice Cream","Calling Bell","Potion Belt","Question Card","TungstenRod"],"acts_visited":["Exordium","TheCity"],"potions_floor_usage":[7,18,20,21,23],"damage_taken":[{"damage":0,"enemies":"2 Louse","floor":1,"turns":1},{"damage":0,"enemies":"Small Slimes","floor":3,"turns":1},{"damage":0,"enemies":"Jaw Worm","floor":4,"turns":1},{"damage":33,"enemies":"Gremlin Nob","floor":7,"turns":6},{"damage":31,"enemies":"Exordium Thugs","floor":12,"turns":5},{"damage":26,"enemies":"Lagavulin","floor":13,"turns":5},{"damage":15,"enemies":"The Guardian","floor":16,"turns":10},{"damage":19,"enemies":"Shell Parasite","floor":18,"turns":4},{"damage":33,"enemies":"Chosen","floor":20,"turns":8},{"damage":12,"enemies":"Snecko","floor":21,"turns":5},{"damage":44,"enemies":"Snake Plant","floor":22,"turns":5},{"damage":33,"enemies":"Gremlin Leader","floor":23,"turns":5}],"seed_played":"-4284950100979435334","potions_obtained":[{"floor":1,"key":"Block Potion"},{"floor":16,"key":"BlessingOfTheForge"},{"floor":18,"key":"ColorlessPotion"},{"floor":20,"key":"Energy Potion"},{"floor":22,"key":"Strength Potion"}],"is_trial":false,"path_per_floor":["M","?","M","M","?","R","E","R","T","R","$","M","E","$","R","B",null,"M","?","M","M","M","E"],"character_chosen":"IRONCLAD","items_purchased":[],"campfire_rested":1,"item_purchase_floors":[],"current_hp_per_floor":[80,73,79,80,80,80,53,53,53,53,68,43,23,38,62,55,80,69,90,63,59,25,0,0],"gold":205,"neow_bonus":"THREE_ENEMY_KILL","is_daily":false,"chose_seed":false,"campfire_upgraded":2,"win_rate":0.0,"timestamp":1609303521,"path_taken":["M","?","M","M","?","R","E","R","T","R","?","?","E","?","R","BOSS","M","?","?","M","M","E"],"items_purchased_type":[],"build_version":"2020-12-22","purchased_purges":2,"victory":false,"max_hp_per_floor":[80,80,80,80,80,80,80,80,80,80,80,80,80,80,80,80,80,80,90,90,90,90,90,90],"relic_stats":{"counters":[12,56],"Bird Faced Urn":[12],"MealTicket":30,"PreservedInsect":75,"Question Card":4,"obtain_stats":[{"Ice Cream":13,"Calling Bell":17,"Potion Belt":17,"NeowsBlessing":0,"Bird Faced Urn":7,"MealTicket":2,"PreservedInsect":9,"Question Card":17,"Burning Blood":0,"TungstenRod":17},{"Ice Cream":6,"Calling Bell":7,"Potion Belt":7,"NeowsBlessing":0,"Bird Faced Urn":4,"MealTicket":1,"PreservedInsect":4,"Question Card":7,"Burning Blood":0,"TungstenRod":7},{"Ice Cream":19,"Calling Bell":29,"Potion Belt":29,"NeowsBlessing":0,"Bird Faced Urn":9,"MealTicket":1,"PreservedInsect":9,"Question Card":29,"Burning Blood":0,"TungstenRod":29}],"Burning Blood":55,"TungstenRod":23},"card_choices":[{"not_picked":["Reckless Charge","Cleave","Thunderclap"],"picked":"SKIP","floor":1},{"not_picked":["Havoc","Headbutt"],"picked":"Iron Wave","floor":3},{"not_picked":["Reckless Charge","Heavy Blade"],"picked":"Disarm","floor":4},{"not_picked":["Body Slam","Sword Boomerang"],"picked":"Spot Weakness","floor":7},{"not_picked":["Dropkick","Pommel Strike"],"picked":"Offering","floor":12},{"not_picked":["Perfected Strike","Seeing Red"],"picked":"Berserk","floor":13},{"not_picked":["Barricade","Bludgeon"],"picked":"Double Tap","floor":16},{"not_picked":["Shrug It Off","Body Slam","Headbutt+1"],"picked":"Power Through+1","floor":18},{"not_picked":["Iron Wave","Headbutt","Wild Strike"],"picked":"Ghostly Armor","floor":20},{"not_picked":["Thunderclap","Warcry+1","Seeing Red"],"picked":"Juggernaut","floor":21},{"not_picked":["Headbutt+1","Inflame+1","Perfected Strike"],"picked":"Flame Barrier+1","floor":22}],"player_experience":237733,"relics_obtained":[{"floor":7,"key":"Bird Faced Urn"},{"floor":9,"key":"PreservedInsect"},{"floor":13,"key":"Ice Cream"},{"floor":17,"key":"Potion Belt"},{"floor":17,"key":"Question Card"},{"floor":17,"key":"TungstenRod"}],"event_choices":[{"damage_healed":0,"gold_gain":0,"player_choice":"Success","damage_taken":7,"relics_obtained":["MealTicket"],"max_hp_gain":0,"max_hp_loss":0,"event_name":"Scrap Ooze","floor":2,"gold_loss":0},{"cards_removed":["Strike_R"],"damage_healed":0,"gold_gain":0,"player_choice":"Card Removal","damage_taken":0,"max_hp_gain":0,"max_hp_loss":0,"event_name":"The Cleric","floor":5,"gold_loss":50},{"cards_removed":["Offering"],"damage_healed":11,"gold_gain":0,"player_choice":"Offered Rare","damage_taken":0,"max_hp_gain":10,"max_hp_loss":0,"event_name":"Bonfire Elementals","floor":19,"gold_loss":0}],"is_beta":false,"boss_relics":[{"not_picked":["Mark of Pain","SacredBark"],"picked":"Calling Bell"}],"items_purged_floors":[11,14],"is_endless":false,"potions_floor_spawned":[1,16,18,20,22],"killed_by":"Gremlin Leader","ascension_level":2}}