{"host":"2lrkmsuh7nz013qb","time":1609309802,"event":{"mods":["BaseMod","Colored Map","DeckTracker","Minty Spire (QoL Compilation)","SuperFastMode","everything is the same but u backflip on backflip"],"gold_per_floor":[118,43,118,133,183,183,199,141,141,160,190,202,231,254,266,351,363,387,399,336,353,353,353],"floor_reached":22,"playtime":666,"items_purged":["Strike_G"],"score":472,"play_id":"b62e85ac-08fc-4d89-ada3-2883fddc53a7","local_time":"20201230153002","is_ascension_mode":true,"campfire_choices":[{"data":"Blade Dance","floor":6.0,"key":"SMITH"},{"data":"Accuracy","floor":12.0,"key":"SMITH"},{"data":"Prepared","floor":15.0,"key":"SMITH"}],"circlet_count":0,"master_deck":["AscendersBane","Strike_G","Strike_G","Strike_G","Strike_G","Defend_G","Defend_G","Defend_G","Defend_G","Defend_G","Survivor","Neutralize","Blade Dance+1","Accuracy+1","Backflip","Reflex","Prepared+1","After Image","Accuracy+1","Concentrate"],"relics":["Ring of the Snake","Oddly Smooth Stone","Anchor","HornCleat","MawBank","Runic Pyramid"],"acts_visited":["Exordium","TheCity"],"potions_floor_usage":[22,22],"damage_taken":[{"damage":6.0,"enemies":"Jaw Worm","floor":1.0,"turns":6.0},{"damage":0.0,"enemies":"Small Slimes","floor":4.0,"turns":3.0},{"damage":0.0,"enemies":"Cultist","floor":7.0,"turns":3.0},{"damage":0.0,"enemies":"3 Louse","floor":10.0,"turns":3.0},{"damage":9.0,"enemies":"3 Sentries","floor":11.0,"turns":7.0},{"damage":0.0,"enemies":"Gremlin Gang","floor":13.0,"turns":4.0},{"damage":1.0,"enemies":"Exordium Thugs","floor":14.0,"turns":4.0},{"damage":0.0,"enemies":"Slime Boss","floor":16.0,"turns":6.0},{"damage":3.0,"enemies":"Spheric Guardian","floor":18.0,"turns":5.0},{"damage":1.0,"enemies":"3 Byrds","floor":21.0,"turns":5.0},{"damage":21,"enemies":"Snecko","floor":22,"turns":5}],"seed_played":"5976294369215926062","potions_obtained":[{"floor":11.0,"key":"DistilledChaos"},{"floor":13.0,"key":"SteroidPotion"},{"floor":16.0,"key":"Block Potion"},{"floor":18.0,"key":"SteroidPotion"}],"is_trial":false,"path_per_floor":["M","$","?","M","?","R","M","?","T","M","E","R","M","M","R","B",null,"M","?","$","M","M"],"character_chosen":"THE_SILENT","items_purchased":["Accuracy"],"campfire_rested":0,"item_purchase_floors":[2],"current_hp_per_floor":[53,53,42,42,42,42,42,42,42,42,33,33,33,32,32,32,58,55,55,55,54,33,33],"gold":353,"neow_bonus":"RANDOM_COMMON_RELIC","is_daily":false,"chose_seed":false,"campfire_upgraded":3,"win_rate":0.0,"timestamp":1609309802,"path_taken":["M","$","?","M","?","R","?","?","T","M","E","R","?","M","R","BOSS","M","?","$","M","?"],"items_purchased_type":["Card"],"build_version":"2020-12-22","purchased_purges":1,"victory":false,"max_hp_per_floor":[66,66,66,66,66,66,66,66,66,66,66,66,66,66,66,66,66,66,66,66,66,66,66],"card_choices":[{"not_picked":["Leg Sweep","Cloak And Dagger"],"picked":"Blade Dance","floor":1.0},{"not_picked":["Tactician","Sucker Punch"],"picked":"Backflip","floor":4.0},{"not_picked":["Finisher","Bane"],"picked":"Reflex","floor":7.0},{"not_picked":["Setup","Quick Slash","Backflip"],"picked":"SKIP","floor":10.0},{"not_picked":["Bane","Bouncing Flask","Reflex"],"picked":"SKIP","floor":11.0},{"not_picked":["Blur","Bane"],"picked":"Prepared","floor":13.0},{"not_picked":["Heel Hook","Glass Knife","Deflect"],"picked":"SKIP","floor":14.0},{"not_picked":["Heel Hook","Glass Knife","Deflect"],"picked":"SKIP","floor":14.0},{"not_picked":["Heel Hook","Glass Knife","Deflect"],"picked":"SKIP","floor":14.0},{"not_picked":["Storm of Steel","Wraith Form v2"],"picked":"After Image","floor":16.0},{"not_picked":["Noxious Fumes","Deadly Poison","Sucker Punch"],"picked":"SKIP","floor":18.0},{"not_picked":["Dodge and Roll+1","Cloak And Dagger"],"picked":"Concentrate","floor":21.0}],"player_experience":704434,"relics_obtained":[{"floor":9.0,"key":"HornCleat"},{"floor":11.0,"key":"MawBank"}],"event_choices":[{"damage_healed":0.0,"max_hp_gain":0.0,"max_hp_loss":0.0,"gold_gain":75.0,"event_name":"World of Goop","player_choice":"Gather Gold","floor":3.0,"gold_loss":0.0,"damage_taken":11.0},{"damage_healed":0.0,"max_hp_gain":0.0,"max_hp_loss":0.0,"gold_gain":50.0,"event_name":"Golden Shrine","player_choice":"Pray","floor":5.0,"gold_loss":0.0,"damage_taken":0.0},{"damage_healed":0.0,"max_hp_gain":0.0,"max_hp_loss":0.0,"gold_gain":0.0,"event_name":"WeMeetAgain","player_choice":"Paid Gold","floor":8.0,"gold_loss":58.0,"damage_taken":0.0,"relics_obtained":["Anchor"]},{"damage_healed":0.0,"max_hp_gain":0.0,"max_hp_loss":0.0,"gold_gain":0.0,"event_name":"Duplicator","player_choice":"Copied","floor":19.0,"gold_loss":0.0,"damage_taken":0.0,"cards_obtained":["Accuracy"]}],"is_beta":false,"boss_relics":[{"not_picked":["Velvet Choker","Snecko Eye"],"picked":"Runic Pyramid"}],"items_purged_floors":[20],"is_endless":false,"potions_floor_spawned":[11,13,16,18],"killed_by":"Snecko","ascension_level":20}}