{"host":"cm56dopeulr50jn0","time":1609292465,"event":{"mods":["BaseMod","Bestiary","Better Match","Better Third Choice","Downfall","Minty Spire (QoL Compilation)","Relic Stats","StSLib"],"gold_per_floor":[116,127,141,24,43,69,69,69,82,82,232,232,264,264,264,364,364,380,399,410,410,218,218,218,248,248,267,284,284,209,221,221,323,323,333,351,371,371,371,402,414,428,353,379,304,316,316,316],"floor_reached":49,"playtime":6805,"items_purged":["Shame"],"score":860,"play_id":"0a83052c-6552-41bb-9975-674c745f81d0","local_time":"20201229174105","is_ascension_mode":true,"campfire_choices":[{"data":"champ:Lariat","floor":8.0,"key":"SMITH"},{"data":"champ:ViciousMockery","floor":10.0,"key":"SMITH"},{"data":"champ:CrookedStrike","floor":12.0,"key":"SMITH"},{"data":"champ:BerserkerStyle","floor":15.0,"key":"SMITH"},{"data":"champ:StanceDance","floor":23.0,"key":"SMITH"},{"data":"champ:StanceDance","floor":30.0,"key":"SMITH"},{"data":"champ:Taunt","floor":32.0,"key":"SMITH"},{"floor":43.0,"key":"RECALL"},{"data":"champ:ViciousMockery","floor":45.0,"key":"SMITH"},{"data":"champ:HoldFirm","floor":47.0,"key":"SMITH"}],"circlet_count":0,"master_deck":["champ:Strike","champ:Strike","champ:Strike","champ:Strike","champ:Defend","champ:Defend","champ:Defend","champ:Defend","champ:Execute","champ:Taunt+1","champ:BringItOn","champ:SkillfulDodge","champ:CrookedStrike+1","champ:StanceDance+1","champ:BerserkerStyle+1","champ:DefensiveShout","champ:Haymaker","champ:Lariat+1","champ:ViciousMockery+1","champ:AdrenalArmor","champ:Devastate","champ:AdrenalArmor","champ:Shatter+1","champ:StanceDance+1","champ:IronFortress+1","RitualDagger+1","champ:GutPunch+1","champ:FaceSlap","champ:RapidStrikes","champ:HoldFirm+1","CurseOfTheBell","champ:BladeFlurry+1","champ:SwordSigil+1","champ:ShieldSigil+1","champ:HoldFirm","champ:ViciousMockery+1","champ:GladiatorsShout"],"relics":["Coffee Dripper","Mercury Hourglass","Sundial","champ:PowerArmor","Dream Catcher","Pantograph","Ice Cream","downfall:HeartBlessingBlue","Calling Bell","Akabeko","Molten Egg 2","Unceasing Top","downfall:TeleportStone","Girya","Matryoshka","downfall:HeartBlessingGreen","Gremlin Horn","downfall:HeartBlessingRed"],"acts_visited":["Exordium","TheCity","TheBeyond"],"potions_floor_usage":[48],"damage_taken":[{"damage":5.0,"enemies":"2 Louse","floor":1.0,"turns":2.0},{"damage":5.0,"enemies":"Small Slimes","floor":2.0,"turns":3.0},{"damage":9.0,"enemies":"Jaw Worm","floor":3.0,"turns":3.0},{"damage":10.0,"enemies":"downfall:FleeingMerchant","floor":4.0,"turns":4.0},{"damage":5.0,"enemies":"2 Fungi Beasts","floor":5.0,"turns":2.0},{"damage":33.0,"enemies":"Lagavulin","floor":6.0,"turns":7.0},{"damage":5.0,"enemies":"3 Louse","floor":9.0,"turns":2.0},{"damage":14.0,"enemies":"3 Sentries","floor":13.0,"turns":5.0},{"damage":68.0,"enemies":"downfall:Defect","floor":16.0,"turns":9.0},{"damage":17.0,"enemies":"Shell Parasite","floor":18.0,"turns":6.0},{"damage":14.0,"enemies":"Chosen","floor":19.0,"turns":4.0},{"damage":64.0,"enemies":"Sentry and Sphere","floor":20.0,"turns":6.0},{"damage":21.0,"enemies":"downfall:FleeingMerchant","floor":22.0,"turns":4.0},{"damage":59.0,"enemies":"Book of Stabbing","floor":25.0,"turns":7.0},{"damage":32.0,"enemies":"3 Cultists","floor":27.0,"turns":6.0},{"damage":41.0,"enemies":"Centurion and Healer","floor":28.0,"turns":5.0},{"damage":24.0,"enemies":"Sentry and Sphere","floor":31.0,"turns":2.0},{"damage":52.0,"enemies":"downfall:Watcher","floor":33.0,"turns":7.0},{"damage":3.0,"enemies":"Orb Walker","floor":35.0,"turns":3.0},{"damage":8.0,"enemies":"3 Shapes","floor":36.0,"turns":7.0},{"damage":67.0,"enemies":"Maw","floor":37.0,"turns":9.0},{"damage":52.0,"enemies":"Reptomancer","floor":40.0,"turns":7.0},{"damage":16.0,"enemies":"Jaw Worm Horde","floor":41.0,"turns":3.0},{"damage":36.0,"enemies":"3 Darklings","floor":42.0,"turns":6.0},{"damage":38.0,"enemies":"Giant Head","floor":44.0,"turns":5.0},{"damage":6.0,"enemies":"4 Shapes","floor":46.0,"turns":3.0},{"damage":88,"enemies":"downfall:Silent","floor":48,"turns":11}],"seed_played":"-8742111090328312301","potions_obtained":[{"floor":2.0,"key":"SteroidPotion"},{"floor":3.0,"key":"ColorlessPotion"},{"floor":5.0,"key":"AttackPotion"},{"floor":6.0,"key":"champ:CounterPotion"},{"floor":16.0,"key":"Regen Potion"},{"floor":25.0,"key":"BlessingOfTheForge"},{"floor":26.0,"key":"CultistPotion"},{"floor":27.0,"key":"champ:CounterPotion"},{"floor":28.0,"key":"Ancient Potion"},{"floor":31.0,"key":"Fruit Juice"},{"floor":37.0,"key":"AttackPotion"},{"floor":40.0,"key":"Weak Potion"}],"is_trial":false,"path_per_floor":["M","M","M","$","M","E","T","R","M","R","?","R","E","?","R","B",null,"M","M","M","?","$","R","T","E","?","M","M","?","R","M","R","B",null,"M","M","M","?","T","E","M","M","R","E","R","M","R","B",null],"character_chosen":"THE_CHAMP","items_purchased":["champ:BerserkerStyle","champ:DefensiveShout","Regen Potion","champ:StanceDance"],"campfire_rested":0,"item_purchase_floors":[4,4,22,22],"current_hp_per_floor":[90,90,86,86,86,66,66,66,66,66,66,66,60,60,60,10,90,87,85,55,55,45,45,45,15,15,42,28,28,38,43,43,57,110,109,109,78,78,78,56,56,55,55,55,55,55,55,43],"gold":316,"neow_bonus":"BOSS_RELIC","is_daily":false,"chose_seed":false,"campfire_upgraded":9,"win_rate":0.0,"timestamp":1609292465,"path_taken":["M","M","M","$","M","E","T","R","M","R","?","R","E","?","R","BOSS","M","M","M","?","$","R","T","E","?","?","M","?","R","M","R","BOSS","M","M","M","?","T","E","M","?","R","E","R","M","R","BOSS"],"items_purchased_type":["Card","Card","Potion","Card"],"build_version":"2020-12-22","purchased_purges":1,"victory":true,"max_hp_per_floor":[90,90,90,90,90,90,90,90,90,90,90,90,90,90,90,90,90,90,90,90,90,90,90,90,90,90,90,90,90,100,105,105,110,110,110,110,110,110,110,110,110,115,115,115,115,115,115,115],"relic_stats":{"Dream Catcher":0,"Gremlin Horn":[3,3],"counters":[27,137],"Sundial":[8],"Pantograph":50,"obtain_stats":[{"Ice Cream":25,"Girya":39,"Gremlin Horn":44,"downfall:HeartBlessingRed":45,"champ:ChampionCrown":0,"downfall:HeartBlessingGreen":43,"downfall:TeleportStone":38,"Akabeko":34,"Mercury Hourglass":6,"champ:PowerArmor":17,"Calling Bell":34,"Dream Catcher":21,"Matryoshka":40,"Sundial":13,"downfall:HeartBlessingBlue":30,"Pantograph":24,"Molten Egg 2":34,"Coffee Dripper":0,"Unceasing Top":34},{"Ice Cream":14,"Girya":21,"Gremlin Horn":25,"downfall:HeartBlessingRed":25,"champ:ChampionCrown":0,"downfall:HeartBlessingGreen":24,"downfall:TeleportStone":21,"Akabeko":18,"Mercury Hourglass":6,"champ:PowerArmor":9,"Calling Bell":18,"Dream Catcher":12,"Matryoshka":22,"Sundial":8,"downfall:HeartBlessingBlue":16,"Pantograph":13,"Molten Egg 2":18,"Coffee Dripper":0,"Unceasing Top":18},{"Ice Cream":63,"Girya":102,"Gremlin Horn":123,"downfall:HeartBlessingRed":123,"champ:ChampionCrown":0,"downfall:HeartBlessingGreen":118,"downfall:TeleportStone":102,"Akabeko":83,"Mercury Hourglass":21,"champ:PowerArmor":36,"Calling Bell":83,"Dream Catcher":52,"Matryoshka":109,"Sundial":27,"downfall:HeartBlessingBlue":74,"Pantograph":56,"Molten Egg 2":83,"Coffee Dripper":0,"Unceasing Top":83}],"Unceasing Top":[6],"Mercury Hourglass":[352]},"card_choices":[{"not_picked":["champ:EnGarde","champ:Encircle"],"picked":"champ:BringItOn","floor":1.0},{"not_picked":["champ:GladiatorsShout","champ:BerserkersShout"],"picked":"champ:SkillfulDodge","floor":2.0},{"not_picked":["champ:RisingSlash","champ:Haymaker"],"picked":"champ:CrookedStrike","floor":3.0},{"not_picked":["champ:FlashCut","champ:SteelEdge"],"picked":"champ:StanceDance","floor":4.0},{"not_picked":["champ:FightOn","champ:GutPunch"],"picked":"champ:Haymaker","floor":5.0},{"not_picked":["champ:PerfectedStrike","champ:BringItOn"],"picked":"champ:Lariat","floor":6.0},{"not_picked":["champ:Duel","champ:PerfectedStrike"],"picked":"champ:ViciousMockery","floor":9.0},{"not_picked":["champ:StanceDance","champ:DefensiveShout"],"picked":"champ:AdrenalArmor","floor":13.0},{"not_picked":["champ:IgnorePain","champ:ShieldSlam"],"picked":"champ:Devastate","floor":16.0},{"not_picked":["champ:TornadoPunch","champ:PerfectedStrike","champ:ShieldSigil"],"picked":"SKIP","floor":18.0},{"not_picked":["champ:FlashCut","champ:GladiatorsShout"],"picked":"champ:AdrenalArmor","floor":19.0},{"not_picked":["champ:EndlessRage","champ:Duel+1"],"picked":"champ:Shatter+1","floor":20.0},{"not_picked":["champ:Shatter","champ:RisingSlash+1"],"picked":"champ:FightOn","floor":22.0},{"not_picked":["champ:EnGarde","champ:CrookedStrike"],"picked":"champ:IronFortress+1","floor":25.0},{"not_picked":["champ:FocusedBerserking","champ:Duel"],"picked":"champ:GutPunch+1","floor":27.0},{"not_picked":["champ:StanceDance","champ:Backstep"],"picked":"champ:FaceSlap","floor":28.0},{"not_picked":["champ:HeartStrike","champ:GladiatorsShout"],"picked":"champ:RapidStrikes","floor":31.0},{"not_picked":["champ:EnchantCrown","champ:EnchantShield"],"picked":"champ:HoldFirm","floor":33.0},{"not_picked":["champ:RisingSlash+1","champ:PerfectedStrike+1"],"picked":"champ:BladeFlurry+1","floor":35.0},{"not_picked":["champ:FlashCut+1","champ:RecklessLeap+1"],"picked":"champ:SwordSigil+1","floor":36.0},{"not_picked":["champ:IronFortress","champ:GutPunch+1"],"picked":"champ:FightOn","floor":37.0},{"not_picked":["champ:GutPunch+1","champ:GladiatorsShout+1"],"picked":"champ:ShieldSigil+1","floor":40.0},{"not_picked":["champ:Circumvent+1","champ:SkillfulDodge+1","champ:DeathBlow+1"],"picked":"SKIP","floor":41.0},{"not_picked":["champ:StanceDance","champ:RapidStrikes+1"],"picked":"champ:HoldFirm","floor":42.0},{"not_picked":["champ:Shatter+1","champ:EnragedBash+1"],"picked":"champ:ViciousMockery","floor":44.0},{"not_picked":["champ:ShieldSigil+1","champ:EnragedBash+1"],"picked":"champ:GladiatorsShout","floor":46.0}],"player_experience":1392497,"relics_obtained":[{"floor":6.0,"key":"Mercury Hourglass"},{"floor":13.0,"key":"Sundial"},{"floor":24.0,"key":"Pantograph"},{"floor":25.0,"key":"Ice Cream"},{"floor":34.0,"key":"Akabeko"},{"floor":34.0,"key":"Molten Egg 2"},{"floor":34.0,"key":"Unceasing Top"},{"floor":39.0,"key":"Girya"},{"floor":40.0,"key":"Matryoshka"},{"floor":44.0,"key":"Gremlin Horn"}],"event_choices":[{"cards_removed":["Slimebound:Icky"],"damage_healed":0.0,"max_hp_gain":0.0,"max_hp_loss":0.0,"gold_gain":0.0,"event_name":"The Cleric","player_choice":"Card Removal","floor":14.0,"gold_loss":0.0,"damage_taken":0.0},{"damage_healed":0.0,"max_hp_gain":0.0,"max_hp_loss":0.0,"gold_gain":0.0,"event_name":"Addict","player_choice":"Stole Relic","floor":21.0,"gold_loss":0.0,"damage_taken":0.0,"relics_obtained":["Dream Catcher"],"cards_obtained":["Shame"]}],"is_beta":false,"boss_relics":[{"not_picked":["Pandora\u0027s Box","Fusion Hammer"],"picked":"champ:PowerArmor"},{"not_picked":["Tiny House","SacredBark"],"picked":"Calling Bell"}],"items_purged_floors":[22],"is_endless":false,"potions_floor_spawned":[2,3,5,6,16,25,27,28,31,37,40,41,46],"ascension_level":3}}