{"host":"xcuflocadasoaqda","time":1609304190,"event":{"mods":["BaseMod","Bestiary","Filter the Spire","Minty Spire (QoL Compilation)","Relic Stats"],"gold_per_floor":[117,137,137,3,16,16,47,47,47,78,91,109,109,122,122,122,122],"floor_reached":16,"playtime":767,"items_purged":["Finisher"],"score":224,"play_id":"b5588b44-83b0-4453-9639-0b78e3cda7b1","local_time":"20201229225630","is_ascension_mode":true,"campfire_choices":[{"data":"Glass Knife","floor":6,"key":"SMITH"},{"data":"Predator","floor":8,"key":"SMITH"},{"data":"Dagger Spray","floor":13,"key":"SMITH"},{"data":"Dodge and Roll","floor":15,"key":"SMITH"}],"circlet_count":0,"master_deck":["AscendersBane","Survivor","Neutralize","Night Terror","Night Terror","Sucker Punch","Glass Knife+1","Dagger Spray+1","Predator+1","Dagger Throw","Poisoned Stab","Backflip","Dodge and Roll+1","Noxious Fumes","Backflip","Bouncing Flask","Backflip"],"relics":["Pandora\u0027s Box","Bird Faced Urn","Ornamental Fan","Matryoshka"],"acts_visited":["Exordium"],"potions_floor_usage":[7,10,16],"damage_taken":[{"damage":0,"enemies":"Cultist","floor":1,"turns":2},{"damage":0,"enemies":"2 Louse","floor":2,"turns":2},{"damage":1,"enemies":"Small Slimes","floor":5,"turns":2},{"damage":2,"enemies":"Gremlin Nob","floor":7,"turns":3},{"damage":10,"enemies":"Lagavulin","floor":10,"turns":6},{"damage":2,"enemies":"Exordium Wildlife","floor":11,"turns":2},{"damage":15,"enemies":"Large Slime","floor":12,"turns":4},{"damage":4,"enemies":"3 Louse","floor":14,"turns":2},{"damage":28,"enemies":"Slime Boss","floor":16,"turns":6}],"seed_played":"6722235181898689019","potions_obtained":[{"floor":1,"key":"Block Potion"},{"floor":2,"key":"Weak Potion"},{"floor":11,"key":"BlessingOfTheForge"},{"floor":14,"key":"FearPotion"}],"is_trial":false,"path_per_floor":["M","M","?","$","M","R","E","R","T","E","M","M","R","M","R","B"],"character_chosen":"THE_SILENT","items_purchased":["Backflip"],"campfire_rested":0,"item_purchase_floors":[4],"current_hp_per_floor":[59,59,59,59,58,58,56,56,56,46,44,29,29,25,25,0,0],"gold":122,"neow_bonus":"BOSS_RELIC","is_daily":false,"chose_seed":false,"campfire_upgraded":4,"win_rate":0.0,"timestamp":1609304190,"path_taken":["M","M","?","$","M","R","E","R","T","E","M","M","R","M","R","BOSS"],"items_purchased_type":["Card"],"build_version":"2020-12-22","purchased_purges":1,"victory":false,"max_hp_per_floor":[66,66,66,66,66,66,66,66,66,66,66,66,66,66,66,66,66],"relic_stats":{"counters":[9,29],"Ornamental Fan":[16],"Bird Faced Urn":[2],"Pandora\u0027s Box":["Night Terror","Finisher","Night Terror","Sucker Punch","Glass Knife","Dagger Spray","Predator","Dagger Throw","Poisoned Stab","Storm of Steel"],"obtain_stats":[{"Matryoshka":10,"Ornamental Fan":9,"Bird Faced Urn":7,"Pandora\u0027s Box":0,"Ring of the Snake":0},{"Matryoshka":5,"Ornamental Fan":4,"Bird Faced Urn":4,"Pandora\u0027s Box":0,"Ring of the Snake":0},{"Matryoshka":15,"Ornamental Fan":9,"Bird Faced Urn":9,"Pandora\u0027s Box":0,"Ring of the Snake":0}]},"card_choices":[{"not_picked":["Riddle With Holes","Deadly Poison","Accuracy"],"picked":"SKIP","floor":1},{"not_picked":["Heel Hook","Quick Slash","Catalyst"],"picked":"SKIP","floor":2},{"not_picked":["Skewer","Flying Knee"],"picked":"Dodge and Roll","floor":5},{"not_picked":["Bane","Setup","Blade Dance"],"picked":"SKIP","floor":7},{"not_picked":["Infinite Blades","Footwork"],"picked":"Noxious Fumes","floor":10},{"not_picked":["Heel Hook","Bouncing Flask"],"picked":"Backflip","floor":11},{"not_picked":["Deadly Poison","Well Laid Plans"],"picked":"Bouncing Flask","floor":12},{"not_picked":["Dagger Throw","Skewer"],"picked":"Backflip","floor":14}],"player_experience":1821872,"relics_obtained":[{"floor":7,"key":"Bird Faced Urn"},{"floor":9,"key":"Ornamental Fan"},{"floor":10,"key":"Matryoshka"}],"event_choices":[{"cards_removed":["Storm of Steel"],"damage_healed":0,"gold_gain":0,"player_choice":"Forget","damage_taken":0,"max_hp_gain":0,"max_hp_loss":0,"event_name":"Living Wall","floor":3,"gold_loss":0}],"is_beta":false,"boss_relics":[],"items_purged_floors":[4],"is_endless":false,"potions_floor_spawned":[1,2,11,14],"killed_by":"Slime Boss","ascension_level":20}}