{"host":"g7trc0x2teqyd8ye","time":1609370000,"event":{"mods":["BaseMod","Key Reminder","Minty Spire (QoL Compilation)","Relic Stats"],"gold_per_floor":[110,260,270,270,52,84,9,44,44,44,44],"floor_reached":10,"playtime":401,"items_purged":["Doubt"],"score":188,"play_id":"628d2861-94fb-4628-88e2-b71969bac2dc","local_time":"20201231001320","is_ascension_mode":true,"campfire_choices":[],"circlet_count":0,"master_deck":["AscendersBane","Strike_R","Strike_R","Strike_R+1","Strike_R","Defend_R","Defend_R","Defend_R","Defend_R+1","Bash","Twin Strike","Burning Pact","Flash of Steel","Dual Wield","Corruption","Clothesline"],"relics":["Burning Blood","NeowsBlessing","Meat on the Bone","Ice Cream","Molten Egg 2"],"acts_visited":["Exordium"],"potions_floor_usage":[8,8],"damage_taken":[{"damage":0,"enemies":"Jaw Worm","floor":1,"turns":1},{"damage":0,"enemies":"Small Slimes","floor":3,"turns":1},{"damage":0,"enemies":"Gremlin Nob","floor":6,"turns":1},{"damage":50,"enemies":"3 Sentries","floor":8,"turns":8},{"damage":47,"enemies":"Lagavulin","floor":10,"turns":6}],"seed_played":"6915179510586289071","potions_obtained":[{"floor":1,"key":"BlessingOfTheForge"},{"floor":3,"key":"Regen Potion"}],"is_trial":false,"path_per_floor":["M","?","M","?","$","E","?","E","T","E"],"character_chosen":"IRONCLAD","items_purchased":["Flash of Steel","Dual Wield"],"campfire_rested":0,"item_purchase_floors":[5,5],"current_hp_per_floor":[74,74,75,52,52,58,58,41,41,0,0],"gold":44,"neow_bonus":"THREE_ENEMY_KILL","is_daily":false,"chose_seed":false,"campfire_upgraded":0,"win_rate":0.0,"timestamp":1609370000,"path_taken":["M","?","M","?","?","E","?","E","T","E"],"items_purchased_type":["Card","Card"],"build_version":"2020-12-22","purchased_purges":1,"victory":false,"max_hp_per_floor":[75,75,75,75,75,75,75,75,75,75,75],"relic_stats":{"counters":[5,17],"obtain_stats":[{"Ice Cream":8,"NeowsBlessing":0,"Molten Egg 2":9,"Burning Blood":0,"Meat on the Bone":6},{"Ice Cream":4,"NeowsBlessing":0,"Molten Egg 2":4,"Burning Blood":0,"Meat on the Bone":3},{"Ice Cream":11,"NeowsBlessing":0,"Molten Egg 2":11,"Burning Blood":0,"Meat on the Bone":3}],"Burning Blood":19,"Meat on the Bone":12},"card_choices":[{"not_picked":["Entrench","Cleave"],"picked":"Twin Strike","floor":1},{"not_picked":["Heavy Blade","Clash"],"picked":"Burning Pact","floor":3},{"not_picked":["Headbutt","Shrug It Off"],"picked":"Corruption","floor":6},{"not_picked":["Wild Strike","Berserk"],"picked":"Clothesline","floor":8}],"player_experience":832303,"relics_obtained":[{"floor":6,"key":"Meat on the Bone"},{"floor":8,"key":"Ice Cream"},{"floor":9,"key":"Molten Egg 2"}],"event_choices":[{"damage_healed":0,"gold_gain":150,"player_choice":"AGREE","damage_taken":0,"max_hp_gain":0,"max_hp_loss":0,"event_name":"Liars Game","floor":2,"gold_loss":0,"cards_obtained":["Doubt"]},{"damage_healed":0,"gold_gain":0,"player_choice":"Entered Light","damage_taken":23,"max_hp_gain":0,"max_hp_loss":0,"event_name":"Shining Light","floor":4,"gold_loss":0,"cards_upgraded":["Defend_R","Strike_R"]},{"cards_removed":["Strike_R"],"damage_healed":0,"gold_gain":0,"player_choice":"Card Removal","damage_taken":0,"max_hp_gain":0,"max_hp_loss":0,"event_name":"The Cleric","floor":7,"gold_loss":75}],"is_beta":false,"boss_relics":[],"items_purged_floors":[5],"is_endless":false,"potions_floor_spawned":[1,3],"killed_by":"Lagavulin","ascension_level":18}}