{"host":"n3vqtvx9hbigdfc4","time":1609313652,"event":{"mods":["AchievementEnabler","BaseMod","Better Third Choice","Block Reminder","Colored Map","Colored Powertips","Downfall","Minty Spire (QoL Compilation)","Permanent Neow","Rare Cards Sparkle","Relic Stats","Replay The Spire","Shop Mod","StSLib"],"gold_per_floor":[119,131,145,145,156,191,191,219,246,16,16,44,44,59,59,164,164,176,218,218,236,236,236,236,236],"floor_reached":24,"playtime":1454,"items_purged":[],"score":321,"play_id":"7d1531d1-489e-455e-9cf5-c8e5f08ef965","local_time":"20201230013412","is_ascension_mode":true,"campfire_choices":[{"data":"ReplayTheSpireMod:LeadingStrike","floor":7,"key":"SMITH"},{"data":"Metallicize","floor":11,"key":"SMITH"},{"data":"Pot Of Greed","floor":15,"key":"SMITH"},{"data":"Sever Soul","floor":23,"key":"SMITH"}],"circlet_count":0,"master_deck":["AscendersBane","Strike_R","Strike_R","Strike_R","Strike_R","Defend_R","Defend_R","Defend_R","Defend_R","Bash","Flex","Power Through","Cleave","Battle Trance","Ghostly Armor","ReplayTheSpireMod:LeadingStrike+1","Sever Soul+1","Pot Of Greed+1","Pot Of Greed","Metallicize+1","Anger","Anger","Inflame","Offering","Run Through+1","Cleave+1","Pot Of Greed","ReplayTheSpireMod:Strike From Hell"],"relics":["Burning Blood","Boot","Chameleon Ring","Bag of Marbles","Grinning Jar","Tiny Chest","Smiling Mask","Coffee Dripper","Snack Pack"],"acts_visited":["Exordium","TheCity"],"potions_floor_usage":[8,12,12,16,24],"damage_taken":[{"damage":4,"enemies":"Jaw Worm","floor":1,"turns":6},{"damage":1,"enemies":"Cultist","floor":2,"turns":3},{"damage":0,"enemies":"2 Louse","floor":3,"turns":4},{"damage":1,"enemies":"Looter","floor":5,"turns":4},{"damage":40,"enemies":"Gremlin Nob","floor":6,"turns":5},{"damage":20,"enemies":"3 Sentries","floor":8,"turns":12},{"damage":17,"enemies":"Lagavulin","floor":12,"turns":6},{"damage":0,"enemies":"3 Louse","floor":14,"turns":1},{"damage":34,"enemies":"Fading Forest","floor":16,"turns":11},{"damage":28,"enemies":"2 Thieves","floor":18,"turns":4},{"damage":2,"enemies":"Chosen","floor":21,"turns":3},{"damage":54,"enemies":"Book of Stabbing","floor":24,"turns":4}],"seed_played":"-5264936496426987927","potions_obtained":[{"floor":2,"key":"Regen Potion"},{"floor":6,"key":"Weak Potion"},{"floor":8,"key":"Milkshake"},{"floor":14,"key":"Swift Potion"},{"floor":19,"key":"Regen Potion"}],"is_trial":false,"path_per_floor":["M","M","M","?","M","E","R","E","T","$","R","E","$","M","R","B",null,"M","?","?","M","T","R","E"],"character_chosen":"IRONCLAD","items_purchased":["Tiny Chest","Metallicize","Anger"],"campfire_rested":0,"item_purchase_floors":[10,10,10],"current_hp_per_floor":[74,79,80,80,80,46,46,60,60,60,60,49,49,55,55,41,70,48,16,16,24,24,24,0,0],"gold":236,"neow_bonus":"RANDOM_COMMON_RELIC","is_daily":false,"chose_seed":false,"campfire_upgraded":4,"win_rate":0.0,"timestamp":1609313652,"path_taken":["M","M","M","?","M","E","R","E","T","?","R","E","?","M","R","BOSS","M","?","?","M","?","R","E"],"items_purchased_type":["Relic","Card","Card"],"build_version":"2020-12-22","purchased_purges":0,"victory":false,"max_hp_per_floor":[80,80,80,80,80,80,80,80,80,80,80,80,80,80,80,80,80,80,80,80,80,80,80,80,80],"relic_stats":{"counters":[12,63],"Tiny Chest":1,"Boot":[16],"Smiling Mask":0,"obtain_stats":[{"Chameleon Ring":6,"Tiny Chest":10,"Bag of Marbles":8,"Coffee Dripper":17,"Snack Pack":19,"Grinning Jar":9,"Boot":0,"Smiling Mask":12,"Burning Blood":0},{"Chameleon Ring":5,"Tiny Chest":6,"Bag of Marbles":6,"Coffee Dripper":9,"Snack Pack":10,"Grinning Jar":6,"Boot":0,"Smiling Mask":7,"Burning Blood":0},{"Chameleon Ring":22,"Tiny Chest":34,"Bag of Marbles":34,"Coffee Dripper":52,"Snack Pack":56,"Grinning Jar":34,"Boot":0,"Smiling Mask":40,"Burning Blood":0}],"Burning Blood":56},"card_choices":[{"not_picked":["Run Through","Perfected Strike"],"picked":"Flex","floor":1},{"not_picked":["Run Through","Twin Strike"],"picked":"Power Through","floor":2},{"not_picked":["ReplayTheSpireMod:Strike From Hell","Rampage"],"picked":"Cleave","floor":3},{"not_picked":["Iron Wave","True Grit"],"picked":"Ghostly Armor","floor":5},{"not_picked":["ReplayTheSpireMod:Muscle Training","Clothesline"],"picked":"ReplayTheSpireMod:LeadingStrike","floor":6},{"not_picked":["ReplayTheSpireMod:Stacked","Iron Wave"],"picked":"Sever Soul","floor":8},{"not_picked":["Battle Trance","Blood for Blood"],"picked":"Anger","floor":12},{"not_picked":["ReplayTheSpireMod:LeadingStrike","Reckless Charge"],"picked":"Inflame","floor":14},{"not_picked":["Exhume","Limit Break"],"picked":"Offering","floor":16},{"not_picked":["Headbutt","Twin Strike"],"picked":"Run Through+1","floor":18},{"not_picked":["Body Slam","Clothesline"],"picked":"Cleave+1","floor":19},{"not_picked":["Anger","Clash"],"picked":"ReplayTheSpireMod:Strike From Hell","floor":21}],"player_experience":485803,"relics_obtained":[{"floor":6,"key":"Chameleon Ring"},{"floor":8,"key":"Bag of Marbles"},{"floor":9,"key":"Grinning Jar"},{"floor":12,"key":"Smiling Mask"},{"floor":19,"key":"Snack Pack"}],"event_choices":[{"damage_healed":0,"gold_gain":0,"cards_transformed":["Strike_R"],"player_choice":"Transformed","damage_taken":0,"max_hp_gain":0,"max_hp_loss":0,"event_name":"Transmorgrifier","floor":4,"gold_loss":0,"cards_obtained":["Battle Trance"]}],"is_beta":false,"boss_relics":[{"not_picked":["SacredBark","Busted Crown"],"picked":"Coffee Dripper"}],"items_purged_floors":[],"is_endless":false,"potions_floor_spawned":[2,6,8,14],"killed_by":"Book of Stabbing","ascension_level":10}}