{"host":"840yoaz69lavfcgt","time":1609313708,"event":{"mods":["BaseMod","Colored Powertips","DeckTracker","Highlight Path","Minty Spire (QoL Compilation)","Synergy Search"],"gold_per_floor":[117,117,117,135,135,162,162,188,258,272,11,11,37,48,48,152,152,170,170,170,186,204,204,204],"floor_reached":23,"playtime":2079,"items_purged":["Regret"],"score":211,"play_id":"76d77531-f763-46c7-81dd-35084da1465c","local_time":"20201230023508","is_ascension_mode":false,"campfire_choices":[{"floor":7.0,"key":"REST"},{"floor":12.0,"key":"DIG"},{"floor":15.0,"key":"DIG"}],"circlet_count":0,"master_deck":["Strike_P","Strike_P+1","Strike_P","Strike_P","Defend_P","Defend_P","Defend_P","Defend_P","Eruption","Vigilance+1","Panacea","Consecrate","FlurryOfBlows","FollowUp","CrushJoints","Halt","Bandage Up","Perseverance","FlyingSleeves","SpiritShield+1","PathToVictory","LessonLearned","ClearTheMind","Fasting2","JustLucky"],"relics":["PureWater","Centennial Puzzle","Strawberry","Nunchaku","Shovel","Meat on the Bone","InkBottle","Eternal Feather","Pen Nib","VioletLotus"],"acts_visited":["Exordium","TheCity"],"potions_floor_usage":[20,22],"damage_taken":[{"damage":0.0,"enemies":"Small Slimes","floor":1.0,"turns":4.0},{"damage":4.0,"enemies":"Jaw Worm","floor":4.0,"turns":3.0},{"damage":20.0,"enemies":"3 Sentries","floor":6.0,"turns":8.0},{"damage":17.0,"enemies":"Lagavulin","floor":8.0,"turns":5.0},{"damage":2.0,"enemies":"Cultist","floor":10.0,"turns":3.0},{"damage":15.0,"enemies":"Gremlin Nob","floor":13.0,"turns":4.0},{"damage":0.0,"enemies":"3 Louse","floor":14.0,"turns":4.0},{"damage":42.0,"enemies":"The Guardian","floor":16.0,"turns":9.0},{"damage":7.0,"enemies":"Chosen","floor":18.0,"turns":6.0},{"damage":0,"enemies":"2 Thieves","floor":20,"turns":1},{"damage":10,"enemies":"Chosen and Byrds","floor":21,"turns":5},{"damage":47,"enemies":"Snecko","floor":22,"turns":9},{"damage":69,"enemies":"Gremlin Leader","floor":23,"turns":4}],"seed_played":"5403438836706555897","potions_obtained":[{"floor":4.0,"key":"FairyPotion"},{"floor":6.0,"key":"Ancient Potion"},{"floor":13.0,"key":"SneckoOil"},{"floor":16.0,"key":"Strength Potion"},{"floor":18.0,"key":"StancePotion"},{"floor":19.0,"key":"Block Potion"},{"floor":19.0,"key":"SmokeBomb"}],"is_trial":false,"path_per_floor":["M","?","?","M","?","E","R","E","T","M","$","R","E","M","R","B",null,"M","?","M","M","M","E"],"character_chosen":"WATCHER","items_purchased":["Bandage Up","Perseverance","FlyingSleeves"],"campfire_rested":1,"item_purchase_floors":[11,11,11],"current_hp_per_floor":[72,72,58,54,43,23,46,29,29,39,39,39,40,44,56,30,79,76,76,76,66,35,0,0],"gold":204,"neow_bonus":"RANDOM_COLORLESS","is_daily":false,"chose_seed":false,"campfire_upgraded":0,"win_rate":0.0,"timestamp":1609313708,"path_taken":["M","?","?","M","?","E","R","E","T","?","?","R","E","M","R","BOSS","M","?","M","M","M","E"],"items_purchased_type":["Card","Card","Card"],"build_version":"2020-12-22","purchased_purges":1,"victory":false,"max_hp_per_floor":[72,72,72,72,79,79,79,79,79,79,79,79,79,79,79,79,79,79,79,79,79,79,79,79],"card_choices":[{"not_picked":["Forethought","PanicButton"],"picked":"Panacea","floor":0.0},{"not_picked":["EmptyBody","Sanctity"],"picked":"Consecrate","floor":1.0},{"not_picked":["FlyingSleeves","CutThroughFate"],"picked":"FlurryOfBlows","floor":4.0},{"not_picked":["EmptyFist","Omniscience"],"picked":"FollowUp","floor":6.0},{"not_picked":["Study","Evaluate"],"picked":"CrushJoints","floor":8.0},{"not_picked":["BowlingBash","Evaluate"],"picked":"Halt","floor":10.0},{"not_picked":["EmptyBody","Conclude"],"picked":"SpiritShield","floor":13.0},{"not_picked":["Prostrate","Protect"],"picked":"PathToVictory","floor":14.0},{"not_picked":["Scrawl","MasterReality"],"picked":"LessonLearned","floor":16.0},{"not_picked":["SandsOfTime","Protect"],"picked":"ClearTheMind","floor":18.0},{"not_picked":["Pray+1","EmptyFist"],"picked":"Fasting2","floor":21},{"not_picked":["ClearTheMind","Protect"],"picked":"JustLucky","floor":22}],"player_experience":138517,"relics_obtained":[{"floor":6.0,"key":"Nunchaku"},{"floor":8.0,"key":"Shovel"},{"floor":9.0,"key":"Meat on the Bone"},{"floor":12.0,"key":"InkBottle"},{"floor":13.0,"key":"Eternal Feather"},{"floor":15.0,"key":"Pen Nib"}],"event_choices":[{"damage_healed":0.0,"max_hp_gain":0.0,"max_hp_loss":0.0,"gold_gain":0.0,"event_name":"Big Fish","player_choice":"Box","floor":2.0,"gold_loss":0.0,"damage_taken":0.0,"relics_obtained":["Centennial Puzzle"],"cards_obtained":["Regret"]},{"damage_healed":0.0,"max_hp_gain":0.0,"max_hp_loss":0.0,"gold_gain":0.0,"event_name":"Shining Light","player_choice":"Entered Light","floor":3.0,"gold_loss":0.0,"damage_taken":14.0,"cards_upgraded":["Strike_P","Vigilance"]},{"damage_healed":0.0,"max_hp_gain":0.0,"max_hp_loss":0.0,"gold_gain":0.0,"event_name":"Scrap Ooze","player_choice":"Success","floor":5.0,"gold_loss":0.0,"damage_taken":18.0,"relics_obtained":["Strawberry"]},{"damage_healed":0.0,"max_hp_gain":0.0,"max_hp_loss":0.0,"gold_gain":0.0,"event_name":"Lab","player_choice":"Got Potions","floor":19.0,"gold_loss":0.0,"damage_taken":0.0}],"is_beta":false,"boss_relics":[{"not_picked":["Runic Pyramid","Snecko Eye"],"picked":"VioletLotus"}],"items_purged_floors":[11],"is_endless":false,"potions_floor_spawned":[4,6,13,16,18,20],"killed_by":"Gremlin Leader","ascension_level":0}}