{"host":"tvs5yxzo65ue2qcy","time":1609322438,"event":{"mods":["BaseMod","DeckTracker","Highlight Path","Minty Spire (QoL Compilation)","Permanent Neow","Quick Restart","StSLib","SuperFastMode","everything is the same but u backflip on backflip"],"gold_per_floor":[10,27,39,56,56,56,75,89,115,129,129,160,310,20,20,32,32],"floor_reached":16,"playtime":493,"items_purged":["Doubt"],"score":208,"play_id":"3a09157e-f643-4ce8-8c3f-3551ca8383fc","local_time":"20201230190038","is_ascension_mode":true,"campfire_choices":[{"floor":6,"key":"DIG"},{"floor":11,"key":"DIG"},{"floor":15,"key":"DIG"}],"circlet_count":0,"master_deck":["AscendersBane","Strike_G","Strike_G","Strike_G","Strike_G","Strike_G","Defend_G","Defend_G","Defend_G","Defend_G","Defend_G","Survivor","Neutralize+1","Prepared","Blade Dance","Calculated Gamble","Masterful Stab","Dagger Spray","Glass Knife","Well Laid Plans"],"relics":["Ring of the Snake","Shovel","CaptainsWheel","Snake Skull","Smiling Mask","Tiny Chest","Lee\u0027s Waffle","MawBank"],"acts_visited":["Exordium"],"potions_floor_usage":[12,16],"damage_taken":[{"damage":8,"enemies":"2 Louse","floor":1,"turns":3},{"damage":7,"enemies":"Jaw Worm","floor":2,"turns":6},{"damage":2,"enemies":"Cultist","floor":3,"turns":4},{"damage":6,"enemies":"Looter","floor":4,"turns":4},{"damage":4,"enemies":"Large Slime","floor":7,"turns":6},{"damage":0,"enemies":"2 Fungi Beasts","floor":8,"turns":3},{"damage":8,"enemies":"Blue Slaver","floor":10,"turns":3},{"damage":15,"enemies":"Lagavulin","floor":12,"turns":4},{"damage":52,"enemies":"The Guardian","floor":16,"turns":14}],"seed_played":"1534025373206850964","potions_obtained":[{"floor":2,"key":"SneckoOil"},{"floor":7,"key":"SteroidPotion"},{"floor":8,"key":"DistilledChaos"}],"is_trial":false,"path_per_floor":["M","M","M","M","?","R","M","M","T","M","R","E","?","$","R","B"],"character_chosen":"THE_SILENT","items_purchased":["Lee\u0027s Waffle","Well Laid Plans"],"campfire_rested":0,"item_purchase_floors":[14,14],"current_hp_per_floor":[51,44,42,36,36,36,32,32,32,24,24,9,9,73,73,21,21],"gold":32,"neow_bonus":"ONE_RARE_RELIC","is_daily":false,"chose_seed":false,"campfire_upgraded":0,"win_rate":0.0,"timestamp":1609322438,"path_taken":["M","M","M","M","?","R","M","M","T","M","R","E","?","?","R","BOSS"],"items_purchased_type":["Relic","Card"],"build_version":"2020-12-22","purchased_purges":1,"victory":false,"max_hp_per_floor":[66,66,66,66,66,66,66,66,66,66,66,66,66,73,73,73,73],"card_choices":[{"not_picked":["Backflip","Deadly Poison"],"picked":"Prepared","floor":1},{"not_picked":["Deadly Poison","Crippling Poison"],"picked":"Blade Dance","floor":2},{"not_picked":["Choke","Deadly Poison"],"picked":"Calculated Gamble","floor":3},{"not_picked":["Bane","Underhanded Strike"],"picked":"Masterful Stab","floor":4},{"not_picked":["Flying Knee","Outmaneuver"],"picked":"Dagger Spray","floor":7},{"not_picked":["Quick Slash","Deflect"],"picked":"Glass Knife","floor":8},{"not_picked":["Dagger Spray","PiercingWail","Leg Sweep"],"picked":"SKIP","floor":10},{"not_picked":["Cloak And Dagger","Bullet Time","Masterful Stab"],"picked":"SKIP","floor":12}],"player_experience":426449,"relics_obtained":[{"floor":6,"key":"CaptainsWheel"},{"floor":9,"key":"Snake Skull"},{"floor":11,"key":"Smiling Mask"},{"floor":12,"key":"Tiny Chest"},{"floor":15,"key":"MawBank"}],"event_choices":[{"damage_healed":0,"gold_gain":0,"player_choice":"Grow","damage_taken":0,"max_hp_gain":0,"max_hp_loss":0,"event_name":"Living Wall","floor":5,"gold_loss":0,"cards_upgraded":["Neutralize"]},{"damage_healed":0,"gold_gain":150,"player_choice":"AGREE","damage_taken":0,"max_hp_gain":0,"max_hp_loss":0,"event_name":"Liars Game","floor":13,"gold_loss":0,"cards_obtained":["Doubt"]}],"is_beta":false,"boss_relics":[],"items_purged_floors":[14],"is_endless":false,"potions_floor_spawned":[2,7,8,10],"killed_by":"The Guardian","ascension_level":20}}