{"host":"m4gez01cdgxblqzl","time":1609305847,"event":{"mods":["2.2 Compatiblity","AchievementEnabler","Act Like it!","Aspiration","BaseMod","Better Altar","Better Match","Better Note","Better Sensory Stone","Better Skull","Better Third Choice","BetterRewards","CCEM","Challenge The Spire","Clawfect","Colored Powertips","Conspire","Downfall","GifTheSpireLib","Glutton Mod","Halation","Hermit","Hubris","Infinite Spire","Jedi Mod","Minty Spire (QoL Compilation)","Permanent Neow","READ ME - Guardian Mod","RatMod","Replay The Spire","Shade Mod","Shop Mod","Spicy Shops","Spikes Relics","StSLib","Stuff the Spire","The Blue Laboratory","The Construct","The Jungle","The Problem Sleuth","The Runesmith","The Spell Scribe","Trackpad","Unceasing Turn Reminder","Unknown Chances","everything is the same but u backflip on backflip","vexMod"],"gold_per_floor":[112,127,44,44,63,63,95,95,121,140,115,115,140,115,115,215,881,894,16,16,16,14,14,48,65,89,89,89,89,99,99,99,194,194,209,209,209,223,240,275,275,275,275,295,314,314,332,56,56,56],"floor_reached":51,"playtime":4352,"items_purged":[],"score":776,"play_id":"0458d62b-aec3-4f2f-8b8e-b027c3e9ef3d","local_time":"20201229232407","is_ascension_mode":false,"campfire_choices":[{"data":"Body Slam","floor":6,"key":"SMITH"},{"floor":8,"key":"REST"},{"floor":12,"key":"REST"},{"data":"conspire:HitWhereItHurts","floor":15,"key":"SMITH"},{"floor":23,"key":"REST"},{"floor":29,"key":"REST"},{"floor":32,"key":"REST"},{"floor":42,"key":"REST"},{"floor":46,"key":"REST"}],"circlet_count":0,"master_deck":["Strike_R","Strike_R+1","Strike_R","Strike_R+1","Defend_R+1","Defend_R","Defend_R","Defend_R","Bash+1","CurseOfTheBell","Twin Strike","Shrug It Off+1","Feel No Pain+1","Body Slam+1","conspire:HitWhereItHurts+1","Rupture","Berserk+1","ReplayTheSpireMod:Splinters","hexamod:Float","jedi:bloodyhammer","expansioncontent:BronzeBeam+1","ReplayTheSpireMod:Echo Chamber","Entrench+1","expansioncontent:StudyTheSpire+1","Havoc","Barricade+1","Carnage+1","hubris:ReadiedAction","Impervious+1","Feel No Pain","Metallicize+1","Armaments+1","Reaper","Clothesline+1","Shrug It Off","Sentinel+1","Clothesline+1","ReplayTheSpireMod:Trickstab"],"relics":["Calling Bell","Potion Belt","trackpad:ByrdCharm","hubris:Spice","construct:RocketBooster","Bronze Scales","betterThird:SlimedRelic","WizardHat","Replay:Grab Bag","vexMod:RockOfEvil","vexMod:EndlessSickness","aspiration:RitualDagger","ReplayTheSpireMod:SealedPack","Lantern","OrangePellets","ReplayTheSpireMod:CursedCoin","hubris:EmptyBottle","Omamori","GremlinMask","HailfireSword","halation:PapillonHeart","hubris:TenFootPole","LugNut","Anchor"],"acts_visited":["Exordium","TheCity","TheBeyond"],"potions_floor_usage":[7,30,30,33,33,33,33,33,33,47,50,50,50],"damage_taken":[{"damage":19,"enemies":"infinitespire:Voidling","floor":1,"turns":6},{"damage":0,"enemies":"2 Louse","floor":2,"turns":3},{"damage":0,"enemies":"Cultist","floor":5,"turns":4},{"damage":31,"enemies":"Gremlin Nob","floor":7,"turns":6},{"damage":0,"enemies":"2 Fungi Beasts","floor":10,"turns":2},{"damage":0,"enemies":"3 Sentries","floor":13,"turns":6},{"damage":43,"enemies":"Fading Forest","floor":16,"turns":11},{"damage":37,"enemies":"Shell Parasite","floor":18,"turns":4},{"damage":40,"enemies":"Book of Stabbing","floor":24,"turns":6},{"damage":33,"enemies":"conspire:FuzzyDice","floor":25,"turns":5},{"damage":25,"enemies":"Shelled Parasite and Fungi","floor":30,"turns":5},{"damage":61,"enemies":"hubris:MusketHawk","floor":33,"turns":7},{"damage":47,"enemies":"Orb Walker","floor":35,"turns":5},{"damage":44,"enemies":"3 Darklings","floor":38,"turns":5},{"damage":27,"enemies":"Sphere and 2 Shapes","floor":39,"turns":5},{"damage":52,"enemies":"Nemesis","floor":40,"turns":10},{"damage":35,"enemies":"Writhing Mass","floor":44,"turns":5},{"damage":35,"enemies":"Maw","floor":45,"turns":7},{"damage":48,"enemies":"Sphere and 2 Shapes","floor":47,"turns":5},{"damage":32,"enemies":"hubris:GrandSnecko","floor":50,"turns":8}],"seed_played":"5820301158189401974","potions_obtained":[{"floor":1,"key":"Dexterity Potion"},{"floor":5,"key":"BlessingOfTheForge"},{"floor":13,"key":"hexamod:EctoCoolerPotion"},{"floor":16,"key":"blueLaboratory:PhilterOfMotion"},{"floor":18,"key":"BloodPotion"},{"floor":20,"key":"SmokeBomb"},{"floor":20,"key":"blueLaboratory:HummingbirdPotion"},{"floor":35,"key":"blueLaboratory:AbyssPotion"},{"floor":39,"key":"AttackPotion"},{"floor":45,"key":"jedi:holywater"},{"floor":47,"key":"blueLaboratory:SavagePotion"}],"is_trial":false,"path_per_floor":["M","M","$","?","M","R","E","R","T","M","?","R","E","?","R","B",null,"M","$","?","?","$","R","E","M","T","?","$","R","M","?","R","B",null,"M","?","?","M","M","E","?","R","T","M","M","R","M","$","R","B",null],"character_chosen":"IRONCLAD","items_purchased":["Feel No Pain","Lantern","OrangePellets","expansioncontent:StudyTheSpire","ReplayTheSpireMod:CursedCoin","hubris:EmptyBottle","Anchor","Clothesline+1","ReplayTheSpireMod:Trickstab"],"campfire_rested":7,"item_purchase_floors":[3,19,19,19,22,22,48,48,48],"current_hp_per_floor":[73,73,73,82,82,82,51,77,77,77,66,88,88,96,96,53,96,59,59,59,59,59,87,47,14,14,14,14,40,32,32,58,14,88,41,41,41,84,66,29,29,54,54,33,27,52,21,21,46,84],"gold":56,"neow_bonus":"BOSS_RELIC","is_daily":false,"chose_seed":false,"campfire_upgraded":2,"win_rate":0.0,"timestamp":1609305847,"path_taken":["M","?","$","?","M","R","E","R","T","?","?","R","E","?","R","BOSS","M","$","?","?","?","R","E","?","T","?","?","R","M","?","R","BOSS","M","?","?","M","M","E","?","R","T","M","?","R","M","$","R","BOSS"],"items_purchased_type":["Card","Relic","Relic","Card","Relic","Relic","Relic","Card","Card"],"build_version":"2020-12-22","purchased_purges":0,"victory":true,"max_hp_per_floor":[88,88,88,88,88,88,88,88,88,88,88,88,88,96,96,96,96,96,96,96,96,96,96,88,88,88,88,88,88,88,88,88,88,88,88,88,84,84,84,84,84,84,84,84,84,84,84,84,84,84],"card_choices":[{"not_picked":["StuffTheSpire:RockThrow","Flex"],"picked":"Twin Strike","floor":1},{"not_picked":["Clash","Twin Strike"],"picked":"Shrug It Off","floor":2},{"not_picked":["Iron Wave","Evolve"],"picked":"Body Slam","floor":5},{"not_picked":["Havoc","jedi:controlledanger"],"picked":"rat:Decimate","floor":7},{"not_picked":["Blood for Blood","StuffTheSpire:Incineration"],"picked":"conspire:HitWhereItHurts","floor":10},{"not_picked":["ReplayTheSpireMod:LeadingStrike","hubris:ReadiedAction"],"picked":"Rupture","floor":13},{"not_picked":["Fiend Fire","hubris:StunningStrike"],"picked":"Berserk","floor":16},{"not_picked":["theScribe:StarterModifier","Slimebound:Tackle"],"picked":"hexamod:Float","floor":17},{"not_picked":["Exhume","Impervious"],"picked":"jedi:bloodyhammer","floor":17},{"not_picked":["expansioncontent:Hexaburn","StuffTheSpire:FreeRealEstate"],"picked":"expansioncontent:BronzeBeam","floor":17},{"not_picked":["infinitespire:Gouge","infinitespire:Fortify"],"picked":"ReplayTheSpireMod:Echo Chamber","floor":17},{"not_picked":["StuffTheSpire:RockThrow+1","Thunderclap"],"picked":"Entrench","floor":18},{"not_picked":["infinitespire:OneForAll+1","jedi:fear+1"],"picked":"Barricade","floor":24},{"not_picked":["Cleave","Twin Strike"],"picked":"Carnage+1","floor":25},{"not_picked":["Cleave","hubris:CleavingFinish"],"picked":"hubris:ReadiedAction","floor":30},{"not_picked":["Bludgeon","Berserk"],"picked":"Impervious","floor":33},{"not_picked":["Run Through","Flex"],"picked":"Feel No Pain","floor":35},{"not_picked":["hubris:SpiceAddiction","Sentinel"],"picked":"Metallicize","floor":38},{"not_picked":["Clash+1","Flex"],"picked":"Armaments","floor":39},{"not_picked":["Wild Strike+1","Dark Embrace"],"picked":"Reaper","floor":40},{"not_picked":["Sword Boomerang","ReplayTheSpireMod:Corrosion Curse"],"picked":"Clothesline+1","floor":44},{"not_picked":["hubris:SpiceAddiction","Anger"],"picked":"Shrug It Off","floor":45},{"not_picked":["Perfected Strike","infinitespire:OneForAll+1"],"picked":"Sentinel+1","floor":47}],"player_experience":32404,"relics_obtained":[{"floor":0,"key":"Potion Belt"},{"floor":0,"key":"trackpad:ByrdCharm"},{"floor":0,"key":"hubris:Spice"},{"floor":7,"key":"construct:RocketBooster"},{"floor":9,"key":"Bronze Scales"},{"floor":13,"key":"WizardHat"},{"floor":24,"key":"hubris:Spice"},{"floor":26,"key":"Omamori"},{"floor":40,"key":"hubris:TenFootPole"},{"floor":43,"key":"LugNut"}],"event_choices":[{"damage_healed":0,"gold_gain":0,"player_choice":"Slimed","damage_taken":11,"max_hp_gain":0,"max_hp_loss":0,"event_name":"betterThird:BetterGoop","floor":11,"gold_loss":25},{"damage_healed":0,"gold_gain":0,"player_choice":"Got Potions","damage_taken":0,"max_hp_gain":0,"max_hp_loss":0,"event_name":"Lab","floor":20,"gold_loss":0},{"damage_healed":0,"gold_gain":0,"cards_transformed":["Strike_R"],"player_choice":"Transformed","damage_taken":0,"max_hp_gain":0,"max_hp_loss":0,"event_name":"Transmorgrifier","floor":21,"gold_loss":0,"cards_obtained":["Havoc"]},{"damage_healed":0,"gold_gain":0,"player_choice":"Trade","damage_taken":0,"relics_obtained":["GremlinMask"],"max_hp_gain":0,"max_hp_loss":0,"event_name":"FaceTrader","floor":27,"gold_loss":0},{"cards_removed":["rat:Decimate"],"damage_healed":0,"gold_gain":0,"player_choice":"Removed Attack","damage_taken":0,"max_hp_gain":0,"max_hp_loss":0,"event_name":"Falling","floor":36,"gold_loss":0},{"cards_removed":["Decay"],"damage_healed":0,"gold_gain":0,"player_choice":"Purged","damage_taken":0,"max_hp_gain":0,"max_hp_loss":0,"event_name":"Purifier","floor":41,"gold_loss":0}],"is_beta":false,"boss_relics":[{"not_picked":["trackpad:DemonHeart","hubris:Spice"],"picked":"Replay:Grab Bag"},{"not_picked":["Runesmith:UraniumAnvil","Ooze Armor"],"picked":"vexMod:RockOfEvil"},{"not_picked":["Fusion Hammer","CosmicIsotope"],"picked":"vexMod:EndlessSickness"},{"not_picked":["Runic Pyramid","Replay:Drink Me"],"picked":"aspiration:RitualDagger"},{"not_picked":["construct:ClawGrip","Sandwich"],"picked":"ReplayTheSpireMod:SealedPack"},{"not_picked":["hubris:Spice","conspire:SpecialSausage"],"picked":"HailfireSword"}],"items_purged_floors":[],"is_endless":false,"potions_floor_spawned":[1,5,13,16,18,25,35,39,45,47],"ascension_level":0}}