{"host":"0cgp910o8339lr91","time":1609331929,"event":{"mods":["BaseMod","Colored Map","Filter the Spire","Minty Spire (QoL Compilation)","Relic Stats","Slay-I","ojb\u0027s Better Paths Mod","ojb\u0027s Info Mod"],"gold_per_floor":[142,67,67,107,107,138,138,166,189,264,325,46,46,90,90,222,222,238,312,312,352,21,86,156,211,211,211,237,237,270,350,350,454,454,583,704,1703,199,299,299,389,503,503,600,600,600,730,871,871,896,896,896,71,102,102],"floor_reached":56,"playtime":9410,"items_purged":["SpiritShield","Normality"],"score":2614,"play_id":"cf4c22ab-bd9a-4d03-b925-8d04380b33ef","local_time":"20201230133849","is_ascension_mode":true,"campfire_choices":[{"data":"Wish","floor":7.0,"key":"SMITH"},{"data":"Eruption","floor":13.0,"key":"SMITH"},{"data":"Swivel","floor":15.0,"key":"SMITH"},{"data":"Omniscience","floor":27.0,"key":"SMITH"},{"data":"MentalFortress","floor":32.0,"key":"SMITH"},{"data":"1","floor":40.0,"key":"LIFT"},{"data":"2","floor":45.0,"key":"LIFT"},{"floor":49.0,"key":"RECALL"},{"data":"3","floor":52,"key":"LIFT"}],"circlet_count":0,"master_deck":["AscendersBane","Eruption+1","Vigilance+1","Tantrum+1","Omniscience+1","Consecrate+1","EmptyFist+1","Wish+1","Swivel+1","FlurryOfBlows","EmptyBody","Establishment","Omniscience+1","MentalFortress+1","BattleHymn+1","EmptyMind+1","CutThroughFate","Wish","CutThroughFate","Normality","Sanctity+1","Wallop+1","Adaptation+1","Adaptation+1","MentalFortress+1","EmptyMind","DevaForm+1"],"relics":["Pandora\u0027s Box","Bag of Preparation","Tiny Chest","Gambling Chip","PreservedInsect","Pantograph","Coffee Dripper","Nloth\u0027s Gift","TheAbacus","Frozen Egg 2","TeardropLocket","The Courier","Blue Candle","Toy Ornithopter","Busted Crown","ClockworkSouvenir","War Paint","Girya","Kunai","Torii","CloakClasp","Mango","Lizard Tail","Pen Nib","Pocketwatch","DollysMirror","Centennial Puzzle","Ice Cream","Bronze Scales","Strawberry"],"acts_visited":["Exordium","TheCity","TheBeyond","TheEnding"],"potions_floor_usage":[55],"damage_taken":[{"damage":0.0,"enemies":"Jaw Worm","floor":1.0,"turns":4.0},{"damage":0.0,"enemies":"Small Slimes","floor":4.0,"turns":3.0},{"damage":6.0,"enemies":"Gremlin Nob","floor":6.0,"turns":3.0},{"damage":2.0,"enemies":"3 Sentries","floor":8.0,"turns":5.0},{"damage":0.0,"enemies":"Cultist","floor":10.0,"turns":3.0},{"damage":10.0,"enemies":"Gremlin Nob","floor":11.0,"turns":3.0},{"damage":3.0,"enemies":"Looter","floor":14.0,"turns":3.0},{"damage":7.0,"enemies":"The Guardian","floor":16.0,"turns":11.0},{"damage":0.0,"enemies":"Shell Parasite","floor":18.0,"turns":5.0},{"damage":0.0,"enemies":"3 Byrds","floor":19.0,"turns":3.0},{"damage":9.0,"enemies":"Cultist and Chosen","floor":21.0,"turns":5.0},{"damage":0.0,"enemies":"Slavers","floor":23.0,"turns":6.0},{"damage":0.0,"enemies":"3 Cultists","floor":24.0,"turns":4.0},{"damage":0.0,"enemies":"Book of Stabbing","floor":25.0,"turns":4.0},{"damage":0.0,"enemies":"Slavers","floor":28.0,"turns":5.0},{"damage":4.0,"enemies":"Gremlin Leader","floor":30.0,"turns":4.0},{"damage":0.0,"enemies":"Snecko","floor":31.0,"turns":4.0},{"damage":0.0,"enemies":"Automaton","floor":33.0,"turns":5.0},{"damage":0.0,"enemies":"3 Shapes","floor":35.0,"turns":2.0},{"damage":19.0,"enemies":"3 Darklings","floor":36.0,"turns":7.0},{"damage":12.0,"enemies":"Jaw Worm Horde","floor":39.0,"turns":3.0},{"damage":1.0,"enemies":"Maw","floor":41.0,"turns":5.0},{"damage":2.0,"enemies":"Giant Head","floor":42.0,"turns":4.0},{"damage":1.0,"enemies":"Transient","floor":44.0,"turns":5.0},{"damage":1.0,"enemies":"Jaw Worm Horde","floor":47.0,"turns":6.0},{"damage":1.0,"enemies":"Nemesis","floor":48.0,"turns":5.0},{"damage":1,"enemies":"Awakened One","floor":50,"turns":6},{"damage":0,"enemies":"Shield and Spear","floor":54,"turns":2},{"damage":57,"enemies":"The Heart","floor":55,"turns":5}],"seed_played":"-4054013167857430291","potions_obtained":[{"floor":6.0,"key":"SteroidPotion"},{"floor":8.0,"key":"LiquidBronze"},{"floor":11.0,"key":"ColorlessPotion"},{"floor":14.0,"key":"DistilledChaos"},{"floor":18.0,"key":"BlessingOfTheForge"},{"floor":23.0,"key":"Ancient Potion"},{"floor":30.0,"key":"BottledMiracle"},{"floor":35.0,"key":"BlessingOfTheForge"},{"floor":39.0,"key":"FairyPotion"},{"floor":41.0,"key":"FearPotion"}],"is_trial":false,"path_per_floor":["M","?","?","M","?","E","R","E","T","M","E","$","R","M","R","B",null,"M","M","?","M","$","E","M","E","T","R","E","T","E","M","R","B",null,"M","M","?","$","M","R","M","E","T","M","R","?","M","E","R","B",null,"R","$","E","B",null],"character_chosen":"WATCHER","items_purchased":["Pantograph","TheAbacus","MentalFortress","ClockworkSouvenir","War Paint","Girya","Kunai","Torii","CloakClasp","Mango","Adaptation+1","Adaptation+1","DollysMirror","Centennial Puzzle","Ice Cream","EmptyMind","Bronze Scales","AttackPotion"],"campfire_rested":0,"item_purchase_floors":[12,22,22,38,38,38,38,38,38,38,53,53,53,53,53,53,53,53],"current_hp_per_floor":[61,61,41,41,41,35,35,33,33,33,23,23,23,20,20,38,61,61,61,61,52,52,52,52,52,52,52,52,52,48,48,48,68,68,68,49,49,63,51,51,50,48,48,47,47,47,46,45,45,69,79,79,79,86,37],"gold":102,"neow_bonus":"BOSS_RELIC","is_daily":false,"chose_seed":false,"campfire_upgraded":5,"win_rate":0.0,"timestamp":1609331929,"path_taken":["M","?","?","?","?","E","R","E","T","?","E","$","R","M","R","BOSS","M","M","?","?","$","E","M","E","T","R","E","?","E","M","R","BOSS","M","M","?","$","M","R","M","E","T","M","R","?","M","E","R","BOSS","R","$","E","BOSS"],"items_purchased_type":["Relic","Relic","Card","Relic","Relic","Relic","Relic","Relic","Relic","Relic","Card","Card","Relic","Relic","Relic","Card","Relic","Potion"],"build_version":"2020-12-22","purchased_purges":2,"victory":true,"max_hp_per_floor":[68,68,68,68,68,68,68,68,68,68,68,68,68,68,68,68,68,68,68,68,68,68,68,68,68,68,68,68,68,68,68,68,68,68,68,68,68,82,82,82,82,82,82,82,82,82,82,82,82,82,82,82,82,89,89],"relic_stats":{"Torii":40,"counters":[29,130],"Blue Candle":[8],"PreservedInsect":432,"Pen Nib":[9],"Bag of Preparation":[54],"CloakClasp":[121],"War Paint":["EmptyMind","Vigilance"],"Lizard Tail":0,"Centennial Puzzle":[3],"TheAbacus":[210],"Busted Crown":18,"Gambling Chip":[58],"Pantograph":73,"Bronze Scales":[51],"Pandora\u0027s Box":["Tantrum","ReachHeaven","SpiritShield","Omniscience","Consecrate","MasterReality","EmptyFist","Wish"],"Tiny Chest":1,"Nloth\u0027s Gift":3,"Kunai":[37],"obtain_stats":[{"Ice Cream":53,"Torii":38,"Mango":38,"Bag of Preparation":5,"CloakClasp":38,"Whetstone":9,"TeardropLocket":25,"ClockworkSouvenir":38,"Lizard Tail":42,"Centennial Puzzle":53,"TheAbacus":22,"DollysMirror":53,"Gambling Chip":8,"Pantograph":12,"Strawberry":54,"Tiny Chest":6,"Kunai":38,"Girya":38,"Blue Candle":29,"PreservedInsect":11,"The Courier":28,"Pen Nib":43,"Frozen Egg 2":23,"War Paint":38,"Busted Crown":34,"Bronze Scales":53,"Pandora\u0027s Box":0,"Coffee Dripper":17,"Nloth\u0027s Gift":20,"PureWater":0,"Toy Ornithopter":30,"Pocketwatch":48},{"Ice Cream":27,"Torii":20,"Mango":20,"Bag of Preparation":2,"CloakClasp":20,"Whetstone":4,"TeardropLocket":14,"ClockworkSouvenir":20,"Lizard Tail":23,"Centennial Puzzle":27,"TheAbacus":11,"DollysMirror":27,"Gambling Chip":4,"Pantograph":6,"Strawberry":28,"Tiny Chest":3,"Kunai":20,"Girya":20,"Blue Candle":15,"PreservedInsect":6,"The Courier":15,"Pen Nib":23,"Frozen Egg 2":12,"War Paint":20,"Busted Crown":18,"Bronze Scales":27,"Pandora\u0027s Box":0,"Coffee Dripper":8,"Nloth\u0027s Gift":10,"PureWater":0,"Toy Ornithopter":16,"Pocketwatch":26},{"Ice Cream":123,"Torii":89,"Mango":89,"Bag of Preparation":7,"CloakClasp":89,"Whetstone":15,"TeardropLocket":62,"ClockworkSouvenir":89,"Lizard Tail":101,"Centennial Puzzle":123,"TheAbacus":48,"DollysMirror":123,"Gambling Chip":15,"Pantograph":21,"Strawberry":125,"Tiny Chest":10,"Kunai":89,"Girya":89,"Blue Candle":67,"PreservedInsect":21,"The Courier":67,"Pen Nib":101,"Frozen Egg 2":54,"War Paint":89,"Busted Crown":80,"Bronze Scales":123,"Pandora\u0027s Box":0,"Coffee Dripper":35,"Nloth\u0027s Gift":43,"PureWater":0,"Toy Ornithopter":71,"Pocketwatch":117}],"Toy Ornithopter":5,"Pocketwatch":[6]},"card_choices":[{"not_picked":["BowlingBash","WheelKick"],"picked":"Swivel","floor":1.0},{"not_picked":["FlyingSleeves","CutThroughFate","JustLucky"],"picked":"SKIP","floor":4.0},{"not_picked":["PathToVictory","Consecrate","FlyingSleeves"],"picked":"SKIP","floor":6.0},{"not_picked":["SashWhip","BattleHymn","Evaluate"],"picked":"SKIP","floor":8.0},{"not_picked":["Perseverance","Nirvana"],"picked":"FlurryOfBlows","floor":10.0},{"not_picked":["Wireheading","CutThroughFate"],"picked":"EmptyBody","floor":11.0},{"not_picked":["PathToVictory","SpiritShield","EmptyFist"],"picked":"SKIP","floor":14.0},{"not_picked":["Wish","LessonLearned"],"picked":"Establishment","floor":16.0},{"not_picked":["Evaluate","Halt","ThirdEye"],"picked":"SKIP","floor":18.0},{"not_picked":["BattleHymn","EmptyFist","SandsOfTime"],"picked":"SKIP","floor":19.0},{"not_picked":["CrushJoints","FlyingSleeves"],"picked":"Omniscience","floor":21.0},{"not_picked":["ClearTheMind+1","FlyingSleeves"],"picked":"BattleHymn+1","floor":23.0},{"not_picked":["CutThroughFate","Worship","BowlingBash"],"picked":"SKIP","floor":24.0},{"not_picked":["PathToVictory","Establishment+1","Crescendo"],"picked":"SKIP","floor":25.0},{"not_picked":["Perseverance","PathToVictory"],"picked":"EmptyMind","floor":28.0},{"not_picked":["WindmillStrike","Ragnarok"],"picked":"CutThroughFate","floor":30.0},{"not_picked":["Evaluate","Swivel+1","ReachHeaven"],"picked":"SKIP","floor":31.0},{"not_picked":["Blasphemy","Scrawl"],"picked":"Wish","floor":33.0},{"not_picked":["EmptyBody"],"picked":"SKIP","floor":35.0},{"not_picked":[],"picked":"CutThroughFate","floor":36.0},{"not_picked":["BowlingBash+1"],"picked":"SKIP","floor":39.0},{"not_picked":[],"picked":"Sanctity+1","floor":41.0},{"not_picked":["FlyingSleeves"],"picked":"SKIP","floor":42.0},{"not_picked":["BowlingBash"],"picked":"SKIP","floor":44.0},{"not_picked":[],"picked":"Wallop+1","floor":47.0},{"not_picked":["SandsOfTime"],"picked":"SKIP","floor":48.0},{"not_picked":[],"picked":"DevaForm+1","floor":54}],"player_experience":1217963,"relics_obtained":[{"floor":6.0,"key":"Tiny Chest"},{"floor":8.0,"key":"Gambling Chip"},{"floor":9.0,"key":"Whetstone"},{"floor":11.0,"key":"PreservedInsect"},{"floor":23.0,"key":"Frozen Egg 2"},{"floor":25.0,"key":"TeardropLocket"},{"floor":28.0,"key":"The Courier"},{"floor":29.0,"key":"Blue Candle"},{"floor":30.0,"key":"Toy Ornithopter"},{"floor":42.0,"key":"Lizard Tail"},{"floor":43.0,"key":"Pen Nib"},{"floor":48.0,"key":"Pocketwatch"},{"floor":54,"key":"Strawberry"}],"event_choices":[{"cards_removed":["MasterReality"],"damage_healed":0.0,"max_hp_gain":0.0,"max_hp_loss":0.0,"gold_gain":0.0,"event_name":"The Cleric","player_choice":"Card Removal","floor":2.0,"gold_loss":75.0,"damage_taken":0.0},{"damage_healed":0.0,"max_hp_gain":0.0,"max_hp_loss":0.0,"gold_gain":0.0,"event_name":"Shining Light","player_choice":"Entered Light","floor":3.0,"gold_loss":0.0,"damage_taken":20.0,"cards_upgraded":["Tantrum","Omniscience"]},{"cards_removed":["ReachHeaven"],"damage_healed":0.0,"max_hp_gain":0.0,"max_hp_loss":0.0,"gold_gain":0.0,"event_name":"WeMeetAgain","player_choice":"Gave Card","floor":5.0,"gold_loss":0.0,"damage_taken":0.0,"relics_obtained":["Bag of Preparation"]},{"damage_healed":0.0,"max_hp_gain":0.0,"max_hp_loss":0.0,"gold_gain":0.0,"event_name":"N\u0027loth","player_choice":"Traded Relic","floor":20.0,"relics_lost":["Whetstone"],"gold_loss":0.0,"damage_taken":0.0,"relics_obtained":["Nloth\u0027s Gift"]},{"damage_healed":0.0,"max_hp_gain":0.0,"max_hp_loss":0.0,"gold_gain":999.0,"event_name":"MindBloom","player_choice":"Gold","floor":37.0,"gold_loss":0.0,"damage_taken":0.0,"cards_obtained":["Normality","Normality"]},{"damage_healed":0.0,"max_hp_gain":0.0,"max_hp_loss":0.0,"gold_gain":0.0,"event_name":"SecretPortal","player_choice":"Ignored","floor":46.0,"gold_loss":0.0,"damage_taken":0.0}],"is_beta":false,"boss_relics":[{"not_picked":["Philosopher\u0027s Stone","VioletLotus"],"picked":"Coffee Dripper"},{"not_picked":["Runic Pyramid","SacredBark"],"picked":"Busted Crown"}],"items_purged_floors":[22,38],"is_endless":false,"potions_floor_spawned":[6,8,11,14,18,19,23,30,35,39,41,42],"ascension_level":16}}