{"host":"pszcj3piwl6eu8b1","time":1609302345,"event":{"mods":["2.2 Compatiblity","Act Like it!","Aspiration","BaseMod","Better Altar","Better Match","Better Note","Better Sensory Stone","Better Skull","Better Third Choice","Better Vampires","CCEM","Energized Spire","Evolution","Gensokyo","GifTheSpireLib","Hallownest","Hubris","Marisa????????","Minty Spire (QoL Compilation)","Permanent Neow","Quarter Circle Forward PUNCH!","Quick Restart","Replay The Spire","Shop Mod","StSLib","Stuff the Spire","The Animator","The Blue Laboratory"],"gold_per_floor":[109,125,125,154,164,51,51,81,158,158,2,2,22,50,50,127,127,396,396,396,283,326,326,377,377,377],"floor_reached":25,"playtime":2673,"items_purged":[],"score":418,"play_id":"89b9b2ad-7bf5-464b-b55d-dd5ece16f578","local_time":"20201229202545","is_ascension_mode":true,"campfire_choices":[{"data":"animator:KrulTepes","floor":10.0,"key":"SMITH"},{"floor":12.0,"key":"REST"},{"data":"animator:IrohaTamaki","floor":15.0,"key":"SMITH"},{"floor":23.0,"key":"REST"}],"circlet_count":0,"master_deck":["AscendersBane","animator:Strike_MadokaMagica","animator:Defend_MadokaMagica","animator:Strike","animator:Strike","animator:Defend","animator:Defend","animator:IrohaTamaki+1","animator:YuiTsuruno","animator:KrulTepes+1","animator:Raven","animator:ZankiKiguchi","animator:HomuraAkemi+1","animator:Shizu+1","animator:Boros+1","animator:IrohaTamaki","Gensokyo:DepletedGenerator","animator:OrikoMikuni","animator:Entoma+4","animator:Ainz","animator:GoblinSlayer+1","animator:Elesis+1","animator:Gilgamesh+3"],"relics":["animator:LivingPicture","StuffTheSpire:OccultApparatus","EVO:Axolotl","animator:PurgingStone","hubris:Towel","animator:WornHelmet","StuffTheSpire:EmeraldSignet","Blood Vial","Replay:Wax Seal","Blood Vial","aspiration:SecretTechniqueScroll","Boot","Gensokyo:RedStar","CCEMRelics:GrapeVine","Replay:Kaleidoscope"],"acts_visited":["Gensokyo:Gensokyo","Gensokyo:Gensokyoer"],"potions_floor_usage":[25],"damage_taken":[{"damage":10.0,"enemies":"Gensokyo:Gryphon","floor":1.0,"turns":4.0},{"damage":0.0,"enemies":"Gensokyo:Python","floor":2.0,"turns":3.0},{"damage":2.0,"enemies":"Gensokyo:2_Kodama","floor":4.0,"turns":4.0},{"damage":18.0,"enemies":"Gensokyo:Gryphon_and_Rabbit","floor":5.0,"turns":7.0},{"damage":16.0,"enemies":"Gensokyo:Aya","floor":8.0,"turns":5.0},{"damage":0.0,"enemies":"Gensokyo:LivingMonolith","floor":13.0,"turns":4.0},{"damage":17.0,"enemies":"Gensokyo:Mamizou","floor":14.0,"turns":13.0},{"damage":41.0,"enemies":"Gensokyo:Yukari","floor":16.0,"turns":13.0},{"damage":40.0,"enemies":"Gensokyo:2_Gloops","floor":18.0,"turns":6.0},{"damage":18.0,"enemies":"Gensokyo:3_Dogs","floor":22.0,"turns":6.0},{"damage":8.0,"enemies":"Gensokyo:Reisen","floor":24.0,"turns":7.0},{"damage":49,"enemies":"Gensokyo:Chomper_and_Gloop","floor":25,"turns":6}],"seed_played":"-5084365406083449282","potions_obtained":[{"floor":2.0,"key":"Flashbang"},{"floor":4.0,"key":"blueLaboratory:LouseDecoction"},{"floor":14.0,"key":"Regen Potion"},{"floor":18.0,"key":"Weak Potion"}],"is_trial":false,"path_per_floor":["M","M","?","M","M","?","?","E","T","R","COS","R","M","E","R","B",null,"M","?","?","?","M","R","E","M"],"character_chosen":"THE_ANIMATOR","items_purchased":[],"campfire_rested":2,"item_purchase_floors":[],"current_hp_per_floor":[44,44,44,42,24,24,24,13,13,13,13,29,35,24,24,27,48,16,16,16,17,10,28,34,0,0],"gold":377,"neow_bonus":"REMOVE_TWO","is_daily":false,"chose_seed":false,"campfire_upgraded":2,"win_rate":0.0,"timestamp":1609302345,"path_taken":["M","M","?","M","M","?","?","E","T","R","COS","R","?","E","R","BOSS","M","?","?","?","M","R","E","M"],"items_purchased_type":[],"build_version":"2020-12-22","purchased_purges":0,"victory":false,"max_hp_per_floor":[54,54,54,54,54,54,54,54,54,54,54,54,55,55,55,55,55,57,57,57,58,60,60,62,64,64],"card_choices":[{"not_picked":["animator:Laby","animator:KrulTepes","animator:Alexander"],"picked":"SKIP","floor":1.0},{"not_picked":["animator:Laby","animator:Alexander"],"picked":"animator:KrulTepes","floor":1.0},{"not_picked":["animator:Witch","animator:Demiurge","animator:Priestess"],"picked":"SKIP","floor":2.0},{"not_picked":["animator:Spearman","animator:Jibril"],"picked":"animator:Raven","floor":4.0},{"not_picked":["animator:Tatsumaki","animator:ChlammyZell"],"picked":"animator:ZankiKiguchi","floor":5.0},{"not_picked":["animator:Envy+1","animator:Ainz+1"],"picked":"animator:HomuraAkemi+1","floor":6.0},{"not_picked":["animator:HigakiRinne+1","animator:Shiro+1"],"picked":"animator:Shizu+1","floor":6.0},{"not_picked":["animator:ChaikaTrabant+1","animator:Greed+1"],"picked":"animator:Boros+1","floor":6.0},{"not_picked":["animator:Shuna","animator:Rena"],"picked":"animator:IrohaTamaki","floor":8.0},{"not_picked":["animator:UneriGinkaku","animator:Chris"],"picked":"animator:OrikoMikuni","floor":13.0},{"not_picked":["animator:NarberalGamma","animator:CowGirl"],"picked":"animator:Entoma","floor":14.0},{"not_picked":["animator:HomuraAkemi","animator:Albedo"],"picked":"animator:Ainz","floor":16.0},{"not_picked":["animator:HighElfArcher","animator:TsurugaMeisai","animator:Sonic"],"picked":"SKIP","floor":18.0},{"not_picked":["animator:ItamiYouji+1","animator:Greed+1"],"picked":"animator:GoblinSlayer+1","floor":21.0},{"not_picked":["animator:Guren+1","animator:HigakiRinne+1"],"picked":"animator:Elesis+1","floor":21.0},{"not_picked":["animator:Albedo+1","animator:Greed+1"],"picked":"animator:Gilgamesh+1","floor":21.0},{"not_picked":["animator:CowGirl","animator:Mikaela","animator:Cocytus"],"picked":"SKIP","floor":22.0},{"not_picked":["animator:EmiyaShirou","animator:Tatsumaki","animator:ChlammyZell"],"picked":"SKIP","floor":24.0}],"player_experience":1348020,"relics_obtained":[{"floor":8.0,"key":"animator:WornHelmet"},{"floor":9.0,"key":"StuffTheSpire:EmeraldSignet"},{"floor":14.0,"key":"Blood Vial"},{"floor":14.0,"key":"Replay:Wax Seal"},{"floor":16.0,"key":"Blood Vial"},{"floor":24.0,"key":"Replay:Kaleidoscope"}],"event_choices":[{"damage_healed":0.0,"max_hp_gain":0.0,"max_hp_loss":0.0,"gold_gain":0.0,"event_name":"betterMatch:BetterMatch","player_choice":"3","floor":6.0,"gold_loss":0.0,"damage_taken":0.0,"cards_obtained":["betterMatch:RareCard"]},{"damage_healed":0.0,"max_hp_gain":0.0,"max_hp_loss":0.0,"gold_gain":0.0,"event_name":"betterMatch:BetterMatch","player_choice":"3","floor":21.0,"gold_loss":0.0,"damage_taken":0.0,"cards_obtained":["betterMatch:RareCard"]}],"is_beta":false,"boss_relics":[{"not_picked":["ChewingGum","energizedSpire:StickyHand"],"picked":"aspiration:SecretTechniqueScroll"}],"items_purged_floors":[],"is_endless":false,"potions_floor_spawned":[2,4,14,18],"killed_by":"Gensokyo:Chomper_and_Gloop","ascension_level":20}}