{"host":"sz8c8ni79nvzjmmg","time":1609291005,"event":{"mods":["AchievementEnabler","BaseMod","DeckTracker","Keyboard Shortcuts","Minty Spire (QoL Compilation)","SuperFastMode"],"gold_per_floor":[119,194,194,212,225,252,268,248,300,315,315,58,58,73,73,147,147,157,157,207,207,207,207,207,207,207,207,217,231,146,166,166,166,166],"floor_reached":33,"playtime":1343,"items_purged":[],"score":490,"play_id":"e052687f-37a0-47df-8c1f-a765dc13c840","local_time":"20201230101645","is_ascension_mode":true,"campfire_choices":[{"floor":11.0,"key":"REST"},{"data":"Recycle","floor":13.0,"key":"SMITH"},{"data":"Zap","floor":15.0,"key":"SMITH"},{"floor":23.0,"key":"REST"},{"data":"Seek","floor":27.0,"key":"SMITH"},{"data":"Consume","floor":32.0,"key":"SMITH"}],"circlet_count":0,"master_deck":["AscendersBane","Strike_B","Strike_B","Strike_B","Strike_B","Defend_B","Defend_B","Defend_B","Defend_B","Zap+1","Dualcast","Glacier","Recycle+1","Sweeping Beam","Compile Driver","Core Surge","Gash","Seek+1","Hologram","Gash","Consume+1","FTL"],"relics":["Cracked Core","NeowsBlessing","Shuriken","Pen Nib","TheAbacus","Inserter","Lantern","Bottled Lightning","Tiny Chest","Mummified Hand"],"acts_visited":["Exordium","TheCity"],"potions_floor_usage":[33],"damage_taken":[{"damage":0.0,"enemies":"Small Slimes","floor":1.0,"turns":1.0},{"damage":0.0,"enemies":"2 Louse","floor":4.0,"turns":1.0},{"damage":0.0,"enemies":"Cultist","floor":5.0,"turns":1.0},{"damage":37.0,"enemies":"Lagavulin","floor":6.0,"turns":13.0},{"damage":8.0,"enemies":"Large Slime","floor":7.0,"turns":11.0},{"damage":0.0,"enemies":"Red Slaver","floor":10.0,"turns":3.0},{"damage":0.0,"enemies":"2 Fungi Beasts","floor":14.0,"turns":2.0},{"damage":1.0,"enemies":"The Guardian","floor":16.0,"turns":15.0},{"damage":22.0,"enemies":"Shell Parasite","floor":18.0,"turns":8.0},{"damage":3.0,"enemies":"3 Byrds","floor":28.0,"turns":5.0},{"damage":19.0,"enemies":"Sentry and Sphere","floor":29.0,"turns":5.0},{"damage":4.0,"enemies":"Chosen and Byrds","floor":31.0,"turns":6.0},{"damage":27,"enemies":"Automaton","floor":33,"turns":6}],"seed_played":"-2575942541295268995","potions_obtained":[{"floor":1.0,"key":"DistilledChaos"},{"floor":7.0,"key":"PotionOfCapacity"},{"floor":8.0,"key":"FearPotion"},{"floor":10.0,"key":"Explosive Potion"},{"floor":16.0,"key":"Fire Potion"},{"floor":28.0,"key":"EntropicBrew"}],"is_trial":false,"path_per_floor":["M","?","?","M","M","E","M","?","T","M","R","$","R","M","R","B",null,"M","T","?","?","?","R","?","T","T","R","M","M","?","M","R","B"],"character_chosen":"DEFECT","items_purchased":["TheAbacus","Core Surge"],"campfire_rested":2,"item_purchase_floors":[12,12],"current_hp_per_floor":[64,53,53,53,53,16,8,8,8,8,29,29,29,29,29,28,60,38,38,38,18,18,40,40,40,40,40,37,18,18,14,14,0,0],"gold":166,"neow_bonus":"THREE_ENEMY_KILL","is_daily":false,"chose_seed":false,"campfire_upgraded":4,"win_rate":0.0,"timestamp":1609291005,"path_taken":["M","?","?","?","M","E","M","?","T","M","R","$","R","M","R","BOSS","M","?","?","?","?","R","?","?","T","R","?","M","?","M","R","BOSS"],"items_purchased_type":["Relic","Card"],"build_version":"2020-12-22","purchased_purges":0,"victory":false,"max_hp_per_floor":[71,71,71,71,71,71,71,71,71,71,71,71,71,71,71,71,71,71,71,71,76,76,76,76,76,76,76,76,76,76,76,76,76,76],"card_choices":[{"not_picked":["Steam Power","Chaos"],"picked":"Conserve Battery","floor":1.0},{"not_picked":["Coolheaded","Leap"],"picked":"Glacier","floor":4.0},{"not_picked":["Beam Cell","Auto Shields"],"picked":"Recycle","floor":5.0},{"not_picked":["Gash","Lockon","Melter"],"picked":"SKIP","floor":6.0},{"not_picked":["Force Field","Chaos"],"picked":"Sweeping Beam","floor":7.0},{"not_picked":["Sweeping Beam","Streamline"],"picked":"Compile Driver","floor":10.0},{"not_picked":["Loop","Machine Learning"],"picked":"Gash","floor":14.0},{"not_picked":["Reboot","Rainbow"],"picked":"Seek","floor":16.0},{"not_picked":["Capacitor","Go for the Eyes"],"picked":"Hologram","floor":18.0},{"not_picked":["BootSequence","Chaos"],"picked":"Gash","floor":28.0},{"not_picked":["Ball Lightning","Skim"],"picked":"Consume","floor":29.0},{"not_picked":["Sunder","Aggregate"],"picked":"FTL","floor":31.0}],"player_experience":1215038,"relics_obtained":[{"floor":6.0,"key":"Pen Nib"},{"floor":19.0,"key":"Lantern"},{"floor":25.0,"key":"Bottled Lightning"},{"floor":26.0,"key":"Tiny Chest"}],"event_choices":[{"damage_healed":0.0,"max_hp_gain":0.0,"max_hp_loss":0.0,"gold_gain":75.0,"event_name":"World of Goop","player_choice":"Gather Gold","floor":2.0,"gold_loss":0.0,"damage_taken":11.0},{"cards_removed":["Conserve Battery"],"damage_healed":0.0,"max_hp_gain":0.0,"max_hp_loss":0.0,"gold_gain":0.0,"event_name":"WeMeetAgain","player_choice":"Gave Card","floor":3.0,"gold_loss":0.0,"damage_taken":0.0,"relics_obtained":["Shuriken"]},{"damage_healed":0.0,"max_hp_gain":0.0,"max_hp_loss":0.0,"gold_gain":0.0,"event_name":"The Woman in Blue","player_choice":"Bought 1 Potion","floor":8.0,"gold_loss":0.0,"damage_taken":0.0},{"damage_healed":0.0,"max_hp_gain":0.0,"max_hp_loss":0.0,"gold_gain":50.0,"event_name":"Nest","player_choice":"Stole From Cult","floor":20.0,"gold_loss":0.0,"damage_taken":0.0},{"damage_healed":0.0,"max_hp_gain":5.0,"max_hp_loss":0.0,"gold_gain":0.0,"event_name":"Forgotten Altar","player_choice":"Shed Blood","floor":21.0,"gold_loss":0.0,"damage_taken":25.0},{"damage_healed":0.0,"max_hp_gain":0.0,"max_hp_loss":0.0,"gold_gain":0.0,"event_name":"The Mausoleum","player_choice":"Ignored","floor":22.0,"gold_loss":0.0,"damage_taken":0.0},{"damage_healed":0.0,"max_hp_gain":0.0,"max_hp_loss":0.0,"gold_gain":0.0,"event_name":"Ghosts","player_choice":"Ignored","floor":24.0,"gold_loss":0.0,"damage_taken":0.0},{"damage_healed":0.0,"max_hp_gain":0.0,"max_hp_loss":0.0,"gold_gain":0.0,"event_name":"Addict","player_choice":"Obtained Relic","floor":30.0,"gold_loss":85.0,"damage_taken":0.0,"relics_obtained":["Mummified Hand"]}],"is_beta":false,"boss_relics":[{"not_picked":["SacredBark","Empty Cage"],"picked":"Inserter"}],"items_purged_floors":[],"is_endless":false,"potions_floor_spawned":[1,7,10,16,28,29],"killed_by":"Automaton","ascension_level":20}}