{"host":"w3q5ijqu8eoknil3","time":1609287494,"event":{"mods":["AchievementEnabler","BaseMod","Block Reminder","Colored Powertips","Minty Spire (QoL Compilation)","Quick Restart","Relic Stats","ojb\u0027s Better Paths Mod","ojb\u0027s Info Mod","slay the spire mod where everything is the same but ironclad has a cowboy hat"],"gold_per_floor":[115,115,115,115,136,169,169,209,209,209,234,234,275,57,57,57,57],"floor_reached":16,"playtime":380,"items_purged":["Strike_G"],"score":247,"play_id":"6d9ee116-c452-43d5-bbaa-d751122fd8c4","local_time":"20201230001814","is_ascension_mode":true,"campfire_choices":[{"data":"Noxious Fumes","floor":7,"key":"SMITH"},{"data":"Crippling Poison","floor":10,"key":"SMITH"},{"data":"Survivor","floor":12,"key":"SMITH"},{"data":"Dagger Spray","floor":15,"key":"SMITH"}],"circlet_count":0,"master_deck":["AscendersBane","Strike_G","Strike_G","Strike_G","Strike_G","Defend_G","Defend_G","Defend_G","Defend_G","Defend_G","Survivor+1","Neutralize","Noxious Fumes+1","Dagger Spray+1","Masterful Stab","Crippling Poison+1","Blade Dance","Well Laid Plans+1"],"relics":["Ring of the Snake","NeowsBlessing","Golden Idol","PreservedInsect","Tiny Chest","Letter Opener","Frozen Egg 2","OrangePellets"],"acts_visited":["Exordium"],"potions_floor_usage":[8,13],"damage_taken":[{"damage":0,"enemies":"2 Louse","floor":1,"turns":1},{"damage":0,"enemies":"Small Slimes","floor":5,"turns":1},{"damage":0,"enemies":"Lagavulin","floor":6,"turns":1},{"damage":27,"enemies":"Gremlin Nob","floor":8,"turns":4},{"damage":1,"enemies":"Jaw Worm","floor":11,"turns":4},{"damage":14,"enemies":"Lagavulin","floor":13,"turns":6},{"damage":23,"enemies":"Slime Boss","floor":16,"turns":3}],"seed_played":"4289341631507293550","potions_obtained":[{"floor":6,"key":"BlessingOfTheForge"},{"floor":8,"key":"Ancient Potion"}],"is_trial":false,"path_per_floor":["M","?","?","$","M","E","R","E","T","R","M","R","E","$","R","B"],"character_chosen":"THE_SILENT","items_purchased":["OrangePellets"],"campfire_rested":0,"item_purchase_floors":[14],"current_hp_per_floor":[59,59,59,59,59,59,59,32,32,32,31,31,17,17,17,0,0],"gold":57,"neow_bonus":"THREE_ENEMY_KILL","is_daily":false,"chose_seed":false,"campfire_upgraded":4,"win_rate":0.0,"timestamp":1609287494,"path_taken":["M","?","?","?","M","E","R","E","T","R","M","R","E","$","R","BOSS"],"items_purchased_type":["Relic"],"build_version":"2020-12-22","purchased_purges":1,"victory":false,"max_hp_per_floor":[66,60,60,60,60,60,60,60,60,60,60,60,60,60,60,60,60],"relic_stats":{"OrangePellets":[0],"counters":[7,20],"Golden Idol":32,"Tiny Chest":0,"PreservedInsect":52,"Letter Opener":[0],"obtain_stats":[{"OrangePellets":14,"NeowsBlessing":0,"Golden Idol":2,"Tiny Chest":8,"PreservedInsect":6,"Letter Opener":9,"Frozen Egg 2":13,"Ring of the Snake":0},{"OrangePellets":6,"NeowsBlessing":0,"Golden Idol":1,"Tiny Chest":4,"PreservedInsect":3,"Letter Opener":4,"Frozen Egg 2":6,"Ring of the Snake":0},{"OrangePellets":17,"NeowsBlessing":0,"Golden Idol":1,"Tiny Chest":7,"PreservedInsect":3,"Letter Opener":7,"Frozen Egg 2":17,"Ring of the Snake":0}],"Ring of the Snake":[14]},"card_choices":[{"not_picked":["Flying Knee","Prepared"],"picked":"Noxious Fumes","floor":1},{"not_picked":["Finisher","Flechettes"],"picked":"Dagger Spray","floor":5},{"not_picked":["Accuracy","Underhanded Strike"],"picked":"Masterful Stab","floor":6},{"not_picked":["Deflect","Eviscerate"],"picked":"Crippling Poison","floor":8},{"not_picked":["Accuracy","Infinite Blades"],"picked":"Blade Dance","floor":11},{"not_picked":["Escape Plan","Slice"],"picked":"Well Laid Plans+1","floor":13}],"player_experience":960351,"relics_obtained":[{"floor":6,"key":"PreservedInsect"},{"floor":8,"key":"Tiny Chest"},{"floor":9,"key":"Letter Opener"},{"floor":13,"key":"Frozen Egg 2"}],"event_choices":[{"damage_healed":0,"gold_gain":0,"player_choice":"Lose Max HP","damage_taken":0,"relics_obtained":["Golden Idol"],"max_hp_gain":0,"max_hp_loss":6,"event_name":"Golden Idol","floor":2,"gold_loss":0},{"damage_healed":0,"gold_gain":0,"player_choice":"Leave","damage_taken":0,"max_hp_gain":0,"max_hp_loss":0,"event_name":"The Cleric","floor":3,"gold_loss":0}],"is_beta":false,"boss_relics":[],"items_purged_floors":[14],"is_endless":false,"potions_floor_spawned":[6,8],"killed_by":"Slime Boss","ascension_level":15}}