{"host":"y7b1p9nkx4idorr2","time":1609324067,"event":{"mods":["AchievementEnabler","Act Like it!","Aspiration","Bard","BaseMod","Beaked The Cultist","Better Altar","Better Match","Better Note","Better Sensory Stone","Better Skull","Better Third Choice","BetterRewards","CCEM","Colored Map","Conspire","Downfall","GifTheSpireLib","Googly Eyes","Halation","Hallownest","Hermit","Highlight Path","Hubris","Hunter ??","Infinite Spire","Jedi Mod","Jorbs\u0027s Wanderer Trilogy","Mad Scientist","Marisa????????","Mimic Mod","Minty Spire (QoL Compilation)","Permanent Neow","Replay The Spire","Shade Mod","Shop Mod","Spicy Shops","StSLib","Stuff the Spire","The Administrix","The Blackbeard","The Bug Knight","The Construct","The Cursed","The Disciple","The Gatherer","The Hierophant","The Jungle","The Mystic","The Necromancer","The Problem Sleuth","The Runesmith","The Servant 0.9.4","The Spell Scribe","The Witch","Unceasing Turn Reminder"],"gold_per_floor":[114,114,133,150,22,50,64,64,101,101,101],"floor_reached":10,"playtime":721,"items_purged":[],"score":112,"play_id":"a7f2a425-20e5-4e7f-b79f-b02814a38a5b","local_time":"20201230042747","is_ascension_mode":true,"campfire_choices":[{"data":"Fusion","floor":8,"key":"SMITH"}],"circlet_count":0,"master_deck":["AscendersBane","Strike_B","Strike_B","Strike_B","Defend_B","Defend_B","Defend_B","Defend_B","Zap","Dualcast","Fusion+1","White Noise","Chaos","Loop","Loop","Fusion","Sweeping Beam"],"relics":["Cracked Core","CCEMRelics:JestersCrown","Runic Capacitor","hubris:OldNail","ReplayFunnel"],"acts_visited":["Exordium"],"potions_floor_usage":[7,10],"damage_taken":[{"damage":0,"enemies":"conspire:RoseBush","floor":1,"turns":3},{"damage":0,"enemies":"Cultist","floor":3,"turns":4},{"damage":9,"enemies":"infinitespire:Voidling","floor":4,"turns":4},{"damage":29,"enemies":"Replay:BlueRogue","floor":6,"turns":9},{"damage":8,"enemies":"Large Slime","floor":7,"turns":7},{"damage":8,"enemies":"Lots of Slimes","floor":9,"turns":7},{"damage":21,"enemies":"Lagavulin","floor":10,"turns":4}],"seed_played":"6466558317283585790","potions_obtained":[{"floor":4,"key":"BlessingOfTheForge"},{"floor":6,"key":"FocusPotion"},{"floor":7,"key":"SteroidPotion"}],"is_trial":false,"path_per_floor":["M","?","M","M","$","E","M","R","MIM","E"],"character_chosen":"DEFECT","items_purchased":["Loop","Runic Capacitor"],"campfire_rested":0,"item_purchase_floors":[5,5],"current_hp_per_floor":[68,68,68,59,59,30,22,22,14,0,0],"gold":101,"neow_bonus":"RANDOM_COMMON_RELIC","is_daily":false,"chose_seed":false,"campfire_upgraded":1,"win_rate":0.0,"timestamp":1609324067,"path_taken":["M","?","M","?","$","E","M","R","MIM","E"],"items_purchased_type":["Card","Relic"],"build_version":"2020-12-22","purchased_purges":0,"victory":false,"max_hp_per_floor":[75,75,75,75,75,75,75,75,75,75,75],"card_choices":[{"not_picked":["jedi:BurstLightning","Go for the Eyes"],"picked":"Fusion","floor":1},{"not_picked":["Compile Driver","StuffTheSpire:Rend"],"picked":"White Noise","floor":3},{"not_picked":["Streamline","Consume"],"picked":"Chaos","floor":4},{"not_picked":["jedi:blockon","ReplayGash","Stack"],"picked":"SKIP","floor":6},{"not_picked":["Darkness","Stack"],"picked":"Fusion","floor":7},{"not_picked":["jedi:BurstFrost","Streamline"],"picked":"Sweeping Beam","floor":9}],"player_experience":2194929,"relics_obtained":[{"floor":6,"key":"hubris:OldNail"},{"floor":9,"key":"ReplayFunnel"}],"event_choices":[{"cards_removed":["Strike_B"],"damage_healed":0,"gold_gain":0,"player_choice":"Offered Basic","damage_taken":0,"max_hp_gain":0,"max_hp_loss":0,"event_name":"Bonfire Elementals","floor":2,"gold_loss":0}],"is_beta":false,"boss_relics":[],"items_purged_floors":[],"is_endless":false,"potions_floor_spawned":[4,6,7],"killed_by":"Lagavulin","ascension_level":13}}