{"host":"28wx1s78lfgm5n5a","time":1609317431,"event":{"mods":["BaseMod","Energized Spire","Gold Saver","Highlight Path","Minty Spire (QoL Compilation)","Replay The Spire","StSLib","TestMod","Waifu the Spire","【遗物卡牌】REMEMod"],"gold_per_floor":[1414,1489,1889,1266,1266,1266,1279,1305,1327,1327,1342,790,790,802,802,904,904,913,913,922,2999,2032,2056,1996,2030,2056,2056,2081,2081,2179,2179,2179,2279,2279,2297,2311,1401,1401,1401,1427,1442,1442,1442,1148,1162,1195,1195,1204,1204,1204,1204,1204,370,396,396],"floor_reached":56,"playtime":2813,"items_purged":["Strike_G","Strike_G","Strike_G","Strike_G","Defend_G+1"],"score":1572,"play_id":"3e01db54-1918-4e96-a4aa-74fd5b267e10","local_time":"20201230163711","is_ascension_mode":true,"campfire_choices":[{"data":"REME_ACTH","floor":6,"key":"SMITH"},{"data":"Blade Dance","floor":10,"key":"SMITH"},{"floor":13,"key":"RECALL"},{"data":"1","floor":15,"key":"LIFT"},{"data":"2","floor":32,"key":"LIFT"},{"data":"3","floor":42,"key":"LIFT"},{"data":"A Thousand Cuts","floor":47,"key":"SMITH"},{"data":"Hidden Blade","floor":49,"key":"SMITH"},{"data":"Storm of Steel","floor":52,"key":"SMITH"}],"circlet_count":0,"master_deck":["Defend_G+1","Defend_G+1","Defend_G+1","Defend_G+1","Survivor","Neutralize","REME_ACTH+1","Blade Dance","Blade Dance+1","Backflip","After Image","Storm of Steel+1","Calculated Gamble+1","Hidden Blade+1","A Thousand Cuts+1","Accuracy","Expertise","Backflip"],"relics":["testmod-Fanaticism","testmod-Prudence","testmod-Charity","Replay:WaspNest","Replay:Rubber Ducky","Replay:Baseball","REME_CardOfGreed","Girya","Black Star","Nloth\u0027s Gift","Durian","ReplayTheSpireMod:Lightbulb","TwistedFunnel","Chameleon Ring","testmod-Acrobat","Sundial","Replay:Bottled Eggs","ReplayTheSpireMod:Ring of Challenge","Orichalcum","energizedSpire:NeverEndingSparkler","testmod-ThousandKnives","Medical Kit","Du-Vu Doll","testmod-InjuryResistance","Regal Pillow","Snack Pack","testmod-HeartOfStrike","Bottled Tornado","Gremlin Food","ReplayTheSpireMod:Shallot","Ornamental Fan","testmod-LifeArmor","FossilizedHelix"],"acts_visited":["Exordium","TheCity","TheBeyond","TheEnding"],"potions_floor_usage":[8,8,16,16,22,55,55,55,55],"damage_taken":[{"damage":0,"enemies":"Small Slimes","floor":1,"turns":2},{"damage":9,"enemies":"2 Louse","floor":7,"turns":2},{"damage":32,"enemies":"Gremlin Nob","floor":8,"turns":4},{"damage":0,"enemies":"Cultist","floor":11,"turns":2},{"damage":0,"enemies":"2 Fungi Beasts","floor":14,"turns":2},{"damage":5,"enemies":"Fading Forest","floor":16,"turns":11},{"damage":11,"enemies":"Shell Parasite","floor":18,"turns":2},{"damage":0,"enemies":"3 Byrds","floor":20,"turns":2},{"damage":19,"enemies":"Shelled Parasite and Fungi","floor":21,"turns":2},{"damage":0,"enemies":"REME_1_Revenger","floor":23,"turns":2},{"damage":33,"enemies":"Gremlin Leader","floor":25,"turns":4},{"damage":0,"enemies":"Centurion and Healer","floor":28,"turns":4},{"damage":0,"enemies":"Automaton","floor":33,"turns":8},{"damage":7,"enemies":"Orb Walker","floor":35,"turns":2},{"damage":0,"enemies":"3 Darklings","floor":36,"turns":3},{"damage":0,"enemies":"Giant Head","floor":40,"turns":4},{"damage":0,"enemies":"Maw","floor":41,"turns":3},{"damage":0,"enemies":"Transient","floor":45,"turns":5},{"damage":0,"enemies":"Reptomancer","floor":46,"turns":2},{"damage":0,"enemies":"4 Shapes","floor":48,"turns":2},{"damage":20,"enemies":"Awakened One","floor":50,"turns":4},{"damage":2,"enemies":"Shield and Spear","floor":54,"turns":3},{"damage":0,"enemies":"The Heart","floor":55,"turns":5}],"seed_played":"-3818659620283457561","potions_obtained":[{"floor":1,"key":"AttackPotion"},{"floor":8,"key":"PowerPotion"},{"floor":11,"key":"Elixir"},{"floor":28,"key":"GhostInAJar"},{"floor":41,"key":"EntropicBrew"}],"is_trial":false,"path_per_floor":["M","?","?","$","?","R","M","E","T","R","M","$","R","M","R","B",null,"M","?","M","M","$","E","?","E","T","?","M","?","?","T","R","B",null,"M","M","$","?","?","E","M","R","T","$","M","E","R","M","R","B",null,"R","$","E","B",null],"character_chosen":"THE_SILENT","items_purchased":["testmod-Charity","Replay:WaspNest","FairyPotion","AttackPotion","REME_CardOfGreed","Girya","Durian","ReplayTheSpireMod:Lightbulb","TwistedFunnel","Fruit Juice","Elixir","PowerPotion","Hidden Blade","testmod-ThousandKnives","Medical Kit","Du-Vu Doll","testmod-HeartOfStrike","ReplayTheSpireMod:Shallot","Ornamental Fan","Accuracy","Expertise","Backflip"],"campfire_rested":0,"item_purchase_floors":[4,4,4,4,12,12,22,22,22,22,22,22,37,37,37,37,44,53,53,53,53,53],"current_hp_per_floor":[70,59,59,59,70,70,64,34,35,35,36,36,36,37,37,43,76,75,75,76,79,89,90,90,106,107,107,118,93,94,94,94,130,160,164,173,173,173,173,189,211,211,211,211,236,246,246,257,257,284,284,284,284,295,325],"gold":396,"neow_bonus":"BOSS_RELIC","is_daily":false,"chose_seed":false,"campfire_upgraded":5,"win_rate":0.0,"timestamp":1609317431,"path_taken":["M","?","?","$","?","R","?","E","T","R","M","$","R","M","R","BOSS","M","?","?","M","$","E","?","E","T","?","M","?","?","?","R","BOSS","M","M","$","?","?","E","M","R","T","$","M","E","R","M","R","BOSS","R","$","E","BOSS"],"items_purchased_type":["Relic","Relic","Potion","Potion","Relic","Relic","Relic","Relic","Relic","Potion","Potion","Potion","Card","Relic","Relic","Relic","Relic","Relic","Relic","Card","Card","Card"],"build_version":"2020-12-22","purchased_purges":5,"victory":true,"max_hp_per_floor":[70,70,70,70,70,70,71,72,73,73,74,74,74,75,75,76,76,77,77,78,79,89,90,90,106,107,107,118,123,124,124,124,160,160,168,177,177,177,177,193,215,215,215,215,236,246,246,257,257,284,284,284,284,295,325],"card_choices":[{"not_picked":["Backflip","Outmaneuver"],"picked":"Blade Dance","floor":1},{"not_picked":["PiercingWail","Quick Slash","Flechettes"],"picked":"SKIP","floor":7},{"not_picked":["Slice","Prepared"],"picked":"Blade Dance","floor":8},{"not_picked":["Prepared","Quick Slash"],"picked":"Backflip","floor":11},{"not_picked":["Venomology","Skewer","Blade Dance"],"picked":"SKIP","floor":14},{"not_picked":["Dagger Throw","Backstab","Prepared"],"picked":"SKIP","floor":18},{"not_picked":["Poisoned Stab","Well Laid Plans","Deadly Poison"],"picked":"SKIP","floor":20},{"not_picked":["ReplayTheSpireMod:Speed Training+1","Distraction"],"picked":"After Image","floor":21},{"not_picked":["Unload","ReplayTheSpireMod:Shiv Toss","Blur"],"picked":"SKIP","floor":23},{"not_picked":["Flying Knee","ReplayTheSpireMod:Speed Training","Tools of the Trade"],"picked":"SKIP","floor":25},{"not_picked":["Sneak Up","REME_GreenPollution","Caltrops"],"picked":"SKIP","floor":28},{"not_picked":["Die Die Die","Tools of the Trade"],"picked":"Storm of Steel","floor":33},{"not_picked":["Deadly Poison","REME_GreenPollution+1"],"picked":"Calculated Gamble+1","floor":35},{"not_picked":["ReplayTheSpireMod:Exploit Weakness+1","Sucker Punch","Dash+1"],"picked":"SKIP","floor":36},{"not_picked":["Hidden Blade","Dodge and Roll+1"],"picked":"A Thousand Cuts","floor":40},{"not_picked":["Eviscerate+1","Masterful Stab+1","Underhanded Strike"],"picked":"SKIP","floor":41},{"not_picked":["Prepared","Deflect+1","Calculated Gamble"],"picked":"SKIP","floor":45},{"not_picked":["Flying Knee","Deflect+1","Infinite Blades"],"picked":"SKIP","floor":46},{"not_picked":["Riddle With Holes","Die Die Die","Backflip+1"],"picked":"SKIP","floor":48},{"not_picked":["Wraith Form v2","Hidden Blade","Corpse Explosion"],"picked":"SKIP","floor":54}],"player_experience":93992,"relics_obtained":[{"floor":8,"key":"Replay:Rubber Ducky"},{"floor":9,"key":"Replay:Baseball"},{"floor":23,"key":"Chameleon Ring"},{"floor":23,"key":"testmod-Acrobat"},{"floor":25,"key":"Sundial"},{"floor":25,"key":"Replay:Bottled Eggs"},{"floor":27,"key":"ReplayTheSpireMod:Ring of Challenge"},{"floor":31,"key":"Orichalcum"},{"floor":40,"key":"testmod-InjuryResistance"},{"floor":40,"key":"Regal Pillow"},{"floor":43,"key":"Snack Pack"},{"floor":46,"key":"Bottled Tornado"},{"floor":46,"key":"Gremlin Food"},{"floor":54,"key":"testmod-LifeArmor"},{"floor":54,"key":"FossilizedHelix"}],"event_choices":[{"damage_healed":0,"gold_gain":75,"player_choice":"Gather Gold","damage_taken":11,"max_hp_gain":0,"max_hp_loss":0,"event_name":"World of Goop","floor":2,"gold_loss":0},{"damage_healed":0,"gold_gain":400,"player_choice":"Sell","damage_taken":0,"max_hp_gain":0,"max_hp_loss":0,"event_name":"恩洛斯的盘子","floor":3,"relics_lost":["REME_ComplimentaryCards"],"gold_loss":0},{"damage_healed":11,"gold_gain":0,"player_choice":"Full Heal","damage_taken":0,"max_hp_gain":0,"max_hp_loss":0,"event_name":"Wheel of Change","floor":5,"gold_loss":0},{"damage_healed":0,"gold_gain":0,"player_choice":"Traded Relic","damage_taken":0,"relics_obtained":["Nloth\u0027s Gift"],"max_hp_gain":0,"max_hp_loss":0,"event_name":"N\u0027loth","floor":19,"relics_lost":["testmod-TestBox"],"gold_loss":0},{"damage_healed":0,"gold_gain":0,"player_choice":"Shed Blood","damage_taken":30,"max_hp_gain":5,"max_hp_loss":0,"event_name":"Forgotten Altar","floor":29,"gold_loss":0},{"damage_healed":0,"gold_gain":99,"player_choice":"Stole From Cult","damage_taken":0,"max_hp_gain":0,"max_hp_loss":0,"event_name":"Nest","floor":30,"gold_loss":0},{"cards_removed":["Strike_G"],"damage_healed":0,"gold_gain":0,"player_choice":"Removed Attack","damage_taken":0,"max_hp_gain":0,"max_hp_loss":0,"event_name":"Falling","floor":38,"gold_loss":0},{"damage_healed":0,"gold_gain":0,"player_choice":"Got Potions","damage_taken":0,"max_hp_gain":0,"max_hp_loss":0,"event_name":"Lab","floor":39,"gold_loss":0}],"is_beta":false,"boss_relics":[{"not_picked":["Replay:Ancient Bell","testmod-HarvestTotem"],"picked":"Black Star"},{"not_picked":["testmod-KeyOfTheVoid","Snecko Scales"],"picked":"energizedSpire:NeverEndingSparkler"}],"items_purged_floors":[4,12,22,37,53],"is_endless":false,"potions_floor_spawned":[1,8,11,23,28,33,35,36,41,54],"ascension_level":1}}