{"host":"31s8hzukbhz1k6i6","time":1609371582,"event":{"mods":["AchievementEnabler","BaseMod","Bestiary","Colored Map","Filter the Spire","Minty Spire (QoL Compilation)","Relic Stats","UnlockEverythingMod","ojb\u0027s Info Mod"],"gold_per_floor":[113,113,126,143,16,16,16,47,71,84,84,84,113,133,133,133,133],"floor_reached":16,"playtime":569,"items_purged":["Strike_G"],"score":165,"play_id":"52a77984-4c38-4a6f-8999-d3cec4ec7466","local_time":"20201230153942","is_ascension_mode":true,"campfire_choices":[{"data":"Dagger Spray","floor":6.0,"key":"SMITH"},{"floor":12.0,"key":"DIG"},{"floor":15.0,"key":"DIG"}],"circlet_count":0,"master_deck":["AscendersBane","Strike_G","Strike_G","Strike_G","Defend_G","Defend_G","Defend_G","Defend_G","Defend_G","Survivor","Neutralize","Quick Slash","Dagger Spray+1","Blade Dance","Blade Dance","Cloak And Dagger","PiercingWail"],"relics":["Ring of the Snake","Tingsha","Omamori","Shovel","Bag of Preparation","Paper Crane","HornCleat","Bird Faced Urn"],"acts_visited":["Exordium"],"potions_floor_usage":[16],"damage_taken":[{"damage":2.0,"enemies":"Jaw Worm","floor":1.0,"turns":6.0},{"damage":1.0,"enemies":"2 Louse","floor":3.0,"turns":3.0},{"damage":4.0,"enemies":"Small Slimes","floor":4.0,"turns":3.0},{"damage":15.0,"enemies":"3 Sentries","floor":8.0,"turns":6.0},{"damage":0.0,"enemies":"Gremlin Gang","floor":10.0,"turns":2.0},{"damage":18.0,"enemies":"Gremlin Nob","floor":13.0,"turns":4.0},{"damage":2.0,"enemies":"Exordium Wildlife","floor":14.0,"turns":5.0},{"damage":23,"enemies":"Slime Boss","floor":16,"turns":7}],"seed_played":"-3826122776923743402","potions_obtained":[{"floor":1.0,"key":"Regen Potion"},{"floor":8.0,"key":"BlessingOfTheForge"},{"floor":13.0,"key":"DuplicationPotion"}],"is_trial":false,"path_per_floor":["M","?","M","M","$","R","?","E","T","M","?","R","E","M","R","B"],"character_chosen":"THE_SILENT","items_purchased":["Blade Dance"],"campfire_rested":0,"item_purchase_floors":[5],"current_hp_per_floor":[61,54,53,49,49,49,37,37,37,37,37,37,19,17,17,0,0],"gold":133,"neow_bonus":"ONE_RARE_RELIC","is_daily":false,"chose_seed":false,"campfire_upgraded":1,"win_rate":0.0,"timestamp":1609371582,"path_taken":["M","?","M","M","$","R","?","E","T","M","?","R","E","M","R","BOSS"],"items_purchased_type":["Card"],"build_version":"2020-12-22","purchased_purges":1,"victory":false,"max_hp_per_floor":[70,70,70,70,70,70,70,70,70,70,70,70,70,70,70,70,70],"relic_stats":{"Shovel":2,"counters":[8,36],"Bird Faced Urn":[0],"Tingsha":[15],"Bag of Preparation":[8],"obtain_stats":[{"Shovel":8,"HornCleat":13,"Bird Faced Urn":15,"Tingsha":0,"Omamori":7,"Bag of Preparation":9,"Paper Crane":12,"Ring of the Snake":0},{"Shovel":4,"HornCleat":6,"Bird Faced Urn":7,"Tingsha":0,"Omamori":3,"Bag of Preparation":4,"Paper Crane":5,"Ring of the Snake":0},{"Shovel":18,"HornCleat":24,"Bird Faced Urn":29,"Tingsha":0,"Omamori":12,"Bag of Preparation":18,"Paper Crane":20,"Ring of the Snake":0}],"Ring of the Snake":[16]},"card_choices":[{"not_picked":["PiercingWail","Outmaneuver"],"picked":"Quick Slash","floor":1.0},{"not_picked":["Dodge and Roll","Underhanded Strike"],"picked":"Dagger Spray","floor":3.0},{"not_picked":["Eviscerate","Infinite Blades","Sucker Punch"],"picked":"SKIP","floor":4.0},{"not_picked":["Poisoned Stab","Predator","Distraction"],"picked":"SKIP","floor":8.0},{"not_picked":["Bullet Time","Backstab"],"picked":"Blade Dance","floor":10.0},{"not_picked":["Dagger Spray","Flying Knee"],"picked":"PiercingWail","floor":13.0},{"not_picked":["Catalyst","Concentrate","Dagger Throw"],"picked":"SKIP","floor":14.0}],"player_experience":104211,"relics_obtained":[{"floor":8.0,"key":"Shovel"},{"floor":9.0,"key":"Bag of Preparation"},{"floor":12.0,"key":"Paper Crane"},{"floor":13.0,"key":"HornCleat"},{"floor":15.0,"key":"Bird Faced Urn"}],"event_choices":[{"cards_removed":["Writhe"],"damage_healed":0.0,"max_hp_gain":0.0,"max_hp_loss":0.0,"gold_gain":0.0,"event_name":"Golden Wing","player_choice":"Card Removal","floor":2.0,"gold_loss":0.0,"damage_taken":7.0},{"damage_healed":0.0,"max_hp_gain":0.0,"max_hp_loss":0.0,"gold_gain":0.0,"event_name":"Scrap Ooze","player_choice":"Success","floor":7.0,"gold_loss":0.0,"damage_taken":12.0,"relics_obtained":["Omamori"]},{"damage_healed":0.0,"max_hp_gain":0.0,"max_hp_loss":0.0,"gold_gain":0.0,"cards_transformed":["Strike_G"],"event_name":"Transmorgrifier","player_choice":"Transformed","floor":11.0,"gold_loss":0.0,"damage_taken":0.0,"cards_obtained":["Cloak And Dagger"]}],"is_beta":false,"boss_relics":[],"items_purged_floors":[5],"is_endless":false,"potions_floor_spawned":[1,8,13],"killed_by":"Slime Boss","ascension_level":10}}