{"host":"760a56s19xsdubqb","time":1609362995,"event":{"mods":["BaseMod","Minty Spire (QoL Compilation)","Quick Restart","Remove Card Discount Mod","StSLib"],"gold_per_floor":[114,129,123,138,153,183,198,213,513,543,558,588,618,238,238,338,338,353,353,383,73,88,103,103,103,103,103,133,148,163,178,178,278,278,293,296,296,296,311,311,326,341,341,371,386,401,451,466,466,466],"floor_reached":51,"playtime":2469,"items_purged":["Strike_B","Strike_B","Defend_B","Strike_B","Strike_B"],"score":955,"play_id":"eb7d8e56-11b3-471c-b1a6-6608f0b18d54","local_time":"20201230161635","daily_mods":["Cursed Run","Diverse","DeadlyEvents"],"is_ascension_mode":false,"campfire_choices":[{"data":"BattleHymn","floor":15.0,"key":"SMITH"},{"data":"1","floor":24.0,"key":"LIFT"},{"data":"2","floor":27.0,"key":"LIFT"},{"data":"3","floor":32.0,"key":"LIFT"},{"data":"Echo Form","floor":40.0,"key":"SMITH"},{"data":"Blade Dance","floor":49,"key":"SMITH"}],"circlet_count":0,"master_deck":["Defend_B","Defend_B","Defend_B","Dualcast","Poisoned Stab","Doom and Gloom","Judgement","CrushJoints","Headbutt","Flame Barrier","Decay","Undo","Gash","Die Die Die","Thunderclap","BattleHymn+1","Doubt","Core Surge","CurseOfTheBell","Carnage+1","Rampage","Echo Form+1","Leap","Gash","Protect","Normality","Ball Lightning","Clumsy","Amplify","Clothesline","Sucker Punch+1","Swift Strike","Enlightenment","Fire Breathing+1","Doubt","Vault","Backstab","Gash+1","Poisoned Stab+1","Blade Dance+1","Pain"],"relics":["Cursed Key","Darkstone Periapt","Du-Vu Doll","Meat on the Bone","Old Coin","Bottled Flame","Sundial","Pear","Bag of Marbles","Lee\u0027s Waffle","Calling Bell","Lantern","Eternal Feather","Girya","Letter Opener","Anchor","DollysMirror","StrikeDummy","Vajra","Inserter","Ice Cream","HornCleat","Happy Flower","Mango"],"acts_visited":["Exordium","TheCity","TheBeyond"],"potions_floor_usage":[44,50],"damage_taken":[{"damage":1.0,"enemies":"Cultist","floor":1.0,"turns":3.0},{"damage":0.0,"enemies":"Small Slimes","floor":2.0,"turns":4.0},{"damage":1.0,"enemies":"Jaw Worm","floor":4.0,"turns":2.0},{"damage":5.0,"enemies":"Exordium Thugs","floor":5.0,"turns":3.0},{"damage":9.0,"enemies":"3 Sentries","floor":6.0,"turns":4.0},{"damage":0.0,"enemies":"2 Fungi Beasts","floor":7.0,"turns":2.0},{"damage":5.0,"enemies":"Looter","floor":8.0,"turns":3.0},{"damage":22.0,"enemies":"Gremlin Nob","floor":10.0,"turns":4.0},{"damage":0.0,"enemies":"Blue Slaver","floor":11.0,"turns":1.0},{"damage":15.0,"enemies":"Lagavulin","floor":12.0,"turns":4.0},{"damage":8.0,"enemies":"Gremlin Nob","floor":13.0,"turns":3.0},{"damage":57.0,"enemies":"Hexaghost","floor":16.0,"turns":6.0},{"damage":19.0,"enemies":"Shell Parasite","floor":18.0,"turns":3.0},{"damage":36.0,"enemies":"Book of Stabbing","floor":20.0,"turns":4.0},{"damage":0.0,"enemies":"3 Byrds","floor":22.0,"turns":2.0},{"damage":10.0,"enemies":"Snecko","floor":23.0,"turns":4.0},{"damage":8.0,"enemies":"Gremlin Leader","floor":28.0,"turns":3.0},{"damage":0.0,"enemies":"Sentry and Sphere","floor":29.0,"turns":2.0},{"damage":0.0,"enemies":"Snake Plant","floor":30.0,"turns":2.0},{"damage":10.0,"enemies":"Snecko","floor":31.0,"turns":3.0},{"damage":51.0,"enemies":"Collector","floor":33.0,"turns":6.0},{"damage":3.0,"enemies":"3 Shapes","floor":35.0,"turns":3.0},{"damage":8.0,"enemies":"2 Orb Walkers","floor":36.0,"turns":3.0},{"damage":0.0,"enemies":"Orb Walker","floor":39.0,"turns":2.0},{"damage":22.0,"enemies":"Writhing Mass","floor":41.0,"turns":3.0},{"damage":10.0,"enemies":"4 Shapes","floor":42.0,"turns":3.0},{"damage":39,"enemies":"Nemesis","floor":44,"turns":3},{"damage":2,"enemies":"Maw","floor":45,"turns":5},{"damage":2,"enemies":"Transient","floor":46,"turns":5},{"damage":38,"enemies":"Mind Bloom Boss Battle","floor":47,"turns":4},{"damage":0,"enemies":"4 Shapes","floor":48,"turns":1},{"damage":88,"enemies":"Donu and Deca","floor":50,"turns":7}],"seed_played":"9091901603564859836","potions_obtained":[{"floor":4.0,"key":"FearPotion"},{"floor":5.0,"key":"LiquidMemories"},{"floor":11.0,"key":"Energy Potion"},{"floor":18.0,"key":"Ancient Potion"},{"floor":28.0,"key":"Swift Potion"},{"floor":29.0,"key":"Strength Potion"},{"floor":31.0,"key":"Explosive Potion"},{"floor":44,"key":"SpeedPotion"},{"floor":45,"key":"SneckoOil"},{"floor":46,"key":"PowerPotion"}],"is_trial":false,"path_per_floor":["M","M","$","M","M","E","M","M","T","E","M","E","E","$","R","B",null,"M","?","E","$","M","M","R","?","T","R","E","M","M","M","R","B",null,"M","?","?","?","M","R","M","M","T","E","M","M","?","M","R","B",null],"character_chosen":"DEFECT","items_purchased":["Bag of Marbles","Lee\u0027s Waffle","BattleHymn","Echo Form","Leap","DollysMirror"],"campfire_rested":0,"item_purchase_floors":[14,14,14,21,21,21],"current_hp_per_floor":[74,74,74,73,68,59,59,54,60,50,50,47,61,98,98,59,110,91,91,67,67,67,57,72,72,78,93,85,85,85,75,90,57,122,119,111,111,106,106,122,100,90,96,69,67,65,53,65,89,19],"gold":466,"neow_bonus":"","is_daily":true,"chose_seed":false,"campfire_upgraded":3,"win_rate":0.0,"timestamp":1609362995,"path_taken":["M","M","$","?","M","E","M","M","T","?","M","E","?","$","R","BOSS","M","?","?","$","M","M","R","?","T","R","E","?","M","M","R","BOSS","M","?","?","?","?","R","M","M","T","?","M","M","?","M","R","BOSS"],"items_purchased_type":["Relic","Relic","Card","Card","Card","Relic"],"build_version":"2020-12-22","purchased_purges":5,"victory":true,"max_hp_per_floor":[75,75,75,75,75,75,75,75,81,81,81,81,91,98,98,104,110,110,110,110,110,110,110,110,110,116,116,116,116,116,116,116,122,122,122,122,122,122,122,122,122,122,128,128,128,128,142,142,142,148],"card_choices":[{"not_picked":["Compile Driver","PiercingWail"],"picked":"Poisoned Stab","floor":1.0},{"not_picked":["EmptyFist","Havoc"],"picked":"Doom and Gloom","floor":2.0},{"not_picked":["Dodge and Roll","BowlingBash"],"picked":"Judgement","floor":4.0},{"not_picked":["Headbutt","Clash"],"picked":"CrushJoints","floor":5.0},{"not_picked":["Barrage","Reflex"],"picked":"Headbutt","floor":6.0},{"not_picked":["Warcry","Consecrate"],"picked":"Flame Barrier","floor":7.0},{"not_picked":["Heavy Blade","Dual Wield","Judgement"],"picked":"SKIP","floor":8.0},{"not_picked":["Tactician","Thunder Strike"],"picked":"Undo","floor":10.0},{"not_picked":["Halt","Stack"],"picked":"Gash","floor":11.0},{"not_picked":["Crescendo","Shrug It Off"],"picked":"Die Die Die","floor":12.0},{"not_picked":["FlurryOfBlows","ThirdEye"],"picked":"Thunderclap","floor":13.0},{"not_picked":["Hyperbeam","DeusExMachina"],"picked":"Core Surge","floor":16.0},{"not_picked":["Prostrate","Coolheaded"],"picked":"Carnage+1","floor":18.0},{"not_picked":["Blasphemy","Sword Boomerang"],"picked":"Rampage","floor":20.0},{"not_picked":["Clothesline","Melter"],"picked":"Protect","floor":22.0},{"not_picked":["Cold Snap","Beam Cell","Genetic Algorithm"],"picked":"SKIP","floor":23.0},{"not_picked":["EmptyFist","Berserk","Barrage"],"picked":"SKIP","floor":28.0},{"not_picked":["Sentinel","PiercingWail","True Grit"],"picked":"SKIP","floor":29.0},{"not_picked":["Choke+1","Slice","Conclude"],"picked":"SKIP","floor":30.0},{"not_picked":["Loop","JustLucky+1"],"picked":"Ball Lightning","floor":31.0},{"not_picked":["Creative AI","Multi-Cast"],"picked":"Amplify","floor":33.0},{"not_picked":["JustLucky","Warcry"],"picked":"Clothesline","floor":35.0},{"not_picked":["Bane+1","Battle Trance+1"],"picked":"Sucker Punch+1","floor":36.0},{"not_picked":["Purity","Sadistic Nature"],"picked":"Swift Strike","floor":38.0},{"not_picked":["Dark Shackles","Blind"],"picked":"Enlightenment","floor":38.0},{"not_picked":["PiercingWail+1","Flechettes+1","Barrage"],"picked":"SKIP","floor":39.0},{"not_picked":["Barrage+1","Glacier+1"],"picked":"Fire Breathing+1","floor":41.0},{"not_picked":["Force Field","Uppercut","Compile Driver+1"],"picked":"SKIP","floor":42.0},{"not_picked":["Cold Snap","Fusion"],"picked":"Vault","floor":44},{"not_picked":["True Grit+1","ThirdEye"],"picked":"Backstab","floor":45},{"not_picked":["Battle Trance","Darkness"],"picked":"Gash+1","floor":46},{"not_picked":["Iron Wave","Leap+1"],"picked":"Poisoned Stab+1","floor":47},{"not_picked":["Prepared","Endless Agony+1"],"picked":"Blade Dance","floor":48}],"player_experience":925287,"relics_obtained":[{"floor":6.0,"key":"Meat on the Bone"},{"floor":9.0,"key":"Old Coin"},{"floor":10.0,"key":"Bottled Flame"},{"floor":12.0,"key":"Sundial"},{"floor":13.0,"key":"Pear"},{"floor":17.0,"key":"Lantern"},{"floor":17.0,"key":"Eternal Feather"},{"floor":17.0,"key":"Girya"},{"floor":20.0,"key":"Anchor"},{"floor":26.0,"key":"StrikeDummy"},{"floor":28.0,"key":"Vajra"},{"floor":36.0,"key":"Ice Cream"},{"floor":43.0,"key":"HornCleat"},{"floor":44,"key":"Happy Flower"},{"floor":47,"key":"Mango"}],"event_choices":[{"damage_healed":0.0,"max_hp_gain":0.0,"max_hp_loss":0.0,"gold_gain":0.0,"event_name":"WeMeetAgain","player_choice":"Gave Potion","floor":19.0,"gold_loss":0.0,"damage_taken":0.0,"relics_obtained":["Letter Opener"]},{"damage_healed":0.0,"max_hp_gain":0.0,"max_hp_loss":0.0,"gold_gain":0.0,"event_name":"Ghosts","player_choice":"Ignored","floor":25.0,"gold_loss":0.0,"damage_taken":0.0},{"damage_healed":0.0,"max_hp_gain":0.0,"max_hp_loss":0.0,"gold_gain":0.0,"event_name":"Mysterious Sphere","player_choice":"Fight","floor":36.0,"gold_loss":0.0,"damage_taken":0.0},{"cards_removed":["Zap"],"damage_healed":0.0,"max_hp_gain":0.0,"max_hp_loss":0.0,"gold_gain":0.0,"event_name":"Falling","player_choice":"Removed Skill","floor":37.0,"gold_loss":0.0,"damage_taken":0.0},{"damage_healed":0.0,"max_hp_gain":0.0,"max_hp_loss":0.0,"gold_gain":0.0,"event_name":"SensoryStone","player_choice":"Memory 2","floor":38.0,"gold_loss":0.0,"damage_taken":5.0},{"damage_healed":0,"gold_gain":0,"player_choice":"Fight","damage_taken":0,"max_hp_gain":0,"max_hp_loss":0,"event_name":"MindBloom","floor":47,"gold_loss":0}],"is_beta":false,"boss_relics":[{"not_picked":["Philosopher\u0027s Stone","Empty Cage"],"picked":"Calling Bell"},{"not_picked":["Astrolabe","Runic Dome"],"picked":"Inserter"}],"items_purged_floors":[3,3,3,14,14],"is_endless":false,"potions_floor_spawned":[4,5,11,12,13,16,18,28,29,31,44,45,46,47,48],"ascension_level":0}}