{"host":"3jpwrwmmgyabjceh","time":1609354096,"event":{"mods":["AchievementEnabler","BaseMod","Colored Map","Colored Powertips","Highlight Path","Minty Spire (QoL Compilation)","Quick Restart","Relic Stats","StSLib","SuperFastMode"],"gold_per_floor":[110,74,24,24,44,73,87,122,122,122,50,50,50,77,77,178,178,197,84,94,107,107,107],"floor_reached":22,"playtime":543,"items_purged":["Strike_R"],"score":261,"play_id":"80523547-c678-4e1b-8f99-88e1aefb11b5","local_time":"20201230214816","is_ascension_mode":true,"campfire_choices":[{"floor":10,"key":"REST"},{"floor":15,"key":"REST"}],"circlet_count":0,"master_deck":["Strike_R","Strike_R","Strike_R+1","Defend_R","Defend_R+1","Defend_R","Defend_R","Bash","Cleave","Spot Weakness","Rampage","Uppercut","Body Slam","Spot Weakness","Body Slam","Barricade","Metallicize","Inflame"],"relics":["Burning Blood","NeowsBlessing","Juzu Bracelet","Magic Flower","Darkstone Periapt","Matryoshka","Self Forming Clay","Sozu"],"acts_visited":["Exordium","TheCity"],"potions_floor_usage":[14,16],"damage_taken":[{"damage":0,"enemies":"Jaw Worm","floor":1,"turns":1},{"damage":0,"enemies":"2 Louse","floor":5,"turns":1},{"damage":0,"enemies":"Gremlin Nob","floor":6,"turns":1},{"damage":0,"enemies":"Small Slimes","floor":7,"turns":2},{"damage":41,"enemies":"Lagavulin","floor":8,"turns":6},{"damage":42,"enemies":"3 Sentries","floor":14,"turns":7},{"damage":38,"enemies":"Slime Boss","floor":16,"turns":8},{"damage":24,"enemies":"3 Byrds","floor":18,"turns":4},{"damage":31,"enemies":"Spheric Guardian","floor":20,"turns":6},{"damage":39,"enemies":"3 Cultists","floor":21,"turns":7},{"damage":16,"enemies":"Snake Plant","floor":22,"turns":1}],"seed_played":"1853781220992848441","potions_obtained":[{"floor":8,"key":"Explosive Potion"},{"floor":14,"key":"Strength Potion"}],"is_trial":false,"path_per_floor":["M","$","?","?","M","E","M","E","T","R","$","?","?","E","R","B",null,"M","$","M","M","M"],"character_chosen":"IRONCLAD","items_purchased":["Spot Weakness","Spot Weakness","Inflame"],"campfire_rested":2,"item_purchase_floors":[2,11,19],"current_hp_per_floor":[80,80,80,68,74,80,80,48,48,72,72,72,56,23,47,18,80,65,65,43,13,0,0],"gold":107,"neow_bonus":"THREE_ENEMY_KILL","is_daily":false,"chose_seed":false,"campfire_upgraded":0,"win_rate":0.0,"timestamp":1609354096,"path_taken":["M","$","?","?","M","E","M","E","T","R","?","?","?","E","R","BOSS","M","$","M","M","M"],"items_purchased_type":["Card","Card","Card"],"build_version":"2020-12-22","purchased_purges":1,"victory":false,"max_hp_per_floor":[80,80,80,80,80,80,80,80,80,80,80,80,80,80,80,80,80,80,80,80,80,80,80],"relic_stats":{"Darkstone Periapt":0,"Sozu":0,"counters":[11,44],"Self Forming Clay":[72],"Magic Flower":[18],"Juzu Bracelet":1,"obtain_stats":[{"Darkstone Periapt":8,"Sozu":17,"Matryoshka":9,"NeowsBlessing":0,"Self Forming Clay":14,"Magic Flower":6,"Juzu Bracelet":4,"Burning Blood":0},{"Darkstone Periapt":5,"Sozu":7,"Matryoshka":5,"NeowsBlessing":0,"Self Forming Clay":6,"Magic Flower":3,"Juzu Bracelet":1,"Burning Blood":0},{"Darkstone Periapt":11,"Sozu":26,"Matryoshka":11,"NeowsBlessing":0,"Self Forming Clay":18,"Magic Flower":3,"Juzu Bracelet":1,"Burning Blood":0}],"Burning Blood":66},"card_choices":[{"not_picked":["Flex","Pommel Strike"],"picked":"Cleave","floor":1},{"not_picked":["Perfected Strike","Dark Embrace"],"picked":"Rampage","floor":5},{"not_picked":["Clash","Exhume","Reckless Charge"],"picked":"SKIP","floor":6},{"not_picked":["Thunderclap","Headbutt"],"picked":"Uppercut","floor":7},{"not_picked":["Warcry","Double Tap"],"picked":"Body Slam","floor":8},{"not_picked":["Sword Boomerang","Twin Strike"],"picked":"Body Slam","floor":14},{"not_picked":["Offering","Limit Break"],"picked":"Barricade","floor":16},{"not_picked":["Twin Strike","Flex"],"picked":"Metallicize","floor":18},{"not_picked":["Flame Barrier","Warcry","Anger"],"picked":"SKIP","floor":20},{"not_picked":["Twin Strike","Clash","Sentinel"],"picked":"SKIP","floor":21}],"player_experience":228707,"relics_obtained":[{"floor":6,"key":"Magic Flower"},{"floor":8,"key":"Darkstone Periapt"},{"floor":9,"key":"Matryoshka"},{"floor":14,"key":"Self Forming Clay"}],"event_choices":[{"cards_removed":["Strike_R"],"damage_healed":0,"gold_gain":0,"player_choice":"Card Removal","damage_taken":0,"max_hp_gain":0,"max_hp_loss":0,"event_name":"The Cleric","floor":3,"gold_loss":50},{"damage_healed":0,"gold_gain":0,"player_choice":"Success","damage_taken":12,"relics_obtained":["Juzu Bracelet"],"max_hp_gain":0,"max_hp_loss":0,"event_name":"Scrap Ooze","floor":4,"gold_loss":0},{"damage_healed":0,"gold_gain":0,"player_choice":"Ignored","damage_taken":0,"max_hp_gain":0,"max_hp_loss":0,"event_name":"Liars Game","floor":12,"gold_loss":0},{"damage_healed":0,"gold_gain":0,"player_choice":"Entered Light","damage_taken":16,"max_hp_gain":0,"max_hp_loss":0,"event_name":"Shining Light","floor":13,"gold_loss":0,"cards_upgraded":["Defend_R","Strike_R"]}],"is_beta":false,"boss_relics":[{"not_picked":["Calling Bell","SacredBark"],"picked":"Sozu"}],"items_purged_floors":[19],"is_endless":false,"potions_floor_spawned":[8,14],"killed_by":"Snake Plant","ascension_level":3}}