{"host":"6pfj0wha12yu6wq3","time":1609361428,"event":{"mods":["AchievementEnabler","BaseMod","Colored Map","Colored Powertips","Curses Come First","DeckTracker","Minty Spire (QoL Compilation)","RNG Fix","Relic Sorter","Relic Stats","StSLib","UnlockEverythingMod","ojb\u0027s Better Paths Mod","ojb\u0027s Info Mod"],"gold_per_floor":[119,119,136,148,148,148,173,185,234,234,244,244,256,289,289,289,289],"floor_reached":16,"playtime":985,"items_purged":[],"score":224,"play_id":"d7cce70f-2b94-4c72-a0d3-03324c1075d2","local_time":"20201230155028","is_ascension_mode":true,"campfire_choices":[{"data":"Flying Knee","floor":6.0,"key":"SMITH"},{"floor":10.0,"key":"REST"},{"floor":12,"key":"REST"},{"data":"Leg Sweep","floor":15,"key":"SMITH"}],"circlet_count":0,"master_deck":["AscendersBane","Strike_G","Strike_G","Strike_G","Strike_G","Defend_G","Defend_G","Defend_G","Defend_G","Survivor","Neutralize","Dagger Spray+1","Flying Knee+1","Backflip","Leg Sweep+1","Heel Hook","Backstab"],"relics":["Empty Cage","Orichalcum","White Beast Statue"],"acts_visited":[],"potions_floor_usage":[16],"damage_taken":[{"damage":0.0,"enemies":"2 Louse","floor":1.0,"turns":4.0},{"damage":4.0,"enemies":"Small Slimes","floor":3.0,"turns":4.0},{"damage":0.0,"enemies":"Cultist","floor":4.0,"turns":4.0},{"damage":45.0,"enemies":"Lagavulin","floor":7.0,"turns":7.0},{"damage":6.0,"enemies":"Exordium Wildlife","floor":8.0,"turns":6.0},{"damage":0,"enemies":"2 Fungi Beasts","floor":11,"turns":3},{"damage":3,"enemies":"Blue Slaver","floor":13,"turns":4},{"damage":14,"enemies":"3 Sentries","floor":14,"turns":6},{"damage":28,"enemies":"The Guardian","floor":16,"turns":19}],"seed_played":"-7342002558764595822","potions_obtained":[{"floor":1.0,"key":"ColorlessPotion"},{"floor":8.0,"key":"Fire Potion"}],"is_trial":false,"path_per_floor":["M","?","M","M","?","R","E","M","T","R","M","R","M","E","R","B"],"character_chosen":"THE_SILENT","items_purchased":[],"campfire_rested":2,"item_purchase_floors":[],"current_hp_per_floor":[59,59,55,55,55,55,10,4,4,23,23,42,39,25,25,0,0],"gold":289,"neow_bonus":"BOSS_RELIC","is_daily":false,"chose_seed":false,"campfire_upgraded":2,"win_rate":0.0,"timestamp":1609361428,"path_taken":["M","?","M","M","?","R","E","M","T","R","M","R","M","E","R","BOSS"],"items_purchased_type":[],"build_version":"2020-12-22","purchased_purges":0,"victory":false,"max_hp_per_floor":[66,66,66,66,66,66,66,66,66,66,66,66,66,66,66,66,66],"relic_stats":{"counters":[9,57],"Orichalcum":[54],"obtain_stats":[{"Orichalcum":9,"Empty Cage":0,"White Beast Statue":14,"Ring of the Snake":0},{"Orichalcum":5,"Empty Cage":0,"White Beast Statue":8,"Ring of the Snake":0},{"Orichalcum":25,"Empty Cage":0,"White Beast Statue":38,"Ring of the Snake":0}]},"card_choices":[{"not_picked":["Slice","Outmaneuver"],"picked":"Dagger Spray","floor":1.0},{"not_picked":["Bane","Catalyst"],"picked":"Flying Knee","floor":3.0},{"not_picked":["Flying Knee","Quick Slash"],"picked":"Backflip","floor":4.0},{"not_picked":["Escape Plan","Adrenaline"],"picked":"Leg Sweep","floor":7.0},{"not_picked":["Concentrate","Bane","Cloak And Dagger"],"picked":"SKIP","floor":8.0},{"not_picked":["Leg Sweep","Slice"],"picked":"Heel Hook","floor":11},{"not_picked":["Deflect","Deadly Poison","Acrobatics"],"picked":"SKIP","floor":13},{"not_picked":["Dagger Spray","Slice"],"picked":"Backstab","floor":14}],"player_experience":118,"relics_obtained":[{"floor":9.0,"key":"Orichalcum"},{"floor":14,"key":"White Beast Statue"}],"event_choices":[{"damage_healed":0.0,"max_hp_gain":0.0,"max_hp_loss":0.0,"gold_gain":0.0,"event_name":"Liars Game","player_choice":"Ignored","floor":2.0,"gold_loss":0.0,"damage_taken":0.0},{"damage_healed":0.0,"max_hp_gain":0.0,"max_hp_loss":0.0,"gold_gain":0.0,"event_name":"Living Wall","player_choice":"Grow","floor":5.0,"gold_loss":0.0,"damage_taken":0.0,"cards_upgraded":["Dagger Spray"]}],"is_beta":false,"boss_relics":[],"items_purged_floors":[],"is_endless":false,"potions_floor_spawned":[1,8],"killed_by":"The Guardian","ascension_level":20}}