{"host":"1kq2ingo3j45gyyp","time":1609344849,"event":{"mods":["BaseMod","Better Note","Better Third Choice","Downfall","Minty Spire (QoL Compilation)","StSLib"],"gold_per_floor":[199,215,9,109,109,125,125,50,69,89,14,32,17,31,49,154,154,154,172,172,182,182,182,234,98,108,142,158,68,68,79,94,190,190,115,132,132,132,7,7,7,88,88,119,129,140,0,18,29,29,29,29,29,29],"floor_reached":52,"playtime":2554,"items_purged":["Guardian:Strike_Guardian","Guardian:Strike_Guardian"],"score":721,"play_id":"0018c52e-57b8-4522-8bee-8f5610205481","local_time":"20201230111409","is_ascension_mode":false,"campfire_choices":[{"data":"Guardian:CurlUp","floor":1,"key":"SMITH"},{"floor":8,"key":"RECALL"},{"data":"Guardian:Harden","floor":11,"key":"SMITH"},{"data":"Guardian:DecasProtection","floor":18,"key":"SMITH"},{"floor":23,"key":"REST"},{"floor":30,"key":"REST"},{"data":"Guardian:Suspension","floor":35,"key":"SMITH"},{"data":"expansioncontent:DashGenerateEvil","floor":40,"key":"SMITH"},{"data":"Guardian:TemporalShield","floor":43,"key":"SMITH"}],"circlet_count":0,"master_deck":["Guardian:Strike_Guardian","Guardian:Strike_Guardian","Guardian:Defend_Guardian","Guardian:Defend_Guardian","Guardian:Defend_Guardian","Guardian:Defend_Guardian","Guardian:CurlUp+1","Guardian:TwinSlam","Guardian:Incinerate","Guardian:GatlingBeam","Guardian:TemporalStrike","Guardian:MultiBeam","Guardian:MultiBeam","Guardian:MultiBeam","Guardian:Harden+1","Guardian:DecasProtection+1","Guardian:GatlingBeam","Guardian:Planning","Guardian:Reroute","Guardian:Planning","Necronomicurse","Guardian:Suspension+1","Guardian:TemporalShield+1","Guardian:Recover","Guardian:TimeCapacitor","Guardian:Incinerate","expansioncontent:DarkVoid","Guardian:TimeCapacitor+1","expansioncontent:DashGenerateEvil+1","Finesse","Guardian:TemporalStrike","Guardian:CurlUp+1","Guardian:PrimingBeam+1","Guardian:MultiBeam","Guardian:BronzeOrb"],"relics":["Guardian:ModeShifter","downfall:HeartBlessingBlue","downfall:HeartBlessingRed","SacredBark","Necronomicon","Bronze Scales","Bird Faced Urn","Busted Crown","downfall:HeartBlessingGreen","Ornamental Fan","DollysMirror","Anchor","HornCleat","Darkstone Periapt"],"acts_visited":["Exordium","TheCity","TheBeyond","TheEnding"],"potions_floor_usage":[29,33,33,33,50],"damage_taken":[{"damage":0,"enemies":"Small Slimes","floor":2,"turns":3},{"damage":0,"enemies":"downfall:FleeingMerchant","floor":3,"turns":4},{"damage":1,"enemies":"2 Louse","floor":6,"turns":3},{"damage":3,"enemies":"Jaw Worm","floor":9,"turns":3},{"damage":3,"enemies":"2 Fungi Beasts","floor":10,"turns":3},{"damage":10,"enemies":"Exordium Thugs","floor":12,"turns":2},{"damage":0,"enemies":"downfall:FleeingMerchant","floor":13,"turns":4},{"damage":0,"enemies":"Lots of Slimes","floor":14,"turns":1},{"damage":7,"enemies":"Exordium Wildlife","floor":15,"turns":2},{"damage":23,"enemies":"downfall:Watcher","floor":16,"turns":8},{"damage":11,"enemies":"Shell Parasite","floor":19,"turns":5},{"damage":12,"enemies":"Chosen and Byrds","floor":21,"turns":6},{"damage":0,"enemies":"downfall:FleeingMerchant","floor":25,"turns":4},{"damage":30,"enemies":"Snake Plant","floor":26,"turns":5},{"damage":34,"enemies":"Slavers","floor":27,"turns":3},{"damage":3,"enemies":"Centurion and Healer","floor":28,"turns":5},{"damage":0,"enemies":"downfall:FleeingMerchant","floor":29,"turns":4},{"damage":12,"enemies":"Sentry and Sphere","floor":31,"turns":5},{"damage":20,"enemies":"Shelled Parasite and Fungi","floor":32,"turns":5},{"damage":12,"enemies":"downfall:Ironclad","floor":33,"turns":7},{"damage":6,"enemies":"Orb Walker","floor":36,"turns":3},{"damage":9,"enemies":"downfall:FleeingMerchant","floor":39,"turns":3},{"damage":6,"enemies":"Giant Head","floor":44,"turns":7},{"damage":13,"enemies":"3 Darklings","floor":45,"turns":4},{"damage":0,"enemies":"Writhing Mass","floor":46,"turns":3},{"damage":4,"enemies":"Jaw Worm Horde","floor":48,"turns":2},{"damage":0,"enemies":"Spire Growth","floor":49,"turns":4},{"damage":22,"enemies":"downfall:Silent","floor":50,"turns":10},{"damage":107,"enemies":"downfall:CharBossMerchant","floor":52,"turns":8}],"seed_played":"-4718241431045359755","potions_obtained":[{"floor":2,"key":"champ:CounterPotion"},{"floor":6,"key":"CultistPotion"},{"floor":9,"key":"champ:CounterPotion"},{"floor":16,"key":"Guardian:BlockOnCardUsePotion"},{"floor":31,"key":"EssenceOfSteel"},{"floor":36,"key":"Block Potion"},{"floor":46,"key":"AttackPotion"},{"floor":48,"key":"Swift Potion"}],"is_trial":false,"path_per_floor":["R","M","$","?","?","M","T","R","M","M","R","M","$","M","M","B",null,"R","M","?","M","?","R","T","$","M","E","M","$","R","M","M","B",null,"R","M","?","T","$","R","T","T","R","E","M","M","$","M","M","B",null,"E"],"character_chosen":"GUARDIAN","items_purchased":["Guardian:Gem_Purple","Guardian:TemporalStrike","Guardian:MultiBeam","Guardian:TemporalShield","Guardian:TimeCapacitor","expansioncontent:DashGenerateEvil","Finesse","Guardian:TemporalStrike","Guardian:Gem_Green","DollysMirror","Guardian:MultiBeam"],"campfire_rested":2,"item_purchase_floors":[3,3,3,25,29,39,39,39,39,39,47],"current_hp_per_floor":[80,80,80,80,68,67,67,77,74,71,71,61,61,61,54,31,90,90,79,79,67,51,78,78,78,48,14,13,13,40,32,16,8,90,90,86,86,86,77,77,77,77,77,77,64,64,64,60,64,52,90,0,0,0],"gold":29,"neow_bonus":"HUNDRED_GOLD","is_daily":false,"chose_seed":false,"campfire_upgraded":6,"win_rate":0.0,"timestamp":1609344849,"path_taken":["R","M","$","?","?","M","T","R","M","M","R","M","?","M","M","BOSS","R","M","?","?","?","R","T","$","M","E","M","$","R","M","M","BOSS","R","M","?","?","?","R","T","?","R","E","M","?","$","M","M","BOSS","E"],"items_purchased_type":["Card","Card","Card","Card","Card","Card","Card","Card","Card","Relic","Card"],"build_version":"2020-12-22","purchased_purges":2,"victory":false,"max_hp_per_floor":[80,80,80,80,80,80,80,90,90,90,90,90,90,90,90,90,90,90,90,90,90,90,90,90,90,90,90,90,90,90,90,90,90,90,90,90,90,90,90,90,90,90,90,90,90,90,90,90,90,90,90,90,90,90],"card_choices":[{"not_picked":["Guardian:DecasProtection","Guardian:Gem_Green"],"picked":"Guardian:Incinerate","floor":2},{"not_picked":["Guardian:WalkerClaw","Guardian:PrimingBeam"],"picked":"Guardian:GatlingBeam","floor":3},{"not_picked":["Guardian:PiercingHide","Guardian:Gem_Red"],"picked":"Guardian:MultiBeam","floor":6},{"not_picked":["Guardian:TemporalShield","Guardian:WalkerClaw"],"picked":"Guardian:MultiBeam","floor":9},{"not_picked":["Guardian:Gem_Green","Guardian:Gem_Crimson"],"picked":"Guardian:Harden","floor":10},{"not_picked":["Guardian:RollAttack","Guardian:Orbwalk"],"picked":"Guardian:DecasProtection","floor":12},{"not_picked":["Guardian:Gem_Red","Guardian:TemporalStrike"],"picked":"Guardian:GatlingBeam","floor":13},{"not_picked":["Guardian:SentryBeam","Guardian:GuardianWhirl"],"picked":"Guardian:Planning","floor":14},{"not_picked":["Guardian:Gem_Lightblue","Guardian:Gem_Blue"],"picked":"Guardian:Reroute","floor":15},{"not_picked":["Guardian:ConstructionForm","Guardian:FierceBash"],"picked":"Guardian:Gem_Synthetic","floor":16},{"not_picked":["Guardian:ChargeCore","Guardian:VentSteam","Guardian:Gem_Green"],"picked":"SKIP","floor":19},{"not_picked":["Guardian:Gem_Red","Guardian:PiercingHide"],"picked":"Guardian:Planning","floor":21},{"not_picked":["Guardian:Preprogram","Guardian:RollAttack"],"picked":"Guardian:Suspension","floor":25},{"not_picked":["Guardian:VentSteam","Guardian:Repulse","Guardian:CrystalBeam"],"picked":"SKIP","floor":26},{"not_picked":["Guardian:Gem_Lightblue","Guardian:TemporalShield"],"picked":"Guardian:Gem_Cyan","floor":27},{"not_picked":["Guardian:TemporalShield","Guardian:ArmoredProtocol"],"picked":"Guardian:Recover","floor":28},{"not_picked":["Guardian:RefractedBeam","Guardian:TemporalStrike"],"picked":"Guardian:Gem_Synthetic","floor":29},{"not_picked":["Guardian:Gem_Red","Guardian:TemporalShield+1","Guardian:Gem_Lightblue"],"picked":"SKIP","floor":31},{"not_picked":["Guardian:Reroute","Guardian:Gem_Lightblue"],"picked":"Guardian:Incinerate","floor":32},{"not_picked":["Guardian:RevengeProtocol","Guardian:ExploitGems"],"picked":"Guardian:Gem_Orange","floor":33},{"not_picked":[],"picked":"Guardian:Gem_Green","floor":36},{"not_picked":[],"picked":"expansioncontent:DarkVoid","floor":37},{"not_picked":[],"picked":"Guardian:TimeCapacitor+1","floor":39},{"not_picked":[],"picked":"Guardian:PrimingBeam+1","floor":44},{"not_picked":["Guardian:RollAttack"],"picked":"SKIP","floor":45},{"not_picked":["Guardian:ArmoredProtocol+1"],"picked":"SKIP","floor":46},{"not_picked":["Guardian:WalkerClaw+1"],"picked":"SKIP","floor":48},{"not_picked":[],"picked":"Guardian:BronzeOrb","floor":49}],"player_experience":814886,"relics_obtained":[{"floor":22,"key":"Necronomicon"},{"floor":24,"key":"Bronze Scales"},{"floor":27,"key":"Bird Faced Urn"},{"floor":38,"key":"Ornamental Fan"},{"floor":41,"key":"Anchor"},{"floor":42,"key":"HornCleat"},{"floor":44,"key":"Darkstone Periapt"}],"event_choices":[{"damage_healed":0,"gold_gain":0,"player_choice":"Ignored","damage_taken":0,"max_hp_gain":0,"max_hp_loss":0,"event_name":"betterNote:BetterNote","floor":20,"gold_loss":0,"cards_obtained":["Blind"]}],"is_beta":false,"boss_relics":[{"not_picked":["Philosopher\u0027s Stone","Guardian:StasisSlotReductionRelic"],"picked":"SacredBark"},{"not_picked":["Guardian:ModeShifterPlus","Runic Pyramid"],"picked":"Busted Crown"}],"items_purged_floors":[25,47],"is_endless":false,"potions_floor_spawned":[2,6,9,15,16,26,27,28,31,36,46,48],"killed_by":"downfall:CharBossMerchant","ascension_level":0}}