{"host":"2461dio7vetlq1z3","time":1609348564,"event":{"mods":["2.2 Compatiblity","AchievementEnabler","Aspiration","BaseMod","Better Third Choice","Friendly Minions","Hermit","Minty Spire (QoL Compilation)","Relic Stats","Spicy Shops","StSLib","The Hierophant","Waifu the Spire"],"gold_per_floor":[112,127,147,167,17,17,27,27,96,121,139,139,167,179,179,256,256,272,291,291,291,304,304,334,113,113,8,36,36,64,78,78,149,149,165,165,165,115,128,158,158,190,190,222,238,238,254,274,274,274,274,274,274,174,208,208,208],"floor_reached":56,"playtime":3640,"items_purged":["Strike_P","Strike_P","Strike_P","Eruption","Defend_P","Defend_P"],"score":2314,"play_id":"846d3bd3-8964-4eb1-a0c7-b5db8e2c5227","local_time":"20201230181604","is_ascension_mode":true,"campfire_choices":[{"data":"BowlingBash","floor":6,"key":"SMITH"},{"data":"ReachHeaven","floor":8,"key":"SMITH"},{"data":"Worship","floor":12,"key":"SMITH"},{"data":"LikeWater","floor":15,"key":"SMITH"},{"data":"Ragnarok","floor":23,"key":"SMITH"},{"data":"WaveOfTheHand","floor":29,"key":"SMITH"},{"data":"Strike_P","floor":32,"key":"PURGE"},{"data":"Fasting2","floor":41,"key":"SMITH"},{"floor":46,"key":"RECALL"},{"data":"LikeWater","floor":49,"key":"SMITH"},{"data":"SashWhip","floor":53,"key":"PURGE"}],"circlet_count":0,"master_deck":["AscendersBane","Defend_P","Defend_P+1","Vigilance","LikeWater+1","BowlingBash+1","FlyingSleeves","ReachHeaven+1","InnerPeace","LikeWater+1","Worship+1","WaveOfTheHand+1","DeusExMachina","CarveReality","Prostrate","Ghostly","Ghostly","Ghostly","Ragnarok+1","Fasting2+1","Wallop","Prostrate","Meditate+1","SpiritShield","DeceiveReality+1","Worship","Wireheading+1","CrushJoints+1","DeceiveReality","SpiritShield","Prostrate"],"relics":["PureWater","Omamori","HornCleat","Kunai","Smiling Mask","Coffee Dripper","Vajra","Lee\u0027s Waffle","Blood Vial","Peace Pipe","aspiration:FrozenJewel","Calling Bell","Lantern","Yang","Unceasing Top","WarpedTongs","White Beast Statue","War Paint","Bottled Tornado","Bag of Marbles"],"acts_visited":["Exordium","TheCity","TheBeyond","TheEnding"],"potions_floor_usage":[10,13,14,21,24,24,33,44,51,56],"damage_taken":[{"damage":0,"enemies":"2 Louse","floor":1,"turns":4},{"damage":0,"enemies":"Cultist","floor":2,"turns":4},{"damage":9,"enemies":"Jaw Worm","floor":3,"turns":6},{"damage":3,"enemies":"Exordium Wildlife","floor":4,"turns":3},{"damage":4,"enemies":"Gremlin Gang","floor":7,"turns":7},{"damage":0,"enemies":"Gremlin Nob","floor":10,"turns":2},{"damage":10,"enemies":"Large Slime","floor":11,"turns":6},{"damage":3,"enemies":"3 Sentries","floor":13,"turns":4},{"damage":2,"enemies":"Lots of Slimes","floor":14,"turns":6},{"damage":25,"enemies":"Hexaghost","floor":16,"turns":10},{"damage":17,"enemies":"Shell Parasite","floor":18,"turns":6},{"damage":6,"enemies":"3 Byrds","floor":19,"turns":6},{"damage":5,"enemies":"Shelled Parasite and Fungi","floor":22,"turns":7},{"damage":13,"enemies":"Book of Stabbing","floor":24,"turns":5},{"damage":0,"enemies":"Gremlin Leader","floor":28,"turns":6},{"damage":35,"enemies":"Book of Stabbing","floor":30,"turns":7},{"damage":0,"enemies":"Sentry and Sphere","floor":31,"turns":6},{"damage":6,"enemies":"Champ","floor":33,"turns":13},{"damage":1,"enemies":"Orb Walker","floor":35,"turns":5},{"damage":0,"enemies":"3 Shapes","floor":39,"turns":6},{"damage":0,"enemies":"Giant Head","floor":40,"turns":5},{"damage":0,"enemies":"Nemesis","floor":42,"turns":5},{"damage":0,"enemies":"Reptomancer","floor":44,"turns":6},{"damage":0,"enemies":"Writhing Mass","floor":45,"turns":6},{"damage":0,"enemies":"Spire Growth","floor":47,"turns":3},{"damage":0,"enemies":"Jaw Worm Horde","floor":48,"turns":6},{"damage":10,"enemies":"Donu and Deca","floor":50,"turns":14},{"damage":39,"enemies":"Time Eater","floor":51,"turns":18},{"damage":0,"enemies":"Shield and Spear","floor":55,"turns":8},{"damage":40,"enemies":"The Heart","floor":56,"turns":5}],"seed_played":"4301954787020332558","potions_obtained":[{"floor":2,"key":"AttackPotion"},{"floor":4,"key":"SpeedPotion"},{"floor":10,"key":"Explosive Potion"},{"floor":16,"key":"Fruit Juice"},{"floor":21,"key":"DuplicationPotion"},{"floor":21,"key":"SmokeBomb"},{"floor":22,"key":"Strength Potion"},{"floor":24,"key":"SpeedPotion"},{"floor":30,"key":"Dexterity Potion"},{"floor":40,"key":"AttackPotion"},{"floor":42,"key":"Regen Potion"},{"floor":44,"key":"SmokeBomb"},{"floor":45,"key":"SteroidPotion"},{"floor":55,"key":"Dexterity Potion"}],"is_trial":false,"path_per_floor":["M","M","M","M","$","R","M","R","T","E","M","R","E","M","R","B",null,"M","M","?","?","M","R","E","$","T","$","E","R","E","M","R","B",null,"M","?","?","$","M","E","R","E","T","E","M","R","M","M","R","B","B",null,"R","$","E","B"],"character_chosen":"WATCHER","items_purchased":["InnerPeace","Lee\u0027s Waffle","Fasting2"],"campfire_rested":0,"item_purchase_floors":[5,25,27],"current_hp_per_floor":[61,61,52,49,49,49,45,45,45,45,35,35,32,30,30,5,52,35,29,29,34,29,29,16,46,46,46,46,46,11,13,13,9,37,38,38,38,38,40,42,42,44,44,44,44,44,44,44,44,34,12,36,36,36,38,0,0],"gold":208,"neow_bonus":"RANDOM_COMMON_RELIC","is_daily":false,"chose_seed":false,"campfire_upgraded":8,"win_rate":0.0,"timestamp":1609348564,"path_taken":["M","M","M","M","$","R","M","R","T","E","M","R","E","M","R","BOSS","M","M","?","?","?","R","E","$","T","$","E","R","E","M","R","BOSS","M","?","?","$","M","E","R","E","T","E","?","R","M","M","R","BOSS","BOSS","R","$","E","BOSS"],"items_purchased_type":["Card","Relic","Card"],"build_version":"2020-12-22","purchased_purges":6,"victory":false,"max_hp_per_floor":[68,68,68,68,68,68,68,68,68,68,68,68,68,68,68,68,68,68,68,34,39,39,39,39,46,46,46,46,46,46,46,46,46,46,46,44,44,44,44,44,44,44,44,44,44,44,44,44,44,44,44,44,44,44,44,44,44],"relic_stats":{"Blood Vial":18,"Peace Pipe":2,"Lee\u0027s Waffle":30,"counters":[30,195],"Yang":[84],"Kunai":[27],"War Paint":["Meditate","Defend_P"],"Smiling Mask":500,"obtain_stats":[{"Lee\u0027s Waffle":25,"Lantern":34,"Vajra":24,"Yang":34,"Omamori":0,"War Paint":42,"Bottled Tornado":44,"Smiling Mask":13,"aspiration:FrozenJewel":30,"White Beast Statue":40,"WarpedTongs":37,"Blood Vial":26,"Peace Pipe":28,"Calling Bell":34,"HornCleat":9,"Coffee Dripper":17,"Bag of Marbles":55,"Kunai":10,"PureWater":0,"Unceasing Top":34},{"Lee\u0027s Waffle":14,"Lantern":18,"Vajra":14,"Yang":18,"Omamori":0,"War Paint":22,"Bottled Tornado":23,"Smiling Mask":8,"aspiration:FrozenJewel":16,"White Beast Statue":21,"WarpedTongs":19,"Blood Vial":14,"Peace Pipe":15,"Calling Bell":18,"HornCleat":5,"Coffee Dripper":10,"Bag of Marbles":29,"Kunai":6,"PureWater":0,"Unceasing Top":18},{"Lee\u0027s Waffle":76,"Lantern":108,"Vajra":76,"Yang":108,"Omamori":0,"War Paint":129,"Bottled Tornado":135,"Smiling Mask":36,"aspiration:FrozenJewel":89,"White Beast Statue":124,"WarpedTongs":113,"Blood Vial":76,"Peace Pipe":82,"Calling Bell":108,"HornCleat":24,"Coffee Dripper":52,"Bag of Marbles":190,"Kunai":26,"PureWater":0,"Unceasing Top":108}],"Unceasing Top":[0],"WarpedTongs":[82]},"card_choices":[{"not_picked":["SashWhip","Collect"],"picked":"LikeWater","floor":1},{"not_picked":["Halt","ClearTheMind"],"picked":"BowlingBash","floor":2},{"not_picked":["DeceiveReality","Nirvana"],"picked":"FlyingSleeves","floor":3},{"not_picked":["BattleHymn","SashWhip"],"picked":"ReachHeaven","floor":4},{"not_picked":["EmptyMind","Establishment"],"picked":"LikeWater","floor":7},{"not_picked":["WreathOfFlame","ThirdEye","Nirvana"],"picked":"SKIP","floor":10},{"not_picked":["ClearTheMind","SashWhip"],"picked":"Worship","floor":11},{"not_picked":["Halt","Prostrate"],"picked":"SashWhip","floor":13},{"not_picked":["Evaluate","InnerPeace"],"picked":"WaveOfTheHand","floor":14},{"not_picked":["Judgement","Ragnarok"],"picked":"DeusExMachina","floor":16},{"not_picked":["Consecrate","EmptyBody"],"picked":"CarveReality","floor":18},{"not_picked":["MentalFortress","Consecrate"],"picked":"Prostrate","floor":19},{"not_picked":["Consecrate","Conclude"],"picked":"Ragnarok","floor":22},{"not_picked":["SashWhip","Consecrate","Halt"],"picked":"SKIP","floor":24},{"not_picked":["ThirdEye","Conclude"],"picked":"Wallop","floor":28},{"not_picked":["PathToVictory","Blasphemy"],"picked":"Prostrate","floor":30},{"not_picked":["Prostrate","ClearTheMind"],"picked":"Meditate","floor":31},{"not_picked":["Judgement","ConjureBlade"],"picked":"SpiritShield","floor":33},{"not_picked":["Crescendo","Fasting2"],"picked":"DeceiveReality+1","floor":35},{"not_picked":["ThirdEye","Nirvana"],"picked":"Worship","floor":39},{"not_picked":["Evaluate+1","DeusExMachina"],"picked":"Wireheading+1","floor":40},{"not_picked":["PathToVictory+1","CutThroughFate"],"picked":"CrushJoints+1","floor":42},{"not_picked":["FlyingSleeves","Tantrum","SashWhip"],"picked":"SKIP","floor":44},{"not_picked":["PathToVictory","WaveOfTheHand"],"picked":"DeceiveReality","floor":45},{"not_picked":["PathToVictory","CrushJoints","Conclude"],"picked":"SKIP","floor":47},{"not_picked":["ClearTheMind","Prostrate"],"picked":"SpiritShield","floor":48},{"not_picked":["Consecrate","EmptyFist"],"picked":"Prostrate","floor":55}],"player_experience":1009845,"relics_obtained":[{"floor":9,"key":"HornCleat"},{"floor":10,"key":"Kunai"},{"floor":13,"key":"Smiling Mask"},{"floor":24,"key":"Vajra"},{"floor":26,"key":"Blood Vial"},{"floor":28,"key":"Peace Pipe"},{"floor":30,"key":"aspiration:FrozenJewel"},{"floor":34,"key":"Lantern"},{"floor":34,"key":"Yang"},{"floor":34,"key":"Unceasing Top"},{"floor":40,"key":"White Beast Statue"},{"floor":42,"key":"War Paint"},{"floor":44,"key":"Bottled Tornado"},{"floor":55,"key":"Bag of Marbles"}],"event_choices":[{"damage_healed":0,"gold_gain":0,"player_choice":"Became a Ghost","damage_taken":0,"max_hp_gain":0,"max_hp_loss":34,"event_name":"Ghosts","floor":20,"gold_loss":0,"cards_obtained":["Ghostly","Ghostly","Ghostly"]},{"damage_healed":0,"gold_gain":0,"player_choice":"Got Potions","damage_taken":0,"max_hp_gain":0,"max_hp_loss":0,"event_name":"Lab","floor":21,"gold_loss":0},{"damage_healed":0,"gold_gain":0,"player_choice":"Max HP","damage_taken":0,"max_hp_gain":0,"max_hp_loss":2,"event_name":"Winding Halls","floor":36,"gold_loss":0},{"damage_healed":0,"gold_gain":0,"player_choice":"Rummage","damage_taken":0,"relics_obtained":["WarpedTongs"],"max_hp_gain":0,"max_hp_loss":0,"event_name":"Accursed Blacksmith","floor":37,"gold_loss":0,"cards_obtained":["Pain"]}],"is_beta":false,"boss_relics":[{"not_picked":["VioletLotus","Philosopher\u0027s Stone"],"picked":"Coffee Dripper"},{"not_picked":["HolyWater","Fusion Hammer"],"picked":"Calling Bell"}],"items_purged_floors":[5,25,27,38,54,54],"is_endless":false,"potions_floor_spawned":[2,4,10,16,22,24,30,40,42,44,45,47,48,55],"killed_by":"The Heart","ascension_level":20}}