{"host":"g520aj7wy7fyc13m","time":1609289393,"event":{"mods":["2.2 Compatiblity","AlwaysNeverKeys","Aspiration","BaseMod","Better Sensory Stone","Better Third Choice","Colored Powertips","Downfall","Hermit","Jorbs\u0027s Wanderer Trilogy","Minty Spire (QoL Compilation)","Permanent Neow","Quick Restart","Random Character Button","StSLib","The Disciple","The Runesmith","egg"],"gold_per_floor":[24,44,44,29,43,43,114,39,51,51,51,61,79,79,90,90,90,90],"floor_reached":16,"playtime":848,"items_purged":[],"score":92,"play_id":"90e68a88-41a8-4801-8622-a66e78530090","local_time":"20201230004953","is_ascension_mode":false,"campfire_choices":[{"data":"champ:Taunt","floor":1.0,"key":"SMITH"},{"data":"champ:ShieldWall","floor":8.0,"key":"SMITH"},{"data":"champ:BringItOn","floor":10.0,"key":"SMITH"}],"circlet_count":0,"master_deck":["champ:Strike","champ:Strike","champ:Strike","champ:Defend","champ:Defend","champ:Defend","champ:Defend","champ:Execute","champ:Taunt+1","champ:DefensiveShout","champ:ShieldWall+1","champ:BringItOn+1","Juggernaut","champ:ViciousMockery"],"relics":["champ:ChampionCrown","Calipers","downfall:HeartBlessingGreen","aspiration:BabyByrd","Bottled Lightning","downfall:HeartBlessingBlue","Orichalcum","HornCleat"],"acts_visited":["Exordium"],"potions_floor_usage":[16,16],"damage_taken":[{"damage":10.0,"enemies":"Jaw Worm","floor":2.0,"turns":6.0},{"damage":10.0,"enemies":"downfall:FleeingMerchant","floor":4.0,"turns":4.0},{"damage":1.0,"enemies":"2 Louse","floor":5.0,"turns":4.0},{"damage":5.0,"enemies":"Cultist","floor":9.0,"turns":4.0},{"damage":8.0,"enemies":"Gremlin Gang","floor":12.0,"turns":5.0},{"damage":0.0,"enemies":"2 Fungi Beasts","floor":13.0,"turns":5.0},{"damage":2,"enemies":"Gremlin Gang","floor":15,"turns":5},{"damage":7,"enemies":"downfall:Watcher","floor":16,"turns":4}],"seed_played":"964903262792726485","potions_obtained":[{"floor":9.0,"key":"BlessingOfTheForge"},{"floor":13.0,"key":"champ:UltimateStancePotion"},{"floor":15,"key":"Block Potion"}],"is_trial":false,"path_per_floor":["R","M","?","$","M","?","T","R","M","R","?","M","M","T","M","B"],"character_chosen":"THE_CHAMP","items_purchased":[],"campfire_rested":0,"item_purchase_floors":[],"current_hp_per_floor":[63,63,63,63,62,62,62,72,72,72,9,3,3,3,3,0,0,0],"gold":90,"neow_bonus":"ONE_RARE_RELIC","is_daily":false,"chose_seed":false,"campfire_upgraded":3,"win_rate":0.0,"timestamp":1609289393,"path_taken":["R","M","?","$","M","?","T","R","M","R","?","M","M","?","M","BOSS"],"items_purchased_type":[],"build_version":"2020-12-22","purchased_purges":0,"victory":false,"max_hp_per_floor":[90,90,90,90,90,90,90,100,100,100,100,100,100,100,100,100,100,100],"card_choices":[{"not_picked":["champ:FanOfKnives","champ:CrookedStrike"],"picked":"champ:DefensiveShout","floor":2.0},{"not_picked":["champ:FocusedBerserking","champ:BladeFlurry"],"picked":"champ:ShieldWall","floor":4.0},{"not_picked":["champ:RapidStrikes","champ:Haymaker","champ:RisingSlash"],"picked":"SKIP","floor":5.0},{"not_picked":["champ:FightOn","champ:ArenaPreparation"],"picked":"champ:BringItOn","floor":9.0},{"not_picked":["champ:AdrenalArmor","champ:Haymaker","champ:FightOn"],"picked":"SKIP","floor":12.0},{"not_picked":["champ:Backstep","champ:AdrenalArmor"],"picked":"champ:ViciousMockery","floor":13.0},{"not_picked":["champ:Devastate","champ:Haymaker","champ:FlashCut"],"picked":"SKIP","floor":15}],"player_experience":577584,"relics_obtained":[{"floor":7.0,"key":"Bottled Lightning"},{"floor":14.0,"key":"HornCleat"}],"event_choices":[{"cards_removed":["champ:Strike"],"damage_healed":0.0,"max_hp_gain":0.0,"max_hp_loss":0.0,"gold_gain":0.0,"event_name":"The Cleric","player_choice":"Card Removal","floor":3.0,"gold_loss":0.0,"damage_taken":0.0},{"damage_healed":0.0,"max_hp_gain":0.0,"max_hp_loss":0.0,"gold_gain":1.0,"event_name":"betterThird:BetterScrap","player_choice":"Card Relic ","floor":11.0,"gold_loss":0.0,"damage_taken":63.0,"cards_obtained":["Juggernaut","Wraith Form v2"]}],"is_beta":false,"boss_relics":[],"items_purged_floors":[],"is_endless":false,"potions_floor_spawned":[9,13,15],"killed_by":"downfall:Watcher","ascension_level":0}}