{"host":"dftyqn972q7tuon4","time":1609349356,"event":{"mods":["AchievementEnabler","BaseMod","Better Altar","Better Match","Better Note","Better Sensory Stone","Better Skull","Better Third Choice","Colored Powertips","Highlight Path","Minty Spire (QoL Compilation)","Permanent Neow","Quick Restart","StSLib"],"gold_per_floor":[112,124,139,89,89,117,117,129,129,148,148,148,24,37,37,135,135,154,172,172,172,190,190,220,231,231,231,244,244,273,32,32,130,130,144,159,205,5,17,17,47,47,47,19,19,39,49,63,63,63],"floor_reached":51,"playtime":4312,"items_purged":["Strike_P+1"],"score":1021,"play_id":"ed22abb7-4d04-48f0-97f9-0b1c497142b3","local_time":"20201230182916","is_ascension_mode":true,"campfire_choices":[{"floor":12.0,"key":"REST"},{"data":"Adaptation","floor":15.0,"key":"SMITH"},{"floor":23.0,"key":"REST"},{"floor":27.0,"key":"REST"},{"floor":32.0,"key":"REST"},{"floor":40,"key":"REST"},{"floor":49,"key":"REST"}],"circlet_count":0,"master_deck":["Defend_P+1","Eruption+1","Vigilance+1","LessonLearned+1","Adaptation+1","EmptyFist+1","Crescendo","FearNoEvil+1","FlurryOfBlows+1","EmptyMind+1","Establishment+1","Halt+1","Protect+1","FlurryOfBlows","Indignation+1","Protect+1","EmptyFist+1","ForeignInfluence+1","Protect+1","MasterReality+1","Tantrum","SashWhip+1","InnerPeace","DevaForm+1","FlurryOfBlows","InnerPeace+1","CrushJoints","Adaptation+1","FlurryOfBlows","LikeWater+1","ClearTheMind+1","BattleHymn+1"],"relics":["PureWater","Mercury Hourglass","Frozen Egg 2","The Courier","Oddly Smooth Stone","Fusion Hammer","StrikeDummy","Ancient Tea Set","InkBottle","Omamori","Sozu","Gambling Chip","Membership Card","Nunchaku","Mummified Hand","Kunai"],"acts_visited":["Exordium","TheCity","TheBeyond"],"potions_floor_usage":[],"damage_taken":[{"damage":0.0,"enemies":"Cultist","floor":1.0,"turns":2.0},{"damage":2.0,"enemies":"Jaw Worm","floor":2.0,"turns":3.0},{"damage":3.0,"enemies":"2 Louse","floor":3.0,"turns":3.0},{"damage":13.0,"enemies":"Gremlin Nob","floor":6.0,"turns":3.0},{"damage":5.0,"enemies":"Large Slime","floor":8.0,"turns":4.0},{"damage":10.0,"enemies":"Lots of Slimes","floor":10.0,"turns":2.0},{"damage":0.0,"enemies":"3 Louse","floor":14.0,"turns":2.0},{"damage":33.0,"enemies":"Hexaghost","floor":16.0,"turns":6.0},{"damage":3.0,"enemies":"Chosen","floor":18.0,"turns":3.0},{"damage":0.0,"enemies":"Spheric Guardian","floor":19.0,"turns":3.0},{"damage":26.0,"enemies":"Cultist and Chosen","floor":22.0,"turns":6.0},{"damage":14.0,"enemies":"Book of Stabbing","floor":24.0,"turns":4.0},{"damage":10.0,"enemies":"Shelled Parasite and Fungi","floor":25.0,"turns":4.0},{"damage":3.0,"enemies":"3 Cultists","floor":28.0,"turns":5.0},{"damage":25.0,"enemies":"Slavers","floor":30.0,"turns":6.0},{"damage":5.0,"enemies":"Collector","floor":33.0,"turns":4.0},{"damage":4.0,"enemies":"3 Shapes","floor":35.0,"turns":3.0},{"damage":14.0,"enemies":"3 Darklings","floor":36.0,"turns":4.0},{"damage":1.0,"enemies":"2 Orb Walkers","floor":37.0,"turns":3.0},{"damage":16,"enemies":"Transient","floor":39,"turns":5},{"damage":0,"enemies":"Giant Head","floor":41,"turns":4},{"damage":0,"enemies":"Writhing Mass","floor":46,"turns":4},{"damage":4,"enemies":"4 Shapes","floor":47,"turns":3},{"damage":0,"enemies":"Spire Growth","floor":48,"turns":4},{"damage":42,"enemies":"Time Eater","floor":50,"turns":6}],"seed_played":"-2924378477784128780","potions_obtained":[{"floor":1.0,"key":"FearPotion"},{"floor":14.0,"key":"Swift Potion"},{"floor":22.0,"key":"LiquidBronze"},{"floor":25.0,"key":"Regen Potion"},{"floor":28.0,"key":"Block Potion"},{"floor":30.0,"key":"DuplicationPotion"}],"is_trial":false,"path_per_floor":["M","M","M","?","?","E","?","M","T","M","?","R","$","M","R","B",null,"M","M","?","?","M","R","E","M","T","R","M","?","E","$","R","B",null,"M","M","?","$","M","R","E","?","T","$","?","M","M","M","R","B",null],"character_chosen":"WATCHER","items_purchased":["Oddly Smooth Stone","Omamori","InnerPeace","Membership Card","Nunchaku","Adaptation+1","LikeWater+1"],"campfire_rested":6,"item_purchase_floors":[13,31,31,38,38,38,44],"current_hp_per_floor":[65,63,60,60,60,47,47,42,42,32,32,51,51,51,51,18,53,50,50,50,50,24,43,29,19,19,38,49,49,24,24,43,38,58,54,40,39,39,23,42,42,58,58,58,58,58,54,54,65,23],"gold":63,"neow_bonus":"THREE_RARE_CARDS","is_daily":false,"chose_seed":false,"campfire_upgraded":1,"win_rate":0.0,"timestamp":1609349356,"path_taken":["M","M","?","?","?","E","?","?","T","M","?","R","$","?","R","BOSS","M","M","?","?","M","R","E","M","T","R","?","?","E","$","R","BOSS","M","M","?","$","M","R","E","?","T","?","?","?","M","M","R","BOSS"],"items_purchased_type":["Relic","Relic","Card","Relic","Relic","Card","Card"],"build_version":"2020-12-22","purchased_purges":1,"victory":true,"max_hp_per_floor":[65,65,65,65,65,65,65,65,65,65,65,65,65,65,65,65,65,65,65,65,65,65,65,65,65,65,65,65,65,65,65,65,65,65,65,65,65,65,65,65,65,65,65,65,65,65,65,65,65,65],"card_choices":[{"not_picked":["Judgement","SpiritShield"],"picked":"LessonLearned","floor":0.0},{"not_picked":["TalkToTheHand","Halt"],"picked":"Adaptation","floor":1.0},{"not_picked":["Wireheading","FlyingSleeves"],"picked":"CutThroughFate","floor":2.0},{"not_picked":["Protect","SignatureMove"],"picked":"EmptyFist","floor":3.0},{"not_picked":["Swivel","Omniscience"],"picked":"Crescendo","floor":6.0},{"not_picked":["CutThroughFate","ThirdEye"],"picked":"FearNoEvil","floor":8.0},{"not_picked":["ThirdEye","Crescendo"],"picked":"FlurryOfBlows","floor":10.0},{"not_picked":["FollowUp","Scrawl"],"picked":"EmptyMind","floor":14.0},{"not_picked":["Scrawl","Blasphemy"],"picked":"Establishment+1","floor":16.0},{"not_picked":["JustLucky","Study+1"],"picked":"Halt+1","floor":18.0},{"not_picked":["FearNoEvil","Evaluate"],"picked":"Protect","floor":19.0},{"not_picked":["ReachHeaven","JustLucky+1"],"picked":"Protect","floor":22.0},{"not_picked":["CutThroughFate","SignatureMove"],"picked":"EmptyFist+1","floor":24.0},{"not_picked":["PathToVictory","LessonLearned"],"picked":"ForeignInfluence","floor":25.0},{"not_picked":["TalkToTheHand","Adaptation+1"],"picked":"Protect","floor":28.0},{"not_picked":["PathToVictory+1","EmptyBody"],"picked":"SashWhip+1","floor":30.0},{"not_picked":["Brilliance","Ragnarok"],"picked":"DevaForm+1","floor":33.0},{"not_picked":["FlyingSleeves","ClearTheMind+1"],"picked":"FlurryOfBlows","floor":35.0},{"not_picked":["FlyingSleeves","Consecrate+1"],"picked":"InnerPeace+1","floor":36.0},{"not_picked":["Meditate+1","ThirdEye"],"picked":"CrushJoints","floor":37.0},{"not_picked":["PathToVictory+1","BowlingBash","Crescendo"],"picked":"SKIP","floor":39},{"not_picked":["Alpha","Consecrate+1"],"picked":"FlurryOfBlows","floor":41},{"not_picked":["Crescendo","BowlingBash","FollowUp+1"],"picked":"SKIP","floor":46},{"not_picked":["ThirdEye+1","PathToVictory+1"],"picked":"ClearTheMind+1","floor":47},{"not_picked":["SashWhip+1","JustLucky"],"picked":"BattleHymn+1","floor":48}],"player_experience":548691,"relics_obtained":[{"floor":6.0,"key":"Mercury Hourglass"},{"floor":9.0,"key":"Frozen Egg 2"},{"floor":24.0,"key":"StrikeDummy"},{"floor":26.0,"key":"Ancient Tea Set"},{"floor":30.0,"key":"InkBottle"},{"floor":37.0,"key":"Gambling Chip"},{"floor":41,"key":"Mummified Hand"},{"floor":43,"key":"Kunai"}],"event_choices":[{"cards_removed":["Strike_P"],"damage_healed":0.0,"max_hp_gain":0.0,"max_hp_loss":0.0,"gold_gain":0.0,"event_name":"The Cleric","player_choice":"Card Removal","floor":4.0,"gold_loss":50.0,"damage_taken":0.0},{"cards_removed":["Strike_P"],"damage_healed":0.0,"max_hp_gain":0.0,"max_hp_loss":0.0,"gold_gain":0.0,"event_name":"Living Wall","player_choice":"Forget","floor":5.0,"gold_loss":0.0,"damage_taken":0.0},{"cards_removed":["Defend_P"],"damage_healed":0.0,"max_hp_gain":0.0,"max_hp_loss":0.0,"gold_gain":0.0,"event_name":"Bonfire Elementals","player_choice":"Offered Basic","floor":7.0,"gold_loss":0.0,"damage_taken":0.0},{"cards_removed":["CutThroughFate"],"damage_healed":0.0,"max_hp_gain":0.0,"max_hp_loss":0.0,"gold_gain":0.0,"event_name":"WeMeetAgain","player_choice":"Gave Card","floor":11.0,"gold_loss":0.0,"damage_taken":0.0,"relics_obtained":["The Courier"]},{"damage_healed":0.0,"max_hp_gain":0.0,"max_hp_loss":0.0,"gold_gain":0.0,"event_name":"The Library","player_choice":"Read","floor":20.0,"gold_loss":0.0,"damage_taken":0.0,"cards_obtained":["FlurryOfBlows"]},{"damage_healed":0.0,"max_hp_gain":0.0,"max_hp_loss":0.0,"gold_gain":0.0,"cards_transformed":["Defend_P"],"event_name":"Transmorgrifier","player_choice":"Transformed","floor":21.0,"gold_loss":0.0,"damage_taken":0.0,"cards_obtained":["Indignation"]},{"damage_healed":0.0,"max_hp_gain":0.0,"max_hp_loss":0.0,"gold_gain":0.0,"cards_transformed":["Defend_P","Strike_P"],"event_name":"Drug Dealer","player_choice":"Became Test Subject","floor":29.0,"gold_loss":0.0,"damage_taken":0.0,"cards_obtained":["MasterReality","Tantrum"]},{"damage_healed":0.0,"max_hp_gain":0.0,"max_hp_loss":0.0,"gold_gain":0.0,"event_name":"Mysterious Sphere","player_choice":"Fight","floor":37.0,"gold_loss":0.0,"damage_taken":0.0},{"damage_healed":16,"gold_gain":0,"player_choice":"Writhe","damage_taken":0,"max_hp_gain":0,"max_hp_loss":0,"event_name":"Winding Halls","floor":42,"gold_loss":0,"cards_obtained":["Writhe"]},{"damage_healed":0,"gold_gain":0,"player_choice":"Upgraded","damage_taken":0,"max_hp_gain":0,"max_hp_loss":0,"event_name":"Upgrade Shrine","floor":45,"gold_loss":0,"cards_upgraded":["Eruption"]}],"is_beta":false,"boss_relics":[{"not_picked":["Cursed Key","Black Star"],"picked":"Fusion Hammer"},{"not_picked":["Velvet Choker","Pandora\u0027s Box"],"picked":"Sozu"}],"items_purged_floors":[31],"is_endless":false,"potions_floor_spawned":[1,14,22,25,28,30,35,36,41,46],"ascension_level":7}}