{"host":"vddkjx04kiwje1tk","time":1609321102,"event":{"mods":["AchievementEnabler","BaseMod","Colored Map","Minty Spire (QoL Compilation)","Quick Restart","SuperFastMode"],"gold_per_floor":[118,43,43,43,61,88,107,73,73,89,104,118,118,118,118,217,267,279,378,390,407,426,426,457,457,457,499,511,511],"floor_reached":28,"playtime":752,"items_purged":[],"score":312,"play_id":"bcf48b1a-b60a-45a7-9b4e-946ea4f374d1","local_time":"20201230183822","is_ascension_mode":true,"campfire_choices":[{"data":"Blizzard","floor":13,"key":"SMITH"},{"data":"Defragment","floor":15,"key":"SMITH"},{"data":"White Noise","floor":23,"key":"SMITH"},{"data":"Zap","floor":25,"key":"SMITH"}],"circlet_count":0,"master_deck":["Strike_B","Strike_B","Strike_B","Defend_B","Defend_B","Defend_B","Zap+1","Dualcast","Sweeping Beam","Defragment+1","Blizzard+1","Glacier","Defragment+1","White Noise+1","Cold Snap","Reboot","Hologram","Redo+1","Chill+1","Glacier"],"relics":["Cracked Core","Meat on the Bone","Mercury Hourglass","Frozen Egg 2","Tiny House","Gambling Chip","MawBank","Torii"],"acts_visited":["Exordium","TheCity"],"potions_floor_usage":[16,18],"damage_taken":[{"damage":1,"enemies":"Cultist","floor":1,"turns":4},{"damage":0,"enemies":"Small Slimes","floor":5,"turns":3},{"damage":46,"enemies":"Gremlin Nob","floor":6,"turns":4},{"damage":0,"enemies":"2 Louse","floor":7,"turns":2},{"damage":1,"enemies":"Looter","floor":10,"turns":4},{"damage":15,"enemies":"Exordium Thugs","floor":11,"turns":5},{"damage":7,"enemies":"Large Slime","floor":12,"turns":5},{"damage":13,"enemies":"Hexaghost","floor":16,"turns":10},{"damage":5,"enemies":"3 Byrds","floor":18,"turns":4},{"damage":11,"enemies":"Spheric Guardian","floor":20,"turns":6},{"damage":6,"enemies":"Snecko","floor":21,"turns":7},{"damage":15,"enemies":"Snake Plant","floor":22,"turns":6},{"damage":14,"enemies":"Slavers","floor":24,"turns":6},{"damage":32,"enemies":"Book of Stabbing","floor":27,"turns":6},{"damage":19,"enemies":"Cultist and Chosen","floor":28,"turns":4}],"seed_played":"7236033069237142895","potions_obtained":[{"floor":4,"key":"Energy Potion"},{"floor":4,"key":"Dexterity Potion"},{"floor":4,"key":"SkillPotion"},{"floor":16,"key":"CultistPotion"},{"floor":18,"key":"BlessingOfTheForge"}],"is_trial":false,"path_per_floor":["M","$","?","?","M","E","M","$","T","M","M","M","R","?","R","B",null,"M","?","M","M","M","R","E","R","T","E","M"],"character_chosen":"DEFECT","items_purchased":["Defragment","Defragment"],"campfire_rested":0,"item_purchase_floors":[2,8],"current_hp_per_floor":[67,67,55,55,55,21,33,33,33,44,41,46,46,51,51,38,78,73,73,62,56,41,41,39,39,39,19,0,0],"gold":511,"neow_bonus":"REMOVE_TWO","is_daily":false,"chose_seed":false,"campfire_upgraded":4,"win_rate":0.0,"timestamp":1609321102,"path_taken":["M","$","?","?","M","E","?","$","T","M","M","M","R","?","R","BOSS","M","?","M","M","M","R","E","R","T","E","M"],"items_purchased_type":["Card","Card"],"build_version":"2020-12-22","purchased_purges":0,"victory":false,"max_hp_per_floor":[68,68,68,68,68,68,68,68,68,68,68,68,68,73,73,73,78,78,78,78,78,78,78,78,78,78,78,78,78],"card_choices":[{"not_picked":["Ball Lightning","Go for the Eyes"],"picked":"Sweeping Beam","floor":1},{"not_picked":["Steam","Go for the Eyes"],"picked":"Blizzard","floor":5},{"not_picked":["Gash","Coolheaded"],"picked":"Glacier","floor":6},{"not_picked":["Recycle","Lockon","Multi-Cast"],"picked":"SKIP","floor":7},{"not_picked":["Coolheaded","Conserve Battery"],"picked":"White Noise","floor":10},{"not_picked":["Aggregate","Sweeping Beam"],"picked":"Cold Snap","floor":11},{"not_picked":["Gash","Heatsinks+1","Static Discharge+1"],"picked":"SKIP","floor":12},{"not_picked":["Seek","Biased Cognition+1"],"picked":"Reboot","floor":16},{"not_picked":["Leap","Sweeping Beam"],"picked":"Hologram","floor":17},{"not_picked":["Ball Lightning+1","Auto Shields+1","Conserve Battery"],"picked":"SKIP","floor":18},{"not_picked":["Ball Lightning","Barrage"],"picked":"Redo+1","floor":20},{"not_picked":["Compile Driver","Loop+1"],"picked":"Chill+1","floor":21},{"not_picked":["Sweeping Beam+1","Blizzard","Go for the Eyes"],"picked":"SKIP","floor":22},{"not_picked":["Streamline+1","Biased Cognition+1","Compile Driver+1"],"picked":"SKIP","floor":24},{"not_picked":["Hello World+1","Stack"],"picked":"Glacier","floor":27}],"player_experience":230496,"relics_obtained":[{"floor":6,"key":"Mercury Hourglass"},{"floor":9,"key":"Frozen Egg 2"},{"floor":24,"key":"Gambling Chip"},{"floor":26,"key":"MawBank"},{"floor":27,"key":"Torii"}],"event_choices":[{"damage_healed":0,"gold_gain":0,"player_choice":"Success","damage_taken":12,"relics_obtained":["Meat on the Bone"],"max_hp_gain":0,"max_hp_loss":0,"event_name":"Scrap Ooze","floor":3,"gold_loss":0},{"damage_healed":0,"gold_gain":0,"player_choice":"Got Potions","damage_taken":0,"max_hp_gain":0,"max_hp_loss":0,"event_name":"Lab","floor":4,"gold_loss":0},{"damage_healed":0,"gold_gain":0,"player_choice":"Donut","damage_taken":0,"max_hp_gain":5,"max_hp_loss":0,"event_name":"Big Fish","floor":14,"gold_loss":0},{"damage_healed":0,"gold_gain":99,"player_choice":"Stole From Cult","damage_taken":0,"max_hp_gain":0,"max_hp_loss":0,"event_name":"Nest","floor":19,"gold_loss":0}],"is_beta":false,"boss_relics":[{"not_picked":["Runic Pyramid","Calling Bell"],"picked":"Tiny House"}],"items_purged_floors":[],"is_endless":false,"potions_floor_spawned":[5,6,11,12,16,18,22,24,27],"killed_by":"Cultist and Chosen","ascension_level":4}}