{"host":"b0dcklafnoly879c","time":1609347827,"event":{"mods":["Ascension Reborn","BaseMod","Minty Spire (QoL Compilation)","RRrroohrrRGHHhhh!!","StSLib","The Dragon Tamer","The Jungle"],"gold_per_floor":[117,133,5,180,190,217,236,82,82,113,113,113,131,131,131,227,227,243,257,267,8,8,8,37,37,37,66,66,85,85,101,101,204,204,298,389,17,17,111,111,323,412,412,616,616,705,919,286,286,286,286,286,35,253,253],"floor_reached":56,"playtime":5002,"items_purged":["Doubt","DTMod:Strike","DTMod:Strike"],"score":1560,"play_id":"1e7685c6-c7a7-4adc-b287-45453897862b","local_time":"20201231020347","is_ascension_mode":true,"metric_token":479,"campfire_choices":[{"data":"Apotheosis","floor":11.0,"key":"SMITH"},{"data":"DTMod:Training","floor":15.0,"key":"SMITH"},{"data":"DTMod:CalculatedDefense","floor":23.0,"key":"SMITH"},{"data":"DTMod:CrossStep","floor":28.0,"key":"SMITH"},{"data":"DTMod:StunTrap","floor":32.0,"key":"SMITH"},{"floor":40.0,"key":"RECALL"},{"floor":45.0,"key":"REST"},{"data":"DTMod:MagiciansMark","floor":49.0,"key":"SMITH"},{"data":"DTMod:SwitchingTactic","floor":52.0,"key":"SMITH"}],"dtmod_dragon_data":[31,50,3,4,14,1],"circlet_count":0,"master_deck":["DTMod:Strike+1","DTMod:DoubleHit","DTMod:TargetDefense+1","DTMod:TargetDefense","DTMod:TargetDefense","DTMod:TargetDefense+1","DTMod:SwitchingTactic+1","Apotheosis+1","DTMod:ComboAttack","DTMod:StunTrap+1","DTMod:DragonDance+1","DTMod:Training+1","DTMod:TagTeam","DTMod:Cover","DTMod:SneakAttack","DTMod:Overwhelm","DTMod:HeatWave","DTMod:LightShield","DTMod:RunningTactic","DTMod:CrossStep+1","DTMod:CalculatedDefense+1","DTMod:LastStand","DTMod:Shift","DTMod:TauntingStrike","DTMod:GhostSkin+1","DTMod:HeadStart+1","DTMod:Shift+1","DTMod:MagiciansMark+1","DTMod:CleansingStrike","DTMod:Overwhelm+1","DTMod:Observe+1","DTMod:Haste+1","DTMod:TagTeam+1","DTMod:Adaptation","DTMod:Coolant+1","DTMod:Threaten+1","DTMod:RecklessFlurry","Master of Strategy+1"],"relics":["DTMod:PactStone","FossilizedHelix","Letter Opener","Blue Candle","Pear","SlaversCollar","theJungle:BirthdayCakeSlice","Smiling Mask","Toxic Egg 2","Eternal Feather","rorgmod:Black Star","TungstenRod","Nunchaku","War Paint","InkBottle","Meat on the Bone","Strawberry","MawBank","Calipers","Centennial Puzzle","Pen Nib","Orichalcum"],"acts_visited":["Exordium","theJungle:Jungle","TheBeyond","TheEnding"],"potions_floor_usage":[54,55],"damage_taken":[{"damage":0.0,"enemies":"Cultist","floor":1.0,"turns":3.0},{"damage":0.0,"enemies":"Jaw Worm","floor":2.0,"turns":3.0},{"damage":4.0,"enemies":"Small Slimes","floor":5.0,"turns":5.0},{"damage":12.0,"enemies":"Lagavulin","floor":6.0,"turns":6.0},{"damage":0.0,"enemies":"Looter","floor":7.0,"turns":4.0},{"damage":0.0,"enemies":"3 Sentries","floor":10.0,"turns":6.0},{"damage":0.0,"enemies":"2 Fungi Beasts","floor":13.0,"turns":4.0},{"damage":0.0,"enemies":"Slime Boss","floor":16.0,"turns":10.0},{"damage":16.0,"enemies":"theJungle:Flameango_and_Byrd","floor":18.0,"turns":5.0},{"damage":0.0,"enemies":"theJungle:GiantWrat","floor":19.0,"turns":5.0},{"damage":0.0,"enemies":"theJungle:Lyon","floor":20.0,"turns":5.0},{"damage":0.0,"enemies":"theJungle:2_Phrogs","floor":24.0,"turns":6.0},{"damage":0.0,"enemies":"theJungle:MamaSnecko","floor":27.0,"turns":6.0},{"damage":7.0,"enemies":"theJungle:2_Flameangoes","floor":29.0,"turns":7.0},{"damage":7.0,"enemies":"Snake Plant","floor":31.0,"turns":5.0},{"damage":14.0,"enemies":"theJungle:TotemBoss","floor":33.0,"turns":8.0},{"damage":0.0,"enemies":"3 Darklings","floor":35.0,"turns":5.0},{"damage":0.0,"enemies":"3 Shapes","floor":36.0,"turns":5.0},{"damage":4.0,"enemies":"3 Darklings","floor":39.0,"turns":9.0},{"damage":24.0,"enemies":"Reptomancer","floor":41.0,"turns":7.0},{"damage":0.0,"enemies":"Sphere and 2 Shapes","floor":42.0,"turns":6.0},{"damage":0.0,"enemies":"Nemesis","floor":44.0,"turns":5.0},{"damage":0.0,"enemies":"Spire Growth","floor":46.0,"turns":6.0},{"damage":0.0,"enemies":"Giant Head","floor":47.0,"turns":7.0},{"damage":0.0,"enemies":"Time Eater","floor":50.0,"turns":15.0},{"damage":6,"enemies":"Shield and Spear","floor":54,"turns":6},{"damage":13,"enemies":"The Heart","floor":55,"turns":10}],"seed_played":"-6069356102025315438","potions_obtained":[{"floor":2.0,"key":"FearPotion"},{"floor":5.0,"key":"Weak Potion"},{"floor":13.0,"key":"SkillPotion"},{"floor":18.0,"key":"GamblersBrew"},{"floor":20.0,"key":"Energy Potion"},{"floor":47.0,"key":"LiquidBronze"},{"floor":47.0,"key":"LiquidBronze"}],"is_trial":false,"path_per_floor":["M","M","$","?","M","E","M","$","T","E","R","?","M","?","R","B",null,"M","M","M","$","?","R","E","?","T","E","R","M","?","M","R","B",null,"M","M","$","?","M","R","E","M","T","E","R","M","E","$","R","B",null,"R","$","E","B",null],"character_chosen":"THE_DT","items_purchased":["DTMod:DragonDance","DTMod:Training","DTMod:SneakAttack","DTMod:CalculatedDefense","DTMod:LastStand","DTMod:Shift","DTMod:TauntingStrike","TungstenRod","DTMod:MagiciansMark","Calipers","DTMod:Adaptation","DTMod:Coolant+1","Centennial Puzzle","DTMod:Threaten+1","DTMod:RecklessFlurry","Master of Strategy+1"],"campfire_rested":1,"item_purchase_floors":[3,3,8,21,21,21,21,37,37,48,48,48,48,48,53,53],"current_hp_per_floor":[33,33,33,33,29,17,17,17,17,17,17,8,8,11,11,11,55,39,39,39,39,44,44,44,34,34,34,49,42,42,35,50,36,60,60,60,60,60,56,60,36,36,36,36,60,60,67,67,67,67,67,67,67,61,48],"gold":253,"neow_bonus":"RANDOM_COLORLESS_2","is_daily":false,"chose_seed":false,"campfire_upgraded":7,"win_rate":0.0,"timestamp":1609347827,"path_taken":["M","M","?","?","M","E","M","$","T","E","R","?","M","?","R","BOSS","M","M","M","$","?","R","E","?","T","E","R","M","?","M","R","BOSS","M","M","$","?","M","R","E","M","T","E","R","M","E","$","R","BOSS","R","$","E","BOSS"],"items_purchased_type":["Card","Card","Card","Card","Card","Card","Card","Relic","Card","Relic","Card","Card","Relic","Card","Card","Card"],"build_version":"2020-12-22","purchased_purges":3,"victory":true,"max_hp_per_floor":[45,45,45,45,45,45,45,45,45,45,45,45,45,55,55,55,55,55,55,55,55,60,60,60,60,60,60,60,60,60,60,60,60,60,60,60,60,60,60,60,60,60,60,60,60,60,67,67,67,67,67,67,67,67,67],"card_choices":[{"not_picked":["Venomology","HandOfGreed"],"picked":"Apotheosis","floor":0.0},{"not_picked":["DTMod:ForkedFire","DTMod:Threaten"],"picked":"DTMod:ComboAttack","floor":1.0},{"not_picked":["DTMod:Feint","DTMod:BuildUp"],"picked":"DTMod:StunTrap","floor":2.0},{"not_picked":["DTMod:Feint","DTMod:DeepFocus"],"picked":"DTMod:TagTeam","floor":5.0},{"not_picked":["DTMod:Astonish","DTMod:FlameSlash","DTMod:Punisher"],"picked":"SKIP","floor":6.0},{"not_picked":["DTMod:MagicField","DTMod:Feint"],"picked":"DTMod:Cover","floor":7.0},{"not_picked":["DTMod:Outburst","DTMod:Feint"],"picked":"DTMod:Overwhelm","floor":10.0},{"not_picked":["DTMod:Training","DTMod:Cover"],"picked":"DTMod:HeatWave","floor":13.0},{"not_picked":["DTMod:OpeningTactic","DTMod:Multitask"],"picked":"DTMod:LightShield","floor":16.0},{"not_picked":["DTMod:Feint","DTMod:Threaten"],"picked":"DTMod:RunningTactic","floor":18.0},{"not_picked":["DTMod:DarkBreath","DTMod:Training"],"picked":"DTMod:CrossStep","floor":19.0},{"not_picked":["DTMod:Training+1","DTMod:BreakAttack+1","DTMod:BizarreTactic+1"],"picked":"SKIP","floor":20.0},{"not_picked":["DTMod:MagicField","DTMod:TagTeam","DTMod:BuildUp"],"picked":"SKIP","floor":24.0},{"not_picked":["DTMod:QuickFly","DTMod:Hide+1"],"picked":"DTMod:GhostSkin+1","floor":27.0},{"not_picked":["DTMod:BuildUp","DTMod:BurningForce","DTMod:BreakAttack"],"picked":"SKIP","floor":29.0},{"not_picked":["DTMod:Overwhelm+1","DTMod:SealedStrike","DTMod:MasterPlan+1"],"picked":"SKIP","floor":31.0},{"not_picked":["DTMod:GearUp+1","DTMod:StunTrap+1"],"picked":"DTMod:HeadStart+1","floor":33.0},{"not_picked":["DTMod:SneakAttack+1","DTMod:BuildUp"],"picked":"DTMod:Shift+1","floor":35.0},{"not_picked":["DTMod:Punisher","DTMod:StarRain","DTMod:Feint+1"],"picked":"SKIP","floor":36.0},{"not_picked":["DTMod:BurningForce","DTMod:Cover+1"],"picked":"DTMod:CleansingStrike","floor":39.0},{"not_picked":["DTMod:ForkedFire+1","DTMod:CrossStep+1"],"picked":"DTMod:Overwhelm+1","floor":41.0},{"not_picked":["DTMod:MagicField+1","DTMod:MagiciansMark+1"],"picked":"DTMod:Observe+1","floor":42.0},{"not_picked":["DTMod:Astonish","DTMod:Observe+1","DTMod:RunningTactic+1"],"picked":"SKIP","floor":44.0},{"not_picked":["DTMod:StunTrap+1","DTMod:Punisher"],"picked":"DTMod:Haste+1","floor":46.0},{"not_picked":["DTMod:ForkedFire+1","DTMod:CleansingStrike"],"picked":"DTMod:TagTeam+1","floor":47.0},{"not_picked":["DTMod:ComboAttack","DTMod:Haste+1","DTMod:Hide+1"],"picked":"SKIP","floor":54}],"player_experience":229811,"relics_obtained":[{"floor":6.0,"key":"FossilizedHelix"},{"floor":9.0,"key":"Letter Opener"},{"floor":10.0,"key":"Blue Candle"},{"floor":24.0,"key":"Smiling Mask"},{"floor":26.0,"key":"Toxic Egg 2"},{"floor":27.0,"key":"Eternal Feather"},{"floor":41.0,"key":"Nunchaku"},{"floor":41.0,"key":"War Paint"},{"floor":44.0,"key":"InkBottle"},{"floor":44.0,"key":"Meat on the Bone"},{"floor":47.0,"key":"Strawberry"},{"floor":47.0,"key":"MawBank"},{"floor":54,"key":"Pen Nib"},{"floor":54,"key":"Orichalcum"}],"event_choices":[{"damage_healed":0.0,"max_hp_gain":0.0,"max_hp_loss":0.0,"gold_gain":175.0,"event_name":"Liars Game","player_choice":"AGREE","floor":4.0,"gold_loss":0.0,"damage_taken":0.0,"cards_obtained":["Doubt"]},{"damage_healed":0.0,"max_hp_gain":0.0,"max_hp_loss":0.0,"gold_gain":0.0,"event_name":"Shining Light","player_choice":"Entered Light","floor":12.0,"gold_loss":0.0,"damage_taken":9.0,"cards_upgraded":["DTMod:DragonDance","DTMod:Strike"]},{"damage_healed":0.0,"max_hp_gain":0.0,"max_hp_loss":0.0,"gold_gain":0.0,"event_name":"Scrap Ooze","player_choice":"Success","floor":14.0,"gold_loss":0.0,"damage_taken":7.0,"relics_obtained":["Pear"]}],"is_beta":false,"boss_relics":[{"not_picked":["Calling Bell","SacredBark"],"picked":"SlaversCollar"},{"not_picked":["Philosopher\u0027s Stone","Black Star"],"picked":"rorgmod:Black Star"}],"items_purged_floors":[8,37,48],"is_endless":false,"potions_floor_spawned":[2,5,13,18,20,33,36,41,42,47],"ascension_level":0}}