{"host":"baymyijz6sxaqj5s","time":1609320501,"event":{"mods":["AchievementEnabler","BaseMod","Colored Map","Colored Powertips","DeckTracker","Highlight Path","KOR Keyword Fix","Keyboard Shortcuts","Minty Spire (QoL Compilation)","Quick Restart","StSLib","SuperFastMode"],"gold_per_floor":[119,194,194,207,226,226,243,256,256,185,185,185,185,199,199,302,302,321,321,339,339,339],"floor_reached":21,"playtime":977,"items_purged":[],"score":173,"play_id":"b65b90b0-4244-4079-be8e-fc49be2de324","local_time":"20201230182821","is_ascension_mode":false,"campfire_choices":[{"data":"Dualcast","floor":6,"key":"SMITH"},{"floor":13,"key":"REST"},{"data":"Self Repair","floor":15,"key":"SMITH"}],"circlet_count":0,"master_deck":["Strike_B","Strike_B","Strike_B","Defend_B","Defend_B","Defend_B","Defend_B","Zap","Dualcast+1","Leap","Conserve Battery","Cold Snap","Self Repair+1","Darkness","Compile Driver","Sweeping Beam"],"relics":["Cracked Core","Art of War","Question Card"],"acts_visited":["Exordium","TheCity"],"potions_floor_usage":[14,16,19],"damage_taken":[{"damage":0,"enemies":"2 Louse","floor":1,"turns":1},{"damage":4,"enemies":"Jaw Worm","floor":4,"turns":4},{"damage":0,"enemies":"Cultist","floor":5,"turns":3},{"damage":4,"enemies":"Exordium Wildlife","floor":7,"turns":4},{"damage":2,"enemies":"2 Fungi Beasts","floor":8,"turns":3},{"damage":4,"enemies":"Large Slime","floor":14,"turns":8},{"damage":40,"enemies":"Hexaghost","floor":16,"turns":13},{"damage":3,"enemies":"Shell Parasite","floor":18,"turns":5},{"damage":0,"enemies":"2 Thieves","floor":19,"turns":1},{"damage":50,"enemies":"Sentry and Sphere","floor":20,"turns":12},{"damage":45,"enemies":"Snake Plant","floor":21,"turns":6}],"seed_played":"3750015876325408801","potions_obtained":[{"floor":4,"key":"Fire Potion"},{"floor":7,"key":"SmokeBomb"},{"floor":8,"key":"EssenceOfSteel"}],"is_trial":false,"path_per_floor":["M","?","?","M","M","R","M","M","T","$","?","$","R","M","R","B",null,"M","M","M","M"],"character_chosen":"DEFECT","items_purchased":["Darkness"],"campfire_rested":1,"item_purchase_floors":[10],"current_hp_per_floor":[82,71,59,55,55,55,51,49,49,49,42,42,66,69,69,39,82,82,82,42,0,0],"gold":339,"neow_bonus":"TEN_PERCENT_HP_BONUS","is_daily":false,"chose_seed":false,"campfire_upgraded":2,"win_rate":0.0,"timestamp":1609320501,"path_taken":["M","?","?","?","M","R","M","M","T","$","?","?","R","M","R","BOSS","M","M","M","M"],"items_purchased_type":["Card"],"build_version":"2020-12-22","purchased_purges":0,"victory":false,"max_hp_per_floor":[82,82,82,82,82,82,82,82,82,82,82,82,82,82,82,82,82,82,82,82,82,82],"card_choices":[{"not_picked":["Go for the Eyes","Turbo","Hologram"],"picked":"SKIP","floor":1},{"not_picked":["Aggregate","Streamline"],"picked":"Leap","floor":4},{"not_picked":["Steam","Ball Lightning"],"picked":"Conserve Battery","floor":5},{"not_picked":["Conserve Battery","Leap"],"picked":"Cold Snap","floor":7},{"not_picked":["Barrage","Consume"],"picked":"Self Repair","floor":8},{"not_picked":["Melter","Hologram","Ball Lightning","Leap"],"picked":"SKIP","floor":14},{"not_picked":["Streamline","Go for the Eyes","All For One"],"picked":"Compile Driver","floor":18},{"not_picked":["Steam","Tempest","Compile Driver"],"picked":"Sweeping Beam","floor":20}],"player_experience":294471,"relics_obtained":[{"floor":9,"key":"Question Card"}],"event_choices":[{"damage_healed":0,"gold_gain":75,"player_choice":"Gather Gold","damage_taken":11,"max_hp_gain":0,"max_hp_loss":0,"event_name":"World of Goop","floor":2,"gold_loss":0},{"damage_healed":0,"gold_gain":0,"player_choice":"Success","damage_taken":12,"relics_obtained":["Art of War"],"max_hp_gain":0,"max_hp_loss":0,"event_name":"Scrap Ooze","floor":3,"gold_loss":0},{"cards_removed":["Strike_B"],"damage_healed":0,"gold_gain":0,"player_choice":"Card Removal","damage_taken":7,"max_hp_gain":0,"max_hp_loss":0,"event_name":"Golden Wing","floor":11,"gold_loss":0}],"is_beta":false,"boss_relics":[{"not_picked":["Ectoplasm","Snecko Eye","Velvet Choker"]}],"items_purged_floors":[],"is_endless":false,"potions_floor_spawned":[4,7,8,19],"killed_by":"Snake Plant","ascension_level":0}}