{"host":"uyrebrj0204enqpc","time":1609356132,"event":{"mods":["Act Like it!","Bard","BaseMod","Block Reminder","Challenge The Spire","Colored Map","Colored Powertips","DeckTracker","Downfall","GifTheSpireLib","HexUI Lib","Highlight Path","Hubris","Infinite Spire","Minty Spire (QoL Compilation)","Pale of the Ancients","Quick Restart","Random Character Button","Relic Sorter","Relic Stats","Replay The Spire","Shop Mod","StSLib","The Blue Laboratory","The Bug Knight","The Cursed","The Jungle","The Marked","Wandering Minibosses"],"gold_per_floor":[115,115,115,115,138,146,146],"floor_reached":6,"playtime":129,"items_purged":[],"score":44,"play_id":"630dde28-cb04-41a4-982e-c099802b3140","local_time":"20201230142212","is_ascension_mode":true,"campfire_choices":[],"circlet_count":0,"master_deck":["Strike_B+1","Strike_B","Strike_B+1","Strike_B","Defend_B","Defend_B","Defend_B","Defend_B","Zap+1","Dualcast","ReplayTheSpireMod:Calculation Training"],"relics":["Cracked Core","Golden Idol","Replay:Bandana"],"acts_visited":["Exordium"],"potions_floor_usage":[],"damage_taken":[{"damage":3,"enemies":"2 Louse","floor":1,"turns":3},{"damage":3,"enemies":"Small Slimes","floor":5,"turns":3},{"damage":23,"enemies":"HollowMod:MossKnight","floor":6,"turns":3}],"seed_played":"-5522034014083744386","potions_obtained":[{"floor":5,"key":"SmokeBomb"}],"is_trial":false,"path_per_floor":["M","?","?","?","M","E"],"character_chosen":"DEFECT","items_purchased":[],"campfire_rested":0,"item_purchase_floors":[],"current_hp_per_floor":[65,47,40,25,22,0,0],"gold":146,"neow_bonus":"UPGRADE_CARD","is_daily":false,"chose_seed":false,"campfire_upgraded":0,"win_rate":0.0,"timestamp":1609356132,"path_taken":["M","?","?","?","M","E"],"items_purchased_type":[],"build_version":"2020-12-22","purchased_purges":0,"victory":false,"max_hp_per_floor":[75,75,75,75,75,75,75],"relic_stats":{"counters":[3,9],"Golden Idol":3,"obtain_stats":[{"Replay:Bandana":3,"Golden Idol":2,"Cracked Core":0},{"Replay:Bandana":1,"Golden Idol":1,"Cracked Core":0},{"Replay:Bandana":3,"Golden Idol":3,"Cracked Core":0}]},"card_choices":[{"not_picked":["Compile Driver","Cold Snap","Streamline"],"picked":"SKIP","floor":1},{"not_picked":["BasicCrystalCard","Melter"],"picked":"ReplayTheSpireMod:Calculation Training","floor":5}],"player_experience":1014545,"relics_obtained":[],"event_choices":[{"damage_healed":0,"gold_gain":0,"player_choice":"Take Damage","damage_taken":18,"relics_obtained":["Golden Idol"],"max_hp_gain":0,"max_hp_loss":0,"event_name":"Golden Idol","floor":2,"gold_loss":0},{"damage_healed":0,"gold_gain":0,"player_choice":"Success","damage_taken":7,"relics_obtained":["Replay:Bandana"],"max_hp_gain":0,"max_hp_loss":0,"event_name":"Scrap Ooze","floor":3,"gold_loss":0},{"damage_healed":0,"gold_gain":0,"player_choice":"Entered Light","damage_taken":15,"max_hp_gain":0,"max_hp_loss":0,"event_name":"Shining Light","floor":4,"gold_loss":0,"cards_upgraded":["Strike_B","Strike_B"]}],"is_beta":false,"boss_relics":[],"items_purged_floors":[],"is_endless":false,"potions_floor_spawned":[5],"killed_by":"HollowMod:MossKnight","ascension_level":6}}