{"host":"l79f8ln2p3swdcfd","time":1609359527,"event":{"mods":["BaseMod","Better Note","DeckTracker","Minty Spire (QoL Compilation)","StSLib","The Animator"],"gold_per_floor":[130,55,55,55,5,5,18,39,66,99,99,99,274,288,288,414,439,462,487,487,86,100,100,100,118,192,192,215,215,281,281,281,281,281],"floor_reached":33,"playtime":2065,"items_purged":["Parasite","Regret"],"score":286,"play_id":"ba1a99e4-a2fd-439f-9b8c-fb41945277e8","local_time":"20201230211847","is_ascension_mode":false,"campfire_choices":[{"data":"animator:YuiTsuruno","floor":6,"key":"SMITH"},{"floor":15,"key":"REST"},{"data":"animator:Gilgamesh+2","floor":23,"key":"SMITH"},{"data":"animator:Gilgamesh+4","floor":27,"key":"SMITH"},{"data":"animator:Gilgamesh+5","floor":29,"key":"SMITH"},{"floor":32,"key":"REST"}],"circlet_count":0,"master_deck":["animator:Strike_MadokaMagica+1","animator:Defend_MadokaMagica","animator:Strike","animator:Strike","animator:Strike","animator:Defend","animator:Defend","animator:Defend","animator:IrohaTamaki+1","animator:YuiTsuruno+1","animator:Viivi+1","animator:Shinoa+1","animator:Gilgamesh+7","animator:Shinoa+1","animator:Yoichi+1"],"relics":["animator:TheMissingPiece","animator:PurgingStone","Golden Idol","Bag of Preparation","Toxic Egg 2","Mango","animator:EngravedStaff","Sozu","Nloth\u0027s Gift","Tiny Chest","Bronze Scales","Vajra","Matryoshka"],"acts_visited":["Exordium","TheCity"],"potions_floor_usage":[16,16],"damage_taken":[{"damage":0,"enemies":"2 Louse","floor":1,"turns":2},{"damage":0,"enemies":"Small Slimes","floor":7,"turns":2},{"damage":3,"enemies":"Jaw Worm","floor":8,"turns":4},{"damage":21,"enemies":"Gremlin Nob","floor":10,"turns":4},{"damage":18,"enemies":"Exordium Wildlife","floor":14,"turns":6},{"damage":43,"enemies":"Hexaghost","floor":16,"turns":11},{"damage":23,"enemies":"Spheric Guardian","floor":18,"turns":4},{"damage":2,"enemies":"3 Byrds","floor":22,"turns":3},{"damage":0,"enemies":"Snake Plant","floor":25,"turns":3},{"damage":22,"enemies":"Centurion and Healer","floor":28,"turns":4},{"damage":23,"enemies":"Book of Stabbing","floor":30,"turns":5},{"damage":48,"enemies":"Champ","floor":33,"turns":9}],"seed_played":"2048487963615160107","potions_obtained":[{"floor":1,"key":"LiquidMemories"},{"floor":10,"key":"SteroidPotion"}],"is_trial":false,"path_per_floor":["M","$","?","?","?","R","M","M","T","E","T","?","?","M","R","B",null,"M","?","?","$","M","R","$","M","T","R","M","R","E","?","R","B"],"character_chosen":"THE_ANIMATOR","items_purchased":["Tiny Chest","Bronze Scales"],"campfire_rested":2,"item_purchase_floors":[21,21],"current_hp_per_floor":[78,75,60,60,60,60,60,57,57,36,50,50,50,32,58,15,89,66,66,66,66,64,64,64,64,64,64,42,42,19,19,45,0,0],"gold":281,"neow_bonus":"TWENTY_PERCENT_HP_BONUS","is_daily":false,"chose_seed":false,"campfire_upgraded":4,"win_rate":0.0,"timestamp":1609359527,"path_taken":["M","$","?","?","?","R","M","M","T","E","?","?","?","?","R","BOSS","M","?","?","$","M","R","?","M","T","R","M","R","E","?","R","BOSS"],"items_purchased_type":["Relic","Relic"],"build_version":"2020-12-22","purchased_purges":2,"victory":false,"max_hp_per_floor":[78,75,75,75,75,75,75,75,75,75,89,89,89,89,89,89,89,89,89,89,89,89,89,89,89,89,89,89,89,89,89,89,89,89],"card_choices":[{"not_picked":["animator:Mikaela","animator:Guy"],"picked":"animator:Viivi","floor":1},{"not_picked":["animator:Shichika","animator:CrowleyEusford","animator:AcuraTooru"],"picked":"SKIP","floor":7},{"not_picked":["animator:Emonzaemon","animator:IrohaTamaki","animator:Melzalgald"],"picked":"SKIP","floor":8},{"not_picked":["animator:Arpeggio","animator:Assassin"],"picked":"animator:Shinoa+1","floor":14},{"not_picked":["animator:ItamiYouji","animator:PinaCoLada"],"picked":"animator:Gilgamesh","floor":16},{"not_picked":["animator:Archer","animator:ShinjiMatou+1"],"picked":"animator:Shinoa+1","floor":18},{"not_picked":["animator:Melzalgald","animator:Genos","animator:Lancer"],"picked":"SKIP","floor":22},{"not_picked":["animator:Nanami+1","animator:Bozes","animator:KrulTepes+1"],"picked":"SKIP","floor":28},{"not_picked":["animator:ShinjiMatou+1","animator:TsurugaMeisai+1"],"picked":"animator:Yoichi+1","floor":30}],"player_experience":299673,"relics_obtained":[{"floor":9,"key":"Bag of Preparation"},{"floor":10,"key":"Toxic Egg 2"},{"floor":11,"key":"Mango"},{"floor":26,"key":"Vajra"},{"floor":30,"key":"Matryoshka"}],"event_choices":[{"damage_healed":0,"gold_gain":0,"player_choice":"Entered Light","damage_taken":15,"max_hp_gain":0,"max_hp_loss":0,"event_name":"Shining Light","floor":3,"gold_loss":0,"cards_upgraded":["animator:Strike_MadokaMagica","animator:IrohaTamaki"]},{"damage_healed":0,"gold_gain":0,"player_choice":"Take Wound","damage_taken":0,"relics_obtained":["Golden Idol"],"max_hp_gain":0,"max_hp_loss":0,"event_name":"Golden Idol","floor":4,"gold_loss":0,"cards_obtained":["Injury"]},{"cards_removed":["Injury"],"damage_healed":0,"gold_gain":0,"player_choice":"Card Removal","damage_taken":0,"max_hp_gain":0,"max_hp_loss":0,"event_name":"The Cleric","floor":5,"gold_loss":50},{"damage_healed":0,"gold_gain":0,"player_choice":"Box","damage_taken":0,"relics_obtained":["animator:EngravedStaff"],"max_hp_gain":0,"max_hp_loss":0,"event_name":"Big Fish","floor":12,"gold_loss":0,"cards_obtained":["Regret"]},{"damage_healed":0,"gold_gain":175,"player_choice":"AGREE","damage_taken":0,"max_hp_gain":0,"max_hp_loss":0,"event_name":"Liars Game","floor":13,"gold_loss":0,"cards_obtained":["Doubt"]},{"damage_healed":0,"gold_gain":0,"player_choice":"Traded Relic","damage_taken":0,"relics_obtained":["Nloth\u0027s Gift"],"max_hp_gain":0,"max_hp_loss":0,"event_name":"N\u0027loth","floor":19,"relics_lost":["animator:LivingPicture"],"gold_loss":0},{"damage_healed":0,"gold_gain":0,"player_choice":"Upgraded","damage_taken":0,"max_hp_gain":0,"max_hp_loss":0,"event_name":"Upgrade Shrine","floor":20,"gold_loss":0,"cards_upgraded":["animator:Viivi"]},{"cards_removed":["Doubt"],"damage_healed":0,"gold_gain":0,"player_choice":"Purged","damage_taken":0,"max_hp_gain":0,"max_hp_loss":0,"event_name":"Purifier","floor":31,"gold_loss":0}],"is_beta":false,"boss_relics":[{"not_picked":["Runic Dome","Ectoplasm"],"picked":"Sozu"}],"items_purged_floors":[2,21],"is_endless":false,"potions_floor_spawned":[1,10,25,30],"killed_by":"Champ","ascension_level":0}}