{"host":"5gc11emcm5chfr5t","time":1609354512,"event":{"mods":["2.2 Compatiblity","AchievementEnabler","BaseMod","Bestiary","Better Note","Colored Map","Colored Powertips","Downfall","Googly Eyes","Minty Spire (QoL Compilation)","Rare Cards Sparkle","StSLib"],"gold_per_floor":[99,112,131,142,36,36,115,143,163,182,182,182],"floor_reached":11,"playtime":462,"items_purged":[],"score":150,"play_id":"6402cb6b-744e-4d5c-a177-a4d9f9d1ab93","local_time":"20201230135512","is_ascension_mode":true,"campfire_choices":[{"floor":1,"key":"RECALL"}],"circlet_count":0,"master_deck":["AscendersBane","sneckomod:Strike","sneckomod:Strike","sneckomod:Strike","sneckomod:Defend","sneckomod:Defend","sneckomod:Defend","sneckomod:TailWhip","sneckomod:SnekBite","sneckomod:Unknown","sneckomod:Unknown","sneckomod:UnknownEthereal","sneckomod:IronFang","sneckomod:UnknownStrength","sneckomod:WideSting","expansioncontent:AwakenDeath","sneckomod:DangerNoodle","sneckomod:CheapStock","sneckomod:IronFang"],"relics":["Fusion Hammer","Bag of Marbles","Regal Pillow"],"acts_visited":["Exordium"],"potions_floor_usage":[5,11,11],"damage_taken":[{"damage":0,"enemies":"Cultist","floor":2,"turns":3},{"damage":3,"enemies":"2 Louse","floor":3,"turns":3},{"damage":0,"enemies":"Small Slimes","floor":4,"turns":2},{"damage":0,"enemies":"downfall:FleeingMerchant","floor":5,"turns":4},{"damage":30,"enemies":"Gremlin Nob","floor":8,"turns":4},{"damage":12,"enemies":"3 Louse","floor":9,"turns":3},{"damage":18,"enemies":"Blue Slaver","floor":10,"turns":3},{"damage":27,"enemies":"3 Sentries","floor":11,"turns":5}],"seed_played":"4491560991957283116","potions_obtained":[{"floor":4,"key":"DistilledChaos"},{"floor":9,"key":"SpeedPotion"},{"floor":10,"key":"Fruit Juice"}],"is_trial":false,"path_per_floor":["R","M","M","M","$","?","T","E","M","M","E"],"character_chosen":"THE_SNECKO","items_purchased":["expansioncontent:AwakenDeath"],"campfire_rested":0,"item_purchase_floors":[5],"current_hp_per_floor":[75,75,72,72,72,72,72,42,30,12,0,0],"gold":182,"neow_bonus":"BOSS_RELIC","is_daily":false,"chose_seed":false,"campfire_upgraded":0,"win_rate":0.0,"timestamp":1609354512,"path_taken":["R","M","M","?","$","?","T","E","?","M","E"],"items_purchased_type":["Card"],"build_version":"2020-12-22","purchased_purges":0,"victory":false,"max_hp_per_floor":[83,83,83,83,83,83,83,83,83,83,88,88],"card_choices":[{"not_picked":["sneckomod:Rotation","sneckomod:Nope"],"picked":"sneckomod:UnknownEthereal","floor":2},{"not_picked":["sneckomod:UnknownBlock","sneckomod:DefensiveFlair"],"picked":"sneckomod:IronFang","floor":3},{"not_picked":["sneckomod:UnknownBlock","sneckomod:UnknownVulnerable"],"picked":"sneckomod:UnknownStrength","floor":4},{"not_picked":["sneckomod:SnekBeam","sneckomod:Mudshield"],"picked":"sneckomod:WideSting","floor":5},{"not_picked":["sneckomod:ImprovisedAttack","sneckomod:IronFang"],"picked":"sneckomod:DangerNoodle","floor":8},{"not_picked":["sneckomod:UnknownWeak","sneckomod:SoulDraw"],"picked":"sneckomod:CheapStock","floor":9},{"not_picked":["sneckomod:QuickBite","sneckomod:DiceCrush"],"picked":"sneckomod:IronFang","floor":10}],"player_experience":504927,"relics_obtained":[{"floor":6,"key":"Bag of Marbles"},{"floor":8,"key":"Regal Pillow"}],"event_choices":[{"damage_healed":0,"gold_gain":0,"player_choice":"Relic","damage_taken":0,"max_hp_gain":0,"max_hp_loss":0,"event_name":"Wheel of Change","floor":6,"gold_loss":0}],"is_beta":false,"boss_relics":[],"items_purged_floors":[],"is_endless":false,"potions_floor_spawned":[4,9,10],"killed_by":"3 Sentries","ascension_level":20}}