{"host":"tq7pufgtqftqw8yr","time":1609315257,"event":{"mods":["BaseMod","Downfall","Minty Spire (QoL Compilation)","StSLib"],"gold_per_floor":[99,118,137,137,154,169,193,212,245,257,1,1,1,1],"floor_reached":12,"playtime":1291,"items_purged":[],"score":82,"play_id":"c61f5c24-7c9c-419a-af76-af7aa205204a","local_time":"20201230160057","is_ascension_mode":false,"campfire_choices":[{"data":"Slimebound:DuplicatedForm","floor":1,"key":"SMITH"}],"circlet_count":0,"master_deck":["Slimebound:Strike_Slimebound","Slimebound:Strike_Slimebound+1","Slimebound:Tackle","Slimebound:Defend_Slimebound","Slimebound:Defend_Slimebound","Slimebound:Defend_Slimebound","Slimebound:Defend_Slimebound","Slimebound:Split","Slimebound:CorrosiveSpit","Slimebound:DuplicatedForm+1","Slimebound:FinishingTackle+1","Slimebound:Repurpose","Slimebound:Schlurp","Slimebound:SpikyOuterGoop","Slimebound:SplitBruiser","Slimebound:SamplingLick","expansioncontent:Collect"],"relics":["Slimebound:AbsorbEndCombat","Bronze Scales","Whetstone","Slimebound:SelfDamagePreventRelic"],"acts_visited":["Exordium"],"potions_floor_usage":[6,8,12],"damage_taken":[{"damage":19,"enemies":"Cultist","floor":2,"turns":4},{"damage":7,"enemies":"Jaw Worm","floor":3,"turns":3},{"damage":25,"enemies":"Small Slimes","floor":5,"turns":5},{"damage":23,"enemies":"Blue Slaver","floor":6,"turns":4},{"damage":26,"enemies":"Gremlin Gang","floor":8,"turns":4},{"damage":34,"enemies":"Lagavulin","floor":9,"turns":7},{"damage":17,"enemies":"2 Fungi Beasts","floor":10,"turns":4},{"damage":23,"enemies":"downfall:FleeingMerchant","floor":11,"turns":4},{"damage":58,"enemies":"Gremlin Nob","floor":12,"turns":5}],"seed_played":"-5873219574527319072","potions_obtained":[{"floor":3,"key":"Energy Potion"},{"floor":8,"key":"Fruit Juice"},{"floor":9,"key":"Block Potion"},{"floor":10,"key":"Fire Potion"}],"is_trial":false,"path_per_floor":["R","M","M","?","M","M","T","M","E","M","$","E"],"character_chosen":"SLIMEBOUND","items_purchased":["Slimebound:SelfDamagePreventRelic","expansioncontent:Collect"],"campfire_rested":0,"item_purchase_floors":[11,11],"current_hp_per_floor":[60,60,59,59,58,60,60,47,40,37,43,0,0,0],"gold":1,"neow_bonus":"ONE_RANDOM_RARE_CARD","is_daily":false,"chose_seed":false,"campfire_upgraded":1,"win_rate":0.0,"timestamp":1609315257,"path_taken":["R","M","M","?","M","M","T","M","E","M","$","E"],"items_purchased_type":["Relic","Card"],"build_version":"2020-12-22","purchased_purges":0,"victory":false,"max_hp_per_floor":[60,60,60,60,60,60,60,65,65,65,65,65,65,65],"card_choices":[{"not_picked":["Slimebound:ForwardTackle","Slimebound:DisruptingSlam"],"picked":"Slimebound:FinishingTackle","floor":2},{"not_picked":["Slimebound:SplitMire","Slimebound:LivingWall"],"picked":"Slimebound:Repurpose","floor":3},{"not_picked":["Slimebound:BestDefense","Slimebound:ComboTackle","Slimebound:GoopSpray"],"picked":"SKIP","floor":5},{"not_picked":["Slimebound:AcidTongue","Slimebound:PressTheAttack"],"picked":"Slimebound:Schlurp","floor":6},{"not_picked":["Slimebound:GoopTackle","Slimebound:Teamwork"],"picked":"Slimebound:SpikyOuterGoop","floor":8},{"not_picked":["Slimebound:ViciousTackle","Slimebound:LivingWall","Slimebound:GoopTackle"],"picked":"SKIP","floor":9},{"not_picked":["Slimebound:Equalize","Slimebound:GrowthPunch"],"picked":"Slimebound:SplitBruiser","floor":10},{"not_picked":["Slimebound:SlimeSpikes","Slimebound:GrowthPunch"],"picked":"Slimebound:SamplingLick","floor":11}],"player_experience":759665,"relics_obtained":[{"floor":7,"key":"Bronze Scales"},{"floor":9,"key":"Whetstone"}],"event_choices":[],"is_beta":false,"boss_relics":[],"items_purged_floors":[],"is_endless":false,"potions_floor_spawned":[3,8,9,10],"killed_by":"Gremlin Nob","ascension_level":0}}