{"host":"ds1yr10zonoc6w4a","time":1609295424,"event":{"mods":["2.2 Compatiblity","AchievementEnabler","Act Like it!","BaseMod","Downfall","Elementarium","Evolution","Gensokyo","Infinite Spire","Jorbs\u0027s Wanderer Trilogy","Koishi","Menagerie","Minty Spire (QoL Compilation)","Pale of the Ancients","StSLib","The Animator","Wandering Minibosses","vexMod","??????REMEMod"],"gold_per_floor":[124,124,141,141,66,100,100,137,161,161,161,187,187,207,207,311,311,251,262,277,282,282,282],"floor_reached":22,"playtime":9163,"items_purged":["animator:Strike"],"score":295,"play_id":"13a22ddd-833b-4f34-bd3f-d6c195569ed3","local_time":"20201229193024","is_ascension_mode":true,"campfire_choices":[{"floor":15,"key":"REST"}],"circlet_count":0,"master_deck":["AscendersBane","animator:Alexander+1","animator:Kazuma","animator:Strike","animator:Defend","animator:Defend","animator:Defend","animator:LizardPriest","animator:DwarfShaman","sneckomod:Unknown0Cost","animator:Mikaela","animator:Sloth","animator:ElricAlphonse","animator:SwordMaiden","animator:MetalKnight","animator:FeridBathory","animator:Geryuganshoop","animator:Shalltear","animator:SeriousSaitama","animator:Megumin"],"relics":["animator:LivingPicture","animator:TheMissingPiece","EVO:Axolotl","REME_ComplimentaryCards","animator:PurgingStone","Juzu Bracelet","Gensokyo:OccultBall","Ancient Tea Set","Blood Vial","Anchor","Pear","Mark of Pain","animator:CursedGlyph"],"acts_visited":["Gensokyo:Gensokyo","TheCity"],"potions_floor_usage":[6,8,16],"damage_taken":[{"damage":0,"enemies":"Gensokyo:Python","floor":1,"turns":4},{"damage":8,"enemies":"Gensokyo:3_Fairies","floor":3,"turns":6},{"damage":10,"enemies":"Gensokyo:Aya","floor":6,"turns":5},{"damage":13,"enemies":"Gensokyo:Cirno","floor":8,"turns":6},{"damage":14,"enemies":"Gensokyo:Gryphon","floor":14,"turns":5},{"damage":20,"enemies":"Gensokyo:Yukari","floor":16,"turns":13},{"damage":10,"enemies":"2 Thieves","floor":18,"turns":4},{"damage":0,"enemies":"Chosen","floor":19,"turns":4},{"damage":36,"enemies":"Snake Plant","floor":20,"turns":8},{"damage":13,"enemies":"Centurion and Healer","floor":21,"turns":10},{"damage":22,"enemies":"Shelled Parasite and Fungi","floor":22,"turns":7}],"seed_played":"-7313264114052004969","potions_obtained":[{"floor":3,"key":"champ:CounterPotion"},{"floor":6,"key":"DuplicationPotion"},{"floor":14,"key":"hexamod:EctoCoolerPotion"},{"floor":19,"key":"REME_GoldPotion"},{"floor":20,"key":"Dexterity Potion"}],"is_trial":false,"path_per_floor":["M","?","M","?","$","E","?","E","T","T","?","T","?","M","R","B",null,"M","M","M","M","M"],"character_chosen":"THE_ANIMATOR","items_purchased":[],"campfire_rested":1,"item_purchase_floors":[],"current_hp_per_floor":[59,65,57,57,57,47,47,34,34,34,41,41,36,24,48,31,70,62,64,30,19,0,0],"gold":282,"neow_bonus":"TRANSFORM_CARD","is_daily":false,"chose_seed":false,"campfire_upgraded":0,"win_rate":0.0,"timestamp":1609295424,"path_taken":["M","?","?","?","$","E","?","E","T","?","?","?","?","M","R","BOSS","M","M","M","M","M"],"items_purchased_type":[],"build_version":"2020-12-22","purchased_purges":1,"victory":false,"max_hp_per_floor":[66,72,72,72,72,72,72,72,72,72,72,72,82,82,82,83,83,83,83,79,79,79,79],"card_choices":[{"not_picked":["animator:Verdia","animator:Assassin"],"picked":"animator:Mikaela","floor":1},{"not_picked":["animator:RinTohsaka","animator:CowGirl"],"picked":"animator:Sloth","floor":3},{"not_picked":["animator:Ciel","animator:Illya"],"picked":"animator:ElricAlphonse","floor":6},{"not_picked":["animator:CowGirl","animator:LizardPriest"],"picked":"animator:SwordMaiden","floor":8},{"not_picked":["animator:Illya","animator:Assassin"],"picked":"animator:MetalKnight","floor":14},{"not_picked":["animator:SwordMaiden","animator:Greed"],"picked":"animator:FeridBathory","floor":16},{"not_picked":["animator:Tatsumaki","animator:MaesHughes"],"picked":"animator:Geryuganshoop","floor":18},{"not_picked":["animator:Elsword","animator:ElricEdward"],"picked":"animator:Shalltear","floor":19},{"not_picked":["animator:Boros","animator:Genos"],"picked":"animator:SeriousSaitama","floor":20},{"not_picked":["animator:MetalKnight","animator:WinryRockbell"],"picked":"animator:Megumin","floor":21}],"player_experience":627122,"relics_obtained":[{"floor":6,"key":"Juzu Bracelet"},{"floor":8,"key":"Ancient Tea Set"},{"floor":9,"key":"Blood Vial"},{"floor":10,"key":"Anchor"},{"floor":16,"key":"Gensokyo:OccultBall"},{"floor":20,"key":"animator:CursedGlyph"}],"event_choices":[],"is_beta":false,"boss_relics":[{"not_picked":["Runic Dome","vexMod:EndlessSickness"],"picked":"Mark of Pain"}],"items_purged_floors":[5],"is_endless":false,"potions_floor_spawned":[3,6,14,19,20],"killed_by":"Shelled Parasite and Fungi","ascension_level":12}}