{"host":"slngz8sobihb8iwl","time":1609337733,"event":{"mods":["2.2 Compatiblity","Act Like it!","BaseMod","Colored Powertips","Elementarium","Gensokyo","GifTheSpireLib","Hallownest","Hermit","Marisa????????","Menagerie","Minty Spire (QoL Compilation)","Permanent Neow","Random Character Button","Rare Cards Sparkle","Relic Filter","Robot Space Explorer","StSLib","SuperFastMode","Td1madao Mod","The Bug Knight","The Gatherer","The Hierophant","The Marked","The Runesmith","The Servant 0.9.4","Unceasing Turn Reminder"],"gold_per_floor":[110,120,220,220,234,261,261,13,13,13,13,13,13,28,28,28,28],"floor_reached":16,"playtime":1177,"items_purged":[],"score":107,"play_id":"2efd47f1-cd27-4fa8-b0a0-2f684a0462e4","local_time":"20201230091533","is_ascension_mode":true,"campfire_choices":[{"floor":7,"key":"REST"},{"data":"SurpressingFire","floor":15,"key":"SMITH"}],"circlet_count":0,"master_deck":["Strike_S","Strike_S","Strike_S","Strike_S","Defend_S","Defend_S","Defend_S","Defend_S","KidneyShot","Exchange","Rewind","Clumsy","Barrier","Rearm","Sabotage","Contraction+1","SurpressingFire+1"],"relics":["Uniform","Pen Nib","Gensokyo:NagashiBinaDoll","Kunai","Toxic Egg 2","PaperSwan"],"acts_visited":["Exordium"],"potions_floor_usage":[6,16],"damage_taken":[{"damage":0,"enemies":"Gensokyo:Python","floor":1,"turns":3},{"damage":6,"enemies":"Gensokyo:2_Kodama","floor":2,"turns":4},{"damage":3,"enemies":"Gensokyo:Gryphon","floor":5,"turns":5},{"damage":23,"enemies":"Gensokyo:Mamizou","floor":6,"turns":13},{"damage":0,"enemies":"Gensokyo:VengefulSpirit","floor":14,"turns":8},{"damage":56,"enemies":"Gensokyo:Kokoro","floor":16,"turns":29}],"seed_played":"-9012987514360200874","potions_obtained":[{"floor":1,"key":"LiquidBronze"},{"floor":2,"key":"AttackPotion"},{"floor":5,"key":"Energy Potion"}],"is_trial":false,"path_per_floor":["M","M","?","?","M","E","R","$","T","?","?","$","?","M","R","B"],"character_chosen":"THE_SERVANT","items_purchased":["Toxic Egg 2"],"campfire_rested":1,"item_purchase_floors":[8],"current_hp_per_floor":[65,59,59,59,56,33,52,52,52,52,52,52,52,52,52,0,0],"gold":28,"neow_bonus":"RANDOM_COMMON_RELIC","is_daily":false,"chose_seed":false,"campfire_upgraded":1,"win_rate":0.0,"timestamp":1609337733,"path_taken":["M","M","?","?","M","E","R","$","T","?","?","?","?","?","R","BOSS"],"items_purchased_type":["Relic"],"build_version":"2020-12-22","purchased_purges":0,"victory":false,"max_hp_per_floor":[65,65,65,65,65,65,65,65,65,65,65,65,65,65,65,65,65],"card_choices":[{"not_picked":["Read","Revamp","Alleviate"],"picked":"SKIP","floor":1},{"not_picked":["Replace","DancingSilver"],"picked":"Rewind","floor":2},{"not_picked":["Unruled","Collapse"],"picked":"Barrier","floor":5},{"not_picked":["Starlight","Rewind"],"picked":"Rearm","floor":6},{"not_picked":["Advance+1","FastForward+1"],"picked":"Sabotage","floor":11},{"not_picked":["DualDimension+1","Rewind+1"],"picked":"Contraction+1","floor":11},{"not_picked":["Revamp+1","Foresight"],"picked":"SurpressingFire","floor":14}],"player_experience":367338,"relics_obtained":[{"floor":6,"key":"Kunai"},{"floor":9,"key":"PaperSwan"}],"event_choices":[],"is_beta":false,"boss_relics":[],"items_purged_floors":[],"is_endless":false,"potions_floor_spawned":[1,2,5],"killed_by":"Gensokyo:Kokoro","ascension_level":2}}