{"host":"16je3t89sok2dgub","time":1609365792,"event":{"mods":["BaseMod","Better Altar","Better Match","Better Sensory Stone","Better Skull","Better Third Choice","Colored Map","Downfall","Hermit","Minty Spire (QoL Compilation)","Permanent Neow","Relic Stats","StSLib","The Mystic","The Poker Player","Trackpad"],"gold_per_floor":[0,10,21,34,134,134,187,112,142,142,28,40,51,67,77,77,77,77],"floor_reached":16,"playtime":1058,"items_purged":["champ:Strike"],"score":104,"play_id":"cafc7d6e-955e-4fa5-ba36-fd1213a48868","local_time":"20201230160312","is_ascension_mode":false,"campfire_choices":[{"data":"1","floor":1,"key":"LIFT"},{"floor":6,"key":"RECALL"},{"data":"2","floor":8,"key":"LIFT"},{"data":"champ:Taunt","floor":10,"key":"SMITH"}],"circlet_count":0,"master_deck":["champ:Strike","champ:Strike","champ:Strike","champ:Defend","champ:Defend","champ:Defend","champ:Defend","champ:Execute","champ:Taunt+1","champ:StanceDance","champ:RecklessLeap","champ:DeathBlow","champ:PerfectedStrike","champ:Encircle","champ:FanOfKnives","champ:EndlessRage"],"relics":["champ:ChampionCrown","Girya","CloakClasp","Juzu Bracelet","downfall:HeartBlessingRed","Calipers"],"acts_visited":["Exordium"],"potions_floor_usage":[],"damage_taken":[{"damage":10,"enemies":"Small Slimes","floor":2,"turns":5},{"damage":8,"enemies":"Jaw Worm","floor":3,"turns":3},{"damage":15,"enemies":"2 Louse","floor":4,"turns":2},{"damage":51,"enemies":"2 Louse","floor":5,"turns":7},{"damage":44,"enemies":"Lagavulin","floor":9,"turns":7},{"damage":34,"enemies":"downfall:FleeingMerchant","floor":11,"turns":4},{"damage":27,"enemies":"Large Slime","floor":12,"turns":3},{"damage":17,"enemies":"Blue Slaver","floor":13,"turns":2},{"damage":14,"enemies":"Gremlin Gang","floor":14,"turns":2},{"damage":7,"enemies":"Exordium Wildlife","floor":15,"turns":2},{"damage":93,"enemies":"downfall:Watcher","floor":16,"turns":8}],"seed_played":"-4797252884536573445","potions_obtained":[{"floor":2,"key":"Energy Potion"},{"floor":5,"key":"Block Potion"},{"floor":12,"key":"LiquidBronze"}],"is_trial":false,"path_per_floor":["R","M","M","M","?","R","T","R","E","R","$","M","M","M","M","B"],"character_chosen":"THE_CHAMP","items_purchased":["champ:FanOfKnives"],"campfire_rested":0,"item_purchase_floors":[11],"current_hp_per_floor":[90,85,82,82,66,66,66,66,55,55,55,55,55,51,51,0,0,0],"gold":77,"neow_bonus":"ONE_RARE_RELIC","is_daily":false,"chose_seed":false,"campfire_upgraded":1,"win_rate":0.0,"timestamp":1609365792,"path_taken":["R","M","M","M","?","R","T","R","E","R","$","M","M","M","M","BOSS"],"items_purchased_type":["Card"],"build_version":"2020-12-22","purchased_purges":1,"victory":false,"max_hp_per_floor":[90,90,90,90,90,90,90,90,90,90,90,90,90,90,90,90,90,90],"relic_stats":{"counters":[11,45],"CloakClasp":[57],"Juzu Bracelet":0,"obtain_stats":[{"Girya":0,"Calipers":9,"downfall:HeartBlessingRed":8,"champ:ChampionCrown":0,"CloakClasp":5,"Juzu Bracelet":7},{"Girya":0,"Calipers":5,"downfall:HeartBlessingRed":4,"champ:ChampionCrown":0,"CloakClasp":4,"Juzu Bracelet":4},{"Girya":0,"Calipers":24,"downfall:HeartBlessingRed":17,"champ:ChampionCrown":0,"CloakClasp":17,"Juzu Bracelet":17}]},"card_choices":[{"not_picked":["champ:Backstep","champ:FlashCut"],"picked":"champ:StanceDance","floor":2},{"not_picked":["champ:Backstep","champ:BladeFlurry"],"picked":"champ:RecklessLeap","floor":3},{"not_picked":["champ:ViciousMockery","champ:SwordThrow"],"picked":"champ:DeathBlow","floor":4},{"not_picked":["champ:StanceDance","champ:FalseCounter"],"picked":"champ:PerfectedStrike","floor":5},{"not_picked":["champ:SteelEdge","champ:Circumvent","champ:PreciseThrust"],"picked":"SKIP","floor":9},{"not_picked":["champ:Circumvent","champ:TornadoPunch"],"picked":"champ:Encircle","floor":11},{"not_picked":["champ:Backstep","champ:GutPunch","champ:FanOfKnives"],"picked":"SKIP","floor":12},{"not_picked":["champ:FlashCut","champ:EnragedBash"],"picked":"champ:EndlessRage","floor":13},{"not_picked":["champ:FightOn","champ:Haymaker","champ:BringItOn"],"picked":"SKIP","floor":14},{"not_picked":["champ:EndlessRage","champ:BerserkersShout","champ:EnragedBash"],"picked":"SKIP","floor":15}],"player_experience":389172,"relics_obtained":[{"floor":5,"key":"CloakClasp"},{"floor":7,"key":"Juzu Bracelet"},{"floor":9,"key":"Calipers"}],"event_choices":[],"is_beta":false,"boss_relics":[],"items_purged_floors":[11],"is_endless":false,"potions_floor_spawned":[2,5,12,13,14,15],"killed_by":"downfall:Watcher","ascension_level":0}}