{"host":"hhk99zdwe8tkcyq7","time":1609308282,"event":{"mods":["AchievementEnabler","BaseMod","Minty Spire (QoL Compilation)"],"gold_per_floor":[110,410,257,207,207,235,196,196,196,212,229,243,243,278,278,278,278],"floor_reached":16,"playtime":805,"items_purged":["Regret"],"score":108,"play_id":"005a5a38-76f6-4e83-b7f5-c2d315a2c2b6","local_time":"20201230000442","is_ascension_mode":false,"campfire_choices":[{"floor":8,"key":"REST"},{"data":"Defragment","floor":13,"key":"SMITH"},{"data":"Zap","floor":15,"key":"SMITH"}],"circlet_count":0,"master_deck":["Strike_B","Strike_B","Strike_B","Defend_B","Defend_B","Defend_B","Defend_B","Zap+1","Dualcast","Reinforced Body","BootSequence","Auto Shields","Self Repair","Defragment+1","Cold Snap","Chill"],"relics":["Cracked Core","Old Coin","Question Card","Strawberry","MealTicket","Ancient Tea Set"],"acts_visited":["Exordium"],"potions_floor_usage":[],"damage_taken":[{"damage":5,"enemies":"Small Slimes","floor":1,"turns":3},{"damage":33,"enemies":"3 Sentries","floor":6,"turns":9},{"damage":6,"enemies":"2 Louse","floor":10,"turns":4},{"damage":0,"enemies":"Jaw Worm","floor":11,"turns":4},{"damage":6,"enemies":"Red Slaver","floor":12,"turns":4},{"damage":10,"enemies":"Gremlin Nob","floor":14,"turns":5},{"damage":83,"enemies":"Hexaghost","floor":16,"turns":16}],"seed_played":"487557443804233565","potions_obtained":[{"floor":6,"key":"Dexterity Potion"},{"floor":11,"key":"SkillPotion"},{"floor":12,"key":"Fire Potion"}],"is_trial":false,"path_per_floor":["M","?","$","?","?","E","$","R","T","M","M","M","R","E","R","B"],"character_chosen":"DEFECT","items_purchased":["BootSequence","Self Repair"],"campfire_rested":1,"item_purchase_floors":[3,7],"current_hp_per_floor":[77,77,77,77,74,48,48,74,74,75,82,83,83,80,80,0,0],"gold":278,"neow_bonus":"TEN_PERCENT_HP_BONUS","is_daily":false,"chose_seed":false,"campfire_upgraded":2,"win_rate":0.0,"timestamp":1609308282,"path_taken":["M","?","$","?","?","E","?","R","T","M","M","?","R","E","R","BOSS"],"items_purchased_type":["Card","Card"],"build_version":"2020-12-22","purchased_purges":1,"victory":false,"max_hp_per_floor":[82,82,82,82,82,89,89,89,89,89,89,89,89,89,89,89,89],"card_choices":[{"not_picked":["Streamline","Force Field"],"picked":"Reinforced Body","floor":1},{"not_picked":["Steam Power","Heatsinks","Beam Cell"],"picked":"Auto Shields","floor":6},{"not_picked":["Streamline","FTL","Conserve Battery"],"picked":"Defragment","floor":10},{"not_picked":["Leap","Conserve Battery","Melter","Gash"],"picked":"SKIP","floor":11},{"not_picked":["Stack","Beam Cell","Force Field"],"picked":"Cold Snap","floor":12},{"not_picked":["Conserve Battery","Thunder Strike","Self Repair"],"picked":"Chill","floor":14}],"player_experience":11439,"relics_obtained":[{"floor":6,"key":"Strawberry"},{"floor":9,"key":"MealTicket"},{"floor":14,"key":"Ancient Tea Set"}],"event_choices":[{"damage_healed":0,"gold_gain":0,"player_choice":"Box","damage_taken":0,"relics_obtained":["Old Coin"],"max_hp_gain":0,"max_hp_loss":0,"event_name":"Big Fish","floor":2,"gold_loss":0,"cards_obtained":["Regret"]},{"cards_removed":["Strike_B"],"damage_healed":0,"gold_gain":0,"player_choice":"Card Removal","damage_taken":0,"max_hp_gain":0,"max_hp_loss":0,"event_name":"The Cleric","floor":4,"gold_loss":50},{"damage_healed":0,"gold_gain":0,"player_choice":"Success","damage_taken":3,"relics_obtained":["Question Card"],"max_hp_gain":0,"max_hp_loss":0,"event_name":"Scrap Ooze","floor":5,"gold_loss":0}],"is_beta":false,"boss_relics":[],"items_purged_floors":[3],"is_endless":false,"potions_floor_spawned":[6,11,12],"killed_by":"Hexaghost","ascension_level":0}}