{"host":"963ykkbusvcbqwtq","time":1609318394,"event":{"mods":["2.2 Compatiblity","AchievementEnabler","Arknights The Spire","BaseMod","Colored Map","GifTheSpireLib","GungeonMod","Lobotomy","Luminous","Minty Spire (QoL Compilation)","StSLib","SuperFastMode","The Bug Knight"],"gold_per_floor":[109,109,109,34,50,50,65,65,111,135,151,182,182,201,201,321,321,337,86,100,119,134,177,177,191,246,246,246,246,246,246],"floor_reached":30,"playtime":1115,"items_purged":["Decay","Injury"],"score":327,"play_id":"21671df5-c48b-40df-9d29-1ebef7659efd","local_time":"20201230175314","is_ascension_mode":false,"campfire_choices":[{"data":"HollowMod:BrokenVessel","floor":6,"key":"SMITH"},{"data":"HollowMod:PogoStrike","floor":8,"key":"SMITH"},{"floor":13,"key":"REST"},{"data":"HollowMod:ChannelNail","floor":15,"key":"SMITH"},{"floor":24,"key":"REST"},{"floor":27,"key":"REST"}],"circlet_count":0,"master_deck":["HollowMod:NailStrikeStart","HollowMod:NailStrikeStart","HollowMod:NailStrikeStart","HollowMod:QuickDashStart","HollowMod:QuickDashStart","HollowMod:QuickDashStart","HollowMod:QuickDashStart","HollowMod:FocusHealStart","HollowMod:PogoStrike+1","HollowMod:BrokenVessel+1","VoidDream","HollowMod:ChannelNail+1","HollowMod:CycloneSlash","HollowMod:CoiledNail","HollowMod:Hiveblood","HollowMod:DashSlash","HollowMod:CycloneSlash","HollowMod:ShapeofUnn+1","HollowMod:DesolateDive","HollowMod:GreatSlash","HollowMod:Hiveblood","HollowMod:QuirrelsAssistance"],"relics":["HollowMod:KingsSoulRelic","CogitoBucket","Golden Idol","Smiling Mask","Bag of Preparation","AspirationHeart","PreservedInsect","SkinProphecy","ats:Originium","Pantograph","Art of War"],"acts_visited":["Exordium","TheCity"],"potions_floor_usage":[10,16,25],"damage_taken":[{"damage":5,"enemies":"Jaw Worm","floor":1,"turns":4},{"damage":2,"enemies":"Small Slimes","floor":5,"turns":4},{"damage":5,"enemies":"Cultist","floor":7,"turns":4},{"damage":16,"enemies":"Gremlin Gang","floor":10,"turns":5},{"damage":13,"enemies":"Exordium Wildlife","floor":11,"turns":5},{"damage":40,"enemies":"HollowMod:MossKnight","floor":12,"turns":10},{"damage":0,"enemies":"Lots of Slimes","floor":14,"turns":1},{"damage":66,"enemies":"Hexaghost","floor":16,"turns":15},{"damage":50,"enemies":"Spheric Guardian","floor":18,"turns":6},{"damage":27,"enemies":"2 Thieves","floor":20,"turns":4},{"damage":45,"enemies":"Snake Plant","floor":21,"turns":9},{"damage":0,"enemies":"3 Cultists","floor":22,"turns":1},{"damage":0,"enemies":"Gremlin Leader","floor":23,"turns":1},{"damage":27,"enemies":"Chosen and Byrds","floor":25,"turns":7},{"damage":74,"enemies":"Centurion and Healer","floor":30,"turns":9}],"seed_played":"-2513319613206050012","potions_obtained":[{"floor":7,"key":"EssenceOfSteel"},{"floor":10,"key":"Strength Potion"},{"floor":16,"key":"CultistPotion"},{"floor":21,"key":"DuplicationPotion"}],"is_trial":false,"path_per_floor":["M","?","?","$","M","R","M","R","T","M","M","E","R","M","R","B",null,"M","$","M","M","M","E","R","M","T","R","?","?","M"],"character_chosen":"THE_BUGKNIGHT","items_purchased":["PreservedInsect","HollowMod:CycloneSlash"],"campfire_rested":3,"item_purchase_floors":[19,19],"current_hp_per_floor":[70,70,70,70,73,73,68,68,68,58,51,23,45,55,55,1,85,53,53,31,7,7,3,29,4,4,30,30,30,0,0],"gold":246,"neow_bonus":"","is_daily":false,"chose_seed":false,"campfire_upgraded":3,"win_rate":0.0,"timestamp":1609318394,"path_taken":["M","?","?","$","M","R","M","R","T","M","?","E","R","M","R","BOSS","M","$","M","M","M","E","R","?","T","R","?","?","?"],"items_purchased_type":["Relic","Card"],"build_version":"2020-12-22","purchased_purges":2,"victory":false,"max_hp_per_floor":[75,75,75,75,75,75,75,75,75,75,75,75,75,85,85,85,85,85,85,85,85,85,87,87,89,89,89,89,89,91,91],"card_choices":[{"not_picked":["HappyTeddy","Mercenary","LittlePrince"],"picked":"Singing Bowl","floor":1},{"not_picked":["HollowMod:SoulSplash","HollowMod:HuntersJournal"],"picked":"HollowMod:BrokenVessel","floor":1},{"not_picked":["Woodsman","PunishingBird","BigBadWolf"],"picked":"Singing Bowl","floor":5},{"not_picked":["Murderer","Bloodbath"],"picked":"VoidDream","floor":5},{"not_picked":["HollowMod:ChannelNail","HollowMod:NewJinnsSoul","HollowMod:HowlingWraiths"],"picked":"SKIP","floor":5},{"not_picked":["HollowMod:ChannelNail","HollowMod:NewJinnsSoul","HollowMod:HowlingWraiths"],"picked":"SKIP","floor":5},{"not_picked":["BeautyBeast","SpiderBud","CherryBlossoms"],"picked":"Singing Bowl","floor":7},{"not_picked":["HollowMod:SoulStrike","HollowMod:SharpenedNail"],"picked":"HollowMod:ChannelNail","floor":7},{"not_picked":["PunishingBird","WallGazer","FairyFestival"],"picked":"Singing Bowl","floor":10},{"not_picked":["HollowMod:SoulShaman","HollowMod:GoodIntentions"],"picked":"HollowMod:CycloneSlash","floor":10},{"not_picked":["Wellcheers","MHz","OldLady"],"picked":"Singing Bowl","floor":11},{"not_picked":["HollowMod:SiblingsSouls","HollowMod:SharpenedNail"],"picked":"HollowMod:CoiledNail","floor":11},{"not_picked":["LittleHelper","Wellcheers","LittlePrince"],"picked":"Singing Bowl","floor":12},{"not_picked":["HollowMod:VengefulVoid","HollowMod:DesolateDive","HollowMod:RecoilStrike"],"picked":"SKIP","floor":12},{"not_picked":["MeatLantern","GreedKing","FairyFestival"],"picked":"Singing Bowl","floor":14},{"not_picked":["HollowMod:DashSlash","HollowMod:DescendingDark","HollowMod:QuirrelsAssistance"],"picked":"SKIP","floor":14},{"not_picked":["UniverseFragment","WallGazer","FairyFestival"],"picked":"Singing Bowl","floor":16},{"not_picked":["HollowMod:AwokenDreamNail","HollowMod:ZotesMagnificence"],"picked":"HollowMod:Hiveblood","floor":16},{"not_picked":["MHz","OldLady","FieryBird"],"picked":"Singing Bowl","floor":18},{"not_picked":["HollowMod:QuirrelsAssistance+1","HollowMod:HeavyBlow"],"picked":"HollowMod:DashSlash","floor":18},{"not_picked":["HappyTeddy","PunishingBird","Alriune"],"picked":"Singing Bowl","floor":20},{"not_picked":["HollowMod:SharpenedShadows","HollowMod:VengefulVoid"],"picked":"HollowMod:ShapeofUnn+1","floor":20},{"not_picked":["Freischutz","GalaxyChild","WallGazer"],"picked":"Singing Bowl","floor":21},{"not_picked":["HollowMod:DescendingDark","HollowMod:ShadowDash"],"picked":"HollowMod:DesolateDive","floor":21},{"not_picked":["HappyTeddy","RedShoes","BigBird"],"picked":"Singing Bowl","floor":22},{"not_picked":["HollowMod:DashSlash","HollowMod:SiblingsSouls"],"picked":"HollowMod:GreatSlash","floor":22},{"not_picked":["DespairKnight","Scorched","BigBird"],"picked":"Singing Bowl","floor":23},{"not_picked":["HollowMod:ShadowDash","HollowMod:FallenFury"],"picked":"HollowMod:Hiveblood","floor":23},{"not_picked":["Freischutz","RedShoes"],"picked":"HappyTeddy","floor":25},{"not_picked":["HollowMod:MantisMark","HollowMod:TaintedHusks"],"picked":"HollowMod:QuirrelsAssistance","floor":25}],"player_experience":203296,"relics_obtained":[{"floor":9,"key":"Smiling Mask"},{"floor":12,"key":"Bag of Preparation"},{"floor":23,"key":"ats:Originium"},{"floor":23,"key":"Pantograph"},{"floor":26,"key":"Art of War"}],"event_choices":[{"damage_healed":0,"gold_gain":0,"player_choice":"Take Wound","damage_taken":0,"relics_obtained":["Golden Idol"],"max_hp_gain":0,"max_hp_loss":0,"event_name":"Golden Idol","floor":2,"gold_loss":0,"cards_obtained":["Injury"]},{"damage_healed":0,"gold_gain":0,"player_choice":"Cursed","damage_taken":0,"max_hp_gain":0,"max_hp_loss":0,"event_name":"Wheel of Change","floor":3,"gold_loss":0,"cards_obtained":["Decay"]},{"cards_removed":["HappyTeddy"],"damage_healed":0,"gold_gain":0,"player_choice":"Elegance","damage_taken":0,"max_hp_gain":0,"max_hp_loss":0,"event_name":"Back to Basics","floor":28,"gold_loss":0},{"cards_removed":["HollowMod:NailStrikeStart"],"damage_healed":0,"gold_gain":0,"player_choice":"Purged","damage_taken":0,"max_hp_gain":0,"max_hp_loss":0,"event_name":"Purifier","floor":29,"gold_loss":0}],"is_beta":false,"boss_relics":[{"not_picked":["Snecko Eye","HollowMod:VoidIdolRelic"],"picked":"HollowMod:KingsSoulRelic"}],"items_purged_floors":[4,19],"is_endless":false,"potions_floor_spawned":[5,7,10,16,21],"killed_by":"Centurion and Healer","ascension_level":0}}