{"host":"nnxvcju6x1qybncj","time":1609369720,"event":{"mods":["BaseMod","Displayed Cursed Tome","Downfall","Jorbs\u0027s Wanderer Trilogy","Minty Spire (QoL Compilation)","Quick Restart","StSLib","The Construct","The Cursed","The Disciple","The Hierophant","The Judge","The Necromancer","The Spell Scribe","TheFirefly"],"gold_per_floor":[116,116,134,150,170,170,127,127,127],"floor_reached":8,"playtime":311,"items_purged":[],"score":86,"play_id":"ad8e38fc-549c-4708-af28-6d3f1ff21b0a","local_time":"20201231000840","is_ascension_mode":true,"campfire_choices":[{"data":"Whirlwind","floor":6,"key":"SMITH"}],"circlet_count":0,"master_deck":["AscendersBane","Strike_R","Strike_R","Strike_R","Strike_R","Strike_R","Defend_R","Defend_R","Defend_R","Defend_R","Bash","Shrug It Off","Whirlwind+1","Wild Strike","Hemokinesis"],"relics":["Burning Blood"],"acts_visited":["Exordium"],"potions_floor_usage":[],"damage_taken":[{"damage":5,"enemies":"2 Louse","floor":1,"turns":4},{"damage":9,"enemies":"Small Slimes","floor":3,"turns":4},{"damage":7,"enemies":"Jaw Worm","floor":4,"turns":3},{"damage":59,"enemies":"Gremlin Gang","floor":5,"turns":10},{"damage":18,"enemies":"Gremlin Nob","floor":8,"turns":2}],"seed_played":"2306307604340882618","potions_obtained":[{"floor":3,"key":"Guardian:BlockOnCardUsePotion"},{"floor":5,"key":"SkillPotion"}],"is_trial":true,"path_per_floor":["M","?","M","M","M","R","$","E"],"character_chosen":"IRONCLAD","items_purchased":["Hemokinesis"],"campfire_rested":0,"item_purchase_floors":[7],"current_hp_per_floor":[69,69,66,65,12,12,12,0,0],"gold":127,"neow_bonus":"","is_daily":false,"chose_seed":false,"campfire_upgraded":1,"win_rate":0.0,"timestamp":1609369720,"path_taken":["M","?","M","M","M","R","$","E"],"items_purchased_type":["Card"],"build_version":"2020-12-22","purchased_purges":0,"victory":false,"max_hp_per_floor":[75,75,75,75,75,75,75,75,75],"card_choices":[{"not_picked":["Flex","Warcry"],"picked":"Shrug It Off","floor":1},{"not_picked":["Clash","Iron Wave","Headbutt"],"picked":"SKIP","floor":3},{"not_picked":["Twin Strike","Clash"],"picked":"Whirlwind","floor":4},{"not_picked":["Havoc","Bloodletting"],"picked":"Wild Strike","floor":5}],"player_experience":618873,"relics_obtained":[],"event_choices":[{"damage_healed":0,"gold_gain":0,"player_choice":"Ignored","damage_taken":0,"max_hp_gain":0,"max_hp_loss":0,"event_name":"Liars Game","floor":2,"gold_loss":0}],"is_beta":false,"boss_relics":[],"items_purged_floors":[],"is_endless":false,"potions_floor_spawned":[3,5],"killed_by":"Gremlin Nob","ascension_level":16}}