{"host":"2461dio7vetlq1z3","time":1609365253,"event":{"mods":["2.2 Compatiblity","AchievementEnabler","Aspiration","BaseMod","Better Third Choice","Friendly Minions","Hermit","Minty Spire (QoL Compilation)","Relic Stats","Spicy Shops","StSLib","The Hierophant","Waifu the Spire"],"gold_per_floor":[110,126,145,145,157,157,182,196,223,223,242,269,269,301,301,378,378,394,411,428,21,21,21,51,51,121,146,163,263,294,9,9,85,85,99,99,117,130,130,161,161,191,203,215,3,23,52,0,0,0,0,0,0,0,0,0],"floor_reached":55,"playtime":3283,"items_purged":["Doppelganger","Bouncing Flask","A Thousand Cuts","Bouncing Flask"],"score":2091,"play_id":"40dd68e9-a4f2-4444-938e-8e375e152ed8","local_time":"20201230225413","is_ascension_mode":true,"campfire_choices":[{"data":"Dagger Spray","floor":6,"key":"SMITH"},{"floor":10,"key":"REST"},{"floor":15,"key":"REST"},{"data":"Burst","floor":23,"key":"SMITH"},{"data":"Well Laid Plans","floor":25,"key":"SMITH"},{"data":"Blade Dance","floor":32,"key":"SMITH"},{"data":"Wraith Form v2","floor":41,"key":"SMITH"},{"floor":44,"key":"RECALL"},{"data":"Infinite Blades","floor":49,"key":"SMITH"},{"floor":53,"key":"REST"}],"circlet_count":0,"master_deck":["AscendersBane","Survivor","Neutralize","Dash","Blade Dance","Deflect","Dagger Spray+1","Masterful Stab","Blade Dance","Accuracy","Die Die Die","Backflip","Malaise","Deflect","Backflip","Skewer","PiercingWail","Burst+1","Bullet Time","Noxious Fumes","Deflect","Blade Dance+1","Well Laid Plans+1","Endless Agony","Ghostly","Ghostly","Ghostly","Wraith Form v2+1","Terror","Backflip","Burst+1","Footwork","PiercingWail","Master of Strategy","Apotheosis","Finesse","Cloak And Dagger+1","Infinite Blades+1"],"relics":["Ring of the Snake","Peace Pipe","aspiration:ChemicalBlood","Shuriken","Darkstone Periapt","Kunai","Pandora\u0027s Box","aspiration:VileToxins","White Beast Statue","Toy Ornithopter","Tingsha","aspiration:SeaSaltIceCream","DollysMirror","Orichalcum","Chemical X","Black Star","StoneCalendar","Regal Pillow","Strawberry","MawBank","StrikeDummy","Letter Opener","Red Mask"],"acts_visited":["Exordium","TheCity","TheBeyond","TheEnding"],"potions_floor_usage":[7,7,12,19,20,24,29,29,29,30,30,33,35,35,37,40,42,46,47,47,47,50,50,51],"damage_taken":[{"damage":7,"enemies":"Small Slimes","floor":1,"turns":6},{"damage":2,"enemies":"2 Louse","floor":2,"turns":4},{"damage":1,"enemies":"Jaw Worm","floor":3,"turns":3},{"damage":2,"enemies":"3 Louse","floor":5,"turns":5},{"damage":25,"enemies":"Lagavulin","floor":7,"turns":8},{"damage":3,"enemies":"Large Slime","floor":8,"turns":7},{"damage":0,"enemies":"2 Fungi Beasts","floor":11,"turns":3},{"damage":9,"enemies":"Gremlin Nob","floor":12,"turns":3},{"damage":21,"enemies":"Lagavulin","floor":14,"turns":5},{"damage":10,"enemies":"The Guardian","floor":16,"turns":15},{"damage":15,"enemies":"Chosen","floor":18,"turns":5},{"damage":8,"enemies":"Spheric Guardian","floor":19,"turns":4},{"damage":8,"enemies":"Snake Plant","floor":20,"turns":6},{"damage":4,"enemies":"Gremlin Leader","floor":24,"turns":6},{"damage":9,"enemies":"Book of Stabbing","floor":27,"turns":6},{"damage":7,"enemies":"Chosen and Byrds","floor":28,"turns":8},{"damage":29,"enemies":"Colosseum Slavers","floor":29,"turns":6},{"damage":0,"enemies":"Colosseum Nobs","floor":29,"turns":2},{"damage":11,"enemies":"Slavers","floor":30,"turns":7},{"damage":12,"enemies":"Automaton","floor":33,"turns":7},{"damage":3,"enemies":"Orb Walker","floor":35,"turns":3},{"damage":3,"enemies":"3 Shapes","floor":37,"turns":4},{"damage":4,"enemies":"Transient","floor":38,"turns":6},{"damage":0,"enemies":"Nemesis","floor":40,"turns":7},{"damage":0,"enemies":"Giant Head","floor":42,"turns":7},{"damage":0,"enemies":"4 Shapes","floor":46,"turns":7},{"damage":30,"enemies":"Reptomancer","floor":47,"turns":7},{"damage":7,"enemies":"Awakened One","floor":50,"turns":9},{"damage":16,"enemies":"Donu and Deca","floor":51,"turns":9},{"damage":59,"enemies":"Shield and Spear","floor":55,"turns":2}],"seed_played":"-6042337275149183191","potions_obtained":[{"floor":1,"key":"BlessingOfTheForge"},{"floor":3,"key":"Energy Potion"},{"floor":7,"key":"Poison Potion"},{"floor":18,"key":"PowerPotion"},{"floor":20,"key":"FairyPotion"},{"floor":29,"key":"Fruit Juice"},{"floor":29,"key":"ColorlessPotion"},{"floor":29,"key":"SpeedPotion"},{"floor":29,"key":"Weak Potion"},{"floor":30,"key":"EssenceOfSteel"},{"floor":33,"key":"SneckoOil"},{"floor":33,"key":"Energy Potion"},{"floor":35,"key":"Fruit Juice"},{"floor":35,"key":"FearPotion"},{"floor":37,"key":"LiquidBronze"},{"floor":40,"key":"Fire Potion"},{"floor":42,"key":"CunningPotion"},{"floor":46,"key":"SkillPotion"},{"floor":47,"key":"PowerPotion"},{"floor":47,"key":"Block Potion"}],"is_trial":false,"path_per_floor":["M","M","M","?","M","R","E","M","T","R","M","E","?","E","R","B",null,"M","M","M","$","?","R","E","R","T","E","M","?","E","$","R","B",null,"M","?","M","M","?","E","R","E","T","R","$","M","E","?","R","B","B",null,"R","$","E"],"character_chosen":"THE_SILENT","items_purchased":["Well Laid Plans","Endless Agony","Chemical X","Infinite Blades"],"campfire_rested":3,"item_purchase_floors":[21,21,31,45],"current_hp_per_floor":[58,56,55,55,53,53,28,25,25,46,46,37,37,16,37,27,61,46,52,44,44,36,36,32,32,32,23,16,29,28,28,28,21,36,46,44,44,40,30,35,35,47,47,47,47,51,32,32,32,35,24,44,51,51,0,0],"gold":0,"neow_bonus":"TEN_PERCENT_HP_BONUS","is_daily":false,"chose_seed":false,"campfire_upgraded":6,"win_rate":0.0,"timestamp":1609365253,"path_taken":["M","M","M","?","M","R","E","M","T","R","M","E","?","E","R","BOSS","M","M","M","$","?","R","E","R","T","E","M","?","E","$","R","BOSS","M","?","M","M","?","E","R","E","T","R","$","M","E","?","R","BOSS","BOSS","R","$","E"],"items_purchased_type":["Card","Card","Relic","Card"],"build_version":"2020-12-22","purchased_purges":4,"victory":false,"max_hp_per_floor":[72,72,72,72,72,72,72,72,72,72,72,72,72,72,72,72,72,72,72,72,72,36,36,36,36,36,36,36,41,41,41,41,41,41,46,44,44,44,44,44,44,51,51,51,51,51,51,51,51,51,51,51,51,51,51,51],"relic_stats":{"Darkstone Periapt":0,"Regal Pillow":0,"counters":[30,177],"Tingsha":[9],"StoneCalendar":[101],"Letter Opener":[92],"Orichalcum":[96],"MawBank":36,"Peace Pipe":0,"Shuriken":[101],"Pandora\u0027s Box":["Deflect","A Thousand Cuts","Bouncing Flask","Bouncing Flask","Backflip","Skewer","PiercingWail","Burst","Bullet Time","Doppelganger"],"Black Star":3,"Kunai":[97],"Chemical X":[24],"obtain_stats":[{"Darkstone Periapt":13,"aspiration:VileToxins":24,"Regal Pillow":40,"Tingsha":29,"StoneCalendar":40,"aspiration:SeaSaltIceCream":29,"Letter Opener":47,"Orichalcum":30,"MawBank":42,"White Beast Statue":26,"Peace Pipe":7,"Shuriken":12,"DollysMirror":29,"Strawberry":42,"Pandora\u0027s Box":17,"Black Star":34,"Red Mask":48,"Kunai":14,"Chemical X":31,"StrikeDummy":47,"Toy Ornithopter":27,"Ring of the Snake":0,"aspiration:ChemicalBlood":9},{"Darkstone Periapt":8,"aspiration:VileToxins":14,"Regal Pillow":24,"Tingsha":18,"StoneCalendar":24,"aspiration:SeaSaltIceCream":18,"Letter Opener":27,"Orichalcum":19,"MawBank":25,"White Beast Statue":14,"Peace Pipe":5,"Shuriken":8,"DollysMirror":18,"Strawberry":25,"Pandora\u0027s Box":10,"Black Star":20,"Red Mask":27,"Kunai":9,"Chemical X":19,"StrikeDummy":27,"Toy Ornithopter":15,"Ring of the Snake":0,"aspiration:ChemicalBlood":6},{"Darkstone Periapt":39,"aspiration:VileToxins":80,"Regal Pillow":136,"Tingsha":102,"StoneCalendar":136,"aspiration:SeaSaltIceCream":102,"Letter Opener":157,"Orichalcum":109,"MawBank":143,"White Beast Statue":80,"Peace Pipe":26,"Shuriken":39,"DollysMirror":102,"Strawberry":143,"Pandora\u0027s Box":59,"Black Star":116,"Red Mask":157,"Kunai":44,"Chemical X":109,"StrikeDummy":157,"Toy Ornithopter":86,"Ring of the Snake":0,"aspiration:ChemicalBlood":33}],"Toy Ornithopter":81,"Ring of the Snake":[63]},"card_choices":[{"not_picked":["Bane","Prepared"],"picked":"Dash","floor":1},{"not_picked":["Underhanded Strike","Reflex"],"picked":"Blade Dance","floor":2},{"not_picked":["Catalyst","Underhanded Strike"],"picked":"Deflect","floor":3},{"not_picked":["Quick Slash","Skewer"],"picked":"Dagger Spray","floor":5},{"not_picked":["Cloak And Dagger","Backflip"],"picked":"Masterful Stab","floor":7},{"not_picked":["Poisoned Stab","Bane"],"picked":"Blade Dance","floor":8},{"not_picked":["Poisoned Stab","All Out Attack"],"picked":"Accuracy","floor":11},{"not_picked":["Eviscerate","Deadly Poison"],"picked":"Die Die Die","floor":12},{"not_picked":["Skewer","Outmaneuver"],"picked":"Backflip","floor":14},{"not_picked":["Unload","Envenom"],"picked":"Malaise","floor":16},{"not_picked":["Poisoned Stab+1","Deadly Poison"],"picked":"Noxious Fumes","floor":18},{"not_picked":["Poisoned Stab","Choke"],"picked":"Deflect","floor":19},{"not_picked":["Sucker Punch","Quick Slash"],"picked":"Blade Dance","floor":20},{"not_picked":["Slice+1","Noxious Fumes"],"picked":"Wraith Form v2","floor":24},{"not_picked":["Deadly Poison","Riddle With Holes+1"],"picked":"Terror","floor":27},{"not_picked":["Deadly Poison","Flying Knee"],"picked":"Backflip","floor":28},{"not_picked":["Well Laid Plans","Cloak And Dagger"],"picked":"Footwork","floor":29},{"not_picked":["Backstab","Slice","Dodge and Roll"],"picked":"SKIP","floor":30},{"not_picked":["Backflip","Deflect","Caltrops"],"picked":"SKIP","floor":35},{"not_picked":["Slice","Distraction"],"picked":"PiercingWail","floor":37},{"not_picked":["Prepared","Dagger Throw+1","Venomology"],"picked":"SKIP","floor":38},{"not_picked":["Jack Of All Trades","PanicButton"],"picked":"Master of Strategy","floor":39},{"not_picked":["PanicButton","Dramatic Entrance"],"picked":"Apotheosis","floor":39},{"not_picked":["Discovery","Madness"],"picked":"Finesse","floor":39},{"not_picked":["Tactician","Expertise","Heel Hook"],"picked":"SKIP","floor":40},{"not_picked":["Underhanded Strike","Deadly Poison"],"picked":"Cloak And Dagger+1","floor":42},{"not_picked":["Bane","Endless Agony","Deadly Poison"],"picked":"SKIP","floor":46},{"not_picked":["Dash","Dagger Spray","Reflex"],"picked":"SKIP","floor":47}],"player_experience":1026400,"relics_obtained":[{"floor":7,"key":"Peace Pipe"},{"floor":9,"key":"aspiration:ChemicalBlood"},{"floor":12,"key":"Shuriken"},{"floor":14,"key":"Kunai"},{"floor":24,"key":"aspiration:VileToxins"},{"floor":26,"key":"White Beast Statue"},{"floor":27,"key":"Toy Ornithopter"},{"floor":29,"key":"Tingsha"},{"floor":29,"key":"aspiration:SeaSaltIceCream"},{"floor":30,"key":"Orichalcum"},{"floor":40,"key":"StoneCalendar"},{"floor":40,"key":"Regal Pillow"},{"floor":42,"key":"Strawberry"},{"floor":42,"key":"MawBank"},{"floor":47,"key":"StrikeDummy"},{"floor":47,"key":"Letter Opener"}],"event_choices":[{"damage_healed":0,"gold_gain":0,"player_choice":"Ignored","damage_taken":145,"max_hp_gain":0,"max_hp_loss":0,"event_name":"betterThird:BetterSerpent","floor":4,"gold_loss":0},{"damage_healed":0,"gold_gain":0,"player_choice":"Searched \u00271\u0027 times","damage_taken":0,"relics_obtained":["Darkstone Periapt"],"max_hp_gain":0,"max_hp_loss":0,"event_name":"Dead Adventurer","floor":13,"gold_loss":0},{"damage_healed":0,"gold_gain":0,"player_choice":"Became a Ghost","damage_taken":0,"max_hp_gain":0,"max_hp_loss":36,"event_name":"Ghosts","floor":22,"gold_loss":0,"cards_obtained":["Ghostly","Ghostly","Ghostly"]},{"damage_healed":0,"gold_gain":0,"player_choice":"Fight","damage_taken":0,"max_hp_gain":0,"max_hp_loss":0,"event_name":"Colosseum","floor":29,"gold_loss":0},{"damage_healed":0,"gold_gain":0,"player_choice":"Fought Nobs","damage_taken":0,"max_hp_gain":0,"max_hp_loss":0,"event_name":"Colosseum","floor":29,"gold_loss":0},{"damage_healed":0,"gold_gain":0,"player_choice":"Max HP","damage_taken":0,"max_hp_gain":0,"max_hp_loss":2,"event_name":"Winding Halls","floor":36,"gold_loss":0},{"damage_healed":0,"gold_gain":0,"player_choice":"Memory 3","damage_taken":10,"max_hp_gain":0,"max_hp_loss":0,"event_name":"SensoryStone","floor":39,"gold_loss":0},{"damage_healed":0,"gold_gain":0,"player_choice":"Paid","damage_taken":0,"relics_obtained":["Red Mask"],"max_hp_gain":0,"max_hp_loss":0,"event_name":"Tomb of Lord Red Mask","floor":48,"gold_loss":52}],"is_beta":false,"boss_relics":[{"not_picked":["Runic Dome","Busted Crown"],"picked":"Pandora\u0027s Box"},{"not_picked":["HoveringKite","WristBlade"],"picked":"Black Star"}],"items_purged_floors":[21,21,31,45],"is_endless":false,"potions_floor_spawned":[1,3,7,16,18,20,27,28,29,29,30,33,35,37,38,40,42,46,47],"killed_by":"Shield and Spear","ascension_level":20}}