{"host":"jpzdg3po3tjxdjri","time":1609366718,"event":{"mods":["BaseMod","Better Third Choice","Colored Map","Colored Powertips","Minty Spire (QoL Compilation)","StSLib"],"gold_per_floor":[119,294,294,310,324,324,368,49,73,87,106,106,37,73,73,167,167,185,30,30,48,48,48],"floor_reached":22,"playtime":770,"items_purged":[],"score":320,"play_id":"75e65811-0d66-433b-bf5e-ac2abb5ab430","local_time":"20201230221838","is_ascension_mode":true,"campfire_choices":[{"floor":6,"key":"REST"},{"floor":12,"key":"REST"},{"data":"Noxious Fumes","floor":15,"key":"SMITH"}],"circlet_count":0,"master_deck":["AscendersBane","Strike_G","Strike_G","Strike_G","Strike_G","Strike_G","Defend_G","Defend_G","Defend_G","Defend_G","Defend_G","Survivor","Neutralize+1","Terror","Doubt","Dagger Throw","Poisoned Stab","Tactician","Dodge and Roll","Dagger Throw","Backflip","Noxious Fumes+1","Escape Plan","Adrenaline","Dagger Throw","Deadly Poison"],"relics":["Ring of the Snake","Golden Idol","Strawberry","Centennial Puzzle","Anchor","Akabeko","Smiling Mask","Black Star","Membership Card"],"acts_visited":["Exordium","TheCity"],"potions_floor_usage":[14,21,22],"damage_taken":[{"damage":4,"enemies":"2 Louse","floor":1,"turns":3},{"damage":12,"enemies":"Jaw Worm","floor":4,"turns":5},{"damage":0,"enemies":"Cultist","floor":5,"turns":3},{"damage":28,"enemies":"Lagavulin","floor":7,"turns":8},{"damage":0,"enemies":"Red Slaver","floor":10,"turns":3},{"damage":3,"enemies":"Exordium Thugs","floor":11,"turns":4},{"damage":6,"enemies":"Gremlin Nob","floor":14,"turns":3},{"damage":19,"enemies":"Hexaghost","floor":16,"turns":10},{"damage":19,"enemies":"Chosen","floor":18,"turns":6},{"damage":26,"enemies":"3 Byrds","floor":21,"turns":6},{"damage":17,"enemies":"Cultist and Chosen","floor":22,"turns":4}],"seed_played":"-5419427990257580919","potions_obtained":[{"floor":7,"key":"SteroidPotion"},{"floor":10,"key":"LiquidMemories"},{"floor":16,"key":"PowerPotion"}],"is_trial":false,"path_per_floor":["M","?","?","M","M","R","E","$","T","M","M","R","$","E","R","B",null,"M","$","?","M","M"],"character_chosen":"THE_SILENT","items_purchased":["Dodge and Roll","Centennial Puzzle","Anchor","Noxious Fumes","Membership Card"],"campfire_rested":2,"item_purchase_floors":[8,8,8,13,19],"current_hp_per_floor":[59,59,42,30,30,51,30,30,30,30,27,50,50,44,44,25,64,45,45,38,12,0,0],"gold":48,"neow_bonus":"UPGRADE_CARD","is_daily":false,"chose_seed":false,"campfire_upgraded":1,"win_rate":0.0,"timestamp":1609366718,"path_taken":["M","?","?","M","M","R","E","$","T","M","M","R","$","E","R","BOSS","M","$","?","?","M"],"items_purchased_type":["Card","Relic","Relic","Card","Relic"],"build_version":"2020-12-22","purchased_purges":0,"victory":false,"max_hp_per_floor":[70,70,70,70,70,70,77,77,77,77,77,77,77,77,77,77,77,77,77,77,77,77,77],"card_choices":[{"not_picked":["PiercingWail","Slice"],"picked":"Terror","floor":1},{"not_picked":["Well Laid Plans","Deadly Poison"],"picked":"Dagger Throw","floor":4},{"not_picked":["Noxious Fumes","Underhanded Strike"],"picked":"Poisoned Stab","floor":5},{"not_picked":["Bane","Dodge and Roll"],"picked":"Tactician","floor":7},{"not_picked":["Accuracy","Deflect"],"picked":"Dagger Throw","floor":10},{"not_picked":["PiercingWail","Deflect"],"picked":"Backflip","floor":11},{"not_picked":["Bouncing Flask","Underhanded Strike"],"picked":"Escape Plan","floor":14},{"not_picked":["Glass Knife","Die Die Die"],"picked":"Adrenaline","floor":16},{"not_picked":["Expertise","Cloak And Dagger"],"picked":"Dagger Throw","floor":18},{"not_picked":["Caltrops","Eviscerate"],"picked":"Deadly Poison","floor":21}],"player_experience":815170,"relics_obtained":[{"floor":7,"key":"Strawberry"},{"floor":9,"key":"Akabeko"},{"floor":14,"key":"Smiling Mask"}],"event_choices":[{"damage_healed":0,"gold_gain":175,"player_choice":"AGREE","damage_taken":119,"max_hp_gain":0,"max_hp_loss":0,"event_name":"betterThird:BetterSerpent","floor":2,"gold_loss":0},{"damage_healed":0,"gold_gain":0,"player_choice":"Take Damage","damage_taken":17,"relics_obtained":["Golden Idol"],"max_hp_gain":0,"max_hp_loss":0,"event_name":"Golden Idol","floor":3,"gold_loss":0},{"damage_healed":0,"gold_gain":0,"player_choice":"Damaged","damage_taken":7,"max_hp_gain":0,"max_hp_loss":0,"event_name":"Wheel of Change","floor":20,"gold_loss":0}],"is_beta":false,"boss_relics":[{"not_picked":["Ectoplasm","Coffee Dripper"],"picked":"Black Star"}],"items_purged_floors":[],"is_endless":false,"potions_floor_spawned":[7,10,11,16,18],"killed_by":"Cultist and Chosen","ascension_level":13}}