{"host":"k85tjwrh7mjrrc9a","time":1609357070,"event":{"mods":["AchievementEnabler","BaseMod","Colored Powertips","Highlight Path","Minty Spire (QoL Compilation)","Rare Cards Sparkle","StSLib"],"gold_per_floor":[115,131,144,32,42,42,71,71,119,119,119,119,95,136,136,267,267,291,291,306,320,320,320,320,353,353,353,366,366,391,405,405,528,528,543,543,569,156,175,175,155,155,202,222,247,247,247,265,265,265],"floor_reached":51,"playtime":3413,"items_purged":["Injury"],"score":681,"play_id":"97bbe31f-62a4-45b0-9faa-42c2343dfd89","local_time":"20201230143750","is_ascension_mode":true,"campfire_choices":[{"data":"Heatsinks","floor":6,"key":"SMITH"},{"data":"Loop","floor":8,"key":"SMITH"},{"floor":15,"key":"REST"},{"floor":23,"key":"REST"},{"floor":27,"key":"REST"},{"data":"Coolheaded","floor":29,"key":"SMITH"},{"floor":32,"key":"REST"},{"data":"Apotheosis","floor":40,"key":"SMITH"},{"floor":42,"key":"REST"},{"floor":47,"key":"REST"},{"floor":49,"key":"REST"}],"circlet_count":0,"master_deck":["Strike_B+1","Strike_B+1","Strike_B+1","Strike_B+1","Defend_B+1","Defend_B+1","Defend_B+1","Defend_B+1","Zap","Dualcast+1","Auto Shields","Compile Driver+1","Loop+1","Static Discharge","Heatsinks+1","Hologram","Coolheaded+1","Machine Learning+1","Consume+1","Loop","Sweeping Beam","Electrodynamics","Redo+1","Coolheaded","Apotheosis+1","Steam+1","Madness","Madness"],"relics":["Cracked Core","Bird Faced Urn","Question Card","Omamori","Golden Idol","Whetstone","Inserter","InkBottle","Ornamental Fan","Busted Crown","Gremlin Horn","Juzu Bracelet","Letter Opener","Blood Vial"],"acts_visited":["TheCity","TheBeyond"],"potions_floor_usage":[16,21,33,50,50,50],"damage_taken":[{"damage":6,"enemies":"Small Slimes","floor":1,"turns":3},{"damage":1,"enemies":"2 Louse","floor":2,"turns":2},{"damage":1,"enemies":"Jaw Worm","floor":3,"turns":3},{"damage":10,"enemies":"Looter","floor":5,"turns":3},{"damage":25,"enemies":"3 Sentries","floor":7,"turns":7},{"damage":30,"enemies":"Gremlin Nob","floor":14,"turns":4},{"damage":20,"enemies":"Slime Boss","floor":16,"turns":11},{"damage":26,"enemies":"Spheric Guardian","floor":18,"turns":6},{"damage":25,"enemies":"Shell Parasite","floor":20,"turns":6},{"damage":33,"enemies":"3 Cultists","floor":21,"turns":5},{"damage":44,"enemies":"Book of Stabbing","floor":25,"turns":8},{"damage":3,"enemies":"Centurion and Healer","floor":28,"turns":8},{"damage":20,"enemies":"Cultist and Chosen","floor":30,"turns":6},{"damage":15,"enemies":"Snake Plant","floor":31,"turns":4},{"damage":45,"enemies":"Champ","floor":33,"turns":13},{"damage":17,"enemies":"Orb Walker","floor":35,"turns":5},{"damage":21,"enemies":"3 Shapes","floor":39,"turns":3},{"damage":20,"enemies":"3 Darklings","floor":44,"turns":4},{"damage":25,"enemies":"Writhing Mass","floor":45,"turns":6},{"damage":24,"enemies":"Jaw Worm Horde","floor":48,"turns":4},{"damage":64,"enemies":"Time Eater","floor":50,"turns":11}],"seed_played":"6170173324699679484","potions_obtained":[{"floor":2,"key":"Swift Potion"},{"floor":3,"key":"Block Potion"},{"floor":7,"key":"BlessingOfTheForge"},{"floor":16,"key":"SteroidPotion"},{"floor":18,"key":"Fire Potion"},{"floor":25,"key":"Strength Potion"},{"floor":28,"key":"DistilledChaos"},{"floor":41,"key":"Fire Potion"},{"floor":44,"key":"Swift Potion"},{"floor":48,"key":"Dexterity Potion"}],"is_trial":false,"path_per_floor":["M","M","M","$","M","R","E","R","T","?","?","?","$","E","R","B",null,"M","?","M","M","?","R","?","E","T","R","M","R","M","M","R","B",null,"M","T","T","$","M","R","?","R","T","M","M","?","R","M","R","B",null],"character_chosen":"DEFECT","items_purchased":["Static Discharge","Hologram","Apotheosis","Letter Opener"],"campfire_rested":7,"item_purchase_floors":[4,13,38,38],"current_hp_per_floor":[69,68,67,67,61,61,42,42,42,42,42,42,42,18,40,26,75,49,74,56,29,29,51,51,17,17,39,44,44,36,29,51,18,75,60,60,60,60,47,47,47,69,69,61,50,41,63,47,69,19],"gold":265,"neow_bonus":"ONE_RARE_RELIC","is_daily":false,"chose_seed":false,"campfire_upgraded":4,"win_rate":0.0,"timestamp":1609357070,"path_taken":["M","M","M","$","M","R","E","R","T","?","?","?","$","E","R","BOSS","M","?","M","M","?","R","?","E","T","R","M","R","M","M","R","BOSS","M","?","?","$","M","R","?","R","T","M","M","?","R","M","R","BOSS"],"items_purchased_type":["Card","Card","Card","Relic"],"build_version":"2020-12-22","purchased_purges":1,"victory":true,"max_hp_per_floor":[75,75,75,75,75,75,75,75,75,75,75,75,75,75,75,75,75,75,75,75,75,75,75,75,75,75,75,75,75,75,75,75,75,75,75,75,75,75,75,75,75,75,75,75,75,75,75,75,75,75],"card_choices":[{"not_picked":["Beam Cell","Rebound"],"picked":"Auto Shields","floor":1},{"not_picked":["Capacitor","Hologram"],"picked":"Compile Driver","floor":2},{"not_picked":["Rebound","Amplify"],"picked":"Loop","floor":3},{"not_picked":["Defragment","Scrape"],"picked":"Heatsinks","floor":5},{"not_picked":["Undo","Beam Cell","Blizzard"],"picked":"SKIP","floor":7},{"not_picked":["Amplify","Compile Driver","Hello World"],"picked":"Coolheaded","floor":14},{"not_picked":["Creative AI","Buffer","Rainbow"],"picked":"Machine Learning","floor":16},{"not_picked":["Ball Lightning","Go for the Eyes+1","Leap"],"picked":"Consume+1","floor":18},{"not_picked":["Defragment","Hello World+1","Rebound"],"picked":"Loop","floor":20},{"not_picked":["Redo","Beam Cell","Conserve Battery"],"picked":"Sweeping Beam","floor":21},{"not_picked":["Streamline","Beam Cell","Recycle"],"picked":"Electrodynamics","floor":25},{"not_picked":["Conserve Battery","Cold Snap","Ball Lightning","Barrage+1"],"picked":"SKIP","floor":28},{"not_picked":["Melter","Sweeping Beam","Blizzard"],"picked":"Redo+1","floor":30},{"not_picked":["Compile Driver","Cold Snap","Fusion+1"],"picked":"Coolheaded","floor":31},{"not_picked":["Ball Lightning","Rebound"],"picked":"SKIP","floor":35},{"not_picked":["Coolheaded+1"],"picked":"Steam+1","floor":39},{"not_picked":["Loop+1","Static Discharge+1"],"picked":"SKIP","floor":44},{"not_picked":["Cold Snap","Gash+1"],"picked":"SKIP","floor":45},{"not_picked":["Tempest+1","Leap+1"],"picked":"SKIP","floor":48}],"player_experience":99860,"relics_obtained":[{"floor":7,"key":"Question Card"},{"floor":9,"key":"Omamori"},{"floor":14,"key":"Whetstone"},{"floor":25,"key":"InkBottle"},{"floor":26,"key":"Ornamental Fan"},{"floor":36,"key":"Gremlin Horn"},{"floor":37,"key":"Juzu Bracelet"},{"floor":43,"key":"Blood Vial"}],"event_choices":[{"damage_healed":0,"gold_gain":0,"player_choice":"Take Wound","damage_taken":0,"relics_obtained":["Golden Idol"],"max_hp_gain":0,"max_hp_loss":0,"event_name":"Golden Idol","floor":10,"gold_loss":0,"cards_obtained":["Injury"]},{"damage_healed":0,"gold_gain":0,"player_choice":"Ignored","damage_taken":0,"max_hp_gain":0,"max_hp_loss":0,"event_name":"Golden Wing","floor":11,"gold_loss":0},{"damage_healed":0,"gold_gain":0,"player_choice":"Grow","damage_taken":0,"max_hp_gain":0,"max_hp_loss":0,"event_name":"Living Wall","floor":12,"gold_loss":0,"cards_upgraded":["Dualcast"]},{"damage_healed":25,"gold_gain":0,"player_choice":"Heal","damage_taken":0,"max_hp_gain":0,"max_hp_loss":0,"event_name":"The Library","floor":19,"gold_loss":0},{"damage_healed":0,"gold_gain":0,"player_choice":"Simplicity","damage_taken":0,"max_hp_gain":0,"max_hp_loss":0,"event_name":"Back to Basics","floor":22,"gold_loss":0,"cards_upgraded":["Strike_B","Strike_B","Strike_B","Defend_B","Defend_B","Defend_B","Defend_B"]},{"damage_healed":0,"gold_gain":0,"player_choice":"Forge","damage_taken":0,"max_hp_gain":0,"max_hp_loss":0,"event_name":"Accursed Blacksmith","floor":24,"gold_loss":0,"cards_upgraded":["Machine Learning"]},{"damage_healed":0,"gold_gain":0,"player_choice":"Bought 1 Potion","damage_taken":0,"max_hp_gain":0,"max_hp_loss":0,"event_name":"The Woman in Blue","floor":41,"gold_loss":0},{"damage_healed":0,"gold_gain":0,"player_choice":"Embrace Madness","damage_taken":9,"max_hp_gain":0,"max_hp_loss":0,"event_name":"Winding Halls","floor":46,"gold_loss":0,"cards_obtained":["Madness","Madness"]}],"is_beta":false,"boss_relics":[{"not_picked":["Ectoplasm","Runic Pyramid"],"picked":"Inserter"},{"not_picked":["Calling Bell","Runic Dome"],"picked":"Busted Crown"}],"items_purged_floors":[4],"is_endless":false,"potions_floor_spawned":[2,3,7,16,18,25,28,31,44,48],"ascension_level":1}}