{"host":"ixqzyafodex1tsi5","time":1609314804,"event":{"mods":["AchievementEnabler","Act Like it!","BaseMod","Downfall","Gensokyo","GifTheSpireLib","Lobotomy","LobotomyExtend","Minty Spire (QoL Compilation)","Relic Stats","Replay The Spire","RumiaBox-露米娅的神秘盒子","Spicy Shops","StSLib","【功能Mod】混沌之环修复补丁"],"gold_per_floor":[112,124,135,146,157,157,190,190,190,190,210,210,220,252,252,252,252],"floor_reached":16,"playtime":827,"items_purged":[],"score":125,"play_id":"c55527f7-b514-4411-8de2-e9eb9f573bb5","local_time":"20201230155324","is_ascension_mode":true,"campfire_choices":[],"circlet_count":0,"master_deck":["SpecialBullet","SpecialBullet","SpecialBullet","SpecialBullet","SpecialBullet","SpecialBullet","SpecialBullet","SpecialBullet","ExtractionCode","SecurityCode","InformationCode","HeroicMonk","BloodyDesire","CENSORED_ego","DreamingCurrent","Mercenary","Lantern+1","BlackArmy","SolemnVow+1","DespairKnight"],"relics":["CogitoBucket","PreservedInsect","LetterFromLob","Question Card","LastBattle","ChangeAnything","Gremlin Food"],"acts_visited":["Exordium"],"potions_floor_usage":[11,11],"damage_taken":[{"damage":6,"enemies":"Cultist","floor":1,"turns":3},{"damage":10,"enemies":"Small Slimes","floor":2,"turns":2},{"damage":0,"enemies":"2 Louse","floor":3,"turns":2},{"damage":23,"enemies":"Red Slaver","floor":4,"turns":3},{"damage":13,"enemies":"Blue Slaver","floor":5,"turns":2},{"damage":26,"enemies":"Lagavulin","floor":7,"turns":5},{"damage":107,"enemies":"Exordium Wildlife","floor":11,"turns":15},{"damage":21,"enemies":"2 Fungi Beasts","floor":13,"turns":3},{"damage":41,"enemies":"3 Sentries","floor":14,"turns":6},{"damage":119,"enemies":"Hexaghost","floor":16,"turns":9}],"seed_played":"-203902427478469755","potions_obtained":[{"floor":2,"key":"Regen Potion"},{"floor":3,"key":"BlessingOfTheForge"},{"floor":4,"key":"GamblersBrew"},{"floor":13,"key":"Dexterity Potion"}],"is_trial":false,"path_per_floor":["M","M","M","M","M","R","E","R","T","?","M","R","M","E","R","B"],"character_chosen":"Angela","items_purchased":[],"campfire_rested":0,"item_purchase_floors":[],"current_hp_per_floor":[70,68,70,55,50,50,32,32,32,32,38,38,47,54,54,0,0],"gold":252,"neow_bonus":"RANDOM_COMMON_RELIC","is_daily":false,"chose_seed":false,"campfire_upgraded":0,"win_rate":0.0,"timestamp":1609314804,"path_taken":["M","M","M","?","M","R","E","R","T","?","M","R","?","E","R","BOSS"],"items_purchased_type":[],"build_version":"2020-12-22","purchased_purges":0,"victory":false,"max_hp_per_floor":[70,70,70,70,70,70,70,70,70,70,70,70,70,70,70,70,70],"relic_stats":{"counters":[11,51],"PreservedInsect":59,"Question Card":11,"obtain_stats":[{"Gremlin Food":14,"CogitoBucket":0,"PreservedInsect":0,"LetterFromLob":1,"LastBattle":9,"ChangeAnything":11,"Question Card":7},{"Gremlin Food":10,"CogitoBucket":0,"PreservedInsect":0,"LetterFromLob":1,"LastBattle":6,"ChangeAnything":8,"Question Card":6},{"Gremlin Food":42,"CogitoBucket":0,"PreservedInsect":0,"LetterFromLob":3,"LastBattle":17,"ChangeAnything":33,"Question Card":17}]},"card_choices":[{"not_picked":["RedEyes","Amita"],"picked":"SKIP","floor":1},{"not_picked":["WallGazer","Bloodbath"],"picked":"HeroicMonk","floor":2},{"not_picked":["Wingbeat","Pleasure"],"picked":"SKIP","floor":2},{"not_picked":["Wingbeat","Pleasure"],"picked":"SKIP","floor":2},{"not_picked":["RedEyes","Tough"],"picked":"SKIP","floor":3},{"not_picked":["Laetitia_ego","RedEyes"],"picked":"BloodyDesire","floor":4},{"not_picked":["FourthMatchFlame","Regret_ego"],"picked":"CENSORED_ego","floor":5},{"not_picked":["OldLady","Bloodbath"],"picked":"DreamingCurrent","floor":7},{"not_picked":["Discord","Reverberation","Pinks"],"picked":"SKIP","floor":7},{"not_picked":["VoidDream","DespairKnight"],"picked":"Mercenary","floor":11},{"not_picked":["TodaysExpression+1","Logging+1","BlueScar+1"],"picked":"Lantern+1","floor":11},{"not_picked":["FourthMatchFlame+1","Christmas+1","Regret_ego+1","Horn+1"],"picked":"SKIP","floor":11},{"not_picked":["Porccubus","OSAHOGD"],"picked":"BlackArmy","floor":13},{"not_picked":["FeatherOfHonor+1","Penitence+1","Loneliness+1"],"picked":"SolemnVow+1","floor":13},{"not_picked":["CherryBlossoms","GalaxyChild"],"picked":"DespairKnight","floor":14},{"not_picked":["RedEyes+1","Penitence+1","Heaven+1","TodaysExpression+1"],"picked":"SKIP","floor":14}],"player_experience":153950,"relics_obtained":[{"floor":1,"key":"LetterFromLob"},{"floor":7,"key":"Question Card"},{"floor":9,"key":"LastBattle"},{"floor":14,"key":"Gremlin Food"}],"event_choices":[{"damage_healed":0,"gold_gain":0,"player_choice":"Bought 0 Potions","damage_taken":0,"max_hp_gain":0,"max_hp_loss":0,"event_name":"The Woman in Blue","floor":10,"gold_loss":0}],"is_beta":false,"boss_relics":[],"items_purged_floors":[],"is_endless":false,"potions_floor_spawned":[2,3,4,13],"killed_by":"Hexaghost","ascension_level":2}}