{"host":"kdt6w7ix8lwe69i9","time":1609348833,"event":{"mods":["Bartender","BaseMod","ChefMod","Downfall","Fiend Mod","Jorbs\u0027s Wanderer Trilogy","Minty Spire (QoL Compilation)","Reimu（博丽灵梦）","Robot Space Explorer","StSLib","The Cursed","The Disciple","The Dragon Tamer","The Druid","The Elementalist","The Forsaken","The Gatherer","The Judge","The Marked","TheBandit"],"gold_per_floor":[110,285,296,136,155,155,180,180,180,180,255,281,281,330,330,459,459,493,502,502,502],"floor_reached":20,"playtime":2759,"items_purged":[],"score":178,"play_id":"40cb910c-69cc-4926-8b04-4c17c7e0b3d5","local_time":"20201230122033","is_ascension_mode":false,"campfire_choices":[{"data":"chefmod:TastyDistraction","floor":6,"key":"SMITH"},{"floor":8,"key":"REST"},{"data":"chefmod:AlooGobi","floor":10,"key":"SMITH"},{"floor":15,"key":"REST"}],"circlet_count":0,"master_deck":["chefmod:Strike","chefmod:Strike","chefmod:Strike","chefmod:Strike","chefmod:Strike","chefmod:Defend","chefmod:Defend","chefmod:Defend","chefmod:QuickThaw","chefmod:TodaysSpecial","chefmod:Escargot","Doubt","chefmod:Ratatouille","chefmod:TastyDistraction+1","chefmod:AlooGobi+1","chefmod:CuttingBoard","chefmod:DinoKale","chefmod:Tenderizer","chefmod:Defrost","chefmod:SaveForLater"],"relics":["Busted Crown","Darkstone Periapt","Matryoshka","Oddly Smooth Stone","Akabeko","Golden Idol","CeramicFish","SacredBark"],"acts_visited":["Exordium","TheCity"],"potions_floor_usage":[7,14,18],"damage_taken":[{"damage":0,"enemies":"2 Louse","floor":1,"turns":3},{"damage":5,"enemies":"Small Slimes","floor":3,"turns":4},{"damage":11,"enemies":"Jaw Worm","floor":5,"turns":7},{"damage":11,"enemies":"Gremlin Nob","floor":7,"turns":6},{"damage":15,"enemies":"3 Sentries","floor":14,"turns":15},{"damage":20,"enemies":"The Guardian","floor":16,"turns":34},{"damage":10,"enemies":"2 Thieves","floor":18,"turns":3},{"damage":66,"enemies":"3 Byrds","floor":20,"turns":7}],"seed_played":"-8165455866319908401","potions_obtained":[{"floor":5,"key":"ColorlessPotion"},{"floor":7,"key":"Strength Potion"},{"floor":16,"key":"ColorlessPotion"}],"is_trial":false,"path_per_floor":["M","?","M","$","M","R","E","R","T","R","?","T","?","E","R","B",null,"M","?","M"],"character_chosen":"THE_CHEF","items_purchased":["chefmod:TastyDistraction"],"campfire_rested":2,"item_purchase_floors":[4],"current_hp_per_floor":[76,76,71,71,60,60,49,71,71,71,60,60,41,26,48,28,76,66,66,0,0],"gold":502,"neow_bonus":"BOSS_RELIC","is_daily":false,"chose_seed":false,"campfire_upgraded":2,"win_rate":0.0,"timestamp":1609348833,"path_taken":["M","?","M","$","M","R","E","R","T","R","?","?","?","E","R","BOSS","M","?","M"],"items_purchased_type":["Card"],"build_version":"2020-12-22","purchased_purges":0,"victory":false,"max_hp_per_floor":[76,76,76,76,76,76,76,76,76,76,76,76,76,76,76,76,76,76,76,76,76],"card_choices":[{"not_picked":[],"picked":"chefmod:Escargot","floor":1},{"not_picked":[],"picked":"chefmod:Ratatouille","floor":3},{"not_picked":[],"picked":"chefmod:AlooGobi","floor":5},{"not_picked":[],"picked":"chefmod:CuttingBoard","floor":7},{"not_picked":[],"picked":"chefmod:DinoKale","floor":14},{"not_picked":[],"picked":"chefmod:Tenderizer","floor":16},{"not_picked":[],"picked":"chefmod:Defrost","floor":18}],"player_experience":1646901,"relics_obtained":[{"floor":7,"key":"Darkstone Periapt"},{"floor":9,"key":"Matryoshka"},{"floor":12,"key":"Oddly Smooth Stone"},{"floor":12,"key":"Akabeko"},{"floor":14,"key":"CeramicFish"}],"event_choices":[{"damage_healed":0,"gold_gain":175,"player_choice":"AGREE","damage_taken":0,"max_hp_gain":0,"max_hp_loss":0,"event_name":"Liars Game","floor":2,"gold_loss":0,"cards_obtained":["Doubt"]},{"damage_healed":0,"gold_gain":75,"player_choice":"Gather Gold","damage_taken":11,"max_hp_gain":0,"max_hp_loss":0,"event_name":"World of Goop","floor":11,"gold_loss":0},{"damage_healed":0,"gold_gain":0,"player_choice":"Take Damage","damage_taken":19,"relics_obtained":["Golden Idol"],"max_hp_gain":0,"max_hp_loss":0,"event_name":"Golden Idol","floor":13,"gold_loss":0},{"damage_healed":0,"gold_gain":0,"player_choice":"Read","damage_taken":0,"max_hp_gain":0,"max_hp_loss":0,"event_name":"The Library","floor":19,"gold_loss":0,"cards_obtained":["chefmod:SaveForLater"]}],"is_beta":false,"boss_relics":[{"not_picked":["Runic Pyramid","Fusion Hammer"],"picked":"SacredBark"}],"items_purged_floors":[],"is_endless":false,"potions_floor_spawned":[5,7,16],"killed_by":"3 Byrds","ascension_level":0}}