{"host":"f5uumzf5hfexzk8l","time":1609361467,"event":{"mods":["AchievementEnabler","BaseMod","Colored Map","Googly Eyes","Highlight Path","Minty Spire (QoL Compilation)","Permanent Neow","StSLib","SuperFastMode","Unceasing Turn Reminder","everything is the same but u backflip on backflip"],"gold_per_floor":[112,112,112,37,37,65,65,85,85,85,137,164,164,174,174,269,269,280,280,290,301,321,346,4,33,33,33,33],"floor_reached":27,"playtime":1993,"items_purged":["Strike_R","Strike_R"],"score":412,"play_id":"84685df3-485b-445c-967d-64951dee59c5","local_time":"20201230125107","is_ascension_mode":true,"campfire_choices":[{"data":"Inflame","floor":7,"key":"SMITH"},{"data":"Heavy Blade","floor":13,"key":"SMITH"},{"data":"Defend_R","floor":15,"key":"SMITH"}],"circlet_count":0,"master_deck":["Strike_R","Strike_R+1","Defend_R+1","Defend_R","Defend_R","Defend_R","Bash+1","Clash","Inflame+1","Heavy Blade+1","Whirlwind+1","Limit Break","Bloodletting","True Grit","Shrug It Off"],"relics":["Burning Blood","NeowsBlessing","Blue Candle","Molten Egg 2","Centennial Puzzle","Art of War","Philosopher\u0027s Stone","Singing Bowl","Toxic Egg 2","Nunchaku","Gremlin Horn"],"acts_visited":["Exordium","TheCity"],"potions_floor_usage":[16,25],"damage_taken":[{"damage":0,"enemies":"2 Louse","floor":1,"turns":1},{"damage":0,"enemies":"Gremlin Nob","floor":6,"turns":1},{"damage":0,"enemies":"Small Slimes","floor":8,"turns":1},{"damage":37,"enemies":"Lagavulin","floor":12,"turns":6},{"damage":2,"enemies":"Jaw Worm","floor":14,"turns":2},{"damage":26,"enemies":"The Guardian","floor":16,"turns":8},{"damage":19,"enemies":"2 Thieves","floor":18,"turns":2},{"damage":4,"enemies":"Chosen","floor":20,"turns":3},{"damage":29,"enemies":"Centurion and Healer","floor":21,"turns":4},{"damage":33,"enemies":"Shelled Parasite and Fungi","floor":22,"turns":3},{"damage":36,"enemies":"Gremlin Leader","floor":23,"turns":5},{"damage":19,"enemies":"Slavers","floor":25,"turns":2},{"damage":14,"enemies":"Snake Plant","floor":27,"turns":1}],"seed_played":"-3463929740175413193","potions_obtained":[{"floor":8,"key":"LiquidMemories"},{"floor":12,"key":"CultistPotion"},{"floor":14,"key":"Strength Potion"},{"floor":20,"key":"DistilledChaos"}],"is_trial":false,"path_per_floor":["M","?","?","$","?","E","R","M","T","?","T","E","R","M","R","B",null,"M","?","M","M","M","E","$","E","T","M"],"character_chosen":"IRONCLAD","items_purchased":["Toxic Egg 2"],"campfire_rested":0,"item_purchase_floors":[24],"current_hp_per_floor":[78,78,71,71,76,82,82,85,85,68,68,37,37,41,41,21,69,56,56,58,35,8,13,13,12,12,0,0],"gold":33,"neow_bonus":"THREE_ENEMY_KILL","is_daily":false,"chose_seed":false,"campfire_upgraded":3,"win_rate":0.0,"timestamp":1609361467,"path_taken":["M","?","?","$","?","E","R","M","T","?","?","E","R","M","R","BOSS","M","?","M","M","M","E","$","E","T","M"],"items_purchased_type":["Relic"],"build_version":"2020-12-22","purchased_purges":2,"victory":false,"max_hp_per_floor":[80,80,80,80,85,85,85,85,85,85,85,85,85,85,85,85,85,85,85,85,85,85,87,87,89,89,89,89],"card_choices":[{"not_picked":["Intimidate","Shrug It Off"],"picked":"Clash","floor":1},{"not_picked":["Second Wind","Warcry"],"picked":"Inflame","floor":6},{"not_picked":["Sever Soul","Flame Barrier"],"picked":"Heavy Blade","floor":8},{"not_picked":["Reckless Charge+1","Headbutt+1"],"picked":"Whirlwind+1","floor":12},{"not_picked":["Havoc","Body Slam+1","Entrench"],"picked":"SKIP","floor":14},{"not_picked":["Impervious","Juggernaut"],"picked":"Limit Break","floor":16},{"not_picked":["Wild Strike+1","Body Slam+1"],"picked":"Bloodletting","floor":18},{"not_picked":["Infernal Blade","Sever Soul+1","Reckless Charge+1"],"picked":"SKIP","floor":20},{"not_picked":["Heavy Blade+1","Feel No Pain"],"picked":"True Grit","floor":21},{"not_picked":["Clothesline+1","Twin Strike+1"],"picked":"Shrug It Off","floor":22},{"not_picked":["Blood for Blood+1","Impervious","Shockwave"],"picked":"Singing Bowl","floor":23},{"not_picked":["Rampage+1","Clothesline+1","True Grit+1"],"picked":"Singing Bowl","floor":25}],"player_experience":347981,"relics_obtained":[{"floor":6,"key":"Blue Candle"},{"floor":9,"key":"Molten Egg 2"},{"floor":11,"key":"Centennial Puzzle"},{"floor":12,"key":"Art of War"},{"floor":23,"key":"Singing Bowl"},{"floor":25,"key":"Nunchaku"},{"floor":26,"key":"Gremlin Horn"}],"event_choices":[{"damage_healed":0,"gold_gain":0,"player_choice":"Ignored","damage_taken":0,"max_hp_gain":0,"max_hp_loss":0,"event_name":"Liars Game","floor":2,"gold_loss":0},{"cards_removed":["Strike_R"],"damage_healed":0,"gold_gain":0,"player_choice":"Card Removal","damage_taken":7,"max_hp_gain":0,"max_hp_loss":0,"event_name":"Golden Wing","floor":3,"gold_loss":0},{"damage_healed":0,"gold_gain":0,"player_choice":"Donut","damage_taken":0,"max_hp_gain":5,"max_hp_loss":0,"event_name":"Big Fish","floor":5,"gold_loss":0},{"damage_healed":0,"gold_gain":0,"player_choice":"Entered Light","damage_taken":17,"max_hp_gain":0,"max_hp_loss":0,"event_name":"Shining Light","floor":10,"gold_loss":0,"cards_upgraded":["Strike_R","Bash"]},{"damage_healed":0,"gold_gain":0,"player_choice":"Ignored","damage_taken":0,"max_hp_gain":0,"max_hp_loss":0,"event_name":"Ghosts","floor":19,"gold_loss":0}],"is_beta":false,"boss_relics":[{"not_picked":["Runic Pyramid","Fusion Hammer","Pandora\u0027s Box"]}],"items_purged_floors":[4,24],"is_endless":false,"potions_floor_spawned":[8,12,14,20,22,23],"killed_by":"Snake Plant","ascension_level":9}}