{"host":"51fyd6gkml7xavq8","time":1609354915,"event":{"mods":["BaseMod","BetterRewards","Colored Map","Energized Spire","Infinite Spire","Minty Spire (QoL Compilation)","Replay The Spire","Shop Mod","Spicy Shops","StSLib","The Blue Laboratory","[IsaacMod]????"],"gold_per_floor":[114,129,144,159,33,63,78,78,78,108,123,153,153,136,136,246,196,223,223,223,146,165,165,186,213,213,213,251,251,278,299,299,419,419,440,449,15,315,342,342,369,396,405,451,486,507,525,546,546,563],"floor_reached":51,"playtime":4147,"items_purged":["ReplayTheSpireMod:Restless Dread","ReplayTheSpireMod:Restless Dread","Dualcast+1","Normality","Regret"],"score":823,"play_id":"5ef8f220-dcba-465b-97d6-a271f30ff701","local_time":"20201230160155","daily_mods":["Cursed Run","Diverse","DeadlyEvents"],"is_ascension_mode":false,"campfire_choices":[{"data":"Zap","floor":8.0,"key":"SMITH"},{"data":"Buffer","floor":15.0,"key":"SMITH"},{"data":"Footwork","floor":23.0,"key":"SMITH"},{"data":"Reaper","floor":27.0,"key":"SMITH"},{"data":"Mayhem","floor":32.0,"key":"SMITH"},{"data":"Madness","floor":40.0,"key":"SMITH"},{"data":"ReplayTheSpireMod:Faulty Equipment","floor":49,"key":"SMITH"}],"circlet_count":0,"master_deck":["Strike_B+1","Strike_B+1","Strike_B+1","Strike_B+1","Defend_B+1","Defend_B+1","Defend_B+1","Defend_B+1","Zap+1","Footwork+1","Buffer+1","Reaper+1","Mayhem+1","Force Field+1","Voices","Madness+1","Writhe","Bandage Up","Bandage Up","Doubt"],"relics":["Cursed Key","Darkstone Periapt","Du-Vu Doll","HushsDoor","Leech","MerchantsRug","Pantograph","Incense Burner","infinitespire:BottledMercury","Blood Vial","Replay:Bandana","Nilry\u0027s Codex","TuHaoJin","Replay:Bottled Steam","DoctorsRemote","infinitespire:Cupcake","infinitespire:Joker Card","CeramicFish","Frozen Egg 2","UnicornStump","Bird Faced Urn"],"acts_visited":["Exordium","TheCity","TheBeyond"],"potions_floor_usage":[45],"damage_taken":[{"damage":4.0,"enemies":"infinitespire:Voidling","floor":1.0,"turns":3.0},{"damage":0.0,"enemies":"Cultist","floor":2.0,"turns":3.0},{"damage":0.0,"enemies":"Small Slimes","floor":3.0,"turns":2.0},{"damage":8.0,"enemies":"Red Slaver","floor":4.0,"turns":2.0},{"damage":0.0,"enemies":"Gremlin Nob","floor":6.0,"turns":3.0},{"damage":0.0,"enemies":"2 Fungi Beasts","floor":7.0,"turns":3.0},{"damage":14.0,"enemies":"Lagavulin","floor":10.0,"turns":6.0},{"damage":4.0,"enemies":"Blue Slaver","floor":11.0,"turns":4.0},{"damage":8.0,"enemies":"Replay:BlueRogue","floor":12.0,"turns":5.0},{"damage":37.0,"enemies":"Fading Forest","floor":16.0,"turns":11.0},{"damage":27.0,"enemies":"2 Thieves","floor":18.0,"turns":5.0},{"damage":0.0,"enemies":"Shell Parasite","floor":22.0,"turns":6.0},{"damage":12.0,"enemies":"Snake Plant","floor":24.0,"turns":5.0},{"damage":0.0,"enemies":"Cultist and Chosen","floor":25.0,"turns":6.0},{"damage":28.0,"enemies":"Book of Stabbing","floor":28.0,"turns":7.0},{"damage":0.0,"enemies":"Centurion and Healer","floor":30.0,"turns":9.0},{"damage":0.0,"enemies":"3 Cultists","floor":31.0,"turns":5.0},{"damage":0.0,"enemies":"Collector","floor":33.0,"turns":11.0},{"damage":2.0,"enemies":"Orb Walker","floor":35.0,"turns":5.0},{"damage":81.0,"enemies":"2 Orb Walkers","floor":36.0,"turns":6.0},{"damage":1.0,"enemies":"3 Shapes","floor":39.0,"turns":6.0},{"damage":32.0,"enemies":"Transient","floor":41.0,"turns":5.0},{"damage":7.0,"enemies":"Sphere and 2 Shapes","floor":42.0,"turns":8.0},{"damage":44.0,"enemies":"Reptomancer","floor":44.0,"turns":6.0},{"damage":1,"enemies":"Jaw Worm Horde","floor":45,"turns":4},{"damage":5,"enemies":"Spire Growth","floor":46,"turns":7},{"damage":17,"enemies":"Maw","floor":48,"turns":12},{"damage":42,"enemies":"Time Eater","floor":50,"turns":19}],"seed_played":"9091901603564859836","potions_obtained":[{"floor":4.0,"key":"Languid Potion"},{"floor":6.0,"key":"BlessingOfTheForge"},{"floor":7.0,"key":"SpeedPotion"},{"floor":10.0,"key":"DistilledChaos"},{"floor":17.0,"key":"blueLaboratory:CoolantVial"},{"floor":22.0,"key":"Doom Potion"},{"floor":25.0,"key":"blueLaboratory:BottleOfRum"},{"floor":30.0,"key":"Explosive Potion"},{"floor":33.0,"key":"blueLaboratory:Moonshine"},{"floor":35.0,"key":"Dexterity Potion"},{"floor":42.0,"key":"Adrenaline Potion"},{"floor":44.0,"key":"Strength Potion"},{"floor":45,"key":"blueLaboratory:ImpenetrablePotion"},{"floor":48,"key":"SmokeBomb"}],"is_trial":false,"path_per_floor":["M","M","M","M","$","E","M","R","T","E","M","E","?","$","R","B",null,"M","?","?","$","M","R","M","M","T","R","E","T","M","M","R","B",null,"M","?","$","?","M","R","M","M","T","E","M","M","?","M","R","B",null],"character_chosen":"DEFECT","items_purchased":["MerchantsRug","Mayhem","Madness","CeramicFish","Frozen Egg 2"],"campfire_rested":0,"item_purchase_floors":[5,17,34,37,37],"current_hp_per_floor":[75,75,75,68,68,70,72,72,78,69,68,64,49,49,49,50,87,71,55,55,55,64,64,63,79,85,85,71,77,99,99,99,105,98,98,21,27,27,53,53,35,47,53,33,98,110,100,103,103,93],"gold":563,"neow_bonus":"","is_daily":true,"chose_seed":false,"campfire_upgraded":7,"win_rate":0.0,"timestamp":1609354915,"path_taken":["M","M","?","?","$","E","M","R","T","?","M","E","?","$","R","BOSS","M","?","?","$","M","R","M","M","T","R","E","?","M","M","R","BOSS","M","?","$","?","?","R","M","M","T","?","M","M","?","M","R","BOSS"],"items_purchased_type":["Relic","Card","Card","Relic","Relic"],"build_version":"2020-12-22","purchased_purges":5,"victory":true,"max_hp_per_floor":[75,75,75,75,75,75,75,75,81,81,81,81,81,81,81,87,87,87,87,87,87,87,87,87,87,93,93,93,99,99,99,99,105,98,98,98,104,104,104,104,104,104,110,110,110,110,110,110,110,116],"card_choices":[{"not_picked":[],"picked":"Bomb","floor":0.0},{"not_picked":["Sucker Punch","Pummel","Replay:Undeath\u0027s Touch"],"picked":"SKIP","floor":1.0},{"not_picked":["Clothesline","Hidden Blade","Twin Strike"],"picked":"SKIP","floor":2.0},{"not_picked":["Replay:Many Hands","Pommel Strike","Melter"],"picked":"SKIP","floor":3.0},{"not_picked":["Wild Strike","Clash","Replay:Undeath\u0027s Touch"],"picked":"SKIP","floor":4.0},{"not_picked":["Meteor Strike","Flex"],"picked":"Footwork","floor":6.0},{"not_picked":["Deadly Poison","Steam Power","Fusion"],"picked":"SKIP","floor":7.0},{"not_picked":["Clothesline","Compile Driver","Cancel"],"picked":"SKIP","floor":10.0},{"not_picked":["Accuracy","Recycle","Sucker Punch"],"picked":"SKIP","floor":11.0},{"not_picked":["Time Bomb","Run Through"],"picked":"Buffer","floor":12.0},{"not_picked":["Poison Darts","Creative AI"],"picked":"Reaper","floor":16.0},{"not_picked":["PiercingWail","Shrug It Off","Cleave"],"picked":"SKIP","floor":18.0},{"not_picked":["Self Repair","Scrape"],"picked":"Force Field+1","floor":22.0},{"not_picked":["Clash","ReplayTheSpireMod:Stacked","Warcry"],"picked":"SKIP","floor":24.0},{"not_picked":["Power Through","Shrug It Off","Darkness+1"],"picked":"SKIP","floor":25.0},{"not_picked":["Concentrate","Catalyst+1","Go for the Eyes"],"picked":"SKIP","floor":28.0},{"not_picked":["Lockon","Burning Pact","Predator"],"picked":"SKIP","floor":30.0},{"not_picked":["Quick Slash","Deadly Poison","Hologram"],"picked":"SKIP","floor":31.0},{"not_picked":["Acrobatics","Reflex","Hidden Blade"],"picked":"SKIP","floor":35.0},{"not_picked":["Rebound","Sword Boomerang+1","Stack+1"],"picked":"SKIP","floor":39.0},{"not_picked":["Skim","Redo+1","Deflect+1"],"picked":"SKIP","floor":41.0},{"not_picked":["Sentinel","Dagger Throw","Leg Sweep+1"],"picked":"SKIP","floor":42.0},{"not_picked":["Creative AI+1","Cleave+1","Clash"],"picked":"SKIP","floor":44.0},{"not_picked":["Armaments+1","Acrobatics+1","Blade Dance+1"],"picked":"SKIP","floor":45},{"not_picked":["Redo","Cleave+1","Blur+1"],"picked":"SKIP","floor":46},{"not_picked":["Good Instincts","ReplayTheSpireMod:Uncanny Aura"],"picked":"Bandage Up","floor":47},{"not_picked":["Good Instincts","Secret Technique"],"picked":"Bandage Up","floor":47},{"not_picked":["Blade Dance","Quick Slash","Spot Weakness+1"],"picked":"SKIP","floor":48}],"player_experience":418475,"relics_obtained":[{"floor":6.0,"key":"Pantograph"},{"floor":9.0,"key":"Incense Burner"},{"floor":10.0,"key":"infinitespire:BottledMercury"},{"floor":12.0,"key":"Blood Vial"},{"floor":19.0,"key":"Nilry\u0027s Codex"},{"floor":26.0,"key":"TuHaoJin"},{"floor":28.0,"key":"Replay:Bottled Steam"},{"floor":29.0,"key":"DoctorsRemote"},{"floor":36.0,"key":"infinitespire:Joker Card"},{"floor":43.0,"key":"UnicornStump"},{"floor":44.0,"key":"Bird Faced Urn"}],"event_choices":[{"damage_healed":0.0,"max_hp_gain":0.0,"max_hp_loss":0.0,"gold_gain":0.0,"event_name":"Cursed Tome","player_choice":"Obtained Book","floor":19.0,"gold_loss":0.0,"damage_taken":16.0},{"damage_healed":0.0,"max_hp_gain":0.0,"max_hp_loss":0.0,"gold_gain":0.0,"event_name":"Back to Basics","player_choice":"Simplicity","floor":20.0,"gold_loss":0.0,"damage_taken":0.0,"cards_upgraded":["Strike_B","Strike_B","Strike_B","Strike_B","Defend_B","Defend_B","Defend_B","Defend_B"]},{"damage_healed":0.0,"max_hp_gain":0.0,"max_hp_loss":0.0,"gold_gain":0.0,"event_name":"Mysterious Sphere","player_choice":"Fight","floor":36.0,"gold_loss":0.0,"damage_taken":0.0},{"damage_healed":0,"gold_gain":0,"player_choice":"Memory 3","damage_taken":10,"max_hp_gain":0,"max_hp_loss":0,"event_name":"SensoryStone","floor":47,"gold_loss":0}],"is_beta":false,"boss_relics":[{"not_picked":["Fusion Hammer","ChampionBelt"],"picked":"Tiny House"},{"not_picked":[]},{"not_picked":["Snecko Heart","Kintsugi"],"picked":"infinitespire:Cupcake"},{"not_picked":[]}],"items_purged_floors":[14,17,21,34,37],"is_endless":false,"potions_floor_spawned":[4,6,7,10,22,25,30,33,35,42,44,45,48],"ascension_level":0}}