{"host":"f6tqpspb2ou2a4h5","time":1609315124,"event":{"mods":["2.2 Compatiblity","Ascension Unlocker","BaseMod","Colored Map","DeckTracker","Hermit","Highlight Path","KOR Keyword Fix","Keyboard Shortcuts","Minty Spire (QoL Compilation)","Permanent Neow","Quick Restart","Random Character Button","StSLib","SuperFastMode","The Poker Player","everything is the same but u backflip on backflip"],"gold_per_floor":[362,374,68,88,98,98,132,132,132,132,132,151,151,151,151,252,252,271,18,31,51,0,0,0,0,0],"floor_reached":25,"playtime":1137,"items_purged":["Strike_B","Strike_B"],"score":302,"play_id":"d4dfaaec-93fb-4a9b-a2f2-7b98e2eab9c6","local_time":"20201230165844","is_ascension_mode":true,"campfire_choices":[{"data":"Fusion","floor":6.0,"key":"SMITH"},{"data":"Zap","floor":8.0,"key":"SMITH"},{"data":"Fission","floor":10.0,"key":"SMITH"},{"data":"Hologram","floor":13.0,"key":"SMITH"},{"data":"Barrage","floor":15.0,"key":"SMITH"},{"data":"Electrodynamics","floor":23,"key":"SMITH"},{"data":"Streamline","floor":24,"key":"SMITH"}],"circlet_count":0,"master_deck":["AscendersBane","Strike_B","Defend_B","Defend_B","Defend_B","Defend_B","Zap+1","Dualcast","Double Energy","Hologram+1","Fusion+1","Barrage+1","Cold Snap","Fission+1","Ball Lightning","Electrodynamics+1","CurseOfTheBell","Streamline+1","Compile Driver","Steam Power","Capacitor+1"],"relics":["Cracked Core","OrangePellets","Pear","Darkstone Periapt","Meat on the Bone","Calling Bell","Potion Belt","InkBottle","WingedGreaves"],"acts_visited":["Exordium","TheCity"],"potions_floor_usage":[16,16,21],"damage_taken":[{"damage":1.0,"enemies":"Cultist","floor":1.0,"turns":4.0},{"damage":8.0,"enemies":"Small Slimes","floor":2.0,"turns":2.0},{"damage":6.0,"enemies":"Jaw Worm","floor":4.0,"turns":4.0},{"damage":8.0,"enemies":"3 Louse","floor":5.0,"turns":4.0},{"damage":26.0,"enemies":"3 Sentries","floor":7.0,"turns":10.0},{"damage":4.0,"enemies":"Looter","floor":12.0,"turns":3.0},{"damage":36,"enemies":"Hexaghost","floor":16,"turns":12},{"damage":7,"enemies":"Chosen","floor":18,"turns":3},{"damage":16,"enemies":"2 Thieves","floor":20,"turns":3},{"damage":22,"enemies":"Shelled Parasite and Fungi","floor":21,"turns":7},{"damage":24,"enemies":"Book of Stabbing","floor":25,"turns":4}],"seed_played":"-4258155419274287635","potions_obtained":[{"floor":2.0,"key":"SpeedPotion"},{"floor":5.0,"key":"EssenceOfDarkness"},{"floor":12.0,"key":"Weak Potion"},{"floor":16,"key":"BlessingOfTheForge"},{"floor":21,"key":"SpeedPotion"}],"is_trial":false,"path_per_floor":["M","M","$","M","M","R","E","R","T","R","T","M","R","?","R","B",null,"M","$","M","M","?","R","R","E"],"character_chosen":"DEFECT","items_purchased":["Fusion","OrangePellets","Compile Driver","FairyPotion"],"campfire_rested":0,"item_purchase_floors":[3,3,19,19],"current_hp_per_floor":[67,59,59,53,45,45,29,29,29,29,29,37,37,37,37,13,68,61,61,45,35,35,35,35,11,11],"gold":0,"neow_bonus":"TWO_FIFTY_GOLD","is_daily":false,"chose_seed":false,"campfire_upgraded":7,"win_rate":0.0,"timestamp":1609315124,"path_taken":["M","M","$","M","?","R","E","R","T","R","?","M","R","?","R","BOSS","M","$","M","M","?","R","R","E"],"items_purchased_type":["Card","Relic","Card","Potion"],"build_version":"2020-12-22","purchased_purges":2,"victory":false,"max_hp_per_floor":[68,68,68,68,68,68,78,78,78,78,78,78,78,78,78,78,84,84,84,84,84,84,84,84,84,84],"card_choices":[{"not_picked":["Barrage","Darkness"],"picked":"Double Energy","floor":1.0},{"not_picked":["Melter","Stack"],"picked":"Hologram","floor":2.0},{"not_picked":["Conserve Battery","Consume"],"picked":"Barrage","floor":4.0},{"not_picked":["Conserve Battery","Rebound"],"picked":"Cold Snap","floor":5.0},{"not_picked":["Cold Snap","Darkness"],"picked":"Fission","floor":7.0},{"not_picked":["Sweeping Beam","Gash"],"picked":"Ball Lightning","floor":12.0},{"not_picked":["All For One","Core Surge"],"picked":"Electrodynamics","floor":16},{"not_picked":["Glacier","Force Field+1"],"picked":"Streamline","floor":18},{"not_picked":["Leap","Storm"],"picked":"Steam Power","floor":20},{"not_picked":["Rebound","Core Surge"],"picked":"Capacitor+1","floor":21}],"player_experience":100589,"relics_obtained":[{"floor":7.0,"key":"Pear"},{"floor":9.0,"key":"Darkstone Periapt"},{"floor":11.0,"key":"Meat on the Bone"},{"floor":17,"key":"Potion Belt"},{"floor":17,"key":"InkBottle"},{"floor":17,"key":"WingedGreaves"}],"event_choices":[{"cards_removed":["Strike_B"],"damage_healed":0.0,"max_hp_gain":0.0,"max_hp_loss":0.0,"gold_gain":0.0,"event_name":"Purifier","player_choice":"Purged","floor":14.0,"gold_loss":0.0,"damage_taken":0.0},{"damage_healed":0,"gold_gain":0,"player_choice":"Paid Fearfully","damage_taken":0,"max_hp_gain":0,"max_hp_loss":0,"event_name":"Masked Bandits","floor":22,"gold_loss":51}],"is_beta":false,"boss_relics":[{"not_picked":["Nuclear Battery","Philosopher\u0027s Stone"],"picked":"Calling Bell"}],"items_purged_floors":[3,19],"is_endless":false,"potions_floor_spawned":[2,5,12,16,21],"killed_by":"Book of Stabbing","ascension_level":10}}