{"host":"b0hh64pqctf46s8m","time":1609286430,"event":{"mods":["Act Like it!","BaseMod","Bestiary","CCEM","CapriCore","ChefMod","Conspire","Curses Come First","Displayed Cursed Tome","Dota2Spire","Downfall","Ekko","Elementarium","Fireblade Mod","Hallownest","Hermit","Hubris","Infinite Spire","Jess\u0027s Bottle","JesterMod","Jorbs\u0027s Wanderer Trilogy","Lobotomy","Luminous","Menagerie","Minty Spire (QoL Compilation)","Pale of the Ancients","Permanent Neow","Relic Stats","Replay The Spire","Robot Space Explorer","Shade Mod","StSLib","The Blue Laboratory","The Dragon Tamer","The Immortal","The Marked","TheLocksmith","TheSwordswoman","TheVacant","TheWitcher","UnlockEverythingMod","Wandering Minibosses","??????REMEMod","????"],"gold_per_floor":[110,40,55,55,120,146,146,178,246,246,280,280,59,59,59,158,158,169,169,169,169,19,45,45,72,72,122,134,134,134,152,152,252,252,265,285,372,76,76,76,187,187,213,213,226,226,253,267,267,368,368,368],"floor_reached":51,"playtime":2292,"items_purged":["theVacant:VacantStarterStrike"],"score":982,"play_id":"09d38414-c2b7-4ec3-a777-11d07a73a4b2","local_time":"20201229160030","is_ascension_mode":false,"campfire_choices":[{"data":"theVacant:ShriekingBlast","floor":7.0,"key":"SMITH"},{"data":"theVacant:Throttle","floor":10.0,"key":"SMITH"},{"data":"Hallownest:skillLeafShield","floor":12.0,"key":"SMITH"},{"data":"theVacant:Spinshield","floor":15.0,"key":"SMITH"},{"data":"theVacant:GraveWave","floor":24,"key":"SMITH"},{"data":"theVacant:Anguish","floor":29,"key":"SMITH"},{"data":"REME_WheelOfFate","floor":32,"key":"SMITH"},{"floor":40,"key":"REST"},{"data":"theVacant:Thoughtseize","floor":42,"key":"SMITH"},{"data":"REME_MawOfCthun","floor":46,"key":"SMITH"}],"circlet_count":0,"master_deck":["theVacant:VacantStarterStrike+1","theVacant:VacantStarterStrike+1","theVacant:Release","theVacant:Crunch+1","theVacant:Throttle+1","theVacant:Reconnect+1","Hallownest:skillLeafShield+1","Hallownest:skillLeafShield","Hallownest:skillLeafShield","Hallownest:skillLeafShield","Hallownest:skillLeafShield","theVacant:Whip+1","theVacant:ShriekingBlast+1","theVacant:GraveDigger","theVacant:Spinshield+1","theVacant:GraveWave+1","theVacant:Fling+1","theVacant:Anguish+1","infinitespire:Execution","REME_WheelOfFate+1","theVacant:Expand","theVacant:Barrage+1","theVacant:Thoughtseize+1","REME_MawOfCthun+1","theVacant:EmptyShield+1"],"relics":["theVacant:BrassGoblet","REME_ComplimentaryCards","Hallownest:StagBellRelic1","Dota2Spire:EyeOfSkadi","infinitespire:Satchel","Dota2Spire:Dagon","Tiny Chest","Vajra","SlaversCollar","Replay:Bottled Steam","Whetstone","Centennial Puzzle","Dota2Spire:ArcaneBoots","Dota2Spire:AghanimScepter","ReplayTheSpireMod:ShopPack","Elementarium:ElementariumTrophy","Black Star","CCEMRelics:GrindingGear","Anchor","infinitespire:Beetle Shell","PlaceholderMod:SoulofChaos","Orichalcum","Dota2Spire:Vanguard","Dota2Spire:ArmletOfMordiggian","Dota2Spire:BladeMail","Dota2Spire:MagicBottle","infinitespire:PuzzleCube","Dota2Spire:RefresherOrb"],"acts_visited":["Hallownest:Greenpath","Elementarium:Elementarium","TheBeyond","Hallownest:Greenpath"],"potions_floor_usage":[28,35,50],"damage_taken":[{"damage":2.0,"enemies":"Hallownest:2_Tiktiks_and_1_Crawlid","floor":1.0,"turns":6.0},{"damage":0.0,"enemies":"2_ Uuma","floor":3.0,"turns":3.0},{"damage":0.0,"enemies":"Hallownest:2_Baldur","floor":5.0,"turns":6.0},{"damage":2.0,"enemies":"Hallownest:eliteCrystalGuardian","floor":6.0,"turns":5.0},{"damage":7.0,"enemies":"Hallownest:eliteVengeflyKing","floor":8.0,"turns":5.0},{"damage":0.0,"enemies":"Hallownest:eliteCrystalGuardian","floor":11.0,"turns":4.0},{"damage":21.0,"enemies":"Hallownest:BossHornet","floor":16.0,"turns":7.0},{"damage":0.0,"enemies":"Elementarium:2_ELEMENTALS","floor":18.0,"turns":3.0},{"damage":10,"enemies":"Elementarium:FIRE_NOBILITY","floor":23,"turns":5},{"damage":12,"enemies":"Nightmare","floor":25,"turns":5},{"damage":3,"enemies":"Elementarium:Cyclone","floor":28,"turns":4},{"damage":0,"enemies":"Elementarium:3_ELEMENTALS","floor":31,"turns":3},{"damage":6,"enemies":"Elementarium:GolemEmperor","floor":33,"turns":8},{"damage":12,"enemies":"3 Darklings","floor":35,"turns":4},{"damage":23,"enemies":"3 Shapes","floor":36,"turns":4},{"damage":38,"enemies":"Sphere and 2 Shapes","floor":37,"turns":7},{"damage":6,"enemies":"R_Hoarder","floor":41,"turns":7},{"damage":10,"enemies":"Spire Growth","floor":45,"turns":4},{"damage":0,"enemies":"Reptomancer","floor":47,"turns":4},{"damage":6,"enemies":"Jaw Worm Horde","floor":48,"turns":4},{"damage":12,"enemies":"Awakened One","floor":50,"turns":13}],"seed_played":"1779541291193353666","potions_obtained":[{"floor":3.0,"key":"blueLaboratory:StoneskinPotion"},{"floor":11.0,"key":"hexamod:EctoCoolerPotion"},{"floor":16.0,"key":"Languid Potion"},{"floor":33,"key":"Ancient Potion"},{"floor":37,"key":"Strength Potion"},{"floor":50,"key":"Dexterity Potion"}],"is_trial":false,"path_per_floor":["M","?","M","?","M","E","R","E","T","R","E","R","$","?","R","B",null,"M","?","?","T","$","E","R","NM","T","?","M","R","AVR","M","R","B",null,"M","M","M","$","T","R","E","R","T","?","M","R","E","M","R","B",null],"character_chosen":"THE_VACANT","items_purchased":["Vajra","infinitespire:Beetle Shell"],"campfire_rested":1,"item_purchase_floors":[13,38],"current_hp_per_floor":[78,78,78,78,78,81,81,74,74,74,74,74,74,74,74,53,85,85,85,85,85,85,75,75,63,63,63,60,60,60,60,60,76,87,77,56,20,20,20,47,43,43,43,46,41,41,41,46,77,87,107,107],"gold":368,"neow_bonus":"UPGRADE_CARD","is_daily":false,"chose_seed":false,"campfire_upgraded":9,"win_rate":0.0,"timestamp":1609286430,"path_taken":["M","?","M","?","M","E","R","E","T","R","E","R","$","?","R","BOSS","M","?","?","?","$","E","R","NM","T","?","M","R","AVR","M","R","BOSS","M","M","?","?","?","R","E","R","T","?","?","R","E","M","R","BOSS"],"items_purchased_type":["Relic","Relic"],"build_version":"2020-12-22","purchased_purges":1,"victory":false,"max_hp_per_floor":[80,80,80,80,80,85,85,85,85,85,85,85,85,85,85,85,85,85,85,85,85,85,85,85,85,85,85,85,85,85,85,85,87,87,89,91,93,93,93,93,95,95,95,98,103,103,103,105,105,107,107,107],"relic_stats":{"Centennial Puzzle":[30],"counters":[21,111],"Tiny Chest":2,"Black Star":2,"Whetstone":["theVacant:VacantStarterStrike","theVacant:Reconnect"],"Orichalcum":[18],"obtain_stats":[{"Hallownest:StagBellRelic1":2,"theVacant:BrassGoblet":0,"Dota2Spire:ArmletOfMordiggian":43,"Vajra":13,"Dota2Spire:Vanguard":41,"Dota2Spire:RefresherOrb":51,"Whetstone":21,"Dota2Spire:MagicBottle":47,"Centennial Puzzle":23,"Dota2Spire:EyeOfSkadi":6,"Dota2Spire:BladeMail":47,"Tiny Chest":11,"Dota2Spire:ArcaneBoots":25,"Replay:Bottled Steam":20,"Dota2Spire:Dagon":9,"infinitespire:Beetle Shell":38,"Orichalcum":41,"SlaversCollar":17,"Dota2Spire:AghanimScepter":26,"Anchor":36,"Elementarium:ElementariumTrophy":33,"infinitespire:Satchel":8,"CCEMRelics:GrindingGear":35,"Black Star":34,"PlaceholderMod:SoulofChaos":39,"infinitespire:PuzzleCube":48,"REME_ComplimentaryCards":0,"ReplayTheSpireMod:ShopPack":30},{"Hallownest:StagBellRelic1":1,"theVacant:BrassGoblet":0,"Dota2Spire:ArmletOfMordiggian":17,"Vajra":6,"Dota2Spire:Vanguard":17,"Dota2Spire:RefresherOrb":21,"Whetstone":8,"Dota2Spire:MagicBottle":19,"Centennial Puzzle":9,"Dota2Spire:EyeOfSkadi":4,"Dota2Spire:BladeMail":19,"Tiny Chest":6,"Dota2Spire:ArcaneBoots":10,"Replay:Bottled Steam":8,"Dota2Spire:Dagon":5,"infinitespire:Beetle Shell":16,"Orichalcum":17,"SlaversCollar":7,"Dota2Spire:AghanimScepter":10,"Anchor":15,"Elementarium:ElementariumTrophy":13,"infinitespire:Satchel":5,"CCEMRelics:GrindingGear":14,"Black Star":13,"PlaceholderMod:SoulofChaos":16,"infinitespire:PuzzleCube":20,"REME_ComplimentaryCards":0,"ReplayTheSpireMod:ShopPack":11},{"Hallownest:StagBellRelic1":6,"theVacant:BrassGoblet":0,"Dota2Spire:ArmletOfMordiggian":86,"Vajra":29,"Dota2Spire:Vanguard":86,"Dota2Spire:RefresherOrb":111,"Whetstone":39,"Dota2Spire:MagicBottle":94,"Centennial Puzzle":44,"Dota2Spire:EyeOfSkadi":20,"Dota2Spire:BladeMail":94,"Tiny Chest":29,"Dota2Spire:ArcaneBoots":49,"Replay:Bottled Steam":39,"Dota2Spire:Dagon":25,"infinitespire:Beetle Shell":79,"Orichalcum":86,"SlaversCollar":36,"Dota2Spire:AghanimScepter":49,"Anchor":71,"Elementarium:ElementariumTrophy":64,"infinitespire:Satchel":25,"CCEMRelics:GrindingGear":66,"Black Star":64,"PlaceholderMod:SoulofChaos":79,"infinitespire:PuzzleCube":95,"REME_ComplimentaryCards":0,"ReplayTheSpireMod:ShopPack":53}]},"card_choices":[{"not_picked":["theVacant:Anguish","theVacant:Fling"],"picked":"theVacant:Throttle","floor":1.0},{"not_picked":["theVacant:ReaperStrike","theVacant:Throttle"],"picked":"theVacant:Reconnect","floor":3.0},{"not_picked":["theVacant:Enrage","theVacant:Jab"],"picked":"theVacant:Whip","floor":5.0},{"not_picked":["theVacant:Barrage","theVacant:ForgeSoul"],"picked":"theVacant:ShriekingBlast","floor":6.0},{"not_picked":["theVacant:EmbraceDarkness","theVacant:Dig"],"picked":"theVacant:GraveDigger","floor":8.0},{"not_picked":["theVacant:MindBreak","theVacant:Anguish"],"picked":"theVacant:Spinshield","floor":11.0},{"not_picked":["theVacant:BurdenBreak+1","theVacant:OnSecondThought"],"picked":"theVacant:GraveWave","floor":18.0},{"not_picked":["theVacant:EyePoke","theVacant:DarkStrike","theVacant:FranticBlow"],"picked":"SKIP","floor":23},{"not_picked":["theVacant:Spinshield","theVacant:Soothe","theVacant:ShriekingBlast"],"picked":"SKIP","floor":25},{"not_picked":["theVacant:Acceptance","theVacant:GraveDigger"],"picked":"theVacant:Anguish","floor":28},{"not_picked":["expansioncontent:Corrupt","Magnetism"],"picked":"REME_WheelOfFate","floor":30},{"not_picked":["theVacant:ShutAway","theVacant:Throttle"],"picked":"theVacant:Expand","floor":31},{"not_picked":["theVacant:FranticBlow","theVacant:CleanseSoul+1","theVacant:Enrage"],"picked":"SKIP","floor":35},{"not_picked":["theVacant:Thoughtseize","theVacant:EyePoke+1","theVacant:Reconnect"],"picked":"SKIP","floor":36},{"not_picked":["theVacant:Enrage","theVacant:PitOfDespair"],"picked":"theVacant:Barrage+1","floor":37},{"not_picked":["theVacant:GraveWave","theVacant:OnSecondThought"],"picked":"theVacant:Thoughtseize","floor":41},{"not_picked":["expansioncontent:DashGenerateEvil","Replay:BasicMightCard"],"picked":"REME_MawOfCthun","floor":44},{"not_picked":["theVacant:Fling","theVacant:Spinshield+1"],"picked":"theVacant:EmptyShield+1","floor":45},{"not_picked":["theVacant:Snowball+1","theVacant:Whip","theVacant:TimeSkip"],"picked":"SKIP","floor":47},{"not_picked":["theVacant:OnSecondThought+1","theVacant:CleanseSoul","theVacant:Fling"],"picked":"SKIP","floor":48}],"player_experience":1418866,"relics_obtained":[{"floor":6.0,"key":"Dota2Spire:EyeOfSkadi"},{"floor":8.0,"key":"infinitespire:Satchel"},{"floor":9.0,"key":"Dota2Spire:Dagon"},{"floor":11.0,"key":"Tiny Chest"},{"floor":21,"key":"Whetstone"},{"floor":23,"key":"Centennial Puzzle"},{"floor":25,"key":"Dota2Spire:ArcaneBoots"},{"floor":26,"key":"Dota2Spire:AghanimScepter"},{"floor":39,"key":"PlaceholderMod:SoulofChaos"},{"floor":41,"key":"Orichalcum"},{"floor":41,"key":"Dota2Spire:Vanguard"},{"floor":43,"key":"Dota2Spire:ArmletOfMordiggian"},{"floor":47,"key":"Dota2Spire:BladeMail"},{"floor":47,"key":"Dota2Spire:MagicBottle"}],"event_choices":[{"damage_healed":0.0,"max_hp_gain":0.0,"max_hp_loss":0.0,"gold_gain":0.0,"cards_transformed":["theVacant:VacantStarterStrike"],"event_name":"Elementarium:AbandonedFactory","player_choice":"Scrolls","floor":19.0,"gold_loss":0.0,"damage_taken":0.0,"cards_obtained":["theVacant:Fling"]},{"damage_healed":0,"gold_gain":0,"player_choice":"Open","damage_taken":0,"relics_obtained":["Replay:Bottled Steam"],"max_hp_gain":0,"max_hp_loss":0,"event_name":"Elementarium:TarCoveredCasket","floor":20,"gold_loss":0,"cards_obtained":["Elementarium:StickyTar"]},{"damage_healed":0,"gold_gain":50,"player_choice":"Take","damage_taken":0,"max_hp_gain":0,"max_hp_loss":0,"event_name":"Elementarium:StickySituation","floor":27,"gold_loss":0},{"damage_healed":0,"gold_gain":0,"player_choice":"Memory 1","damage_taken":0,"max_hp_gain":0,"max_hp_loss":0,"event_name":"SensoryStone","floor":44,"gold_loss":0}],"is_beta":false,"boss_relics":[{"not_picked":["ReplayTheSpireMod:SealedPack","conspire:SeveredTorchhead"],"picked":"SlaversCollar"},{"not_picked":["ReplayTheSpireMod:DimensionalGlitch","Busted Crown"],"picked":"Black Star"},{"not_picked":["Replay:Bronze Core","Honey Jar"],"picked":"Dota2Spire:RefresherOrb"}],"items_purged_floors":[38],"is_endless":true,"potions_floor_spawned":[3,11,16,23,25,33,37,41,48,50],"ascension_level":0}}