{"host":"i19jjmeqmvseha12","time":1609316082,"event":{"mods":["BaseMod","Colored Powertips","Dota2Spire","Minty Spire (QoL Compilation)","StSLib"],"gold_per_floor":[118,118,138,138,151,151,169,169,169,204,217,236,255,265,265,265,265],"floor_reached":16,"playtime":451,"items_purged":[],"score":106,"play_id":"1dfefa7f-fad7-4d90-ac9e-babc08bf22fc","local_time":"20201230001442","is_ascension_mode":false,"campfire_choices":[{"data":"Reckless Charge","floor":6,"key":"SMITH"},{"data":"Armaments","floor":8,"key":"SMITH"},{"floor":15,"key":"REST"}],"circlet_count":0,"master_deck":["Strike_R","Strike_R","Strike_R","Strike_R","Strike_R","Defend_R","Defend_R","Defend_R","Defend_R","Bash","Impervious","Reckless Charge+1","Anger","Armaments+1","Anger","Pommel Strike","Wild Strike","Wild Strike","Sword Boomerang"],"relics":["Burning Blood","Darkstone Periapt","Dream Catcher"],"acts_visited":["Exordium"],"potions_floor_usage":[10,14],"damage_taken":[{"damage":15,"enemies":"Small Slimes","floor":1,"turns":4},{"damage":6,"enemies":"Cultist","floor":3,"turns":3},{"damage":6,"enemies":"Jaw Worm","floor":5,"turns":2},{"damage":6,"enemies":"3 Louse","floor":7,"turns":4},{"damage":31,"enemies":"Lagavulin","floor":10,"turns":8},{"damage":7,"enemies":"Gremlin Gang","floor":11,"turns":5},{"damage":13,"enemies":"Large Slime","floor":12,"turns":5},{"damage":8,"enemies":"Exordium Wildlife","floor":13,"turns":3},{"damage":7,"enemies":"Blue Slaver","floor":14,"turns":2},{"damage":60,"enemies":"The Guardian","floor":16,"turns":8}],"seed_played":"6608942268211343041","potions_obtained":[{"floor":1,"key":"ElixirPotion"},{"floor":3,"key":"Energy Potion"},{"floor":10,"key":"ColorlessPotion"},{"floor":12,"key":"SpeedPotion"}],"is_trial":false,"path_per_floor":["M","?","M","?","M","R","M","R","T","E","M","M","M","M","R","B"],"character_chosen":"IRONCLAD","items_purchased":[],"campfire_rested":1,"item_purchase_floors":[],"current_hp_per_floor":[71,71,71,71,71,71,71,71,71,46,45,38,36,35,59,0,0],"gold":265,"neow_bonus":"ONE_RANDOM_RARE_CARD","is_daily":false,"chose_seed":false,"campfire_upgraded":2,"win_rate":0.0,"timestamp":1609316082,"path_taken":["M","?","M","?","M","R","M","R","T","E","M","M","M","M","R","BOSS"],"items_purchased_type":[],"build_version":"2020-12-22","purchased_purges":0,"victory":false,"max_hp_per_floor":[80,80,80,80,80,80,80,80,80,80,80,80,80,80,80,80,80],"card_choices":[{"not_picked":["Perfected Strike","True Grit"],"picked":"Reckless Charge","floor":1},{"not_picked":["Sword Boomerang","Carnage"],"picked":"Anger","floor":3},{"not_picked":["Sentinel","Clothesline","Warcry"],"picked":"SKIP","floor":5},{"not_picked":["Whirlwind","Iron Wave"],"picked":"Armaments","floor":7},{"not_picked":["Shrug It Off","Immolate"],"picked":"Anger","floor":10},{"not_picked":["Bloodletting","Clash"],"picked":"Pommel Strike","floor":11},{"not_picked":["Sentinel","Havoc","Disarm"],"picked":"SKIP","floor":12},{"not_picked":["Thunderclap","Perfected Strike"],"picked":"Wild Strike","floor":13},{"not_picked":["Intimidate","True Grit"],"picked":"Wild Strike","floor":14},{"not_picked":["Clothesline","Perfected Strike"],"picked":"Sword Boomerang","floor":15}],"player_experience":117444,"relics_obtained":[{"floor":9,"key":"Darkstone Periapt"},{"floor":10,"key":"Dream Catcher"}],"event_choices":[{"damage_healed":0,"gold_gain":0,"player_choice":"Leave","damage_taken":0,"max_hp_gain":0,"max_hp_loss":0,"event_name":"The Cleric","floor":2,"gold_loss":0},{"damage_healed":0,"gold_gain":0,"player_choice":"Bought 0 Potions","damage_taken":0,"max_hp_gain":0,"max_hp_loss":0,"event_name":"The Woman in Blue","floor":4,"gold_loss":0}],"is_beta":false,"boss_relics":[],"items_purged_floors":[],"is_endless":false,"potions_floor_spawned":[1,3,10,12],"killed_by":"The Guardian","ascension_level":0}}