{"host":"zh52cun1g5egmafn","time":1609307509,"event":{"mods":["Arknights The Spire","BaseMod","DeckTracker","Highlight Path","Minty Spire (QoL Compilation)","StSLib"],"gold_per_floor":[115,61,61,72,84,84,9,9,34,63,63,63,76,87,87,189,189,206,218,229,8,26,52,70,70,93,111,127,127,27,45,45,45,45],"floor_reached":33,"playtime":1423,"items_purged":["ats:Strike C","ats:Strike S"],"score":417,"play_id":"765f0e3c-c295-4bae-acbf-617a1f1e1903","local_time":"20201230145149","is_ascension_mode":true,"campfire_choices":[{"floor":6.0,"key":"REST"},{"floor":11.0,"key":"REST"},{"data":"ats:Hammer On","floor":15.0,"key":"SMITH"},{"floor":25.0,"key":"REST"},{"data":"ats:Calcification","floor":29.0,"key":"SMITH"},{"data":"ats:Calcification","floor":32.0,"key":"SMITH"}],"circlet_count":0,"master_deck":["ats:Strike G","ats:Strike V","ats:Armor Crushing Shot","ats:Defend","ats:Defend","ats:Defend","ats:Defend","ats:Emotion Absorption+1","ats:Roar Of Ursus+1","ats:Hammer On+1","ats:Assault Order","ats:Shell Defense+1","ats:Calcification+1","ats:Rat Pack","ats:Calcification+1","ats:Thorns+1"],"relics":["ats:Sanity","Darkstone Periapt","PreservedInsect","ats:Originium","Nunchaku","Runic Pyramid","Orrery","War Paint","ats:Ability Aura"],"acts_visited":[],"potions_floor_usage":[],"damage_taken":[{"damage":10.0,"enemies":"Small Slimes","floor":1.0,"turns":5.0},{"damage":4.0,"enemies":"Jaw Worm","floor":4.0,"turns":3.0},{"damage":5.0,"enemies":"2 Louse","floor":5.0,"turns":4.0},{"damage":14.0,"enemies":"3 Sentries","floor":10.0,"turns":7.0},{"damage":3.0,"enemies":"2 Fungi Beasts","floor":13.0,"turns":4.0},{"damage":4.0,"enemies":"Red Slaver","floor":14.0,"turns":5.0},{"damage":57.0,"enemies":"Slime Boss","floor":16.0,"turns":17.0},{"damage":1.0,"enemies":"Shell Parasite","floor":18.0,"turns":8.0},{"damage":33.0,"enemies":"Chosen","floor":19.0,"turns":9.0},{"damage":31.0,"enemies":"3 Cultists","floor":20.0,"turns":6.0},{"damage":15.0,"enemies":"Cultist and Chosen","floor":22.0,"turns":4.0},{"damage":0.0,"enemies":"Book of Stabbing","floor":23.0,"turns":1.0},{"damage":15.0,"enemies":"Snake Plant","floor":24.0,"turns":7.0},{"damage":55.0,"enemies":"Snecko","floor":27.0,"turns":12.0},{"damage":10.0,"enemies":"3 Cultists","floor":28.0,"turns":7.0},{"damage":5.0,"enemies":"Snake Plant","floor":31.0,"turns":7.0},{"damage":0,"enemies":"Champ","floor":33,"turns":1}],"seed_played":"-3189348885663947613","potions_obtained":[{"floor":5.0,"key":"BlessingOfTheForge"},{"floor":10.0,"key":"AttackPotion"},{"floor":14.0,"key":"Explosive Potion"},{"floor":19.0,"key":"AttackPotion"},{"floor":23.0,"key":"Regen Potion"},{"floor":24.0,"key":"FearPotion"},{"floor":31.0,"key":"SneckoOil"}],"is_trial":false,"path_per_floor":["M","$","?","M","M","R","$","?","T","E","R","$","M","M","R","B",null,"M","M","M","$","M","E","M","R","T","M","M","R","$","M","R","B"],"character_chosen":"DOCTOR_CLASS","items_purchased":["ats:Assault Order","Orrery","ats:Calcification"],"campfire_rested":3,"item_purchase_floors":[2,21,21],"current_hp_per_floor":[37,37,37,33,30,51,51,44,44,33,54,54,54,55,55,9,56,71,45,21,21,13,13,38,59,59,44,50,50,50,69,69,69,69],"gold":45,"neow_bonus":"THREE_RARE_CARDS","is_daily":false,"chose_seed":false,"campfire_upgraded":3,"win_rate":0.0,"timestamp":1609307509,"path_taken":["M","$","?","M","M","R","$","?","T","E","R","$","M","M","R","BOSS","M","M","M","$","M","E","M","R","T","M","M","R","$","M","R","BOSS"],"items_purchased_type":["Card","Relic","Card"],"build_version":"2020-12-22","purchased_purges":2,"victory":false,"max_hp_per_floor":[72,72,72,72,72,72,72,72,72,72,72,72,72,72,72,72,72,72,72,72,72,72,72,72,72,72,72,72,72,72,72,72,72,72],"card_choices":[{"not_picked":["ats:Fractured Body","ats:Soul Rend"],"picked":"ats:Roar Of Ursus","floor":0.0},{"not_picked":["ats:Apocalypse","ats:Childhood Dance"],"picked":"ats:Hammer On","floor":1.0},{"not_picked":["ats:Revitalization","ats:Powerful Strike","ats:Shell Defense"],"picked":"SKIP","floor":4.0},{"not_picked":["ats:Revitalization","ats:Powerful Strike"],"picked":"ats:Shell Defense","floor":4.0},{"not_picked":["ats:Ignite","ats:Poison Spread","ats:Assault Order"],"picked":"SKIP","floor":5.0},{"not_picked":["ats:Ignite","ats:Poison Spread","ats:Rapid Magazine"],"picked":"SKIP","floor":10.0},{"not_picked":["ats:Explosion Area Strengthen","ats:Song Of Battle","ats:Cat Scratch"],"picked":"SKIP","floor":13.0},{"not_picked":["ats:LN2 Cannon","ats:Spore Proliferation","ats:Flexible Camouflage"],"picked":"SKIP","floor":14.0},{"not_picked":["ats:Soul Rend","ats:Shadow Assault"],"picked":"ats:Calcification","floor":16.0},{"not_picked":["ats:Ignite+1","ats:Overload","ats:Poison Spread"],"picked":"SKIP","floor":18.0},{"not_picked":["ats:Cat Scratch","ats:Rapid Magazine","ats:Hammer On+1"],"picked":"SKIP","floor":19.0},{"not_picked":["ats:Hammer On","ats:Assault Order","ats:Flame Of Heaven"],"picked":"SKIP","floor":20.0},{"not_picked":["ats:LN2 Cannon","ats:Consecutive Shot Auto"],"picked":"ats:Rat Pack","floor":21.0},{"not_picked":["ats:Soul Absorption","ats:Guardian Obelisk"],"picked":"ats:Thorns+1","floor":22.0},{"not_picked":["ats:Explosion Area Strengthen+1","ats:Flexible Camouflage","ats:Apocalypse+1"],"picked":"SKIP","floor":23.0},{"not_picked":["ats:Part Time Job","ats:Automatic Cover+1","ats:Ignite"],"picked":"SKIP","floor":24.0},{"not_picked":["ats:Hammer On","ats:Powerful Strike","ats:Beaten Up"],"picked":"SKIP","floor":27.0},{"not_picked":["ats:Shell Defense","ats:Revitalization","ats:Leaping Hammer"],"picked":"SKIP","floor":28.0},{"not_picked":["ats:Beaten Up","ats:Magnetic Hammer","ats:Powerful Strike"],"picked":"SKIP","floor":31.0}],"player_experience":174090,"relics_obtained":[{"floor":9.0,"key":"PreservedInsect"},{"floor":10.0,"key":"ats:Originium"},{"floor":10.0,"key":"Nunchaku"},{"floor":23.0,"key":"ats:Originium"},{"floor":23.0,"key":"War Paint"},{"floor":26.0,"key":"ats:Ability Aura"}],"event_choices":[{"damage_healed":0.0,"max_hp_gain":0.0,"max_hp_loss":0.0,"gold_gain":0.0,"event_name":"Living Wall","player_choice":"Grow","floor":3.0,"gold_loss":0.0,"damage_taken":0.0,"cards_upgraded":["ats:Roar Of Ursus"]},{"damage_healed":0.0,"max_hp_gain":0.0,"max_hp_loss":0.0,"gold_gain":0.0,"event_name":"Scrap Ooze","player_choice":"Success","floor":8.0,"gold_loss":0.0,"damage_taken":7.0,"relics_obtained":["Darkstone Periapt"]}],"is_beta":false,"boss_relics":[{"not_picked":["Philosopher\u0027s Stone","Black Star"],"picked":"Runic Pyramid"}],"items_purged_floors":[7,30],"is_endless":false,"potions_floor_spawned":[5,10,14,19,23,24,31],"killed_by":"Champ","ascension_level":6}}