{"host":"jjz4szgmev061tnm","time":1609327185,"event":{"mods":["Act Like it!","BaseMod","Gensokyo","KinomotoSakuraMod(ƒæ÷Æ±æ”£)","Marisa£®ÏF”Í°°ƒß¿Ì…≥£©","Minty Spire (QoL Compilation)","Shop Mod","StSLib","WarShipGirlsR/’ΩΩ¢…Ÿ≈ÆR mod","Youmu£®ªÍ∆«—˝√Œ£©"],"gold_per_floor":[4000,4010,3207,3207,3219,3219,3238,2743,2743,2743,2778,2823,2783,2831,2831,3219,3219,3230,3260,3260,2533,2533,2533,2578,2693,2742,2742,2772,2772,2239,2239,2239,2328,2328,2328],"floor_reached":34,"playtime":1935,"items_purged":["Defend_MRS","Strike_MRS","Defend_MRS","Defend_MRS"],"score":766,"play_id":"90fbdb90-76bc-4ea4-914d-a4cf93af2336","local_time":"20201230191945","is_ascension_mode":true,"campfire_choices":[{"data":"Singularity","floor":6.0,"key":"SMITH"},{"data":"MagicChant","floor":15.0,"key":"SMITH"},{"data":"PowerUp","floor":23.0,"key":"SMITH"},{"data":"MysteriousBeam","floor":27.0,"key":"SMITH"},{"floor":32.0,"key":"REST"}],"circlet_count":0,"master_deck":["AscendersBane","Strike_MRS","Strike_MRS","UpSweep","PowerUp+1","Singularity+1","UltimateShortwave","PowerUp","AsteroidBelt","MagicChant+1","WitchOfGreed","UnstableBomb","TreasureHunter","AsteroidBelt","PowerUp","GrandCross","MysteriousBeam+1","MysteriousBeam","AsteroidBelt","Panacea","Gensokyo:ShootingStar+1","CollectingQuirk"],"relics":["MiniHakkero","NeowsBlessing","InkBottle","White Beast Statue","Gensokyo:Mercy","Happy Flower","Omamori","Ice Cream","CaptainsWheel","Shuriken","Pear","Old Coin","RampagingMagicTools","Gensokyo:RedStar","Sling","Prayer Wheel","Pen Nib","Gensokyo:ConquerorOfFear","Tiny Chest","Torii","MagicBroom","Bottled Flame","Gensokyo:SongOfSouls","Toy Ornithopter","Nunchaku","Toxic Egg 2","Gambling Chip","Empty Cage"],"acts_visited":["Exordium","Gensokyo:Gensokyo","TheBeyond"],"potions_floor_usage":[33,33],"damage_taken":[{"damage":0.0,"enemies":"Gensokyo:2_Kodama","floor":1.0,"turns":1.0},{"damage":0.0,"enemies":"Gensokyo:Gryphon","floor":2.0,"turns":1.0},{"damage":0.0,"enemies":"Gensokyo:Python","floor":5.0,"turns":1.0},{"damage":0.0,"enemies":"Gensokyo:LivingMonolith","floor":7.0,"turns":3.0},{"damage":0.0,"enemies":"Gensokyo:CorruptedTreant","floor":11.0,"turns":4.0},{"damage":5.0,"enemies":"Gensokyo:Cirno","floor":12.0,"turns":8.0},{"damage":0.0,"enemies":"Gensokyo:Mamizou","floor":14.0,"turns":6.0},{"damage":21.0,"enemies":"Gensokyo:Kokoro","floor":16.0,"turns":10.0},{"damage":8.0,"enemies":"Gensokyo:CosmicMonolith","floor":18.0,"turns":4.0},{"damage":6.0,"enemies":"Gensokyo:Chomper","floor":19.0,"turns":4.0},{"damage":64.0,"enemies":"Gensokyo:Koishi","floor":24.0,"turns":8.0},{"damage":0.0,"enemies":"Gensokyo:Koishi","floor":25.0,"turns":6.0},{"damage":6.0,"enemies":"Gensokyo:Slime_Group","floor":28.0,"turns":4.0},{"damage":28,"enemies":"Gensokyo:Eiki","floor":33,"turns":6}],"seed_played":"5175377920867336431","potions_obtained":[{"floor":1.0,"key":"Energy Potion"},{"floor":12.0,"key":"FairyPotion"},{"floor":14.0,"key":"Regen Potion"},{"floor":24.0,"key":"CultistPotion"},{"floor":28.0,"key":"SkillPotion"},{"floor":33,"key":"BottledSpark"}],"is_trial":false,"path_per_floor":["M","M","$","?","M","R","M","$","T","?","M","E","?","E","R","B",null,"M","M","?","$","?","R","E","?","T","R","M","?","$","T","R","B",null],"character_chosen":"MARISA","items_purchased":["UltimateShortwave","InkBottle","White Beast Statue","Regen Potion","Happy Flower","Omamori","MagicChant","WitchOfGreed","Sling","Prayer Wheel","Pen Nib","Toy Ornithopter","Nunchaku","Panacea"],"campfire_rested":1,"item_purchase_floors":[3,3,3,3,8,8,8,8,21,21,21,30,30,30],"current_hp_per_floor":[63,63,63,63,63,63,63,63,63,63,63,70,70,80,80,59,75,67,61,61,61,61,61,12,12,12,12,6,6,6,6,30,52,73,73],"gold":2328,"neow_bonus":"THREE_ENEMY_KILL","is_daily":false,"chose_seed":false,"campfire_upgraded":4,"win_rate":0.0,"timestamp":1609327185,"path_taken":["M","M","$","?","M","R","M","?","T","?","?","E","?","E","R","BOSS","M","M","?","$","?","R","E","?","T","R","?","?","$","?","R","BOSS"],"items_purchased_type":["Card","Relic","Relic","Potion","Relic","Relic","Card","Card","Relic","Relic","Relic","Relic","Relic","Card"],"build_version":"2020-12-22","purchased_purges":4,"victory":false,"max_hp_per_floor":[70,70,70,70,70,70,70,70,70,70,70,70,70,80,80,80,80,80,80,80,80,80,80,80,80,80,80,80,80,80,80,80,80,80,80],"card_choices":[{"not_picked":["EnergyRecoil","6A"],"picked":"PowerUp","floor":1.0},{"not_picked":["DC","FairyDestructionRay"],"picked":"Singularity","floor":2.0},{"not_picked":["MilkyWay","GalacticHalo"],"picked":"PowerUp","floor":5.0},{"not_picked":["DoubleSpark","GrandCross"],"picked":"AsteroidBelt","floor":7.0},{"not_picked":["Occultation","SuperPerseids","SprinkleStarSeal"],"picked":"SKIP","floor":11.0},{"not_picked":["EscapeVelocity","DC","AlicesGift"],"picked":"SKIP","floor":12.0},{"not_picked":[],"picked":"UnstableBomb","floor":13.0},{"not_picked":[],"picked":"TreasureHunter","floor":13.0},{"not_picked":["SprinkleStarSeal","AlicesGift"],"picked":"AsteroidBelt","floor":14.0},{"not_picked":["NonDirectionalLaser+1","DoubleSpark","DC+1"],"picked":"SKIP","floor":18.0},{"not_picked":["EnergyRecoil","GalacticHalo"],"picked":"PowerUp","floor":19.0},{"not_picked":["DoubleSpark","DC+1"],"picked":"GrandCross","floor":24.0},{"not_picked":["WitchOfGreed+1","StarlightTyphoon"],"picked":"MysteriousBeam","floor":25.0},{"not_picked":["AsteroidBelt","MaximisePower"],"picked":"MysteriousBeam","floor":28.0},{"not_picked":["SporeBomb","PowerUp"],"picked":"AsteroidBelt","floor":28.0},{"not_picked":[],"picked":"Gensokyo:ShootingStar","floor":33},{"not_picked":["MaximisePower+1","FinalSpark"],"picked":"CollectingQuirk","floor":33}],"player_experience":221176,"relics_obtained":[{"floor":9.0,"key":"Ice Cream"},{"floor":12.0,"key":"CaptainsWheel"},{"floor":14.0,"key":"Shuriken"},{"floor":14.0,"key":"Pear"},{"floor":16.0,"key":"Old Coin"},{"floor":24.0,"key":"Gensokyo:ConquerorOfFear"},{"floor":24.0,"key":"Tiny Chest"},{"floor":25.0,"key":"Torii"},{"floor":25.0,"key":"MagicBroom"},{"floor":25.0,"key":"Bottled Flame"},{"floor":31.0,"key":"Toxic Egg 2"},{"floor":33,"key":"Gambling Chip"}],"event_choices":[],"is_beta":false,"boss_relics":[{"not_picked":["SacredBark","Astrolabe"],"picked":"RampagingMagicTools"},{"not_picked":["Snecko Eye","Sozu"],"picked":"Empty Cage"}],"items_purged_floors":[3,8,21,30],"is_endless":false,"potions_floor_spawned":[1,5,7,11,16,18,19,28],"ascension_level":15}}