{"host":"w3q5ijqu8eoknil3","time":1609290648,"event":{"mods":["AchievementEnabler","BaseMod","Block Reminder","Colored Powertips","Minty Spire (QoL Compilation)","Quick Restart","Relic Stats","ojb\u0027s Better Paths Mod","ojb\u0027s Info Mod","slay the spire mod where everything is the same but ironclad has a cowboy hat"],"gold_per_floor":[110,122,122,135,102,102,137,66,66,78,78,88,88,88,88,160,160,171,171,187,187,201,228,228,254,254,268,268,286,313,13,13,13,13],"floor_reached":33,"playtime":1418,"items_purged":["Decay"],"score":650,"play_id":"cf4380a8-0bee-4172-9e9d-f54ecc44ed4d","local_time":"20201230011048","is_ascension_mode":true,"campfire_choices":[{"data":"Riddle With Holes","floor":6,"key":"SMITH"},{"data":"Catalyst","floor":11,"key":"SMITH"},{"data":"Poisoned Stab","floor":13,"key":"SMITH"},{"data":"Sucker Punch","floor":15,"key":"SMITH"},{"data":"Bouncing Flask","floor":24,"key":"SMITH"},{"floor":28,"key":"REST"},{"floor":32,"key":"REST"}],"circlet_count":0,"master_deck":["AscendersBane","Strike_G","Strike_G","Strike_G","Strike_G","Strike_G","Defend_G","Defend_G","Defend_G","Defend_G","Defend_G","Survivor","Neutralize","Blade Dance","PiercingWail+1","Riddle With Holes+1","Poisoned Stab+1","Venomology","Catalyst+1","Backflip","Sucker Punch+1","Bullet Time","Bouncing Flask+1","Crippling Poison","Caltrops","Blade Dance+1","Blur","Underhanded Strike","Eviscerate","Underhanded Strike","Footwork"],"relics":["Snecko Eye","Bottled Flame","Pear","SlaversCollar","HornCleat","Pen Nib","StrikeDummy","WingedGreaves","Happy Flower"],"acts_visited":["Exordium","TheCity"],"potions_floor_usage":[5,5,12,16,16,16,20,20,25,27,27,30,33,33],"damage_taken":[{"damage":7,"enemies":"Jaw Worm","floor":1,"turns":5},{"damage":10,"enemies":"Cultist","floor":2,"turns":5},{"damage":0,"enemies":"Small Slimes","floor":4,"turns":4},{"damage":22,"enemies":"Exordium Thugs","floor":5,"turns":5},{"damage":0,"enemies":"3 Sentries","floor":7,"turns":7},{"damage":4,"enemies":"3 Louse","floor":10,"turns":4},{"damage":0,"enemies":"2 Fungi Beasts","floor":12,"turns":2},{"damage":4,"enemies":"The Guardian","floor":16,"turns":9},{"damage":0,"enemies":"Chosen","floor":18,"turns":4},{"damage":0,"enemies":"2 Thieves","floor":20,"turns":3},{"damage":11,"enemies":"Snake Plant","floor":22,"turns":3},{"damage":0,"enemies":"Gremlin Leader","floor":23,"turns":4},{"damage":18,"enemies":"Book of Stabbing","floor":25,"turns":4},{"damage":11,"enemies":"Centurion and Healer","floor":27,"turns":7},{"damage":0,"enemies":"Sentry and Sphere","floor":29,"turns":3},{"damage":29,"enemies":"Slavers","floor":30,"turns":5},{"damage":30,"enemies":"Champ","floor":33,"turns":8}],"seed_played":"-6725596626707631877","potions_obtained":[{"floor":2,"key":"SkillPotion"},{"floor":4,"key":"CunningPotion"},{"floor":7,"key":"AttackPotion"},{"floor":10,"key":"Dexterity Potion"},{"floor":18,"key":"Weak Potion"},{"floor":20,"key":"Fruit Juice"},{"floor":22,"key":"SpeedPotion"},{"floor":30,"key":"DistilledChaos"}],"is_trial":false,"path_per_floor":["M","M","?","M","M","R","E","$","T","M","R","M","R","?","R","B",null,"M","?","M","?","M","E","R","E","T","M","R","M","E","$","R","B"],"character_chosen":"THE_SILENT","items_purchased":["Catalyst","Happy Flower","Footwork"],"campfire_rested":2,"item_purchase_floors":[8,31,31],"current_hp_per_floor":[52,42,42,42,20,20,20,20,30,26,26,26,26,26,26,22,63,63,41,46,46,35,35,35,17,17,6,31,31,2,2,27,0,0],"gold":13,"neow_bonus":"BOSS_RELIC","is_daily":false,"chose_seed":false,"campfire_upgraded":5,"win_rate":0.0,"timestamp":1609290648,"path_taken":["M","M","?","M","M","R","E","$","T","M","R","M","R","?","R","BOSS","M","?","M","?","M","E","R","E","T","M","R","?","E","$","R","BOSS"],"items_purchased_type":["Card","Relic","Card"],"build_version":"2020-12-22","purchased_purges":1,"victory":false,"max_hp_per_floor":[66,66,66,66,66,66,66,66,76,76,76,76,76,76,76,76,76,76,81,86,86,86,86,86,86,86,86,86,86,86,86,86,86,86],"relic_stats":{"Happy Flower":[2],"counters":[17,82],"Snecko Eye":[137,141,147,144],"Pen Nib":[6],"obtain_stats":[{"SlaversCollar":17,"Bottled Flame":7,"Pear":9,"HornCleat":23,"Happy Flower":31,"Snecko Eye":0,"Pen Nib":25,"WingedGreaves":30,"StrikeDummy":26,"Ring of the Snake":0},{"SlaversCollar":8,"Bottled Flame":5,"Pear":5,"HornCleat":12,"Happy Flower":16,"Snecko Eye":0,"Pen Nib":13,"WingedGreaves":16,"StrikeDummy":13,"Ring of the Snake":0},{"SlaversCollar":41,"Bottled Flame":26,"Pear":26,"HornCleat":55,"Happy Flower":74,"Snecko Eye":0,"Pen Nib":59,"WingedGreaves":74,"StrikeDummy":59,"Ring of the Snake":0}]},"card_choices":[{"not_picked":["Escape Plan","Masterful Stab"],"picked":"Blade Dance","floor":1},{"not_picked":["Escape Plan","Sucker Punch"],"picked":"PiercingWail","floor":2},{"not_picked":["Cloak And Dagger","Tactician"],"picked":"Riddle With Holes","floor":4},{"not_picked":["Outmaneuver","Deadly Poison"],"picked":"Poisoned Stab","floor":5},{"not_picked":["Sucker Punch","Blur"],"picked":"Venomology","floor":7},{"not_picked":["Deflect","PiercingWail"],"picked":"Backflip","floor":10},{"not_picked":["Concentrate","Escape Plan"],"picked":"Sucker Punch","floor":12},{"not_picked":["Night Terror","After Image"],"picked":"Bullet Time","floor":16},{"not_picked":["Leg Sweep","Sucker Punch+1"],"picked":"Bouncing Flask","floor":18},{"not_picked":["PiercingWail","Leg Sweep"],"picked":"Crippling Poison","floor":20},{"not_picked":["Backstab","Flying Knee"],"picked":"Caltrops","floor":22},{"not_picked":["Cloak And Dagger","Deadly Poison"],"picked":"Blade Dance+1","floor":23},{"not_picked":["Slice","Tools of the Trade"],"picked":"Blur","floor":25},{"not_picked":["Outmaneuver","Dagger Spray"],"picked":"Underhanded Strike","floor":27},{"not_picked":["Blade Dance","Poisoned Stab"],"picked":"Eviscerate","floor":29},{"not_picked":["Sucker Punch","Setup"],"picked":"Underhanded Strike","floor":30}],"player_experience":960351,"relics_obtained":[{"floor":7,"key":"Bottled Flame"},{"floor":9,"key":"Pear"},{"floor":23,"key":"HornCleat"},{"floor":25,"key":"Pen Nib"},{"floor":26,"key":"StrikeDummy"},{"floor":30,"key":"WingedGreaves"}],"event_choices":[{"damage_healed":0,"gold_gain":0,"player_choice":"Leave","damage_taken":0,"max_hp_gain":0,"max_hp_loss":0,"event_name":"The Cleric","floor":3,"gold_loss":0},{"damage_healed":0,"gold_gain":0,"player_choice":"Upgraded","damage_taken":0,"max_hp_gain":0,"max_hp_loss":0,"event_name":"Upgrade Shrine","floor":14,"gold_loss":0,"cards_upgraded":["PiercingWail"]},{"damage_healed":0,"gold_gain":0,"player_choice":"Shed Blood","damage_taken":27,"max_hp_gain":5,"max_hp_loss":0,"event_name":"Forgotten Altar","floor":19,"gold_loss":0},{"damage_healed":0,"gold_gain":0,"player_choice":"Cursed","damage_taken":0,"max_hp_gain":0,"max_hp_loss":0,"event_name":"Wheel of Change","floor":21,"gold_loss":0,"cards_obtained":["Decay"]}],"is_beta":false,"boss_relics":[{"not_picked":["Ectoplasm","Runic Dome"],"picked":"SlaversCollar"}],"items_purged_floors":[31],"is_endless":false,"potions_floor_spawned":[2,4,7,10,18,20,22,30],"killed_by":"Champ","ascension_level":15}}