{"host":"naykp6d9ulahlwib","time":1609372315,"event":{"mods":["BaseMod","Highlight Path","Minty Spire (QoL Compilation)","Shop Mod","StSLib"],"gold_per_floor":[114,114,39,39,51,77,77,89,89,102,102,130,130,130,130,207,207,225,252,252,252,177,177,190,12,39,39,39,39,72,90,90,161,161,177,59,59,75,86,86,114,114,114,114,114,114,169,178,178,178],"floor_reached":51,"playtime":5804,"items_purged":["Strike_P"],"score":1273,"play_id":"d9e7656d-371f-4389-ba18-3b647bdaa13e","local_time":"20201230175155","is_ascension_mode":true,"campfire_choices":[{"data":"Eruption","floor":7.0,"key":"SMITH"},{"floor":11.0,"key":"REST"},{"data":"Vigilance","floor":13.0,"key":"SMITH"},{"data":"BowlingBash","floor":15.0,"key":"SMITH"},{"floor":23.0,"key":"REST"},{"data":"Apotheosis","floor":27.0,"key":"SMITH"},{"floor":32.0,"key":"REST"},{"floor":40.0,"key":"REST"},{"floor":44.0,"key":"REST"},{"data":"Vault","floor":46.0,"key":"SMITH"},{"floor":49.0,"key":"REST"}],"circlet_count":0,"master_deck":["AscendersBane","Defend_P","Defend_P+1","Eruption+1","Vigilance+1","Conclude+1","BowlingBash+1","EmptyBody","Protect","DevaForm+1","Vault+1","Study+1","Fasting2+1","Apotheosis+1","MasterReality+1","Vault+1","Tantrum","EmptyBody","Flash of Steel+1"],"relics":["HolyWater","NeowsBlessing","Meat on the Bone","Frozen Egg 2","Bottled Lightning","Bronze Scales","Nilry\u0027s Codex","MealTicket","PreservedInsect","Empty Cage","Molten Egg 2","CeramicFish","Prayer Wheel"],"acts_visited":["Exordium","TheCity","TheBeyond"],"potions_floor_usage":[50,50],"damage_taken":[{"damage":0.0,"enemies":"2 Louse","floor":1.0,"turns":1.0},{"damage":0.0,"enemies":"Jaw Worm","floor":5.0,"turns":1.0},{"damage":0.0,"enemies":"3 Sentries","floor":6.0,"turns":1.0},{"damage":0.0,"enemies":"Small Slimes","floor":8.0,"turns":3.0},{"damage":6.0,"enemies":"Red Slaver","floor":10.0,"turns":4.0},{"damage":7.0,"enemies":"Lagavulin","floor":12.0,"turns":5.0},{"damage":40.0,"enemies":"Hexaghost","floor":16.0,"turns":10.0},{"damage":18.0,"enemies":"3 Byrds","floor":18.0,"turns":3.0},{"damage":0.0,"enemies":"Spheric Guardian","floor":24.0,"turns":4.0},{"damage":13.0,"enemies":"Book of Stabbing","floor":30.0,"turns":6.0},{"damage":0.0,"enemies":"Centurion and Healer","floor":31.0,"turns":4.0},{"damage":12.0,"enemies":"Automaton","floor":33.0,"turns":11.0},{"damage":6.0,"enemies":"Orb Walker","floor":35.0,"turns":5.0},{"damage":0.0,"enemies":"3 Shapes","floor":38.0,"turns":6.0},{"damage":25.0,"enemies":"Jaw Worm Horde","floor":39.0,"turns":5.0},{"damage":14.0,"enemies":"Nemesis","floor":41.0,"turns":8.0},{"damage":9.0,"enemies":"2 Orb Walkers","floor":47.0,"turns":7.0},{"damage":14,"enemies":"Donu and Deca","floor":50,"turns":10}],"seed_played":"-2756730416045130963","potions_obtained":[{"floor":1.0,"key":"SkillPotion"},{"floor":6.0,"key":"Regen Potion"},{"floor":12.0,"key":"PowerPotion"},{"floor":16.0,"key":"LiquidBronze"},{"floor":24.0,"key":"DistilledChaos"},{"floor":30.0,"key":"LiquidBronze"},{"floor":38.0,"key":"Ancient Potion"},{"floor":39.0,"key":"Block Potion"},{"floor":47.0,"key":"ColorlessPotion"}],"is_trial":false,"path_per_floor":["M","?","$","?","M","E","R","M","T","M","R","E","R","?","R","B",null,"M","T","?","?","?","R","M","$","T","R","$","?","E","M","R","B",null,"M","$","?","M","M","R","E","?","T","R","?","R","?","?","R","B",null],"character_chosen":"WATCHER","items_purchased":["Apotheosis","Tantrum","EmptyBody"],"campfire_rested":6,"item_purchase_floors":[25,36,36],"current_hp_per_floor":[61,41,41,41,41,41,41,41,41,47,67,60,60,60,60,32,59,41,41,41,20,20,40,40,40,40,40,55,55,42,42,62,50,64,58,68,68,68,43,63,49,49,49,68,68,68,59,49,68,54],"gold":178,"neow_bonus":"THREE_ENEMY_KILL","is_daily":false,"chose_seed":false,"campfire_upgraded":5,"win_rate":0.0,"timestamp":1609372315,"path_taken":["M","?","$","?","M","E","R","M","T","M","R","E","R","?","R","BOSS","M","?","?","?","?","R","M","$","T","R","$","?","E","M","R","BOSS","M","$","?","?","M","R","E","?","T","R","?","R","?","?","R","BOSS"],"items_purchased_type":["Card","Card","Card"],"build_version":"2020-12-22","purchased_purges":1,"victory":true,"max_hp_per_floor":[68,68,68,68,68,68,68,68,68,68,68,68,68,68,68,68,68,68,68,68,68,68,68,68,68,68,68,68,68,68,68,68,68,68,68,68,68,68,68,68,68,68,68,68,68,68,68,68,68,68],"card_choices":[{"not_picked":["Crescendo","BowlingBash"],"picked":"Conclude","floor":1.0},{"not_picked":["MentalFortress","FollowUp"],"picked":"BowlingBash","floor":5.0},{"not_picked":["Weave","FlyingSleeves","FlurryOfBlows"],"picked":"SKIP","floor":6.0},{"not_picked":["Consecrate","BowlingBash"],"picked":"EmptyBody","floor":8.0},{"not_picked":["JustLucky","Fasting2+1"],"picked":"Protect","floor":10.0},{"not_picked":["ThirdEye","Evaluate"],"picked":"DevaForm+1","floor":12.0},{"not_picked":["SpiritShield","Wish"],"picked":"Vault","floor":16.0},{"not_picked":["Nirvana+1","WindmillStrike"],"picked":"Study+1","floor":18.0},{"not_picked":["Worship","TalkToTheHand"],"picked":"Fasting2+1","floor":24.0},{"not_picked":["Weave","ReachHeaven"],"picked":"MasterReality+1","floor":30.0},{"not_picked":["Weave","ClearTheMind","CutThroughFate"],"picked":"SKIP","floor":31.0},{"not_picked":["Devotion+1","Ragnarok"],"picked":"Vault","floor":33.0},{"not_picked":["Evaluate","LikeWater+1"],"picked":"BowlingBash","floor":35.0},{"not_picked":["Study+1","Conclude","ForeignInfluence"],"picked":"SKIP","floor":38.0},{"not_picked":["ClearTheMind","Adaptation+1","CrushJoints+1"],"picked":"SKIP","floor":39.0},{"not_picked":["ThirdEye+1","PathToVictory","DevaForm+1"],"picked":"SKIP","floor":41.0},{"not_picked":["Dramatic Entrance+1","Forethought"],"picked":"Flash of Steel+1","floor":48.0}],"player_experience":940269,"relics_obtained":[{"floor":6.0,"key":"Meat on the Bone"},{"floor":9.0,"key":"Frozen Egg 2"},{"floor":12.0,"key":"Bottled Lightning"},{"floor":19.0,"key":"Bronze Scales"},{"floor":21.0,"key":"Nilry\u0027s Codex"},{"floor":26.0,"key":"MealTicket"},{"floor":30.0,"key":"PreservedInsect"},{"floor":41.0,"key":"Molten Egg 2"},{"floor":43.0,"key":"CeramicFish"},{"floor":47.0,"key":"Prayer Wheel"}],"event_choices":[{"damage_healed":0.0,"max_hp_gain":0.0,"max_hp_loss":0.0,"gold_gain":0.0,"event_name":"Shining Light","player_choice":"Entered Light","floor":2.0,"gold_loss":0.0,"damage_taken":20.0,"cards_upgraded":["Defend_P","Conclude"]},{"damage_healed":0.0,"max_hp_gain":0.0,"max_hp_loss":0.0,"gold_gain":0.0,"event_name":"Liars Game","player_choice":"Ignored","floor":4.0,"gold_loss":0.0,"damage_taken":0.0},{"cards_removed":["Defend_P"],"damage_healed":0.0,"max_hp_gain":0.0,"max_hp_loss":0.0,"gold_gain":0.0,"event_name":"Bonfire Elementals","player_choice":"Offered Basic","floor":14.0,"gold_loss":0.0,"damage_taken":0.0},{"damage_healed":0.0,"max_hp_gain":0.0,"max_hp_loss":0.0,"gold_gain":0.0,"event_name":"Ghosts","player_choice":"Ignored","floor":20.0,"gold_loss":0.0,"damage_taken":0.0},{"damage_healed":0.0,"max_hp_gain":0.0,"max_hp_loss":0.0,"gold_gain":0.0,"event_name":"Cursed Tome","player_choice":"Obtained Book","floor":21.0,"gold_loss":0.0,"damage_taken":21.0},{"cards_removed":["Strike_P"],"damage_healed":0.0,"max_hp_gain":0.0,"max_hp_loss":0.0,"gold_gain":0.0,"event_name":"Beggar","player_choice":"Gave Gold","floor":22.0,"gold_loss":75.0,"damage_taken":0.0},{"cards_removed":["Defend_P"],"damage_healed":0.0,"max_hp_gain":0.0,"max_hp_loss":0.0,"gold_gain":0.0,"event_name":"Back to Basics","player_choice":"Elegance","floor":29.0,"gold_loss":0.0,"damage_taken":0.0},{"damage_healed":0.0,"max_hp_gain":0.0,"max_hp_loss":0.0,"gold_gain":0.0,"event_name":"Accursed Blacksmith","player_choice":"Forge","floor":37.0,"gold_loss":0.0,"damage_taken":0.0,"cards_upgraded":["Vault"]},{"cards_removed":["BowlingBash"],"damage_healed":0.0,"max_hp_gain":0.0,"max_hp_loss":0.0,"gold_gain":0.0,"event_name":"Falling","player_choice":"Removed Attack","floor":42.0,"gold_loss":0.0,"damage_taken":0.0},{"damage_healed":0.0,"max_hp_gain":0.0,"max_hp_loss":0.0,"gold_gain":0.0,"event_name":"Tomb of Lord Red Mask","player_choice":"Ignored","floor":45.0,"gold_loss":0.0,"damage_taken":0.0},{"damage_healed":0.0,"max_hp_gain":0.0,"max_hp_loss":0.0,"gold_gain":0.0,"event_name":"Mysterious Sphere","player_choice":"Fight","floor":47.0,"gold_loss":0.0,"damage_taken":0.0},{"damage_healed":0.0,"max_hp_gain":0.0,"max_hp_loss":0.0,"gold_gain":0.0,"event_name":"SensoryStone","player_choice":"Memory 3","floor":48.0,"gold_loss":0.0,"damage_taken":10.0}],"is_beta":false,"boss_relics":[{"not_picked":["Runic Pyramid","Black Star"],"picked":"HolyWater"},{"not_picked":["Philosopher\u0027s Stone","SacredBark"],"picked":"Empty Cage"}],"items_purged_floors":[3],"is_endless":false,"potions_floor_spawned":[1,6,12,16,24,30,38,39,47],"ascension_level":18}}