{"host":"ivx814w8r949vc3j","time":1609359458,"event":{"mods":["AchievementEnabler","Act Like it!","BaseMod","Bestiary","Colored Powertips","GifTheSpireLib","Minty Spire (QoL Compilation)","StSLib","UnlockEverythingMod"],"gold_per_floor":[111,111,111,17,33,33,61,75,102,124,136,183,195,222,234,343,355,380,42,58,22,41,41,51,51,51,51,51,51,79,97,97,97,97],"floor_reached":33,"playtime":1445,"items_purged":["Pain"],"score":439,"play_id":"b26c1dfd-92ee-4ed1-954a-37df7d265229","local_time":"20201230211738","is_ascension_mode":true,"campfire_choices":[{"data":"Caltrops","floor":6,"key":"SMITH"},{"floor":11,"key":"REST"},{"floor":13,"key":"REST"},{"data":"Skewer","floor":15,"key":"SMITH"},{"floor":23,"key":"REST"},{"floor":25,"key":"REST"},{"floor":27,"key":"REST"},{"floor":32,"key":"REST"}],"circlet_count":0,"master_deck":["Strike_G","Strike_G","Strike_G","Strike_G","Strike_G","Defend_G","Defend_G","Defend_G","Defend_G","Survivor","Neutralize","Sucker Punch","Caltrops+1","Acrobatics","Accuracy","Noxious Fumes","Underhanded Strike","Skewer+1","Prepared","Bouncing Flask","Storm of Steel","Cloak And Dagger+1","Blade Dance","Footwork","Prepared","Crippling Poison","Slice","Cloak And Dagger+1"],"relics":["Ring of the Snake","Oddly Smooth Stone","WarpedTongs","Ancient Tea Set","MawBank","Toy Ornithopter","Busted Crown","ClockworkSouvenir","Ornamental Fan","White Beast Statue","StrikeDummy"],"acts_visited":["Exordium","TheCity"],"potions_floor_usage":[7,12,18,22,24,30,31,33],"damage_taken":[{"damage":4,"enemies":"2 Louse","floor":1,"turns":3},{"damage":3,"enemies":"Cultist","floor":5,"turns":4},{"damage":33,"enemies":"Lagavulin","floor":7,"turns":6},{"damage":4,"enemies":"Jaw Worm","floor":8,"turns":4},{"damage":2,"enemies":"Blue Slaver","floor":10,"turns":4},{"damage":17,"enemies":"3 Sentries","floor":12,"turns":7},{"damage":1,"enemies":"2 Fungi Beasts","floor":14,"turns":4},{"damage":2,"enemies":"Hexaghost","floor":16,"turns":7},{"damage":30,"enemies":"2 Thieves","floor":18,"turns":4},{"damage":12,"enemies":"Shell Parasite","floor":20,"turns":5},{"damage":13,"enemies":"Snecko","floor":22,"turns":3},{"damage":32,"enemies":"Centurion and Healer","floor":24,"turns":5},{"damage":34,"enemies":"Slavers","floor":30,"turns":4},{"damage":10,"enemies":"Snake Plant","floor":31,"turns":3},{"damage":51,"enemies":"Automaton","floor":33,"turns":6}],"seed_played":"524069670184801323","potions_obtained":[{"floor":5,"key":"ColorlessPotion"},{"floor":7,"key":"Swift Potion"},{"floor":14,"key":"Fire Potion"},{"floor":16,"key":"Poison Potion"},{"floor":18,"key":"DistilledChaos"},{"floor":24,"key":"ColorlessPotion"},{"floor":30,"key":"Weak Potion"},{"floor":31,"key":"BlessingOfTheForge"}],"is_trial":false,"path_per_floor":["M","?","?","$","M","R","E","M","T","M","R","E","R","M","R","B",null,"M","$","M","$","M","R","M","R","T","R","?","?","E","M","R","B"],"character_chosen":"THE_SILENT","items_purchased":["Caltrops","Acrobatics","Blade Dance","Footwork","ClockworkSouvenir","Crippling Poison"],"campfire_rested":6,"item_purchase_floors":[4,4,19,19,19,21],"current_hp_per_floor":[59,52,52,52,49,49,16,12,12,10,31,14,35,34,34,32,61,36,36,24,24,16,37,10,31,31,52,52,52,23,18,39,0,0],"gold":97,"neow_bonus":"RANDOM_COMMON_RELIC","is_daily":false,"chose_seed":false,"campfire_upgraded":2,"win_rate":0.0,"timestamp":1609359458,"path_taken":["M","?","?","$","M","R","E","M","T","M","R","E","R","M","R","BOSS","M","$","?","?","M","R","M","R","T","R","?","?","E","M","R","BOSS"],"items_purchased_type":["Card","Card","Card","Card","Relic","Card"],"build_version":"2020-12-22","purchased_purges":1,"victory":false,"max_hp_per_floor":[70,70,70,70,70,70,70,70,70,70,70,70,70,70,70,70,70,70,70,70,70,70,70,70,70,70,70,70,70,70,70,70,70,70],"card_choices":[{"not_picked":["Flechettes","Bouncing Flask"],"picked":"Sucker Punch","floor":1},{"not_picked":["Calculated Gamble","Flying Knee"],"picked":"Accuracy","floor":5},{"not_picked":["Poisoned Stab","Bane"],"picked":"Noxious Fumes","floor":7},{"not_picked":["Endless Agony","Acrobatics"],"picked":"Underhanded Strike","floor":8},{"not_picked":["Sucker Punch","Deflect"],"picked":"Skewer","floor":10},{"not_picked":["Eviscerate","Sucker Punch"],"picked":"Prepared","floor":12},{"not_picked":["Reflex","Sucker Punch"],"picked":"Bouncing Flask","floor":14},{"not_picked":["After Image","Glass Knife"],"picked":"Storm of Steel","floor":16},{"not_picked":[],"picked":"Cloak And Dagger+1","floor":18},{"not_picked":[],"picked":"Prepared","floor":20},{"not_picked":[],"picked":"Slice","floor":22},{"not_picked":["Sucker Punch+1"],"picked":"SKIP","floor":24},{"not_picked":["Bane"],"picked":"SKIP","floor":30},{"not_picked":[],"picked":"Cloak And Dagger+1","floor":31}],"player_experience":130785,"relics_obtained":[{"floor":7,"key":"Ancient Tea Set"},{"floor":9,"key":"MawBank"},{"floor":12,"key":"Toy Ornithopter"},{"floor":26,"key":"Ornamental Fan"},{"floor":30,"key":"StrikeDummy"}],"event_choices":[{"cards_removed":["Defend_G"],"damage_healed":0,"gold_gain":0,"player_choice":"Card Removal","damage_taken":7,"max_hp_gain":0,"max_hp_loss":0,"event_name":"Golden Wing","floor":2,"gold_loss":0},{"damage_healed":0,"gold_gain":0,"player_choice":"Rummage","damage_taken":0,"relics_obtained":["WarpedTongs"],"max_hp_gain":0,"max_hp_loss":0,"event_name":"Accursed Blacksmith","floor":3,"gold_loss":0,"cards_obtained":["Pain"]},{"damage_healed":0,"gold_gain":0,"player_choice":"Stole Relic","damage_taken":0,"relics_obtained":["White Beast Statue"],"max_hp_gain":0,"max_hp_loss":0,"event_name":"Addict","floor":28,"gold_loss":0,"cards_obtained":["Shame"]},{"cards_removed":["Shame"],"damage_healed":0,"gold_gain":0,"player_choice":"Elegance","damage_taken":0,"max_hp_gain":0,"max_hp_loss":0,"event_name":"Back to Basics","floor":29,"gold_loss":0}],"is_beta":false,"boss_relics":[{"not_picked":["Coffee Dripper","Cursed Key"],"picked":"Busted Crown"}],"items_purged_floors":[19],"is_endless":false,"potions_floor_spawned":[5,7,14,16,18,24,30,31],"killed_by":"Automaton","ascension_level":7}}