{"host":"hdafziggwnbzqpcb","time":1609300477,"event":{"mods":["BaseMod","Better Vampires","Colored Map","Colored Powertips","Curses Come First","Duelist Mod","GifTheSpireLib","Hero for Fun","Minty Spire (QoL Compilation)","Quick Restart","Rare Cards Sparkle","Relic Stats","Spicy Shops","StSLib","The Bug Knight","The Cursed","The Marked","The Senshi","The Wild Card","TheHero"],"gold_per_floor":[217,237,237,257,271,271,271,271,296,310,325,67,83,83,83],"floor_reached":14,"playtime":443,"items_purged":[],"score":97,"play_id":"f7a2e3c4-fef7-40f3-bf05-996abadd0eb1","local_time":"20201229195437","is_ascension_mode":true,"campfire_choices":[{"data":"theSenshi:MoonPrincessHalation","floor":6.0,"key":"SMITH"},{"data":"theSenshi:MoonPrismPowerMakeUp","floor":8.0,"key":"SMITH"}],"circlet_count":0,"master_deck":["theSenshi:SailorKick","theSenshi:SailorKick","theSenshi:SailorKick","theSenshi:SailorBlock","theSenshi:SailorBlock","theSenshi:SailorBlock","theSenshi:RoseThrow","theSenshi:MoonPrismPowerMakeUp+1","theSenshi:MoonPrincessHalation+1","theSenshi:NeptunesGrace","theSenshi:MoonCosmicPowerMakeUp","theSenshi:LateForSchool"],"relics":["theSenshi:TransformationBroochRelic","theSenshi:CutieMoonRodRelic","theSenshi:FeatherClipsRelic"],"acts_visited":["Exordium"],"potions_floor_usage":[],"damage_taken":[{"damage":8.0,"enemies":"2 Louse","floor":1.0,"turns":3.0},{"damage":7.0,"enemies":"Cultist","floor":2.0,"turns":4.0},{"damage":0.0,"enemies":"Jaw Worm","floor":4.0,"turns":5.0},{"damage":29.0,"enemies":"Gremlin Gang","floor":5.0,"turns":6.0},{"damage":18.0,"enemies":"Lots of Slimes","floor":10.0,"turns":4.0},{"damage":3.0,"enemies":"Blue Slaver","floor":11.0,"turns":2.0},{"damage":5,"enemies":"Looter","floor":13,"turns":2},{"damage":18,"enemies":"3 Sentries","floor":14,"turns":3}],"seed_played":"-2547774216719603317","potions_obtained":[{"floor":2.0,"key":"Dexterity Potion"},{"floor":4.0,"key":"Strength Potion"}],"is_trial":false,"path_per_floor":["M","M","?","M","M","R","?","R","T","M","M","$","M","E"],"character_chosen":"THE_SENSHI","items_purchased":["theSenshi:FeatherClipsRelic"],"campfire_rested":0,"item_purchase_floors":[12],"current_hp_per_floor":[67,60,60,60,31,31,31,31,31,13,10,10,11,0,0],"gold":83,"neow_bonus":"HUNDRED_GOLD","is_daily":false,"chose_seed":false,"campfire_upgraded":2,"win_rate":0.0,"timestamp":1609300477,"path_taken":["M","M","?","?","M","R","?","R","T","?","M","$","?","E"],"items_purchased_type":["Relic"],"build_version":"2020-12-22","purchased_purges":0,"victory":false,"max_hp_per_floor":[75,75,75,75,75,75,75,75,75,75,75,75,75,75,75],"relic_stats":{"counters":[8,29],"obtain_stats":[{"theSenshi:CutieMoonRodRelic":9,"theSenshi:TransformationBroochRelic":0,"theSenshi:FeatherClipsRelic":12},{"theSenshi:CutieMoonRodRelic":4,"theSenshi:TransformationBroochRelic":0,"theSenshi:FeatherClipsRelic":6},{"theSenshi:CutieMoonRodRelic":18,"theSenshi:TransformationBroochRelic":0,"theSenshi:FeatherClipsRelic":24}]},"card_choices":[{"not_picked":["theSenshi:SailorChibiMoonAssists","theSenshi:TallSilhouette"],"picked":"theSenshi:MoonPrincessHalation","floor":1.0},{"not_picked":["theSenshi:MoonsReflection","theSenshi:Sidestep","theSenshi:SailorChibiMoonAssists"],"picked":"SKIP","floor":2.0},{"not_picked":["theSenshi:SailorJupiterAssists","theSenshi:UranusStrength","theSenshi:KlutzyLuck"],"picked":"SKIP","floor":4.0},{"not_picked":["theSenshi:InTheNickOfTime","theSenshi:MoonsReflection","theSenshi:SailorSaturnAssists"],"picked":"SKIP","floor":5.0},{"not_picked":["theSenshi:MoonPrincessHalation","theSenshi:MoonPower"],"picked":"theSenshi:MoonCosmicPowerMakeUp","floor":10.0},{"not_picked":["theSenshi:SailorPlanetPower","theSenshi:Sidestep","theSenshi:KlutzyLuck"],"picked":"SKIP","floor":11.0},{"not_picked":["theSenshi:SailorVenusAssists","theSenshi:MoonPower"],"picked":"theSenshi:LateForSchool","floor":13}],"player_experience":689990,"relics_obtained":[{"floor":9.0,"key":"theSenshi:CutieMoonRodRelic"}],"event_choices":[{"cards_removed":["theSenshi:SailorBlock"],"damage_healed":0.0,"max_hp_gain":0.0,"max_hp_loss":0.0,"gold_gain":0.0,"event_name":"Purifier","player_choice":"Purged","floor":3.0,"gold_loss":0.0,"damage_taken":0.0},{"damage_healed":0.0,"max_hp_gain":0.0,"max_hp_loss":0.0,"gold_gain":0.0,"cards_transformed":["theSenshi:SailorKick"],"event_name":"Transmorgrifier","player_choice":"Transformed","floor":7.0,"gold_loss":0.0,"damage_taken":0.0,"cards_obtained":["theSenshi:NeptunesGrace"]}],"is_beta":false,"boss_relics":[],"items_purged_floors":[],"is_endless":false,"potions_floor_spawned":[2,4],"killed_by":"3 Sentries","ascension_level":3}}