{"host":"kh6fvhxn285ncg0o","time":1609290053,"event":{"mods":["Act Like it!","BaseMod","Colored Map","Friendly Minions","Keyboard Shortcuts","Minty Spire (QoL Compilation)","Quick Restart","Relic Stats","StSLib","SuperFastMode"],"gold_per_floor":[109,159,172,97,124,151,165,165,165,175,175,207,223,223,223,297,297,307,307,307,97,124,141,141,175,202,230,248,281,281,313,313,384,384,399,444,97,114,134,134,163,188,188,217,237,237,237,237,237,237,237],"floor_reached":50,"playtime":1887,"items_purged":["Strike_R","Strike_R","Strike_R"],"score":1418,"play_id":"6a991a07-43fd-4808-be7d-f3c745b1ed68","local_time":"20201230100053","is_ascension_mode":true,"campfire_choices":[{"data":"Carnage","floor":8.0,"key":"SMITH"},{"data":"Bash","floor":11.0,"key":"SMITH"},{"data":"Double Tap","floor":15.0,"key":"SMITH"},{"data":"Immolate","floor":24.0,"key":"SMITH"},{"data":"Battle Trance","floor":30.0,"key":"SMITH"},{"data":"Shrug It Off","floor":32.0,"key":"SMITH"},{"data":"Finesse","floor":40,"key":"SMITH"},{"data":"Offering","floor":47,"key":"SMITH"},{"floor":49,"key":"RECALL"}],"circlet_count":0,"master_deck":["AscendersBane","Strike_R","Strike_R","Defend_R","Defend_R","Defend_R","Bash+1","Iron Wave","Carnage+1","Double Tap+1","Immolate+1","Body Slam+1","Battle Trance+1","Shrug It Off+1","Offering+1","Finesse+1","Dropkick+1","Battle Trance+1"],"relics":["Burning Blood","NeowsBlessing","Nunchaku","Smiling Mask","Mercury Hourglass","Strawberry","Coffee Dripper","Membership Card","Red Mask","Art of War","Omamori","HornCleat","Toy Ornithopter","The Courier","Calling Bell","Blood Vial","StrikeDummy","Turnip","FossilizedHelix","Charon\u0027s Ashes","Toolbox","Bag of Marbles","Centennial Puzzle","Thread and Needle","Juzu Bracelet","Sundial"],"acts_visited":["Exordium","TheCity","TheBeyond"],"potions_floor_usage":[42],"damage_taken":[{"damage":0.0,"enemies":"2 Louse","floor":1.0,"turns":1.0},{"damage":0.0,"enemies":"Cultist","floor":3.0,"turns":1.0},{"damage":0.0,"enemies":"3 Sentries","floor":6.0,"turns":2.0},{"damage":7.0,"enemies":"Jaw Worm","floor":7.0,"turns":3.0},{"damage":2.0,"enemies":"Exordium Thugs","floor":10.0,"turns":4.0},{"damage":30.0,"enemies":"Lagavulin","floor":12.0,"turns":6.0},{"damage":1.0,"enemies":"2 Fungi Beasts","floor":13.0,"turns":3.0},{"damage":29.0,"enemies":"Hexaghost","floor":16.0,"turns":7.0},{"damage":11.0,"enemies":"2 Thieves","floor":18.0,"turns":3.0},{"damage":7.0,"enemies":"Masked Bandits","floor":22.0,"turns":2.0},{"damage":2.0,"enemies":"3 Byrds","floor":23.0,"turns":3.0},{"damage":28.0,"enemies":"Gremlin Leader","floor":25.0,"turns":3.0},{"damage":0.0,"enemies":"Book of Stabbing","floor":27.0,"turns":2.0},{"damage":8.0,"enemies":"Snake Plant","floor":28.0,"turns":2.0},{"damage":9.0,"enemies":"Slavers","floor":29.0,"turns":2.0},{"damage":10.0,"enemies":"Gremlin Leader","floor":31.0,"turns":3.0},{"damage":12.0,"enemies":"Collector","floor":33.0,"turns":4.0},{"damage":2.0,"enemies":"3 Darklings","floor":35.0,"turns":3.0},{"damage":38.0,"enemies":"2 Orb Walkers","floor":36.0,"turns":4.0},{"damage":2.0,"enemies":"3 Shapes","floor":38.0,"turns":1.0},{"damage":0.0,"enemies":"Writhing Mass","floor":39.0,"turns":4.0},{"damage":0,"enemies":"Nemesis","floor":41,"turns":3},{"damage":7,"enemies":"Mind Bloom Boss Battle","floor":42,"turns":3},{"damage":0,"enemies":"Giant Head","floor":44,"turns":3},{"damage":0,"enemies":"Spire Growth","floor":45,"turns":1},{"damage":86,"enemies":"Time Eater","floor":50,"turns":6}],"seed_played":"-9187650543417863032","potions_obtained":[{"floor":3.0,"key":"Weak Potion"},{"floor":10.0,"key":"ElixirPotion"},{"floor":13.0,"key":"Weak Potion"},{"floor":16.0,"key":"AttackPotion"},{"floor":18.0,"key":"HeartOfIron"},{"floor":22.0,"key":"Fire Potion"},{"floor":23.0,"key":"LiquidMemories"},{"floor":33.0,"key":"AttackPotion"},{"floor":35.0,"key":"LiquidBronze"},{"floor":38.0,"key":"Strength Potion"},{"floor":41,"key":"Weak Potion"}],"is_trial":false,"path_per_floor":["M","?","M","$","T","E","M","R","T","M","R","E","M","?","R","B",null,"M","?","?","$","?","M","R","E","T","E","M","E","R","E","R","B",null,"M","?","$","M","M","R","E","?","T","E","M","?","R","T","R","B"],"character_chosen":"IRONCLAD","items_purchased":["Membership Card","Finesse","Charon\u0027s Ashes","Toolbox","Bag of Marbles"],"campfire_rested":0,"item_purchase_floors":[21,37,37,37,37],"current_hp_per_floor":[74,67,73,73,73,75,74,74,74,75,75,58,63,56,56,33,70,65,41,58,58,57,61,61,39,39,45,43,40,40,36,36,30,73,79,54,54,60,68,68,76,82,82,87,87,83,83,83,83,0,0],"gold":237,"neow_bonus":"THREE_ENEMY_KILL","is_daily":false,"chose_seed":false,"campfire_upgraded":8,"win_rate":0.0,"timestamp":1609290053,"path_taken":["M","?","M","?","?","E","M","R","T","?","R","E","M","?","R","BOSS","M","?","?","$","?","M","R","E","T","E","M","E","R","E","R","BOSS","M","?","$","M","M","R","E","?","T","E","M","?","R","?","R","BOSS"],"items_purchased_type":["Relic","Card","Relic","Relic","Relic"],"build_version":"2020-12-22","purchased_purges":3,"victory":false,"max_hp_per_floor":[75,75,75,75,75,75,75,75,75,75,75,82,82,82,82,82,82,82,87,87,87,87,87,87,87,87,87,87,87,87,87,87,87,87,87,87,87,87,87,87,87,87,87,87,87,83,83,83,83,83,83],"relic_stats":{"counters":[26,79],"Charon\u0027s Ashes":[49],"Juzu Bracelet":0,"Smiling Mask":0,"Burning Blood":134,"Mercury Hourglass":[292],"Blood Vial":14,"Nunchaku":[21],"Centennial Puzzle":[6],"Sundial":[0],"Turnip":[0],"Art of War":[3],"obtain_stats":[{"Juzu Bracelet":44,"Smiling Mask":6,"Burning Blood":0,"Blood Vial":34,"Nunchaku":5,"Centennial Puzzle":41,"HornCleat":27,"Sundial":48,"Strawberry":12,"Toolbox":37,"Red Mask":22,"NeowsBlessing":0,"Thread and Needle":42,"The Courier":31,"Charon\u0027s Ashes":37,"Omamori":26,"Mercury Hourglass":9,"Calling Bell":34,"Turnip":34,"Coffee Dripper":17,"Art of War":25,"Bag of Marbles":37,"Membership Card":21,"StrikeDummy":34,"Toy Ornithopter":29,"FossilizedHelix":36},{"Juzu Bracelet":24,"Smiling Mask":3,"Burning Blood":0,"Blood Vial":17,"Nunchaku":2,"Centennial Puzzle":22,"HornCleat":13,"Sundial":25,"Strawberry":6,"Toolbox":19,"Red Mask":10,"NeowsBlessing":0,"Thread and Needle":23,"The Courier":16,"Charon\u0027s Ashes":19,"Omamori":12,"Mercury Hourglass":4,"Calling Bell":17,"Turnip":17,"Coffee Dripper":8,"Art of War":12,"Bag of Marbles":19,"Membership Card":9,"StrikeDummy":17,"Toy Ornithopter":15,"FossilizedHelix":19},{"Juzu Bracelet":72,"Smiling Mask":4,"Burning Blood":0,"Blood Vial":51,"Nunchaku":2,"Centennial Puzzle":66,"HornCleat":40,"Sundial":73,"Strawberry":17,"Toolbox":58,"Red Mask":32,"NeowsBlessing":0,"Thread and Needle":69,"The Courier":47,"Charon\u0027s Ashes":58,"Omamori":38,"Mercury Hourglass":7,"Calling Bell":51,"Turnip":51,"Coffee Dripper":27,"Art of War":38,"Bag of Marbles":58,"Membership Card":30,"StrikeDummy":51,"Toy Ornithopter":44,"FossilizedHelix":58}],"Toy Ornithopter":10},"card_choices":[{"not_picked":["Pummel","Havoc"],"picked":"Iron Wave","floor":6.0},{"not_picked":["Rage","Armaments"],"picked":"Carnage","floor":7.0},{"not_picked":["Uppercut","Flex"],"picked":"Double Tap","floor":12.0},{"not_picked":["Sword Boomerang","Body Slam","Rampage"],"picked":"SKIP","floor":13.0},{"not_picked":["Barricade","Impervious"],"picked":"Immolate","floor":16.0},{"not_picked":["Shrug It Off","True Grit"],"picked":"Body Slam+1","floor":18.0},{"not_picked":["Wild Strike+1","Anger","Thunderclap+1"],"picked":"SKIP","floor":23.0},{"not_picked":["Pummel","Clothesline","Berserk"],"picked":"SKIP","floor":25.0},{"not_picked":["Sentinel","Warcry","Pommel Strike"],"picked":"SKIP","floor":27.0},{"not_picked":["Rampage","True Grit","Heavy Blade"],"picked":"SKIP","floor":28.0},{"not_picked":["Pommel Strike","Uppercut"],"picked":"Battle Trance","floor":29.0},{"not_picked":["Fire Breathing","Clothesline+1"],"picked":"Shrug It Off","floor":31.0},{"not_picked":["Exhume","Double Tap"],"picked":"Offering","floor":33.0},{"not_picked":["Combust","Anger","Rupture"],"picked":"SKIP","floor":35.0},{"not_picked":["Headbutt","Twin Strike"],"picked":"Dropkick+1","floor":38.0},{"not_picked":["Hemokinesis","Perfected Strike","Body Slam"],"picked":"SKIP","floor":39.0},{"not_picked":["Searing Blow","Twin Strike+1","Offering"],"picked":"SKIP","floor":41},{"not_picked":["Searing Blow","Twin Strike+1","Offering"],"picked":"SKIP","floor":41},{"not_picked":["True Grit","Wild Strike+1"],"picked":"Battle Trance+1","floor":42},{"not_picked":["Headbutt+1","Iron Wave+1","Thunderclap+1"],"picked":"SKIP","floor":44},{"not_picked":["Twin Strike+1","Warcry","Perfected Strike"],"picked":"SKIP","floor":45},{"not_picked":["Twin Strike+1","Warcry","Perfected Strike"],"picked":"SKIP","floor":45}],"player_experience":3313361,"relics_obtained":[{"floor":5.0,"key":"Nunchaku"},{"floor":6.0,"key":"Smiling Mask"},{"floor":9.0,"key":"Mercury Hourglass"},{"floor":12.0,"key":"Strawberry"},{"floor":22.0,"key":"Red Mask"},{"floor":25.0,"key":"Art of War"},{"floor":26.0,"key":"Omamori"},{"floor":27.0,"key":"HornCleat"},{"floor":29.0,"key":"Toy Ornithopter"},{"floor":31.0,"key":"The Courier"},{"floor":34.0,"key":"Blood Vial"},{"floor":34.0,"key":"StrikeDummy"},{"floor":34.0,"key":"Turnip"},{"floor":36.0,"key":"FossilizedHelix"},{"floor":41,"key":"Centennial Puzzle"},{"floor":42,"key":"Thread and Needle"},{"floor":44,"key":"Juzu Bracelet"},{"floor":48,"key":"Sundial"}],"event_choices":[{"damage_healed":0.0,"max_hp_gain":0.0,"max_hp_loss":0.0,"gold_gain":50.0,"event_name":"FaceTrader","player_choice":"Touch","floor":2.0,"gold_loss":0.0,"damage_taken":7.0},{"cards_removed":["Defend_R"],"damage_healed":0.0,"max_hp_gain":0.0,"max_hp_loss":0.0,"gold_gain":0.0,"event_name":"Golden Wing","player_choice":"Card Removal","floor":14.0,"gold_loss":0.0,"damage_taken":7.0},{"damage_healed":0.0,"max_hp_gain":5.0,"max_hp_loss":0.0,"gold_gain":0.0,"event_name":"Forgotten Altar","player_choice":"Shed Blood","floor":19.0,"gold_loss":0.0,"damage_taken":29.0},{"damage_healed":17.0,"max_hp_gain":0.0,"max_hp_loss":0.0,"gold_gain":0.0,"event_name":"The Library","player_choice":"Heal","floor":20.0,"gold_loss":0.0,"damage_taken":0.0},{"damage_healed":0.0,"max_hp_gain":0.0,"max_hp_loss":0.0,"gold_gain":0.0,"event_name":"Masked Bandits","player_choice":"Fought Bandits","floor":22.0,"gold_loss":0.0,"damage_taken":0.0},{"damage_healed":0.0,"max_hp_gain":0.0,"max_hp_loss":0.0,"gold_gain":0.0,"event_name":"Mysterious Sphere","player_choice":"Fight","floor":36.0,"gold_loss":0.0,"damage_taken":0.0},{"damage_healed":0,"gold_gain":0,"player_choice":"Fight","damage_taken":0,"max_hp_gain":0,"max_hp_loss":0,"event_name":"MindBloom","floor":42,"gold_loss":0},{"damage_healed":0,"gold_gain":0,"player_choice":"Max HP","damage_taken":0,"max_hp_gain":0,"max_hp_loss":4,"event_name":"Winding Halls","floor":46,"gold_loss":0}],"is_beta":false,"boss_relics":[{"not_picked":["SacredBark","SlaversCollar"],"picked":"Coffee Dripper"},{"not_picked":["Busted Crown","Philosopher\u0027s Stone"],"picked":"Calling Bell"}],"items_purged_floors":[4,21,37],"is_endless":false,"potions_floor_spawned":[3,10,13,16,18,22,23,33,35,38,39,41],"killed_by":"Time Eater","ascension_level":20}}