{"host":"s0ikvqhe10eopvjn","time":1609332205,"event":{"mods":["Act Like it!","Bard","BaseMod","Better Third Choice","Block Reminder","Colored Map","Colored Powertips","DeckTracker","Downfall","Duelist Mod","GifTheSpireLib","Halation","Hallownest","Hermit","Highlight Path","Hubris","Infinite Spire","Mad Scientist","Minty Spire (QoL Compilation)","Permanent Neow","Random Character Button","Replay The Spire","StSLib","The Blackbeard","The Blue Laboratory","The Bug Knight","The Cursed","The Disciple","The Marked","The Mystic","The Necromancer","The Poker Player","The Runesmith","The Servant 0.9.4"],"gold_per_floor":[209,227,227,238,238,249,27,27,27,56,56,66,66,82,82,184,184,201,185,185,185,145,145,145,145],"floor_reached":24,"playtime":1654,"items_purged":["Amnesia"],"score":196,"play_id":"e3a7e5e0-373c-4512-9623-82cf6e559a04","local_time":"20201230124325","is_ascension_mode":false,"metric_token":2194,"campfire_choices":[{"data":"PokerPlayerMod:Heart2","floor":8,"key":"SMITH"},{"floor":15,"key":"REST"},{"floor":23,"key":"REST"}],"circlet_count":0,"master_deck":["PokerPlayerMod:Diamond1","PokerPlayerMod:Diamond2","PokerPlayerMod:Diamond3","PokerPlayerMod:Diamond4","PokerPlayerMod:Diamond5","PokerPlayerMod:Spade1","PokerPlayerMod:Spade2","PokerPlayerMod:Spade3","PokerPlayerMod:Spade4","PokerPlayerMod:Club1","PokerPlayerMod:Club2","PokerPlayerMod:Heart4","PokerPlayerMod:TrumpStrike+1","PokerPlayerMod:BadJoker+1","PokerPlayerMod:Mulligan","PokerPlayerMod:Diamond4","PokerPlayerMod:JackOfSpades","PokerPlayerMod:MagicTrick","PokerPlayerMod:FakeSymbols","PokerPlayerMod:Trickery","PokerPlayerMod:Harden","PokerPlayerMod:Spade4","PokerPlayerMod:Heart4","Decay","PokerPlayerMod:ClubsClub","PokerPlayerMod:StackedDeck","PokerPlayerMod:Club10+","PokerPlayerMod:Diamond4","theDuelist:CurseArmaments","PokerPlayerMod:DiamondStrike+1"],"relics":["PokerPlayerMod:DeckCase","Ring of Hypnosis","Ring of Fury","ClockworkSouvenir","Letter Opener","infinitespire:Bottled Soul","Dream Catcher","Replay:Bottled Steam"],"acts_visited":["Exordium","TheCity"],"potions_floor_usage":[],"damage_taken":[{"damage":3,"enemies":"Cultist","floor":1,"turns":4},{"damage":0,"enemies":"Small Slimes","floor":2,"turns":3},{"damage":2,"enemies":"2 Louse","floor":4,"turns":2},{"damage":9,"enemies":"Lots of Slimes","floor":6,"turns":5},{"damage":8,"enemies":"Gremlin Nob","floor":10,"turns":4},{"damage":0,"enemies":"Exordium Wildlife","floor":12,"turns":7},{"damage":0,"enemies":"3 Louse","floor":14,"turns":2},{"damage":15,"enemies":"Hexaghost","floor":16,"turns":11},{"damage":18,"enemies":"Spheric Guardian","floor":18,"turns":6},{"damage":20,"enemies":"2 Thieves","floor":19,"turns":4},{"damage":59,"enemies":"Gremlin Leader","floor":24,"turns":7}],"seed_played":"-2790464652127658846","potions_obtained":[{"floor":1,"key":"blueLaboratory:RememoryPotion"},{"floor":10,"key":"blueLaboratory:TrueEctoplasm"},{"floor":12,"key":"Guardian:BlockOnCardUsePotion"}],"is_trial":false,"path_per_floor":["M","M","?","M","?","M","$","R","T","E","?","M","?","M","R","B",null,"M","M","?","?","?","R","E"],"character_chosen":"THE_POKER_PLAYER","items_purchased":["ClockworkSouvenir"],"campfire_rested":2,"item_purchase_floors":[7],"current_hp_per_floor":[49,51,51,50,50,43,43,43,43,38,8,12,12,29,44,45,52,37,25,25,25,25,40,0,0],"gold":145,"neow_bonus":"HUNDRED_GOLD","is_daily":false,"chose_seed":false,"campfire_upgraded":1,"win_rate":0.0,"timestamp":1609332205,"path_taken":["M","M","?","?","?","M","$","R","T","E","?","M","?","?","R","BOSS","M","M","?","?","?","R","E"],"items_purchased_type":["Relic"],"build_version":"2020-12-22","purchased_purges":1,"victory":false,"max_hp_per_floor":[52,52,52,52,52,52,52,52,52,52,52,52,52,52,52,52,52,52,52,52,52,52,52,52,52],"card_choices":[{"not_picked":["PokerPlayerMod:Trickery","PokerPlayerMod:Spade1"],"picked":"PokerPlayerMod:Diamond4","floor":1},{"not_picked":["PokerPlayerMod:SpadeStrike","PokerPlayerMod:ClubsClub"],"picked":"PokerPlayerMod:JackOfSpades","floor":2},{"not_picked":["PokerPlayerMod:FlyingCard","PokerPlayerMod:ClubStrike"],"picked":"PokerPlayerMod:Trickery","floor":4},{"not_picked":["PokerPlayerMod:Club1","PokerPlayerMod:Spade6"],"picked":"PokerPlayerMod:Harden","floor":6},{"not_picked":["PokerPlayerMod:ClubStrike","PokerPlayerMod:Diamond1"],"picked":"PokerPlayerMod:Spade4","floor":10},{"not_picked":["PokerPlayerMod:ItsShowtime","PokerPlayerMod:DiamondStrike"],"picked":"PokerPlayerMod:Heart4","floor":12},{"not_picked":["PokerPlayerMod:DartThrow","PokerPlayerMod:Diamond2"],"picked":"PokerPlayerMod:ClubsClub","floor":14},{"not_picked":["PokerPlayerMod:ItsShowtime","PokerPlayerMod:TheDieIsCast"],"picked":"PokerPlayerMod:StackedDeck","floor":16},{"not_picked":["PokerPlayerMod:Heart4","PokerPlayerMod:JackOfSpades"],"picked":"PokerPlayerMod:Club10+","floor":18},{"not_picked":["PokerPlayerMod:Diamond2","PokerPlayerMod:SecondChance"],"picked":"PokerPlayerMod:Diamond4","floor":19},{"not_picked":["PokerPlayerMod:ClubsClub","PokerPlayerMod:Diamond2"],"picked":"PokerPlayerMod:DiamondStrike+1","floor":23}],"player_experience":96199,"relics_obtained":[{"floor":5,"key":"Ring of Hypnosis"},{"floor":5,"key":"Ring of Fury"},{"floor":9,"key":"Letter Opener"},{"floor":10,"key":"infinitespire:Bottled Soul"}],"event_choices":[{"damage_healed":0,"gold_gain":0,"player_choice":"2 cards matched","damage_taken":0,"max_hp_gain":0,"max_hp_loss":0,"event_name":"Match and Keep!","floor":3,"gold_loss":0,"cards_obtained":["PokerPlayerMod:MagicTrick","PokerPlayerMod:FakeSymbols"]},{"damage_healed":0,"gold_gain":1,"player_choice":"Relic ","damage_taken":30,"max_hp_gain":0,"max_hp_loss":0,"event_name":"betterThird:BetterScrap","floor":11,"gold_loss":0,"cards_obtained":["hubris:PowerSurge"]},{"damage_healed":0,"gold_gain":0,"player_choice":"Cursed","damage_taken":0,"max_hp_gain":0,"max_hp_loss":0,"event_name":"Wheel of Change","floor":13,"gold_loss":0,"cards_obtained":["Decay"]},{"damage_healed":0,"gold_gain":0,"player_choice":"Upgraded Two","damage_taken":0,"max_hp_gain":0,"max_hp_loss":0,"event_name":"Designer","floor":22,"gold_loss":40,"cards_upgraded":["PokerPlayerMod:TrumpStrike","PokerPlayerMod:BadJoker"]}],"is_beta":false,"boss_relics":[{"not_picked":["Runesmith:UraniumAnvil","hubris:RunicObelisk","halation:Risk"]}],"items_purged_floors":[7],"is_endless":false,"potions_floor_spawned":[1,10,12,19],"killed_by":"Gremlin Leader","ascension_level":0}}