{"host":"l3h7vlt0ggqh50f5","time":1609344532,"event":{"mods":["BaseMod","Bestiary","Colored Map","Colored Powertips","Minty Spire (QoL Compilation)","Relic Stats","ojb\u0027s Info Mod"],"gold_per_floor":[119,194,211,221,240,266,266,279,305,337,350,350,45,45,45,148,148,164,164,52,252,271,303,303,334,407,407,425,443,455,468,468,573,573,590,610,56,72,72,107,107,136,136,163,181,201,235,235,235,235],"floor_reached":51,"playtime":7750,"items_purged":["Strike_G"],"score":1327,"play_id":"91384fd1-97e3-4936-b669-5197917e6f03","local_time":"20201230170852","is_ascension_mode":true,"campfire_choices":[{"data":"Dagger Spray","floor":7.0,"key":"SMITH"},{"floor":12.0,"key":"REST"},{"data":"Finisher","floor":15.0,"key":"SMITH"},{"data":"Footwork","floor":24.0,"key":"SMITH"},{"data":"Well Laid Plans","floor":27.0,"key":"SMITH"},{"data":"Venomology","floor":32,"key":"SMITH"},{"data":"Apotheosis","floor":49,"key":"SMITH"}],"circlet_count":0,"master_deck":["Strike_G","Strike_G","Strike_G","Strike_G","Defend_G","Defend_G","Defend_G","Defend_G","Defend_G","Survivor","Neutralize","Sucker Punch","Endless Agony","Dagger Throw","Leg Sweep","Dagger Spray+1","Footwork","Finisher+1","Footwork","Backflip","Heel Hook","Footwork+1","Flash of Steel","Leg Sweep","Venomology+1","Deflect+1","Ghostly","Ghostly","Ghostly","Ghostly","Ghostly","Well Laid Plans+1","PiercingWail+1","Endless Agony","Escape Plan","Calculated Gamble","Flying Knee","Cloak And Dagger+1","Bullet Time","Dodge and Roll+1","Expertise","Good Instincts","Dodge and Roll+1","Apotheosis+1","Mind Blast","Backflip+1"],"relics":["Ring of the Snake","Incense Burner","PreservedInsect","Bag of Preparation","Bag of Marbles","Orrery","SacredBark","Potion Belt","Pantograph","Matryoshka","Calling Bell","Centennial Puzzle","Singing Bowl","Du-Vu Doll","White Beast Statue","Orichalcum","Gremlin Horn","Pen Nib","Art of War","Happy Flower","CaptainsWheel"],"acts_visited":["Exordium","TheCity","TheBeyond"],"potions_floor_usage":[30,31,33,35,36,40,42,44,45,46,46,47,47,50,50,50,50,50],"damage_taken":[{"damage":0.0,"enemies":"2 Louse","floor":1.0,"turns":4.0},{"damage":0.0,"enemies":"Small Slimes","floor":3.0,"turns":6.0},{"damage":0.0,"enemies":"Cultist","floor":4.0,"turns":4.0},{"damage":2.0,"enemies":"Gremlin Gang","floor":5.0,"turns":5.0},{"damage":24.0,"enemies":"Gremlin Nob","floor":6.0,"turns":5.0},{"damage":9.0,"enemies":"Exordium Wildlife","floor":8.0,"turns":3.0},{"damage":5.0,"enemies":"Lagavulin","floor":10.0,"turns":8.0},{"damage":0.0,"enemies":"Looter","floor":11.0,"turns":1.0},{"damage":5.0,"enemies":"Slime Boss","floor":16.0,"turns":9.0},{"damage":8.0,"enemies":"2 Thieves","floor":18.0,"turns":4.0},{"damage":0.0,"enemies":"Shell Parasite","floor":22.0,"turns":9.0},{"damage":3.0,"enemies":"Slavers","floor":23.0,"turns":7.0},{"damage":8.0,"enemies":"Book of Stabbing","floor":25.0,"turns":7.0},{"damage":6.0,"enemies":"Sentry and Sphere","floor":28.0,"turns":13.0},{"damage":3.0,"enemies":"3 Cultists","floor":29.0,"turns":6.0},{"damage":13,"enemies":"Snake Plant","floor":30,"turns":10},{"damage":13,"enemies":"Cultist and Chosen","floor":31,"turns":9},{"damage":26,"enemies":"Champ","floor":33,"turns":25},{"damage":1,"enemies":"3 Darklings","floor":35,"turns":9},{"damage":1,"enemies":"3 Shapes","floor":36,"turns":7},{"damage":0,"enemies":"Jaw Worm Horde","floor":38,"turns":15},{"damage":0,"enemies":"Nemesis","floor":40,"turns":7},{"damage":0,"enemies":"Reptomancer","floor":42,"turns":4},{"damage":0,"enemies":"Nemesis","floor":44,"turns":5},{"damage":6,"enemies":"3 Darklings","floor":45,"turns":8},{"damage":0,"enemies":"Spire Growth","floor":46,"turns":12},{"damage":0,"enemies":"Reptomancer","floor":47,"turns":2},{"damage":3,"enemies":"Awakened One","floor":50,"turns":20}],"seed_played":"2588881546155893792","potions_obtained":[{"floor":4.0,"key":"LiquidBronze"},{"floor":5.0,"key":"LiquidMemories"},{"floor":10.0,"key":"Weak Potion"},{"floor":16.0,"key":"LiquidBronze"},{"floor":18.0,"key":"FairyPotion"},{"floor":23.0,"key":"Energy Potion"},{"floor":30,"key":"CunningPotion"},{"floor":33,"key":"PowerPotion"},{"floor":35,"key":"Strength Potion"},{"floor":38,"key":"Poison Potion"},{"floor":40,"key":"SpeedPotion"},{"floor":42,"key":"BlessingOfTheForge"},{"floor":44,"key":"Poison Potion"},{"floor":45,"key":"Dexterity Potion"},{"floor":46,"key":"Explosive Potion"},{"floor":47,"key":"FairyPotion"}],"is_trial":false,"path_per_floor":["M","?","M","M","M","E","R","M","T","E","M","R","$","?","R","B",null,"M","?","$","?","M","E","R","E","T","R","M","M","M","M","R","B",null,"M","M","$","M","?","E","?","E","T","E","M","M","E","?","R","B",null],"character_chosen":"THE_SILENT","items_purchased":["Orrery","Flash of Steel","Leg Sweep","Well Laid Plans","White Beast Statue","Orichalcum","Expertise","Good Instincts"],"campfire_rested":1,"item_purchase_floors":[13,13,13,20,37,37,37,37],"current_hp_per_floor":[63,52,52,52,50,26,26,17,17,12,12,30,30,51,51,46,59,51,31,31,31,31,28,28,20,20,20,14,11,31,18,18,5,25,26,25,25,25,17,19,19,19,19,21,17,19,21,21,21,40],"gold":235,"neow_bonus":"ONE_RARE_RELIC","is_daily":false,"chose_seed":false,"campfire_upgraded":6,"win_rate":0.0,"timestamp":1609344532,"path_taken":["M","?","M","M","M","E","R","M","T","E","M","R","$","?","R","BOSS","M","?","$","?","M","E","R","E","T","R","?","M","M","M","R","BOSS","M","M","$","?","?","E","?","E","T","E","M","M","E","?","R","BOSS"],"items_purchased_type":["Relic","Card","Card","Card","Relic","Relic","Card","Card"],"build_version":"2020-12-22","purchased_purges":1,"victory":true,"max_hp_per_floor":[63,63,63,63,63,63,63,63,63,63,63,63,63,63,63,63,63,63,31,31,31,31,31,31,31,31,31,31,31,31,31,31,31,31,33,33,33,33,35,37,35,35,35,37,39,41,43,43,43,43],"relic_stats":{"Singing Bowl":14,"Gremlin Horn":[14,15],"Happy Flower":[14],"counters":[28,224],"PreservedInsect":335,"Pen Nib":[12],"Bag of Preparation":[44],"Orichalcum":[132],"Centennial Puzzle":[12],"Pantograph":35,"Art of War":[6],"obtain_stats":[{"Potion Belt":23,"Singing Bowl":34,"Gremlin Horn":40,"Happy Flower":44,"SacredBark":17,"PreservedInsect":6,"Pen Nib":42,"Incense Burner":0,"Bag of Preparation":9,"Orichalcum":37,"White Beast Statue":37,"Calling Bell":34,"Du-Vu Doll":34,"Centennial Puzzle":34,"CaptainsWheel":47,"Matryoshka":26,"Pantograph":25,"Orrery":13,"Bag of Marbles":10,"Art of War":43,"Ring of the Snake":0},{"Potion Belt":12,"Singing Bowl":18,"Gremlin Horn":22,"Happy Flower":24,"SacredBark":9,"PreservedInsect":5,"Pen Nib":23,"Incense Burner":0,"Bag of Preparation":6,"Orichalcum":20,"White Beast Statue":20,"Calling Bell":18,"Du-Vu Doll":18,"Centennial Puzzle":18,"CaptainsWheel":27,"Matryoshka":13,"Pantograph":13,"Orrery":8,"Bag of Marbles":7,"Art of War":23,"Ring of the Snake":0},{"Potion Belt":65,"Singing Bowl":135,"Gremlin Horn":173,"Happy Flower":182,"SacredBark":45,"PreservedInsect":24,"Pen Nib":177,"Incense Burner":0,"Bag of Preparation":27,"Orichalcum":151,"White Beast Statue":151,"Calling Bell":135,"Du-Vu Doll":135,"Centennial Puzzle":135,"CaptainsWheel":204,"Matryoshka":72,"Pantograph":72,"Orrery":36,"Bag of Marbles":35,"Art of War":177,"Ring of the Snake":0}],"Ring of the Snake":[62]},"card_choices":[{"not_picked":["Slice","Tactician"],"picked":"Sucker Punch","floor":1.0},{"not_picked":["Slice","Outmaneuver"],"picked":"Endless Agony","floor":3.0},{"not_picked":["Underhanded Strike","Concentrate"],"picked":"Dagger Throw","floor":4.0},{"not_picked":["Distraction","Reflex"],"picked":"Leg Sweep","floor":5.0},{"not_picked":["Blade Dance","Cloak And Dagger"],"picked":"Dagger Spray","floor":6.0},{"not_picked":["Sucker Punch","Deadly Poison"],"picked":"Footwork","floor":8.0},{"not_picked":["Unload","Bane"],"picked":"Finisher","floor":10.0},{"not_picked":["Deflect","Sucker Punch"],"picked":"Footwork","floor":11.0},{"not_picked":["Infinite Blades","Noxious Fumes"],"picked":"Backflip","floor":13.0},{"not_picked":["Flying Knee","Deadly Poison"],"picked":"Heel Hook","floor":13.0},{"not_picked":["Quick Slash","Blur"],"picked":"Footwork","floor":13.0},{"not_picked":["Grand Finale","Doppelganger"],"picked":"Venomology","floor":16.0},{"not_picked":["Quick Slash","Poisoned Stab+1"],"picked":"Deflect+1","floor":18.0},{"not_picked":["Dagger Throw","Prepared+1"],"picked":"PiercingWail+1","floor":22.0},{"not_picked":["Dagger Spray","Bane"],"picked":"Endless Agony","floor":23.0},{"not_picked":["Dagger Spray+1","After Image"],"picked":"Escape Plan","floor":25.0},{"not_picked":["Skewer+1","Underhanded Strike"],"picked":"Calculated Gamble","floor":28.0},{"not_picked":["Underhanded Strike","Outmaneuver"],"picked":"Flying Knee","floor":29.0},{"not_picked":["All Out Attack+1","Footwork"],"picked":"Cloak And Dagger+1","floor":30},{"not_picked":["Flechettes","Well Laid Plans","Skewer"],"picked":"SKIP","floor":31},{"not_picked":["Night Terror","Envenom"],"picked":"Bullet Time","floor":33},{"not_picked":["Finisher+1","Sucker Punch+1","Slice"],"picked":"Singing Bowl","floor":35},{"not_picked":["Underhanded Strike+1","Predator"],"picked":"Dodge and Roll+1","floor":36},{"not_picked":["Flying Knee","Slice+1"],"picked":"Dodge and Roll+1","floor":38},{"not_picked":["Madness","PanicButton"],"picked":"Apotheosis","floor":39},{"not_picked":["Secret Technique","Purity"],"picked":"Mind Blast","floor":39},{"not_picked":["Sadistic Nature","Jack Of All Trades","Swift Strike"],"picked":"Singing Bowl","floor":39},{"not_picked":["Deflect+1","Setup+1","Backstab"],"picked":"Singing Bowl","floor":40},{"not_picked":["Outmaneuver+1","Skewer+1"],"picked":"Backflip+1","floor":42},{"not_picked":["Tactician+1","Heel Hook+1","Bouncing Flask+1"],"picked":"Singing Bowl","floor":44},{"not_picked":["Dodge and Roll+1","Poisoned Stab+1","Slice+1"],"picked":"Singing Bowl","floor":45},{"not_picked":["Accuracy","Bane","Footwork"],"picked":"Singing Bowl","floor":46},{"not_picked":["Accuracy","Flying Knee+1","Acrobatics"],"picked":"Singing Bowl","floor":47}],"player_experience":283854,"relics_obtained":[{"floor":6.0,"key":"PreservedInsect"},{"floor":9.0,"key":"Bag of Preparation"},{"floor":10.0,"key":"Bag of Marbles"},{"floor":23.0,"key":"Potion Belt"},{"floor":25.0,"key":"Pantograph"},{"floor":26.0,"key":"Matryoshka"},{"floor":34,"key":"Centennial Puzzle"},{"floor":34,"key":"Singing Bowl"},{"floor":34,"key":"Du-Vu Doll"},{"floor":40,"key":"Gremlin Horn"},{"floor":42,"key":"Pen Nib"},{"floor":43,"key":"Art of War"},{"floor":44,"key":"Happy Flower"},{"floor":47,"key":"CaptainsWheel"}],"event_choices":[{"damage_healed":0.0,"max_hp_gain":0.0,"max_hp_loss":0.0,"gold_gain":75.0,"event_name":"World of Goop","player_choice":"Gather Gold","floor":2.0,"gold_loss":0.0,"damage_taken":11.0},{"damage_healed":21.0,"max_hp_gain":0.0,"max_hp_loss":0.0,"gold_gain":0.0,"event_name":"Big Fish","player_choice":"Banana","floor":14.0,"gold_loss":0.0,"damage_taken":0.0},{"damage_healed":0.0,"max_hp_gain":0.0,"max_hp_loss":32.0,"gold_gain":0.0,"event_name":"Ghosts","player_choice":"Became a Ghost","floor":19.0,"gold_loss":0.0,"damage_taken":0.0,"cards_obtained":["Ghostly","Ghostly","Ghostly","Ghostly","Ghostly"]},{"damage_healed":0.0,"max_hp_gain":0.0,"max_hp_loss":0.0,"gold_gain":200.0,"event_name":"Wheel of Change","player_choice":"Gold","floor":21.0,"gold_loss":0.0,"damage_taken":0.0},{"damage_healed":0,"gold_gain":0,"player_choice":"Memory 3","damage_taken":10,"max_hp_gain":0,"max_hp_loss":0,"event_name":"SensoryStone","floor":39,"gold_loss":0},{"damage_healed":0,"gold_gain":0,"player_choice":"Max HP","damage_taken":0,"max_hp_gain":0,"max_hp_loss":2,"event_name":"Winding Halls","floor":41,"gold_loss":0},{"damage_healed":0,"gold_gain":0,"player_choice":"Ignored","damage_taken":0,"max_hp_gain":0,"max_hp_loss":0,"event_name":"The Moai Head","floor":48,"gold_loss":0}],"is_beta":false,"boss_relics":[{"not_picked":["Busted Crown","Black Star"],"picked":"SacredBark"},{"not_picked":["SlaversCollar","Empty Cage"],"picked":"Calling Bell"}],"items_purged_floors":[20],"is_endless":false,"potions_floor_spawned":[4,5,10,16,18,23,30,33,35,38,40,42,44,45,46,47],"ascension_level":8}}