{"host":"0cnf9zf1gia27zti","time":1609292097,"event":{"mods":["BaseMod","BetterRewards","Card Forge","Colored Map","Colored Powertips","Conspire","Downfall","Googly Eyes","Minty Spire (QoL Compilation)","Practice Mode","Quick Restart","Replay The Spire","Shade Mod","Spicy Shops","StSLib"],"gold_per_floor":[117,117,43,118,118,146,170,182,194,226,238,250,288,313,325,437,449,473,504,966,993,1039,1079,1138,1150,1162,1201,1243,1255,1297,1326,1338,1445,1457,1489,1517,1529,1567,1592,1633,556,556,556,584,584,601,40,73,73,73],"floor_reached":51,"playtime":5100,"items_purged":[],"score":1244,"play_id":"1d1516b5-8290-44eb-ab3e-465a854eb10e","local_time":"20201230013457","daily_mods":["SealedDeck","Colorless Cards","Heirloom","DeadlyEvents","Elite Swarm"],"is_ascension_mode":false,"campfire_choices":[{"floor":12,"key":"REST"},{"floor":25,"key":"REST"},{"floor":42,"key":"DIG"},{"floor":45,"key":"REST"}],"circlet_count":0,"master_deck":["sneckomod:IronFang","sneckomod:QuickMove","sneckomod:IronFang","sneckomod:QuickBite+1","sneckomod:UnknownUncommonPower","Replay:SS_hec_2","sneckomod:UnknownBlock+1","sneckomod:UnknownBlock","Good Instincts","sneckomod:UnknownBlock","sneckomod:WideSting","Apotheosis+1","Midas Touch","sneckomod:DiceCrush","Flash of Steel","sneckomod:SoulRoll","sneckomod:QuickBite+1","sneckomod:SerpentMind","sneckomod:DiceCrush","sneckomod:MorePower+1","sneckomod:UnknownColorless+1","sneckomod:Unknown+1","Panache+1","sneckomod:UnknownX+1","Discovery","Replay:Sssssssssstrike","expansioncontent:BronzeBeam","sneckomod:Unknown2Cost+1","sneckomod:SoulDraw","sneckomod:UnknownRareSkill+1","sneckomod:MorePower+1","sneckomod:UnknownRarePower+1","sneckomod:UnknownRareSkill","sneckomod:Unknown2Cost+1","sneckomod:Mudshield+1","sneckomod:UnknownColorless+1","ReplayTheSpireMod:Brewmster","sneckomod:UnknownUncommonPower+1","sneckomod:UnknownX+1","sneckomod:Mudshield+1","sneckomod:UnknownX+1","Secret Weapon+1","sneckomod:Nope+1","Amplify+1","sneckomod:UnknownRareAttack+1","sneckomod:Unknown+1","sneckomod:UnknownRarePower","sneckomod:UnknownRarePower+1","Apotheosis+1","sneckomod:SoulRoll","sneckomod:UnknownColorless+1","sneckomod:Unknown3Cost+1","sneckomod:UnknownColorless+1","sneckomod:QuickMove+1","expansioncontent:HyperBeam+1","sneckomod:MasterEye+1","sneckomod:Unknown3Cost+1","sneckomod:UnlimitedRolls+1","sneckomod:UnknownRarePower+1","sneckomod:SoulDraw+1","sneckomod:SoulRoll+1","sneckomod:QuickBite+1","The Bomb+1"],"relics":["sneckomod:SneckoSoul","Hammer of Thor","Seething Fire","Anvil of the Gods","Ring of Chaos","Calipers","conspire:GiftBox","Orrery","MawBank","ReplayTheSpireMod:Shallot","Iron Hammer","Fusion Hammer","Art of War","TungstenRod","Blood Vial","HornCleat","conspire:Flyswatter","Du-Vu Doll","Replay:Multitool","SacredBark","Prayer Wheel","ReplayTheSpireMod:TigerMarble","Onion Ring","Golden Egg","Sling","TheAbacus","Centennial Puzzle","Replay:Bottled Flurry","Replay:Accelerometer","Chameleon Ring","Chemical X","Replay:Baseball","Cauldron","Replay:Bottled Steam"],"acts_visited":["Exordium","TheCity","TheBeyond"],"potions_floor_usage":[18,18,21,30,30,31,31,33,33,35,35,36,36,38,39,39,39,39,40,40,40,40,40,44,44,44,44,46,48,50,50,50,50,50,50,50],"damage_taken":[{"damage":0,"enemies":"Small Slimes","floor":1,"turns":5},{"damage":0,"enemies":"3 Sentries","floor":6,"turns":7},{"damage":0,"enemies":"Cultist","floor":7,"turns":3},{"damage":0,"enemies":"2 Louse","floor":10,"turns":2},{"damage":0,"enemies":"Lagavulin","floor":13,"turns":7},{"damage":0,"enemies":"Gremlin Gang","floor":14,"turns":3},{"damage":0,"enemies":"Slime Boss","floor":16,"turns":5},{"damage":0,"enemies":"Shell Parasite","floor":18,"turns":5},{"damage":0,"enemies":"2 Thieves","floor":19,"turns":3},{"damage":0,"enemies":"Centurion and Healer","floor":21,"turns":5},{"damage":0,"enemies":"Book of Stabbing","floor":22,"turns":3},{"damage":12,"enemies":"Gremlin Leader","floor":23,"turns":7},{"damage":18,"enemies":"Slavers","floor":27,"turns":5},{"damage":0,"enemies":"conspire:Head Lice","floor":28,"turns":8},{"damage":2,"enemies":"Book of Stabbing","floor":30,"turns":5},{"damage":0,"enemies":"Snecko","floor":31,"turns":6},{"damage":6,"enemies":"Pondfish","floor":33,"turns":5},{"damage":16,"enemies":"3 Darklings","floor":35,"turns":6},{"damage":0,"enemies":"Orb Walker","floor":36,"turns":3},{"damage":0,"enemies":"Reptomancer","floor":38,"turns":6},{"damage":25,"enemies":"Maw","floor":39,"turns":9},{"damage":9,"enemies":"Giant Head","floor":40,"turns":8},{"damage":0,"enemies":"R_Hoarder","floor":44,"turns":5},{"damage":0,"enemies":"Spire Growth","floor":46,"turns":5},{"damage":18,"enemies":"Reptomancer","floor":48,"turns":4},{"damage":0,"enemies":"Replay:Hell Engine","floor":50,"turns":10}],"seed_played":"3961540543421258496","potions_obtained":[{"floor":1,"key":"SkillPotion"},{"floor":13,"key":"Weak Potion"},{"floor":16,"key":"FearPotion"},{"floor":18,"key":"PowerPotion"},{"floor":19,"key":"SteroidPotion"},{"floor":33,"key":"Venom Potion"},{"floor":35,"key":"AttackPotion"},{"floor":44,"key":"sneckomod:DiceRollPotion"},{"floor":46,"key":"LiquidMemories"},{"floor":47,"key":"Dexterity Potion"},{"floor":47,"key":"SkillPotion"},{"floor":49,"key":"SpeedPotion"}],"is_trial":true,"path_per_floor":["M","?","$","?","?","E","M","$","T","M","$","R","E","M","R_BF","B",null,"M","M","?","M","E","E","T","R","T","E","E","$","E","M","R","B",null,"M","M","?","E","M","E","$","R","T","E","R","M","$","E","R_BF","B",null],"character_chosen":"THE_SNECKO","items_purchased":["Orrery","Golden Egg","Sling","TheAbacus","Centennial Puzzle","sneckomod:QuickMove","expansioncontent:HyperBeam","sneckomod:MasterEye","sneckomod:DiceRollPotion","LiquidMemories","Chemical X","sneckomod:SoulRoll","Replay:Baseball","Cauldron","sneckomod:QuickBite"],"campfire_rested":3,"item_purchase_floors":[3,41,41,41,41,41,41,41,41,41,47,47,47,47,47],"current_hp_per_floor":[94,94,94,83,64,64,64,64,64,64,64,92,92,93,95,96,96,97,97,45,46,47,37,37,67,67,52,55,55,57,74,105,100,106,90,92,92,97,79,75,75,75,75,88,114,115,115,99,99,101],"gold":73,"neow_bonus":"","is_daily":false,"chose_seed":false,"campfire_upgraded":0,"win_rate":0.0,"timestamp":1609292097,"path_taken":["M","?","?","?","?","E","?","$","T","M","$","R","E","M","R_BF","BOSS","M","M","?","M","?","E","?","R","T","?","E","$","?","M","R","BOSS","M","M","?","?","?","E","$","R","T","E","R","M","$","?","R_BF","BOSS"],"items_purchased_type":["Relic","Relic","Relic","Relic","Relic","Card","Card","Card","Potion","Potion","Relic","Card","Relic","Relic","Card"],"build_version":"2020-12-22","purchased_purges":0,"victory":true,"max_hp_per_floor":[94,94,94,94,94,94,94,94,94,94,94,94,94,95,95,96,96,97,97,97,98,99,101,101,101,101,102,103,103,105,106,106,106,106,106,106,106,109,110,113,113,113,113,114,114,115,115,117,117,117],"card_choices":[{"not_picked":["sneckomod:UnknownWeak","sneckomod:UnknownCommonSkill"],"picked":"sneckomod:WideSting","floor":1},{"not_picked":["Thinking Ahead","Sadistic Nature"],"picked":"Apotheosis","floor":2},{"not_picked":["sneckomod:SoulDraw","sneckomod:RainOfDice"],"picked":"Midas Touch","floor":3},{"not_picked":["sneckomod:UnknownVulnerable","sneckomod:UnknownCommonAttack"],"picked":"sneckomod:DiceCrush","floor":3},{"not_picked":["Replay:SS_fish_2","sneckomod:WideSting"],"picked":"Flash of Steel","floor":3},{"not_picked":["sneckomod:UnknownBlock","sneckomod:UnknownClassSHADE_COLOR"],"picked":"sneckomod:SoulRoll","floor":3},{"not_picked":["sneckomod:WideSting","sneckomod:UnknownStrike"],"picked":"sneckomod:QuickBite","floor":3},{"not_picked":["Midas Touch","Crow Ritual"],"picked":"sneckomod:SerpentMind","floor":6},{"not_picked":["sneckomod:WideSting","sneckomod:Unknown1Cost","sneckomod:UnknownClassGUARDIAN"],"picked":"SKIP","floor":7},{"not_picked":["sneckomod:UnknownCommonAttack","sneckomod:SoulDraw"],"picked":"sneckomod:DiceCrush","floor":10},{"not_picked":["Secret Technique","Metamorphosis"],"picked":"sneckomod:MorePower","floor":13},{"not_picked":["sneckomod:UnknownStrike+1","sneckomod:UnknownExhaust+1"],"picked":"sneckomod:UnknownColorless+1","floor":14},{"not_picked":["expansioncontent:DonusPower","Forethought","expansioncontent:Chronoboost"],"picked":"SKIP","floor":14},{"not_picked":["sneckomod:UnknownClassGREEN+1","sneckomod:UnknownExhaust+1"],"picked":"sneckomod:Unknown+1","floor":16},{"not_picked":["expansioncontent:QuickStudy","sneckomod:Unknown3Cost"],"picked":"Panache","floor":16},{"not_picked":["sneckomod:UnknownClassGREEN+1","sneckomod:UnknownCommonAttack+1"],"picked":"sneckomod:UnknownX+1","floor":18},{"not_picked":["sneckomod:UnknownVulnerable","sneckomod:QuickBite"],"picked":"Discovery","floor":18},{"not_picked":["sneckomod:Unknown1Cost+1","sneckomod:UnknownUncommonSkill","Replay:Parry"],"picked":"SKIP","floor":19},{"not_picked":["sneckomod:UnknownBlock","sneckomod:UnknownWeak"],"picked":"expansioncontent:BronzeBeam","floor":21},{"not_picked":["sneckomod:UnknownBlock+1","sneckomod:UnknownClassRED+1"],"picked":"sneckomod:Unknown2Cost+1","floor":21},{"not_picked":["sneckomod:UnknownCommonAttack","sneckomod:WideSting+1"],"picked":"sneckomod:SoulDraw","floor":21},{"not_picked":["sneckomod:UnknownColorless+1","sneckomod:UnknownX+1"],"picked":"sneckomod:UnknownRareSkill+1","floor":22},{"not_picked":["expansioncontent:StudyTheSpire","Midas Touch"],"picked":"sneckomod:MorePower","floor":22},{"not_picked":["sneckomod:UnknownClassGREEN+1","sneckomod:Unknown1Cost+1"],"picked":"sneckomod:UnknownRarePower+1","floor":23},{"not_picked":["Thinking Ahead","Magnetism"],"picked":"sneckomod:UnknownRareSkill","floor":23},{"not_picked":["sneckomod:UnknownExhaust+1","sneckomod:UnknownClassSLIMEBOUND+1","sneckomod:Unknown1Cost+1"],"picked":"SKIP","floor":23},{"not_picked":["sneckomod:UnknownCommonSkill+1","sneckomod:UnknownVulnerable+1"],"picked":"sneckomod:Unknown2Cost+1","floor":27},{"not_picked":["Apotheosis","expansioncontent:QuickStudy"],"picked":"sneckomod:Mudshield","floor":27},{"not_picked":["sneckomod:UnknownExhaust+1","sneckomod:UnknownEthereal+1"],"picked":"sneckomod:UnknownColorless+1","floor":28},{"not_picked":["ReplayUltimateDefense","Midas Touch"],"picked":"ReplayTheSpireMod:Brewmster","floor":28},{"not_picked":["sneckomod:UnknownCommonSkill+1","sneckomod:UnknownClassRED+1","sneckomod:UnknownClassGUARDIAN+1"],"picked":"SKIP","floor":28},{"not_picked":["sneckomod:UnknownClassRED+1","sneckomod:UnknownVulnerable+1"],"picked":"sneckomod:UnknownUncommonPower+1","floor":30},{"not_picked":["sneckomod:UnknownClassRED+1","sneckomod:UnknownUncommonAttack+1"],"picked":"sneckomod:UnknownX+1","floor":30},{"not_picked":["Crow Ritual","Metamorphosis"],"picked":"sneckomod:Mudshield","floor":30},{"not_picked":["sneckomod:Unknown2Cost+1","sneckomod:UnknownCommonSkill+1"],"picked":"sneckomod:UnknownX+1","floor":31},{"not_picked":["sneckomod:Unknown2Cost+1","sneckomod:Unknown1Cost+1","sneckomod:UnknownStrike+1"],"picked":"SKIP","floor":31},{"not_picked":["Replay:Sssssssssshield","expansioncontent:YouAreMine","Swift Strike"],"picked":"SKIP","floor":31},{"not_picked":["Crow Ritual","Chrysalis"],"picked":"Secret Weapon","floor":33},{"not_picked":["sneckomod:RainOfDice","sneckomod:TrashToTreasure+1"],"picked":"sneckomod:Nope+1","floor":35},{"not_picked":["sneckomod:Unknown2Cost+1","sneckomod:UnknownStrength+1","sneckomod:UnknownUncommonPower+1"],"picked":"SKIP","floor":35},{"not_picked":["sneckomod:UnknownEthereal+1","sneckomod:Unknown+1","sneckomod:UnknownUncommonPower+1"],"picked":"SKIP","floor":35},{"not_picked":["sneckomod:WideSting+1","sneckomod:UnknownStrike+1","expansioncontent:CaCaw+1"],"picked":"SKIP","floor":36},{"not_picked":["sneckomod:UnknownRareSkill+1","sneckomod:UnknownUncommonSkill+1"],"picked":"sneckomod:UnknownRareAttack+1","floor":38},{"not_picked":["sneckomod:UnknownExhaust+1","sneckomod:UnknownClassGREEN+1"],"picked":"sneckomod:Unknown+1","floor":38},{"not_picked":["Midas Touch","Poisoned Strike"],"picked":"sneckomod:UnknownRarePower","floor":38},{"not_picked":["sneckomod:UnknownBlock+1","sneckomod:UnknownStrength+1"],"picked":"sneckomod:UnknownRarePower+1","floor":39},{"not_picked":["sneckomod:UnknownEthereal+1","Replay:SS_fish_2+1"],"picked":"Apotheosis","floor":39},{"not_picked":["sneckomod:QuickMove+1","sneckomod:UnknownWeak+1"],"picked":"sneckomod:SoulRoll","floor":39},{"not_picked":["sneckomod:UnknownClassRED+1","sneckomod:Unknown+1","sneckomod:UnknownBlock+1"],"picked":"SKIP","floor":39},{"not_picked":["sneckomod:UnknownClassSLIMEBOUND+1","sneckomod:UnknownClassBLUE+1"],"picked":"sneckomod:UnknownColorless+1","floor":40},{"not_picked":["sneckomod:UnknownClassSHADE_COLOR+1","sneckomod:UnknownExhaust+1"],"picked":"sneckomod:Unknown3Cost+1","floor":40},{"not_picked":["sneckomod:UnknownClassTHE_CHAMP_GRAY+1","sneckomod:UnknownCommonSkill+1"],"picked":"sneckomod:UnknownColorless+1","floor":40},{"not_picked":["ReplayTheSpireMod:Necrogeddon","expansioncontent:Corrupt","Chrysalis"],"picked":"SKIP","floor":40},{"not_picked":["sneckomod:UnknownClassTHE_CHAMP_GRAY+1","sneckomod:UnknownCommonSkill+1"],"picked":"sneckomod:Unknown3Cost+1","floor":44},{"not_picked":["ReplayTheSpireMod:Necrogeddon","expansioncontent:Corrupt"],"picked":"sneckomod:UnlimitedRolls","floor":44},{"not_picked":["sneckomod:UnknownClassSHADE_COLOR+1","sneckomod:UnknownUncommonAttack+1"],"picked":"sneckomod:UnknownRarePower+1","floor":46},{"not_picked":["sneckomod:IronFang+1","expansioncontent:DonusPower"],"picked":"sneckomod:SoulDraw+1","floor":46},{"not_picked":["expansioncontent:ManipulateTime+1","Replay:SS_hec_4","sneckomod:UnknownStrike+1"],"picked":"SKIP","floor":46},{"not_picked":["Midas Touch","Transmutation"],"picked":"The Bomb","floor":48},{"not_picked":["sneckomod:UnknownUncommonAttack+1","sneckomod:Unknown2Cost+1","sneckomod:UnknownClassSLIMEBOUND+1"],"picked":"SKIP","floor":48}],"player_experience":2743387,"relics_obtained":[{"floor":6,"key":"MawBank"},{"floor":9,"key":"ReplayTheSpireMod:Shallot"},{"floor":13,"key":"Iron Hammer"},{"floor":22,"key":"Art of War"},{"floor":23,"key":"TungstenRod"},{"floor":24,"key":"Blood Vial"},{"floor":26,"key":"HornCleat"},{"floor":27,"key":"conspire:Flyswatter"},{"floor":28,"key":"Du-Vu Doll"},{"floor":30,"key":"Replay:Multitool"},{"floor":38,"key":"ReplayTheSpireMod:TigerMarble"},{"floor":40,"key":"Onion Ring"},{"floor":42,"key":"Replay:Bottled Flurry"},{"floor":43,"key":"Replay:Accelerometer"},{"floor":44,"key":"Chameleon Ring"},{"floor":48,"key":"Replay:Bottled Steam"}],"event_choices":[{"damage_healed":0,"gold_gain":0,"player_choice":"Gave Potion","damage_taken":0,"relics_obtained":["conspire:GiftBox"],"max_hp_gain":0,"max_hp_loss":0,"event_name":"WeMeetAgain","floor":2,"gold_loss":0},{"damage_healed":0,"gold_gain":75,"player_choice":"Gather Gold","damage_taken":11,"max_hp_gain":0,"max_hp_loss":0,"event_name":"World of Goop","floor":4,"gold_loss":0},{"damage_healed":0,"gold_gain":0,"player_choice":"Entered Light","damage_taken":19,"max_hp_gain":0,"max_hp_loss":0,"event_name":"Shining Light","floor":5,"gold_loss":0,"cards_upgraded":["sneckomod:UnknownBlock","Apotheosis"]},{"damage_healed":0,"gold_gain":450,"player_choice":"CARD GOLD GOLD GOLD GOLD GOLD ","damage_taken":52,"max_hp_gain":0,"max_hp_loss":0,"event_name":"Knowing Skull","floor":20,"potions_obtained":[],"gold_loss":0,"cards_obtained":["Replay:Sssssssssstrike"]},{"damage_healed":0,"gold_gain":0,"player_choice":"Upgraded","damage_taken":0,"max_hp_gain":0,"max_hp_loss":0,"event_name":"Upgrade Shrine","floor":37,"gold_loss":0,"cards_upgraded":["Panache"]}],"is_beta":false,"boss_relics":[{"not_picked":["Replay:Bronze Core","ChewingGum"],"picked":"Fusion Hammer"},{"not_picked":["Abe\u0027s Treasure","Ring of Chaos"],"picked":"SacredBark"}],"items_purged_floors":[],"is_endless":false,"potions_floor_spawned":[1,13,16,18,19,31,33,35,44,46],"ascension_level":0}}