{"host":"5gvtsr4efrrdxof8","time":1609342604,"event":{"mods":["BaseMod","Bestiary","Better Altar","Better Match","Better Note","Better Skull","Better Vampires","ChefMod","Colored Powertips","Curses Come First","Downfall","Hermit","Hubris","Jorbs\u0027s Wanderer Trilogy","Luminous","Marisa????????","Minty Spire (QoL Compilation)","Quick Restart","READ ME - Guardian Mod","READ ME - Snecko Mod","Random Character Button","Rare Cards Sparkle","Replay The Spire","Robot Space Explorer","Shade Mod","StSLib","The Animator","The Blackbeard","The Construct","The Cursed","The Disciple","The Hierophant","The Judge","The Jungle","The Marked","The Necromancer","The Poker Player","The Servant 0.9.4","Unceasing Turn Reminder","thorton"],"gold_per_floor":[99,99,99,99,99,130,155,155,171,96,109,121,121,140,140,238,238,238,251,261,261,261,186,186,186,186,186],"floor_reached":25,"playtime":980,"items_purged":[],"score":199,"play_id":"98b17aa8-bb7f-49d8-9744-e08484b9d041","local_time":"20201230153644","is_ascension_mode":false,"campfire_choices":[{"floor":8,"key":"RECALL"},{"floor":10,"key":"REST"},{"data":"Guardian:HyperBeam_Guardian","floor":18,"key":"SMITH"}],"circlet_count":0,"master_deck":["Guardian:Strike_Guardian","Guardian:Strike_Guardian","Guardian:Strike_Guardian+1","Guardian:Strike_Guardian","Guardian:Defend_Guardian","Guardian:Defend_Guardian","Guardian:Defend_Guardian","Guardian:CurlUp","Guardian:TwinSlam","Guardian:ChargeUp","Guardian:FloatingOrbs","Guardian:WalkerClaw","Guardian:RefractedBeam","Guardian:PrismaticBeam+1","Guardian:PrismaticBarrier","Guardian:TemporalStrike","Guardian:ShieldSpikes","Guardian:HyperBeam_Guardian","Guardian:ChargeCore","Guardian:HyperBeam_Guardian+1","Guardian:SpikerProtocol","Guardian:FloatingOrbs+1","Guardian:Gem_Blue","Guardian:Incinerate","Guardian:Gem_Cyan"],"relics":["Guardian:ModeShifterPlus","downfall:HeartsMalice","Prayer Wheel","Whetstone","downfall:HeartBlessingRed","construct:RocketBooster"],"acts_visited":["Exordium","TheCity"],"potions_floor_usage":[15,16,16],"damage_taken":[{"damage":0,"enemies":"Cultist","floor":2,"turns":1},{"damage":0,"enemies":"2 Louse","floor":3,"turns":1},{"damage":0,"enemies":"Jaw Worm","floor":4,"turns":1},{"damage":14,"enemies":"Gremlin Nob","floor":6,"turns":4},{"damage":9,"enemies":"Blue Slaver","floor":9,"turns":3},{"damage":11,"enemies":"3 Louse","floor":11,"turns":2},{"damage":11,"enemies":"Large Slime","floor":12,"turns":4},{"damage":4,"enemies":"2 Fungi Beasts","floor":14,"turns":3},{"damage":0,"enemies":"Lots of Slimes","floor":15,"turns":1},{"damage":26,"enemies":"downfall:Watcher","floor":16,"turns":7},{"damage":19,"enemies":"Spheric Guardian","floor":19,"turns":4},{"damage":1,"enemies":"Shell Parasite","floor":20,"turns":4},{"damage":61,"enemies":"Gremlin Leader","floor":25,"turns":9}],"seed_played":"5951406103994261114","potions_obtained":[{"floor":9,"key":"SmokeBomb"},{"floor":12,"key":"Weak Potion"},{"floor":14,"key":"FearPotion"},{"floor":16,"key":"FearPotion"}],"is_trial":false,"path_per_floor":["R","M","M","M","?","E","T","R","M","R","M","M","?","M","M","B",null,"R","M","M","?","?","?","T","E"],"character_chosen":"GUARDIAN","items_purchased":[],"campfire_rested":1,"item_purchase_floors":[],"current_hp_per_floor":[80,80,80,80,74,60,60,60,51,75,64,53,53,49,49,23,80,80,61,60,59,59,59,59,0,0,0],"gold":186,"neow_bonus":"THREE_ENEMY_KILL","is_daily":false,"chose_seed":false,"campfire_upgraded":1,"win_rate":0.0,"timestamp":1609342604,"path_taken":["R","M","?","M","?","E","T","R","M","R","M","M","?","M","M","BOSS","R","M","M","?","?","?","T","E"],"items_purchased_type":[],"build_version":"2020-12-22","purchased_purges":0,"victory":false,"max_hp_per_floor":[80,80,80,80,80,80,80,80,80,80,80,80,80,80,80,80,80,80,80,80,80,80,80,80,80,80,80],"card_choices":[{"not_picked":["Guardian:Incinerate","Guardian:PolyBeam"],"picked":"Guardian:FloatingOrbs","floor":2},{"not_picked":["Guardian:TemporalStrike","Guardian:Incinerate"],"picked":"Guardian:WalkerClaw","floor":3},{"not_picked":["Guardian:ShieldCharger","Guardian:PrismaticBeam"],"picked":"Guardian:RefractedBeam","floor":4},{"not_picked":["Guardian:WalkerClaw","Guardian:Suspension"],"picked":"Guardian:PrismaticBeam","floor":6},{"not_picked":["Guardian:Suspension","Guardian:Recover"],"picked":"Guardian:PrismaticBarrier","floor":9},{"not_picked":["Guardian:Reroute","Guardian:Incinerate"],"picked":"Guardian:TemporalStrike","floor":9},{"not_picked":["Guardian:BronzeOrb","Guardian:Gem_White"],"picked":"Guardian:Gem_Red","floor":11},{"not_picked":["Guardian:PrismaticBarrier","Guardian:CrystalBeam"],"picked":"Guardian:ShieldSpikes","floor":11},{"not_picked":["Guardian:RollAttack","Guardian:Incinerate"],"picked":"Guardian:HyperBeam_Guardian","floor":12},{"not_picked":["Guardian:Gem_Cyan","Guardian:ShieldCharger"],"picked":"Guardian:Gem_Purple","floor":12},{"not_picked":["Guardian:PiercingHide","Guardian:Suspension"],"picked":"Guardian:ChargeCore","floor":14},{"not_picked":["Guardian:WalkerClaw","Guardian:RollAttack"],"picked":"Guardian:Gem_Cyan","floor":14},{"not_picked":["Guardian:SphericShield","Guardian:BaubleBeam"],"picked":"Guardian:HyperBeam_Guardian","floor":16},{"not_picked":["Guardian:WalkerClaw+1","Guardian:Gem_Red"],"picked":"Guardian:SpikerProtocol","floor":19},{"not_picked":["Guardian:TimeBomb","Guardian:Recover"],"picked":"Guardian:FloatingOrbs+1","floor":19},{"not_picked":["Guardian:Gem_Lightblue","Guardian:SentryBeam"],"picked":"Guardian:Gem_Blue","floor":20},{"not_picked":["Guardian:RollAttack","Guardian:Planning"],"picked":"Guardian:Incinerate","floor":20},{"not_picked":["Guardian:Recover+1","Guardian:Gem_Green"],"picked":"Guardian:Gem_Cyan","floor":23}],"player_experience":101324,"relics_obtained":[{"floor":6,"key":"Prayer Wheel"},{"floor":7,"key":"Whetstone"},{"floor":24,"key":"construct:RocketBooster"}],"event_choices":[{"damage_healed":0,"gold_gain":0,"player_choice":"","damage_taken":1,"relics_obtained":[],"max_hp_gain":0,"max_hp_loss":0,"event_name":"betterSkull:BetterSkull","floor":21,"gold_loss":0,"cards_upgraded":[]},{"damage_healed":0,"gold_gain":0,"player_choice":"Ignored","damage_taken":0,"max_hp_gain":0,"max_hp_loss":0,"event_name":"betterNote:BetterNote","floor":22,"gold_loss":0,"cards_obtained":["Slimebound:Defend_Slimebound"]},{"damage_healed":0,"gold_gain":0,"player_choice":"2","damage_taken":0,"max_hp_gain":0,"max_hp_loss":0,"event_name":"betterMatch:BetterMatch","floor":23,"gold_loss":0,"cards_obtained":["betterMatch:CommonCard"]}],"is_beta":false,"boss_relics":[{"not_picked":["construct:WeddingRing","hubris:CrackedHourglass"],"picked":"Guardian:ModeShifterPlus"}],"items_purged_floors":[],"is_endless":false,"potions_floor_spawned":[9,12,14,16],"killed_by":"Gremlin Leader","ascension_level":0}}