{"host":"acpsw8r33r8788yr","time":1609359830,"event":{"mods":["BaseMod","Better Altar","Better Skull","Better Third Choice","BetterRewards","Colored Map","Downfall","Hermit","Highlight Path","Hubris","Minty Spire (QoL Compilation)","Quick Restart","Replay The Spire","Robot Space Explorer","Shop Mod","StSLib","SuperFastMode","The Animator","The Bug Knight","The Construct","The Cursed","The Disciple","The Jungle","The Runesmith","The Senshi"],"gold_per_floor":[127,150,150,150,166,201,201,227,254,271,335,335,351,385,385,385,385],"floor_reached":16,"playtime":1102,"items_purged":[],"score":204,"play_id":"6dd94412-e6c1-42c7-89da-acc8c2f2d700","local_time":"20201230122350","is_ascension_mode":true,"campfire_choices":[{"data":"animator:DolaSchwi","floor":15,"key":"SMITH"}],"circlet_count":0,"master_deck":["animator:Strike_OnePunchMan","animator:Defend_OnePunchMan","animator:Strike","animator:Strike","animator:Strike","animator:Defend","animator:Defend","animator:Defend","animator:Genos","animator:MumenRider","animator:Shichika","animator:Togame","animator:DolaSchwi+1","animator:Geryuganshoop","animator:CowGirl","animator:UneriGinkaku","animator:DolaRiku"],"relics":["animator:LivingPicture","animator:TheMissingPiece","NeowsBlessing","Ring of Peace","Ring of Fangs","Gremlin Food","Boot","PreservedInsect","Blue Candle","ReplayTheSpireMod:Lightbulb"],"acts_visited":["Exordium"],"potions_floor_usage":[16,16,16],"damage_taken":[{"damage":0,"enemies":"Cultist","floor":1,"turns":1},{"damage":0,"enemies":"Small Slimes","floor":5,"turns":1},{"damage":0,"enemies":"Lagavulin","floor":6,"turns":2},{"damage":0,"enemies":"2 Louse","floor":8,"turns":3},{"damage":9,"enemies":"Red Slaver","floor":10,"turns":4},{"damage":7,"enemies":"Looter","floor":13,"turns":3},{"damage":21,"enemies":"Gremlin Nob","floor":14,"turns":4},{"damage":30,"enemies":"Fading Forest","floor":16,"turns":11}],"seed_played":"2164571021423595884","potions_obtained":[{"floor":4,"key":"Dexterity Potion"},{"floor":4,"key":"Languid Potion"},{"floor":4,"key":"sneckomod:MuddlingPotion"},{"floor":10,"key":"Cursed Concoction"},{"floor":11,"key":"Energy Potion"},{"floor":14,"key":"Block Potion"}],"is_trial":false,"path_per_floor":["M","T","?","?","M","E","$","M","T","M","?","T","M","E","R","B"],"character_chosen":"THE_ANIMATOR","items_purchased":[],"campfire_rested":0,"item_purchase_floors":[],"current_hp_per_floor":[66,66,66,66,67,67,67,67,67,58,58,58,51,30,30,14,14],"gold":385,"neow_bonus":"THREE_ENEMY_KILL","is_daily":false,"chose_seed":false,"campfire_upgraded":1,"win_rate":0.0,"timestamp":1609359830,"path_taken":["M","?","?","?","M","E","$","M","T","?","?","?","M","E","R","BOSS"],"items_purchased_type":[],"build_version":"2020-12-22","purchased_purges":0,"victory":false,"max_hp_per_floor":[66,66,66,66,67,67,67,67,67,67,67,67,67,67,67,67,67],"card_choices":[{"not_picked":["animator:SilverFang","animator:DwarfShaman"],"picked":"animator:Shichika","floor":1},{"not_picked":["animator:Melzalgald","animator:DolaSchwi"],"picked":"animator:Togame","floor":5},{"not_picked":["animator:SilverFang","animator:Witch"],"picked":"animator:DolaSchwi","floor":6},{"not_picked":["animator:Genos","animator:Sonic"],"picked":"animator:Geryuganshoop","floor":8},{"not_picked":["animator:Sloth","animator:Emonzaemon"],"picked":"animator:CowGirl","floor":10},{"not_picked":["animator:ElricEdward","animator:SilverFang"],"picked":"animator:UneriGinkaku","floor":11},{"not_picked":["animator:Geryuganshoop","animator:Genos"],"picked":"animator:DolaRiku","floor":13},{"not_picked":["animator:Geryuganshoop","animator:Sloth","animator:Caster"],"picked":"SKIP","floor":14}],"player_experience":409938,"relics_obtained":[{"floor":3,"key":"Ring of Peace"},{"floor":3,"key":"Ring of Fangs"},{"floor":6,"key":"Gremlin Food"},{"floor":9,"key":"Boot"},{"floor":11,"key":"PreservedInsect"},{"floor":12,"key":"Blue Candle"},{"floor":14,"key":"ReplayTheSpireMod:Lightbulb"}],"event_choices":[{"damage_healed":0,"gold_gain":0,"player_choice":"Got Potions","damage_taken":0,"max_hp_gain":0,"max_hp_loss":0,"event_name":"Lab","floor":4,"gold_loss":0}],"is_beta":false,"boss_relics":[],"items_purged_floors":[],"is_endless":false,"potions_floor_spawned":[10,13,14,16],"killed_by":"Fading Forest","ascension_level":2}}