{"host":"gzsdmyo07u314vug","time":1609292314,"event":{"mods":["2.2 Compatiblity","BaseMod","Downfall","GifTheSpireLib","Minty Spire (QoL Compilation)","Quick Restart","Rare Cards Sparkle","Relic Stats","Replay The Spire","Shop Mod","StSLib","The Bug Knight","The Construct","The Elementalist","The Servant 0.9.4","Unceasing Turn Reminder","everything is the same but u backflip on backflip","slay the spire mod where everything is the same but ironclad has a cowboy hat","vexMod"],"gold_per_floor":[115,115,135,135,47,77,90,90,140,140,165,165,165,165],"floor_reached":13,"playtime":377,"items_purged":[],"score":232,"play_id":"4085d735-d9ab-4ab3-98d1-5c85f21ddecb","local_time":"20201229223834","is_ascension_mode":true,"campfire_choices":[{"data":"Noxious Fumes","floor":8,"key":"SMITH"},{"data":"Dagger Spray","floor":10,"key":"SMITH"},{"floor":12,"key":"REST"}],"circlet_count":0,"master_deck":["AscendersBane","Strike_G","Strike_G","Strike_G","Strike_G","Strike_G","Defend_G","Defend_G","Defend_G","Defend_G","Defend_G","Survivor","Neutralize","Deflect","Deflect","Dagger Spray+1","Noxious Fumes+1","Backflip+1","Acrobatics+1","Deadly Poison"],"relics":["Ring of the Snake","NeowsBlessing","Nunchaku","War Paint","Snack Pack"],"acts_visited":["Exordium"],"potions_floor_usage":[12,13],"damage_taken":[{"damage":0.0,"enemies":"Small Slimes","floor":1.0,"turns":1.0},{"damage":0,"enemies":"Cultist","floor":3,"turns":1},{"damage":0,"enemies":"HollowMod:MossKnight","floor":6,"turns":1},{"damage":0,"enemies":"2 Louse","floor":7,"turns":2},{"damage":36,"enemies":"Lagavulin","floor":11,"turns":8},{"damage":45,"enemies":"Gremlin Nob","floor":13,"turns":4}],"seed_played":"-1497220516652248927","potions_obtained":[{"floor":6,"key":"Fruit Juice"},{"floor":11,"key":"construct:ShiftPotion"}],"is_trial":false,"path_per_floor":["M","?","M","?","$","E","M","R","T","R","E","R","E"],"character_chosen":"THE_SILENT","items_purchased":["Noxious Fumes"],"campfire_rested":1,"item_purchase_floors":[5],"current_hp_per_floor":[59,59,59,50,50,50,50,50,50,50,14,38,0,0],"gold":165,"neow_bonus":"THREE_ENEMY_KILL","is_daily":false,"chose_seed":false,"campfire_upgraded":2,"win_rate":0.0,"timestamp":1609292314,"path_taken":["M","?","?","?","$","E","?","R","T","R","E","R","E"],"items_purchased_type":["Card"],"build_version":"2020-12-22","purchased_purges":0,"victory":false,"max_hp_per_floor":[66,66,66,66,66,66,66,66,66,66,66,71,71,71],"relic_stats":{"Nunchaku":[2],"counters":[6,17],"War Paint":["Acrobatics","Backflip"],"obtain_stats":[{"Nunchaku":6,"NeowsBlessing":0,"Snack Pack":11,"War Paint":9,"Ring of the Snake":0},{"Nunchaku":3,"NeowsBlessing":0,"Snack Pack":5,"War Paint":4,"Ring of the Snake":0},{"Nunchaku":3,"NeowsBlessing":0,"Snack Pack":13,"War Paint":5,"Ring of the Snake":0}],"Ring of the Snake":[12]},"card_choices":[{"not_picked":["Outmaneuver","PiercingWail"],"picked":"Deflect","floor":1.0},{"not_picked":["Dagger Throw","Blur"],"picked":"Dagger Spray","floor":3},{"not_picked":["Sucker Punch","Storm of Steel"],"picked":"Backflip","floor":6},{"not_picked":["Choke","PiercingWail"],"picked":"Acrobatics","floor":7},{"not_picked":["Bane","Finisher"],"picked":"Deadly Poison","floor":11}],"player_experience":598415,"relics_obtained":[{"floor":6,"key":"Nunchaku"},{"floor":9,"key":"War Paint"},{"floor":11,"key":"Snack Pack"}],"event_choices":[{"damage_healed":0,"gold_gain":0,"player_choice":"1 cards matched","damage_taken":0,"max_hp_gain":0,"max_hp_loss":0,"event_name":"Match and Keep!","floor":2,"gold_loss":0,"cards_obtained":["Deflect"]},{"damage_healed":0,"gold_gain":0,"player_choice":"Damaged","damage_taken":9,"max_hp_gain":0,"max_hp_loss":0,"event_name":"Wheel of Change","floor":4,"gold_loss":0}],"is_beta":false,"boss_relics":[],"items_purged_floors":[],"is_endless":false,"potions_floor_spawned":[6,11],"killed_by":"Gremlin Nob","ascension_level":20}}