{"host":"vpxex9ryma3s0oll","time":1609303356,"event":{"mods":["AchievementEnabler","BaseMod","Bestiary","Minty Spire (QoL Compilation)","Quick Restart","Shop Mod","StSLib"],"gold_per_floor":[115,127,147,147,165,200,219,251,277,297,297,297,186,202,202,307,307,317,331,154,154,154,181,181,214,238,255,255,6,33,47,47,151,151,171,191,191,210,60,60,60,77,77,5,15,15,40,90,90,90,90,90,15,45,45],"floor_reached":56,"playtime":3168,"items_purged":["Defend_G","Strike_G","Strike_G","Strike_G"],"score":1346,"play_id":"4476e49a-9963-43f4-bc06-01e55772fffd","local_time":"20201229234236","is_ascension_mode":true,"campfire_choices":[{"data":"Crippling Poison","floor":11.0,"key":"SMITH"},{"data":"Noxious Fumes","floor":15.0,"key":"SMITH"},{"floor":24.0,"key":"RECALL"},{"data":"After Image","floor":28.0,"key":"SMITH"},{"floor":32.0,"key":"REST"},{"floor":40.0,"key":"REST"},{"data":"Wraith Form v2","floor":41.0,"key":"SMITH"},{"data":"Envenom","floor":46.0,"key":"SMITH"},{"floor":49.0,"key":"REST"},{"data":"Footwork","floor":52.0,"key":"SMITH"}],"circlet_count":0,"master_deck":["Strike_G","Strike_G","Defend_G","Defend_G","Defend_G","Survivor","Neutralize","Deadly Poison","Crippling Poison+1","Backflip","Deadly Poison","Noxious Fumes+1","CurseOfTheBell","Masterful Stab","Caltrops","Footwork+1","After Image+1","Noxious Fumes","PiercingWail","Deadly Poison+1","Envenom+1","Wraith Form v2+1","PiercingWail+1","Flying Knee+1","Tools of the Trade","Catalyst","Footwork+1"],"relics":["Ring of the Serpent","FaceOfCleric","PreservedInsect","WingedGreaves","Paper Crane","Calling Bell","Vajra","Meat on the Bone","CaptainsWheel","Potion Belt","Orichalcum","Dream Catcher","Incense Burner","Molten Egg 2","Centennial Puzzle","StoneCalendar","Toy Ornithopter"],"acts_visited":["Exordium","TheCity","TheBeyond","TheEnding"],"potions_floor_usage":[55,55,55,55],"damage_taken":[{"damage":0.0,"enemies":"Cultist","floor":1.0,"turns":5.0},{"damage":0.0,"enemies":"Small Slimes","floor":2.0,"turns":3.0},{"damage":0.0,"enemies":"Jaw Worm","floor":3.0,"turns":4.0},{"damage":0.0,"enemies":"Exordium Wildlife","floor":5.0,"turns":3.0},{"damage":7.0,"enemies":"3 Sentries","floor":6.0,"turns":10.0},{"damage":4.0,"enemies":"Looter","floor":7.0,"turns":3.0},{"damage":11.0,"enemies":"Gremlin Nob","floor":8.0,"turns":4.0},{"damage":5.0,"enemies":"Red Slaver","floor":10.0,"turns":4.0},{"damage":0.0,"enemies":"Large Slime","floor":14.0,"turns":6.0},{"damage":32.0,"enemies":"The Guardian","floor":16.0,"turns":8.0},{"damage":0.0,"enemies":"Chosen","floor":18.0,"turns":4.0},{"damage":9.0,"enemies":"3 Byrds","floor":19.0,"turns":5.0},{"damage":10.0,"enemies":"Book of Stabbing","floor":23.0,"turns":5.0},{"damage":0.0,"enemies":"Gremlin Leader","floor":25.0,"turns":4.0},{"damage":14.0,"enemies":"Centurion and Healer","floor":27.0,"turns":8.0},{"damage":37.0,"enemies":"Book of Stabbing","floor":30.0,"turns":6.0},{"damage":14.0,"enemies":"Shelled Parasite and Fungi","floor":31.0,"turns":5.0},{"damage":46.0,"enemies":"Automaton","floor":33.0,"turns":9.0},{"damage":3.0,"enemies":"Orb Walker","floor":35.0,"turns":5.0},{"damage":35.0,"enemies":"3 Darklings","floor":36.0,"turns":5.0},{"damage":25.0,"enemies":"4 Shapes","floor":38.0,"turns":4.0},{"damage":6.0,"enemies":"Jaw Worm Horde","floor":42.0,"turns":5.0},{"damage":28.0,"enemies":"Spire Growth","floor":45.0,"turns":8.0},{"damage":13.0,"enemies":"Reptomancer","floor":47.0,"turns":6.0},{"damage":21.0,"enemies":"2 Orb Walkers","floor":48.0,"turns":7.0},{"damage":47.0,"enemies":"Time Eater","floor":50.0,"turns":14.0},{"damage":35,"enemies":"Shield and Spear","floor":54,"turns":7},{"damage":14,"enemies":"The Heart","floor":55,"turns":11}],"seed_played":"-3826629637371697368","potions_obtained":[{"floor":2.0,"key":"Strength Potion"},{"floor":3.0,"key":"Fire Potion"},{"floor":5.0,"key":"SkillPotion"},{"floor":7.0,"key":"LiquidMemories"},{"floor":14.0,"key":"LiquidBronze"},{"floor":16.0,"key":"FearPotion"},{"floor":25.0,"key":"SpeedPotion"},{"floor":30.0,"key":"DistilledChaos"},{"floor":31.0,"key":"Ancient Potion"},{"floor":38.0,"key":"Swift Potion"},{"floor":42.0,"key":"Energy Potion"},{"floor":54,"key":"SkillPotion"}],"is_trial":false,"path_per_floor":["M","M","M","?","M","E","M","E","T","M","R","T","$","M","R","B",null,"M","M","$","?","?","E","R","E","T","M","R","$","E","M","R","B",null,"M","M","?","M","$","R","R","M","T","$","M","R","E","?","R","B",null,"R","$","E","B",null],"character_chosen":"THE_SILENT","items_purchased":["Noxious Fumes","Footwork","Noxious Fumes","PiercingWail","LiquidBronze","Catalyst"],"campfire_rested":3,"item_purchase_floors":[13,20,29,29,44,53],"current_hp_per_floor":[77,77,77,77,78,72,69,59,59,55,55,55,55,56,56,25,84,85,77,77,77,96,87,87,88,88,75,75,75,51,50,80,47,102,100,66,66,54,54,85,85,80,80,80,65,65,65,57,89,55,110,110,110,76,83],"gold":45,"neow_bonus":"TEN_PERCENT_HP_BONUS","is_daily":false,"chose_seed":false,"campfire_upgraded":6,"win_rate":0.0,"timestamp":1609303356,"path_taken":["M","?","M","?","?","E","M","E","T","M","R","?","$","M","R","BOSS","M","M","$","?","?","E","R","E","T","M","R","$","E","?","R","BOSS","M","M","?","M","$","R","R","M","T","$","M","R","E","?","R","BOSS","R","$","E","BOSS"],"items_purchased_type":["Card","Card","Card","Card","Potion","Card"],"build_version":"2020-12-22","purchased_purges":4,"victory":true,"max_hp_per_floor":[77,77,77,77,78,79,80,81,81,82,82,82,82,83,83,84,84,85,86,86,86,96,97,97,98,98,99,99,99,100,101,101,102,102,103,104,104,105,105,105,105,106,106,106,107,107,108,109,109,110,110,110,110,111,112],"card_choices":[{"not_picked":["Endless Agony","Expertise"],"picked":"Deadly Poison","floor":1.0},{"not_picked":["Acrobatics","Reflex","Bane"],"picked":"SKIP","floor":2.0},{"not_picked":["Dagger Throw","Heel Hook"],"picked":"Crippling Poison","floor":3.0},{"not_picked":["Dagger Throw","Infinite Blades"],"picked":"Backflip","floor":5.0},{"not_picked":["Acrobatics","Quick Slash","Bane"],"picked":"SKIP","floor":6.0},{"not_picked":["Calculated Gamble","Deflect"],"picked":"Deadly Poison","floor":7.0},{"not_picked":["Dagger Throw","Crippling Poison","Deadly Poison"],"picked":"SKIP","floor":8.0},{"not_picked":["Eviscerate","Underhanded Strike","Outmaneuver"],"picked":"SKIP","floor":10.0},{"not_picked":["Slice","Dagger Throw"],"picked":"Glass Knife","floor":14.0},{"not_picked":["Bane","Blur+1"],"picked":"Masterful Stab","floor":18.0},{"not_picked":["Slice","Prepared"],"picked":"Caltrops","floor":19.0},{"not_picked":["Backflip","Bane","Quick Slash+1"],"picked":"SKIP","floor":23.0},{"not_picked":["Flechettes","Masterful Stab"],"picked":"After Image","floor":25.0},{"not_picked":["Underhanded Strike","Calculated Gamble","Deflect"],"picked":"SKIP","floor":27.0},{"not_picked":["Outmaneuver","Prepared+1","Terror"],"picked":"SKIP","floor":30.0},{"not_picked":["Backstab","Bane+1"],"picked":"Deadly Poison+1","floor":31.0},{"not_picked":["Doppelganger","Night Terror"],"picked":"Envenom","floor":33.0},{"not_picked":["Underhanded Strike","Acrobatics","Backflip+1"],"picked":"SKIP","floor":35.0},{"not_picked":["Backstab","Footwork+1"],"picked":"Wraith Form v2","floor":36.0},{"not_picked":["Escape Plan","Underhanded Strike","All Out Attack"],"picked":"SKIP","floor":38.0},{"not_picked":["Quick Slash","Dodge and Roll"],"picked":"PiercingWail+1","floor":42.0},{"not_picked":["Calculated Gamble+1","Prepared+1","Riddle With Holes+1"],"picked":"SKIP","floor":45.0},{"not_picked":["PiercingWail","Bane+1"],"picked":"Flying Knee+1","floor":47.0},{"not_picked":["Flying Knee+1","Dodge and Roll+1"],"picked":"Tools of the Trade","floor":48.0},{"not_picked":["Tools of the Trade","PiercingWail"],"picked":"Footwork+1","floor":54}],"player_experience":50535,"relics_obtained":[{"floor":6.0,"key":"PreservedInsect"},{"floor":8.0,"key":"WingedGreaves"},{"floor":12.0,"key":"Paper Crane"},{"floor":17.0,"key":"Vajra"},{"floor":17.0,"key":"Meat on the Bone"},{"floor":17.0,"key":"CaptainsWheel"},{"floor":23.0,"key":"Potion Belt"},{"floor":25.0,"key":"Orichalcum"},{"floor":26.0,"key":"Dream Catcher"},{"floor":30.0,"key":"Incense Burner"},{"floor":43.0,"key":"Molten Egg 2"},{"floor":47.0,"key":"Centennial Puzzle"},{"floor":48.0,"key":"StoneCalendar"},{"floor":54,"key":"Toy Ornithopter"}],"event_choices":[{"damage_healed":0.0,"max_hp_gain":0.0,"max_hp_loss":0.0,"gold_gain":0.0,"event_name":"FaceTrader","player_choice":"Trade","floor":4.0,"gold_loss":0.0,"damage_taken":0.0,"relics_obtained":["FaceOfCleric"]},{"cards_removed":["Defend_G"],"damage_healed":0.0,"max_hp_gain":0.0,"max_hp_loss":0.0,"gold_gain":0.0,"event_name":"Back to Basics","player_choice":"Elegance","floor":21.0,"gold_loss":0.0,"damage_taken":0.0},{"cards_removed":["Glass Knife"],"damage_healed":9.0,"max_hp_gain":10.0,"max_hp_loss":0.0,"gold_gain":0.0,"event_name":"Bonfire Elementals","player_choice":"Offered Rare","floor":22.0,"gold_loss":0.0,"damage_taken":0.0},{"damage_healed":0.0,"max_hp_gain":0.0,"max_hp_loss":0.0,"gold_gain":0.0,"event_name":"Tomb of Lord Red Mask","player_choice":"Ignored","floor":37.0,"gold_loss":0.0,"damage_taken":0.0},{"damage_healed":0.0,"max_hp_gain":0.0,"max_hp_loss":0.0,"gold_gain":0.0,"event_name":"Mysterious Sphere","player_choice":"Fight","floor":48.0,"gold_loss":0.0,"damage_taken":0.0}],"is_beta":false,"boss_relics":[{"not_picked":["Philosopher\u0027s Stone","SlaversCollar"],"picked":"Calling Bell"},{"not_picked":["Snecko Eye","Black Star"],"picked":"Ring of the Serpent"}],"items_purged_floors":[13,20,29,39],"is_endless":false,"potions_floor_spawned":[2,3,5,7,14,16,25,30,31,38,42,54],"ascension_level":1}}