{"host":"msa0wxqjs3jv1k3j","time":1609331634,"event":{"mods":["BaseMod","BetterRewards","Colored Map","Highlight Path","KOR Keyword Fix","Keyboard Shortcuts","Minty Spire (QoL Compilation)","Quick Restart","SuperFastMode","everything is the same but u backflip on backflip"],"gold_per_floor":[115,131,131,149,74,102,102,143,143,143,158,158,175,250,250,361,361,378,278,203,203,203,302,302,302,302,302,302,312,324,343,343,455,455,471,471,471],"floor_reached":36,"playtime":1319,"items_purged":["Twin Strike","Armaments"],"score":370,"play_id":"ad66af4a-54fc-47c3-8525-0dc274264229","local_time":"20201230213354","daily_mods":["Draft","Vintage","Allstar","Heirloom","Time Dilation","Flight"],"is_ascension_mode":false,"campfire_choices":[{"data":"Body Slam","floor":7,"key":"SMITH"},{"data":"Armaments","floor":10,"key":"SMITH"},{"data":"Pommel Strike","floor":15,"key":"SMITH"},{"data":"Flame Barrier","floor":25,"key":"SMITH"},{"data":"Bludgeon","floor":27,"key":"SMITH"},{"data":"Flex","floor":28,"key":"SMITH"},{"data":"Intimidate","floor":32,"key":"SMITH"}],"circlet_count":0,"master_deck":["Flex+1","Feel No Pain","Pommel Strike+1","Flame Barrier+1","Pommel Strike+1","Body Slam+1","Dual Wield","Cleave+1","Armaments+1","Intimidate+1","Shrug It Off","Bludgeon+1","Demon Form"],"relics":["Burning Blood","StoneCalendar","Sundial","Gremlin Horn","Bottled Tornado","CeramicFish","StrikeDummy","Self Forming Clay","HornCleat","Mummified Hand","SlaversCollar","Whetstone","InkBottle","Toxic Egg 2","Bottled Flame","Red Skull","Charon\u0027s Ashes","Black Star","Blood Vial"],"acts_visited":["Exordium","TheCity","TheBeyond"],"potions_floor_usage":[33,33,33,33],"damage_taken":[{"damage":1,"enemies":"Cultist","floor":1,"turns":3},{"damage":0,"enemies":"2 Louse","floor":2,"turns":1},{"damage":0,"enemies":"Small Slimes","floor":4,"turns":2},{"damage":4,"enemies":"Lagavulin","floor":6,"turns":4},{"damage":2,"enemies":"Gremlin Nob","floor":8,"turns":3},{"damage":28,"enemies":"Gremlin Gang","floor":11,"turns":3},{"damage":0,"enemies":"2 Fungi Beasts","floor":13,"turns":2},{"damage":5,"enemies":"Hexaghost","floor":16,"turns":8},{"damage":21,"enemies":"3 Byrds","floor":18,"turns":4},{"damage":0,"enemies":"Spheric Guardian","floor":29,"turns":3},{"damage":0,"enemies":"Snake Plant","floor":30,"turns":3},{"damage":0,"enemies":"Snecko","floor":31,"turns":3},{"damage":43,"enemies":"Champ","floor":33,"turns":6},{"damage":14,"enemies":"3 Shapes","floor":35,"turns":3},{"damage":91,"enemies":"2 Orb Walkers","floor":36,"turns":6}],"seed_played":"6874156606782875197","potions_obtained":[{"floor":1,"key":"DistilledChaos"},{"floor":8,"key":"Fire Potion"},{"floor":13,"key":"EntropicBrew"}],"is_trial":true,"path_per_floor":["M","M","?","M","$","E","R","E","T","R","M","?","M","?","R","B",null,"M","$","?","T","?","?","?","R","T","R","R","M","M","M","R","B",null,"M","?"],"character_chosen":"IRONCLAD","items_purchased":[],"campfire_rested":0,"item_purchase_floors":[],"current_hp_per_floor":[80,80,80,80,80,80,80,80,80,80,58,58,64,53,53,54,80,65,65,65,65,65,65,70,70,70,70,70,76,80,80,80,43,80,72,0,0],"gold":471,"neow_bonus":"","is_daily":false,"chose_seed":false,"campfire_upgraded":7,"win_rate":0.0,"timestamp":1609331634,"path_taken":["M","?","?","?","$","E","R","E","T","R","M","?","?","?","R","BOSS","M","$","?","?","?","?","?","R","T","R","R","M","M","M","R","BOSS","M","?"],"items_purchased_type":[],"build_version":"2020-12-22","purchased_purges":2,"victory":false,"max_hp_per_floor":[80,80,80,80,80,80,80,80,80,80,80,80,80,80,80,80,80,80,80,80,80,80,80,80,80,80,80,80,80,80,80,80,80,80,80,80,80],"card_choices":[{"not_picked":["Iron Wave","Combust"],"picked":"Twin Strike","floor":0},{"not_picked":["Shrug It Off","Iron Wave"],"picked":"Flex","floor":0},{"not_picked":["Flex","Combust"],"picked":"Feel No Pain","floor":0},{"not_picked":["Clash","Warcry"],"picked":"True Grit","floor":0},{"not_picked":["Twin Strike","Flame Barrier"],"picked":"Armaments","floor":0},{"not_picked":["Reckless Charge","Armaments"],"picked":"Pommel Strike","floor":0},{"not_picked":["Clothesline","Flex"],"picked":"Flame Barrier","floor":0},{"not_picked":["Combust","Cleave"],"picked":"Pommel Strike","floor":0},{"not_picked":["Spot Weakness","Flex"],"picked":"Body Slam","floor":0},{"not_picked":["Anger","Pommel Strike"],"picked":"Dual Wield","floor":0},{"not_picked":["Flame Barrier","Pummel"],"picked":"Thunderclap","floor":0},{"not_picked":["True Grit","Havoc"],"picked":"Clash","floor":0},{"not_picked":["Armaments","Iron Wave"],"picked":"Cleave","floor":0},{"not_picked":["Clothesline","Thunderclap"],"picked":"Armaments","floor":0},{"not_picked":["Anger","Pommel Strike"],"picked":"Intimidate","floor":0},{"not_picked":["Iron Wave","Impervious","Havoc"],"picked":"SKIP","floor":6},{"not_picked":["Burning Pact","Sword Boomerang"],"picked":"Shrug It Off","floor":8},{"not_picked":["Reaper","Fiend Fire"],"picked":"Bludgeon","floor":16},{"not_picked":["Feed","Exhume+1"],"picked":"Demon Form","floor":33}],"player_experience":21202,"relics_obtained":[{"floor":1,"key":"Sundial"},{"floor":2,"key":"Gremlin Horn"},{"floor":4,"key":"Bottled Tornado"},{"floor":6,"key":"CeramicFish"},{"floor":8,"key":"StrikeDummy"},{"floor":9,"key":"Self Forming Clay"},{"floor":11,"key":"HornCleat"},{"floor":13,"key":"Mummified Hand"},{"floor":18,"key":"Whetstone"},{"floor":21,"key":"InkBottle"},{"floor":26,"key":"Toxic Egg 2"},{"floor":29,"key":"Bottled Flame"},{"floor":30,"key":"Red Skull"},{"floor":31,"key":"Charon\u0027s Ashes"},{"floor":35,"key":"Blood Vial"}],"event_choices":[{"damage_healed":0,"gold_gain":0,"player_choice":"Bought 0 Potions","damage_taken":0,"max_hp_gain":0,"max_hp_loss":0,"event_name":"The Woman in Blue","floor":3,"gold_loss":0},{"cards_removed":["True Grit"],"damage_healed":0,"gold_gain":0,"player_choice":"Purged","damage_taken":0,"max_hp_gain":0,"max_hp_loss":0,"event_name":"Purifier","floor":12,"gold_loss":0},{"damage_healed":0,"gold_gain":75,"player_choice":"Gather Gold","damage_taken":11,"max_hp_gain":0,"max_hp_loss":0,"event_name":"World of Goop","floor":14,"gold_loss":0},{"cards_removed":["Clash"],"damage_healed":0,"gold_gain":0,"player_choice":"Gave Gold","damage_taken":0,"max_hp_gain":0,"max_hp_loss":0,"event_name":"Beggar","floor":20,"gold_loss":75},{"damage_healed":0,"gold_gain":0,"player_choice":"Ignored","damage_taken":0,"max_hp_gain":0,"max_hp_loss":0,"event_name":"Vampires","floor":22,"gold_loss":0},{"damage_healed":0,"gold_gain":99,"player_choice":"Stole From Cult","damage_taken":0,"max_hp_gain":0,"max_hp_loss":0,"event_name":"Nest","floor":23,"gold_loss":0},{"cards_removed":["Thunderclap"],"damage_healed":5,"gold_gain":0,"player_choice":"Offered Common","damage_taken":0,"max_hp_gain":0,"max_hp_loss":0,"event_name":"Bonfire Elementals","floor":24,"gold_loss":0},{"cards_removed":["Thunderclap"],"damage_healed":5,"gold_gain":0,"player_choice":"Offered Special","damage_taken":0,"max_hp_gain":0,"max_hp_loss":0,"event_name":"Bonfire Elementals","floor":24,"gold_loss":0},{"damage_healed":0,"gold_gain":0,"player_choice":"Fight","damage_taken":0,"max_hp_gain":0,"max_hp_loss":0,"event_name":"Mysterious Sphere","floor":36,"gold_loss":0}],"is_beta":false,"boss_relics":[{"not_picked":["Coffee Dripper","Mark of Pain"],"picked":"SlaversCollar"},{"not_picked":["Astrolabe","Cursed Key"],"picked":"Black Star"}],"items_purged_floors":[5,19],"is_endless":false,"potions_floor_spawned":[1,8,13,16,18,31],"killed_by":"2 Orb Walkers","ascension_level":0}}