{"host":"ymw71f7rc9ndansy","time":1609314248,"event":{"mods":["ATMod(°¢èªMod)","Act Like it!","Arknights The Spire","Aspiration","BaseMod","DeckTracker","Hubris","Library of Ruina","Library of Ruina Extra","Lobotomy","LobotomyExtend","Minty Spire (QoL Compilation)","MostiFishMod","Remove Card Discount Mod","Replay The Spire","StSLib","TestMod","¡¾ÒÅÎï¿¨ÅÆ¡¿REMEMod"],"gold_per_floor":[118,131,149,260,275,306,306,138,185,253,306,373,459,574,574,730,730,799,400,566,200,265,370,442,547,588,694,694,766,766,880,880,920,920],"floor_reached":33,"playtime":1397,"items_purged":["ats:Strike G","ats:Magnetic Hammer","AT_FamilyPortrait","ats:Strike V","ats:Strike S","ats:Strike C","ats:Armor Crushing Shot","ats:Emotion Absorption","ats:Defend"],"score":344,"play_id":"2b3a485c-563c-4315-880d-b4ad5c8bc0da","local_time":"20201230154408","is_ascension_mode":false,"campfire_choices":[{"floor":15,"key":"REST"},{"data":"ats:Roar Of Ursus","floor":28,"key":"SMITH"},{"data":"ats:Thorns","floor":30,"key":"SMITH"},{"data":"ats:Dogmatic Field","floor":32,"key":"SMITH"}],"circlet_count":0,"master_deck":["ats:Defend","ats:Defend","ats:Defend","ats:Echo Reverb","ats:Closed Bolt Burst Fire","ats:Roar Of Ursus+1","ats:Dogmatic Field+1","ats:Charging Defense","ats:Rat Pack","ats:Thorns+1","ats:Shadow Assault","ats:Composite Medical Shells","ats:Soul Absorption+1"],"relics":["ats:Sanity","testmod-TestBox","DaveBox","REME_ComplimentaryCards","AT_ATBox","BirthdayGift-Tetrahedron","testmod-EqualTreatment","SynthV:TestCard","RedMistMask","ats:Originium","ats:Spiritual Recovery","hubris:Towel","AT_MibuBalloonWealth","ats:Gyao","Philosopher\u0027s Stone","Mummified Hand","Art of War","Red Mask","Replay:Mystery Machine","AT_SpeedBoots","testmod-IndustrialRevolution"],"acts_visited":["Exordium","TheCity"],"potions_floor_usage":[10,11,11,14],"damage_taken":[{"damage":2,"enemies":"Small Slimes","floor":1,"turns":2},{"damage":7,"enemies":"Jaw Worm","floor":2,"turns":2},{"damage":2,"enemies":"2 Louse","floor":3,"turns":2},{"damage":13,"enemies":"Blue Slaver","floor":4,"turns":2},{"damage":2,"enemies":"Large Slime","floor":5,"turns":2},{"damage":4,"enemies":"3 Sentries","floor":6,"turns":3},{"damage":2,"enemies":"2 Fungi Beasts","floor":10,"turns":2},{"damage":6,"enemies":"Lagavulin","floor":11,"turns":4},{"damage":2,"enemies":"Red Slaver","floor":12,"turns":2},{"damage":2,"enemies":"Looter","floor":13,"turns":2},{"damage":2,"enemies":"Exordium Thugs","floor":14,"turns":2},{"damage":11,"enemies":"Hexaghost","floor":16,"turns":4},{"damage":28,"enemies":"Shell Parasite","floor":18,"turns":3},{"damage":14,"enemies":"Masked Bandits","floor":20,"turns":2},{"damage":2,"enemies":"Chosen","floor":22,"turns":2},{"damage":15,"enemies":"Centurion and Healer","floor":23,"turns":2},{"damage":37,"enemies":"Snake Plant","floor":24,"turns":4},{"damage":4,"enemies":"Cultist and Chosen","floor":25,"turns":3},{"damage":4,"enemies":"Chosen and Byrds","floor":27,"turns":2},{"damage":2,"enemies":"Snecko","floor":29,"turns":2},{"damage":13,"enemies":"Shelled Parasite and Fungi","floor":31,"turns":2},{"damage":21,"enemies":"RedHoodMercenary","floor":33,"turns":3}],"seed_played":"4798751753031792909","potions_obtained":[{"floor":0,"key":"Dexterity Potion"},{"floor":0,"key":"BlessingOfTheForge"},{"floor":0,"key":"testmod-TimePotion"},{"floor":4,"key":"EntropicBrew"},{"floor":12,"key":"Swift Potion"},{"floor":20,"key":"Weak Potion"},{"floor":22,"key":"Adrenaline Potion"},{"floor":27,"key":"testmod-TestPotion"},{"floor":31,"key":"Adrenaline Potion"}],"is_trial":false,"path_per_floor":["M","M","M","M","M","E","?","$","T","M","E","M","M","M","R","B",null,"M","$","?","$","M","M","M","M","T","M","R","M","R","M","R","B"],"character_chosen":"DOCTOR_CLASS","items_purchased":["testmod-SpacePotion","ats:Closed Bolt Burst Fire","Mummified Hand","Art of War","ats:Thorns","Replay:Mystery Machine","AT_SpeedBoots"],"campfire_rested":1,"item_purchase_floors":[8,8,19,19,21,21,21],"current_hp_per_floor":[70,63,61,48,46,42,42,42,42,40,34,32,30,28,49,38,72,54,54,53,53,72,68,72,72,72,72,72,70,70,72,72,72,72],"gold":920,"neow_bonus":"THREE_SMALL_POTIONS","is_daily":false,"chose_seed":false,"campfire_upgraded":3,"win_rate":0.0,"timestamp":1609314248,"path_taken":["M","M","M","M","M","E","?","$","T","M","E","M","M","M","R","BOSS","M","$","?","$","M","M","M","M","T","M","R","M","R","M","R","BOSS"],"items_purchased_type":["Potion","Card","Relic","Relic","Card","Relic","Relic"],"build_version":"2020-12-22","purchased_purges":9,"victory":false,"max_hp_per_floor":[72,72,72,72,72,72,72,72,72,72,72,72,72,72,72,72,72,72,72,72,72,72,72,72,72,72,72,72,72,72,72,72,72,72],"card_choices":[{"not_picked":["ats:Assault Order","ats:Ignite"],"picked":"ats:Magnetic Hammer","floor":1},{"not_picked":["ats:Demon Strength","ats:Shell Defense","ats:Part Time Job","ats:Cat Scratch"],"picked":"ats:Echo Reverb","floor":2},{"not_picked":["ats:Poison Spread","ats:Childhood Dance","ats:Steam Pump","ats:Cat Scratch","ats:Apocalypse"],"picked":"SKIP","floor":3},{"not_picked":["ats:Shell Defense","ats:Defend Order","ats:Collapsing Strike","ats:Explosion Area Strengthen","ats:Flexible Camouflage"],"picked":"SKIP","floor":4},{"not_picked":["ats:Soul Absorption","ats:Childhood Dance","ats:Explosion Area Strengthen","ats:Hammer On","ats:Healing Drone"],"picked":"SKIP","floor":5},{"not_picked":["ats:Thorns","ats:Apocalypse","ats:Beaten Up","ats:Consecutive Shot Auto","ats:Ignite"],"picked":"SKIP","floor":6},{"not_picked":["ats:Shadow Raid","ats:Leaping Hammer","ats:Automatic Cover","ats:Flame Of Heaven","ats:Neurotoxin"],"picked":"SKIP","floor":10},{"not_picked":["ats:Steam Pump","ats:Explosion Area Strengthen","ats:Ignite","ats:Defend Order","ats:Consecutive Shot Auto"],"picked":"SKIP","floor":11},{"not_picked":["ats:Explosion Area Strengthen","ats:Curse Doll","ats:Consecutive Shot Auto","ats:Cat Scratch","ats:Revitalization"],"picked":"SKIP","floor":12},{"not_picked":["ats:Revitalization","ats:Ignite","ats:Chain Hook","ats:Apocalypse"],"picked":"ats:Roar Of Ursus","floor":13},{"not_picked":["ats:Shadow Raid","ats:Demon Strength","ats:Automatic Cover","ats:Song Of Battle","ats:Hammer On"],"picked":"SKIP","floor":14},{"not_picked":["ats:Rat Pack","ats:Volcano","ats:True Silver Slash","ats:Ambush"],"picked":"ats:Dogmatic Field","floor":16},{"not_picked":["ats:Rapid Magazine+1","ats:Powerful Strike+1","ats:Steam Pump","ats:Counter Healing Mode"],"picked":"ats:Charging Defense","floor":18},{"not_picked":["ats:Cat Scratch","ats:Curse Doll","ats:Healing Drone","ats:Spore Proliferation"],"picked":"ats:Rat Pack","floor":20},{"not_picked":["ats:Automatic Cover","ats:Red Shift","ats:Apocalypse","ats:Revitalization","ats:Hammer On"],"picked":"SKIP","floor":22},{"not_picked":["ats:Shell Defense","ats:Flexible Camouflage+1","ats:Poison Spread","ats:Chain Hook"],"picked":"ats:Shadow Assault","floor":23},{"not_picked":["ats:Ignite","ats:Blood Oath","ats:Flexible Camouflage","ats:Red Shift","ats:Poison Spread"],"picked":"SKIP","floor":24},{"not_picked":["ats:Chain Hook","ats:Part Time Job","ats:Revitalization","ats:Automatic Cover","ats:Hammer On"],"picked":"SKIP","floor":25},{"not_picked":["ats:Cat Scratch","ats:Ignite","ats:Flexible Camouflage","ats:Explosion Area Strengthen+1"],"picked":"ats:Composite Medical Shells","floor":27},{"not_picked":["ats:Revitalization","ats:Hammer On+1","ats:Assault Order","ats:Powerful Strike","ats:Guardian Obelisk"],"picked":"SKIP","floor":29},{"not_picked":["ats:Healing Drone","ats:Consecutive Shot Auto","ats:Poison Spread+1","ats:Hook Shot"],"picked":"ats:Soul Absorption+1","floor":31}],"player_experience":1060059,"relics_obtained":[{"floor":1,"key":"SynthV:TestCard"},{"floor":1,"key":"RedMistMask"},{"floor":6,"key":"ats:Originium"},{"floor":6,"key":"ats:Spiritual Recovery"},{"floor":9,"key":"AT_MibuBalloonWealth"},{"floor":11,"key":"ats:Originium"},{"floor":11,"key":"ats:Gyao"},{"floor":20,"key":"Red Mask"},{"floor":26,"key":"testmod-IndustrialRevolution"}],"event_choices":[{"damage_healed":0,"gold_gain":0,"player_choice":"Fought Bandits","damage_taken":0,"max_hp_gain":0,"max_hp_loss":0,"event_name":"Masked Bandits","floor":20,"gold_loss":0}],"is_beta":false,"boss_relics":[{"not_picked":["Replay:Wanted Poster","testmod-Fanaticism"],"picked":"Philosopher\u0027s Stone"}],"items_purged_floors":[8,8,8,8,8,8,8,21,21],"is_endless":false,"potions_floor_spawned":[3,4,11,12,13,20,22,24,27,31],"killed_by":"RedHoodMercenary","ascension_level":0}}