{"host":"2lvuisjyit3p3u01","time":1609350963,"event":{"mods":["Act Like it!","BaseMod","Bestiary","Better Synergies","CapriCore","Colored Map","Colored Powertips","Gensokyo","GifTheSpireLib","Marisa????????","Minty Spire (QoL Compilation)","Quick Restart","Remilia??????","Replay The Spire","StSLib","The Servant 0.9.4"],"gold_per_floor":[110,110,128,128,228,228,260,270,294,313,105,119,149,149,149,244,244,260,5,5,16,26,26,26],"floor_reached":23,"playtime":1142,"items_purged":["Defend_RM"],"score":301,"play_id":"f2a739fc-f537-4bee-9be8-38cd7ffb0197","local_time":"20201230195603","is_ascension_mode":false,"campfire_choices":[{"data":"Gensokyo:CrescentMoonSlash","floor":6,"key":"SMITH"},{"data":"Maim","floor":15,"key":"SMITH"}],"circlet_count":0,"master_deck":["Strike_RM","Strike_RM","Strike_RM","Strike_RM","Defend_RM","Defend_RM","Defend_RM","RedMoon","ScarletShoot","BombardNight","BombardNight","Gensokyo:CrescentMoonSlash+1","MastersStateliness","Maim+1","NightDance+1","StarOfDavid","AfternoonTea","BloodySeventeenLaser","Sickly","ReplayTheSpireMod:Faulty Equipment","LeisurelyOfLord","MillenniumVampire"],"relics":["ScarletHat","NeowsBlessing","Blue Doll","Toy Ornithopter","Singing Bowl","Replay:Ancient Bell","Potion Belt","Gremlin Horn","Ginger","Shuriken","Frozen Eye"],"acts_visited":["Gensokyo:Gensokyo","Gensokyo:Gensokyoer"],"potions_floor_usage":[13,16,16,18],"damage_taken":[{"damage":0,"enemies":"Gensokyo:2_Kodama","floor":1,"turns":1},{"damage":0,"enemies":"Gensokyo:Python","floor":3,"turns":1},{"damage":0,"enemies":"Gensokyo:Aya","floor":7,"turns":1},{"damage":0,"enemies":"Gensokyo:3_Fairies","floor":8,"turns":2},{"damage":2,"enemies":"Gensokyo:VengefulSpirit","floor":10,"turns":6},{"damage":2,"enemies":"Gensokyo:Gryphon_and_Rabbit","floor":12,"turns":2},{"damage":0,"enemies":"Gensokyo:Cirno","floor":13,"turns":4},{"damage":0,"enemies":"Gensokyo:Reimu","floor":16,"turns":5},{"damage":1,"enemies":"Gensokyo:Chomper","floor":18,"turns":4},{"damage":11,"enemies":"Gensokyo:3_Dogs","floor":21,"turns":5},{"damage":0,"enemies":"Gensokyo:3_Gloops","floor":22,"turns":3},{"damage":231,"enemies":"Gensokyo:Koishi","floor":23,"turns":8}],"seed_played":"-2692329057242890359","potions_obtained":[{"floor":7,"key":"Explosive Potion"},{"floor":8,"key":"Toxic Potion"},{"floor":13,"key":"SteroidPotion"}],"is_trial":false,"path_per_floor":["M","?","M","?","?","R","E","M","T","M","$","M","E","?","R","B",null,"M","$","?","M","M","E"],"character_chosen":"REMILIA","items_purchased":["NightDance+1","DestinyDice","Shuriken"],"campfire_rested":0,"item_purchase_floors":[11,11,19],"current_hp_per_floor":[75,75,75,64,64,64,64,64,64,64,64,62,68,68,68,75,75,77,77,77,71,74,0,0],"gold":26,"neow_bonus":"THREE_ENEMY_KILL","is_daily":false,"chose_seed":false,"campfire_upgraded":2,"win_rate":0.0,"timestamp":1609350963,"path_taken":["M","?","M","?","?","R","E","?","T","M","?","M","E","?","R","BOSS","M","$","?","M","M","E"],"items_purchased_type":["Card","Potion","Relic"],"build_version":"2020-12-22","purchased_purges":1,"victory":false,"max_hp_per_floor":[75,75,75,75,75,75,75,75,75,75,75,75,75,75,75,75,75,77,77,77,79,79,79,79],"card_choices":[{"not_picked":["ScarletDream","TwelveNightmare"],"picked":"BombardNight","floor":1},{"not_picked":["ScarletDevil","GlobalNightmare"],"picked":"BombardNight","floor":3},{"not_picked":["BloodyHallows","Ultimatum","MastersStateliness"],"picked":"SKIP","floor":7},{"not_picked":["UltimateOffering","BloodAndWine"],"picked":"MastersStateliness","floor":8},{"not_picked":["FavorOfDestiny","EndlessAdversity"],"picked":"Maim","floor":10},{"not_picked":["UnstableMagic","BloodAndWine"],"picked":"StarOfDavid","floor":12},{"not_picked":["BadLadyScramble","ScarletImprint"],"picked":"AfternoonTea","floor":13},{"not_picked":["BloodRain","EquivalentExchange"],"picked":"BloodySeventeenLaser","floor":16},{"not_picked":["Hallucinations","Doubt"],"picked":"Sickly","floor":17},{"not_picked":["Sloth_TH","Parasite"],"picked":"ReplayTheSpireMod:Doomed","floor":17},{"not_picked":["Spreading Infection","Voices"],"picked":"ReplayTheSpireMod:Faulty Equipment","floor":17},{"not_picked":["BlasphemousPunishment","ChainGang+1","RedRainbow"],"picked":"Singing Bowl","floor":18},{"not_picked":["RedMagic","VampirishNight","EndlessAdversity"],"picked":"Singing Bowl","floor":21},{"not_picked":["BlasphemousPunishment+1","SuperhumanBloodyKnife"],"picked":"MillenniumVampire","floor":22}],"player_experience":209764,"relics_obtained":[{"floor":7,"key":"Blue Doll"},{"floor":9,"key":"Toy Ornithopter"},{"floor":13,"key":"Singing Bowl"}],"event_choices":[],"is_beta":false,"boss_relics":[{"not_picked":["ReplayTheSpireMod:DimensionalGlitch","Runic Pyramid"],"picked":"Replay:Ancient Bell"},{"not_picked":["Art of War","Regal Pillow"],"picked":"Potion Belt"},{"not_picked":["Pear","Kunai"],"picked":"Gremlin Horn"},{"not_picked":["CaptainsWheel","Shovel"],"picked":"Ginger"}],"items_purged_floors":[11],"is_endless":false,"potions_floor_spawned":[7,8,12,13],"killed_by":"Gensokyo:Koishi","ascension_level":0}}