{"host":"yp47u74hk6n79vj1","time":1609360217,"event":{"mods":["BaseMod","Colored Map","Highlight Path","Minty Spire (QoL Compilation)"],"gold_per_floor":[115,40,52,64,139,164,164,184,184,184,184,209,0,18,18,18,18],"floor_reached":16,"playtime":398,"items_purged":["Injury","Strike_R"],"score":116,"play_id":"bf4e9fe0-71a8-430a-86f4-0876cf4cc686","local_time":"20201230153017","is_ascension_mode":true,"campfire_choices":[{"data":"Battle Trance","floor":7,"key":"SMITH"},{"data":"Juggernaut","floor":15,"key":"SMITH"}],"circlet_count":0,"master_deck":["Strike_R","Strike_R","Defend_R","Defend_R","Defend_R","Defend_R","Fire Breathing","Juggernaut+1","Spot Weakness","Battle Trance+1","Metallicize","Whirlwind"],"relics":["Burning Blood","Paper Frog","Sundial"],"acts_visited":["Exordium"],"potions_floor_usage":[12,16],"damage_taken":[{"damage":7,"enemies":"2 Louse","floor":1,"turns":4},{"damage":5,"enemies":"Small Slimes","floor":3,"turns":4},{"damage":8,"enemies":"Cultist","floor":4,"turns":5},{"damage":37,"enemies":"Lagavulin","floor":6,"turns":8},{"damage":19,"enemies":"3 Louse","floor":8,"turns":4},{"damage":11,"enemies":"3 Sentries","floor":12,"turns":4},{"damage":0,"enemies":"Red Slaver","floor":14,"turns":6},{"damage":17,"enemies":"The Guardian","floor":16,"turns":2}],"seed_played":"1080005846254710088","potions_obtained":[{"floor":4,"key":"GamblersBrew"},{"floor":8,"key":"Strength Potion"},{"floor":14,"key":"Block Potion"}],"is_trial":false,"path_per_floor":["M","$","M","M","?","E","R","M","T","?","?","E","$","M","R","B"],"character_chosen":"IRONCLAD","items_purchased":["Metallicize","Whirlwind"],"campfire_rested":0,"item_purchase_floors":[13,13],"current_hp_per_floor":[79,79,80,78,67,36,36,23,23,16,16,11,11,17,17,0,0],"gold":18,"neow_bonus":"TRANSFORM_TWO_CARDS","is_daily":false,"chose_seed":false,"campfire_upgraded":2,"win_rate":0.0,"timestamp":1609360217,"path_taken":["M","$","M","M","?","E","R","M","T","?","?","E","$","M","R","BOSS"],"items_purchased_type":["Card","Card"],"build_version":"2020-12-22","purchased_purges":2,"victory":false,"max_hp_per_floor":[80,80,80,80,80,80,80,80,80,80,80,80,80,80,80,80,80],"card_choices":[{"not_picked":["Warcry","Clash","Perfected Strike"],"picked":"SKIP","floor":1},{"not_picked":["Intimidate","Hemokinesis"],"picked":"Spot Weakness","floor":3},{"not_picked":["Combust","Havoc","Anger"],"picked":"SKIP","floor":4},{"not_picked":["Clash","Ghostly Armor"],"picked":"Battle Trance","floor":6},{"not_picked":["Sentinel","Dual Wield","Heavy Blade"],"picked":"SKIP","floor":8},{"not_picked":["Reckless Charge","Anger","Clothesline"],"picked":"SKIP","floor":12},{"not_picked":["Clothesline","Fire Breathing","Reaper"],"picked":"SKIP","floor":14}],"player_experience":583625,"relics_obtained":[{"floor":6,"key":"Paper Frog"},{"floor":12,"key":"Sundial"}],"event_choices":[{"damage_healed":0,"gold_gain":75,"player_choice":"Gather Gold","damage_taken":11,"max_hp_gain":0,"max_hp_loss":0,"event_name":"World of Goop","floor":5,"gold_loss":0},{"cards_removed":["Bash"],"damage_healed":0,"gold_gain":0,"player_choice":"Card Removal","damage_taken":7,"max_hp_gain":0,"max_hp_loss":0,"event_name":"Golden Wing","floor":10,"gold_loss":0},{"damage_healed":0,"gold_gain":0,"player_choice":"0 cards matched","damage_taken":0,"max_hp_gain":0,"max_hp_loss":0,"event_name":"Match and Keep!","floor":11,"gold_loss":0,"cards_obtained":[]}],"is_beta":false,"boss_relics":[],"items_purged_floors":[2,13],"is_endless":false,"potions_floor_spawned":[4,8,14],"killed_by":"The Guardian","ascension_level":1}}