{"host":"vmo6qas4tfa0p776","time":1609365573,"event":{"mods":["AchievementEnabler","BaseMod","Bestiary","Better Altar","Better Match","Better Note","Better Sensory Stone","Better Skull","Better Third Choice","Colored Map","Downfall","Minty Spire (QoL Compilation)","Relic Stats","Robot Space Explorer","Spicy Shops","StSLib","The Marked"],"gold_per_floor":[99,109,20,20,37,37,37,53,68,80,80,105,105,140,159,159,159],"floor_reached":16,"playtime":813,"items_purged":[],"score":112,"play_id":"e3043701-784e-49e1-9c39-dd340a1099fe","local_time":"20201230165933","is_ascension_mode":false,"campfire_choices":[{"floor":1,"key":"REST"},{"floor":11,"key":"REST"}],"circlet_count":0,"master_deck":["sneckomod:Strike","sneckomod:Strike","sneckomod:Strike","sneckomod:Defend","sneckomod:Defend","sneckomod:Defend","sneckomod:SnekBite","sneckomod:Unknown","sneckomod:Unknown","sneckomod:ImprovisedAttack","sneckomod:Unknown1Cost","sneckomod:QuickBite","sneckomod:UnknownUncommonSkill","sneckomod:UnknownCommonSkill","sneckomod:UnknownUncommonAttack","sneckomod:UnknownBlock","sneckomod:DiceBoulder","sneckomod:SerpentIdol","sneckomod:UnknownX","Judgement","sneckomod:TrashToTreasure","sneckomod:Unknown2Cost"],"relics":["sneckomod:SneckoSoul","Dream Catcher","Cauldron","Darkstone Periapt","Happy Flower","Pocketwatch","Bottled Lightning"],"acts_visited":["Exordium"],"potions_floor_usage":[3,3,9,12,14,16,16],"damage_taken":[{"damage":2,"enemies":"2 Louse","floor":2,"turns":2},{"damage":10,"enemies":"downfall:FleeingMerchant","floor":3,"turns":4},{"damage":1,"enemies":"Cultist","floor":5,"turns":3},{"damage":0,"enemies":"Small Slimes","floor":8,"turns":4},{"damage":6,"enemies":"2 Fungi Beasts","floor":9,"turns":3},{"damage":27,"enemies":"Blue Slaver","floor":10,"turns":4},{"damage":62,"enemies":"Lagavulin","floor":12,"turns":4},{"damage":17,"enemies":"3 Sentries","floor":14,"turns":5},{"damage":0,"enemies":"Lots of Slimes","floor":15,"turns":4},{"damage":33,"enemies":"downfall:Ironclad","floor":16,"turns":3}],"seed_played":"82662818338034730","potions_obtained":[{"floor":2,"key":"Explosive Potion"},{"floor":3,"key":"Fruit Juice"},{"floor":3,"key":"sneckomod:MuddlingPotion"},{"floor":3,"key":"Slimebound:ThreeZeroPotion"},{"floor":3,"key":"FairyPotion"},{"floor":3,"key":"SneckoOil"},{"floor":10,"key":"sneckomod:DiceRollPotion"},{"floor":14,"key":"sneckomod:CheatPotion"},{"floor":15,"key":"Explosive Potion"}],"is_trial":false,"path_per_floor":["R","M","$","?","M","?","T","M","M","M","R","E","?","E","M","B"],"character_chosen":"THE_SNECKO","items_purchased":["Cauldron"],"campfire_rested":2,"item_purchase_floors":[3],"current_hp_per_floor":[90,89,84,84,84,85,85,86,81,54,84,23,6,23,24,0,0],"gold":159,"neow_bonus":"RANDOM_COMMON_RELIC","is_daily":false,"chose_seed":true,"campfire_upgraded":0,"win_rate":0.0,"timestamp":1609365573,"path_taken":["R","M","$","?","?","?","T","?","M","M","R","E","?","E","M","BOSS"],"items_purchased_type":["Relic"],"build_version":"2020-12-22","purchased_purges":0,"victory":false,"max_hp_per_floor":[90,91,96,96,97,98,98,99,100,100,100,101,101,101,102,102,102],"relic_stats":{"Darkstone Periapt":0,"Dream Catcher":2,"Happy Flower":[4],"counters":[10,36],"obtain_stats":[{"Darkstone Periapt":7,"Cauldron":3,"Dream Catcher":0,"Happy Flower":12,"Bottled Lightning":14,"sneckomod:SneckoSoul":0,"Pocketwatch":13},{"Darkstone Periapt":3,"Cauldron":2,"Dream Catcher":0,"Happy Flower":7,"Bottled Lightning":8,"sneckomod:SneckoSoul":0,"Pocketwatch":7},{"Darkstone Periapt":9,"Cauldron":6,"Dream Catcher":0,"Happy Flower":24,"Bottled Lightning":29,"sneckomod:SneckoSoul":0,"Pocketwatch":24}],"Pocketwatch":[12]},"card_choices":[{"not_picked":["sneckomod:SoulRoll","sneckomod:QuickMove"],"picked":"sneckomod:ImprovisedAttack","floor":1},{"not_picked":["sneckomod:Rotation","sneckomod:SoulRoll"],"picked":"sneckomod:Unknown1Cost","floor":2},{"not_picked":["sneckomod:UnknownX","sneckomod:Mudshield"],"picked":"sneckomod:QuickBite","floor":3},{"not_picked":["sneckomod:SnekBeam","sneckomod:QuickMove"],"picked":"sneckomod:UnknownUncommonSkill","floor":5},{"not_picked":["sneckomod:IronFang","sneckomod:UnknownWeak"],"picked":"sneckomod:UnknownUncommonAttack","floor":8},{"not_picked":["sneckomod:UnknownClassSLIMEBOUND","sneckomod:UnknownCommonAttack"],"picked":"sneckomod:UnknownBlock","floor":9},{"not_picked":["sneckomod:UnknownClassSLIMEBOUND","sneckomod:Unknown1Cost"],"picked":"sneckomod:DiceBoulder","floor":10},{"not_picked":["sneckomod:SoulExchange","sneckomod:RainOfDice"],"picked":"sneckomod:SerpentIdol","floor":11},{"not_picked":["sneckomod:DiceBlock","sneckomod:QuickMove"],"picked":"sneckomod:UnknownX","floor":12},{"not_picked":["sneckomod:SoulCleanse","sneckomod:UnknownVulnerable"],"picked":"sneckomod:TrashToTreasure","floor":14},{"not_picked":["sneckomod:Nope","sneckomod:UnknownClassBLUE"],"picked":"sneckomod:Unknown2Cost","floor":15}],"player_experience":202612,"relics_obtained":[{"floor":7,"key":"Darkstone Periapt"},{"floor":12,"key":"Happy Flower"},{"floor":14,"key":"Bottled Lightning"}],"event_choices":[{"cards_removed":["sneckomod:TailWhip"],"damage_healed":0,"gold_gain":0,"player_choice":"Offered Basic","damage_taken":0,"max_hp_gain":0,"max_hp_loss":0,"event_name":"Bonfire Elementals","floor":4,"gold_loss":0},{"cards_removed":["sneckomod:Unknown"],"damage_healed":0,"gold_gain":0,"player_choice":"Take \u0026 Give","damage_taken":0,"max_hp_gain":0,"max_hp_loss":0,"event_name":"betterNote:BetterNote","floor":6,"gold_loss":0,"cards_obtained":["sneckomod:UnknownCommonSkill"]}],"is_beta":false,"boss_relics":[],"items_purged_floors":[],"is_endless":false,"potions_floor_spawned":[2,5,10,14,15],"killed_by":"downfall:Ironclad","ascension_level":0}}