{"host":"1c52r9kaxdyo25eq","time":1609368032,"event":{"mods":["AchievementEnabler","BaseMod","Minty Spire (QoL Compilation)","Rare Cards Sparkle","SuperFastMode","everything is the same but u backflip on backflip"],"gold_per_floor":[115,115,133,133,58,58,89,89,112,126,149,172,196,221,221,312,312,331,231,249,264,264,264,139,162,238,238,238],"floor_reached":27,"playtime":763,"items_purged":["Defend_G","Strike_G","Strike_G"],"score":480,"play_id":"bcb73475-cd5e-4bf5-9d51-f0185f4fd6af","local_time":"20201231074032","is_ascension_mode":true,"campfire_choices":[{"data":"Well Laid Plans","floor":6,"key":"SMITH"},{"data":"Deadly Poison","floor":8,"key":"SMITH"},{"floor":15,"key":"REST"}],"circlet_count":0,"master_deck":["AscendersBane","Strike_G","Strike_G","Defend_G","Defend_G","Defend_G","Survivor","Neutralize","Tactician","Well Laid Plans+1","Deadly Poison+1","Acrobatics","Poisoned Stab","Backflip","Wraith Form v2","Prepared","Setup","Deadly Poison","Reflex","Acrobatics"],"relics":["Ring of the Snake","NeowsBlessing","Ginger","Golden Idol","Tingsha","Toy Ornithopter","PreservedInsect","HoveringKite","Meat on the Bone"],"acts_visited":["Exordium","TheCity"],"potions_floor_usage":[16,16,27],"damage_taken":[{"damage":0,"enemies":"Cultist","floor":1,"turns":1},{"damage":0,"enemies":"Small Slimes","floor":3,"turns":1},{"damage":0,"enemies":"Lagavulin","floor":7,"turns":1},{"damage":2,"enemies":"Jaw Worm","floor":10,"turns":4},{"damage":16,"enemies":"Exordium Wildlife","floor":11,"turns":6},{"damage":9,"enemies":"Red Slaver","floor":12,"turns":3},{"damage":0,"enemies":"2 Fungi Beasts","floor":14,"turns":3},{"damage":6,"enemies":"Hexaghost","floor":16,"turns":9},{"damage":2,"enemies":"Spheric Guardian","floor":18,"turns":5},{"damage":7,"enemies":"Chosen","floor":20,"turns":7},{"damage":16,"enemies":"Centurion and Healer","floor":21,"turns":8},{"damage":10,"enemies":"Snake Plant","floor":25,"turns":5},{"damage":13,"enemies":"Sentry and Sphere","floor":27,"turns":3}],"seed_played":"2939315973695090545","potions_obtained":[{"floor":1,"key":"FearPotion"},{"floor":10,"key":"Swift Potion"},{"floor":11,"key":"Weak Potion"},{"floor":16,"key":"SteroidPotion"},{"floor":18,"key":"Swift Potion"}],"is_trial":false,"path_per_floor":["M","?","M","?","$","R","E","R","T","M","M","M","T","M","R","B",null,"M","$","M","M","?","?","$","M","T","M"],"character_chosen":"THE_SILENT","items_purchased":[],"campfire_rested":1,"item_purchase_floors":[],"current_hp_per_floor":[59,59,59,36,36,36,36,36,36,34,18,9,9,9,28,32,58,56,56,49,33,33,33,33,23,23,15,15],"gold":238,"neow_bonus":"THREE_ENEMY_KILL","is_daily":false,"chose_seed":false,"campfire_upgraded":2,"win_rate":0.0,"timestamp":1609368032,"path_taken":["M","?","?","?","$","R","E","R","T","M","M","M","?","?","R","BOSS","M","$","M","M","?","?","?","M","T","M"],"items_purchased_type":[],"build_version":"2020-12-22","purchased_purges":3,"victory":false,"max_hp_per_floor":[66,66,66,66,66,66,66,66,66,66,66,66,66,66,66,66,66,66,66,66,66,66,66,66,66,66,66,66],"card_choices":[{"not_picked":["Setup","Skewer"],"picked":"Tactician","floor":1},{"not_picked":["Riddle With Holes","Deadly Poison"],"picked":"Well Laid Plans","floor":3},{"not_picked":["Heel Hook","Dodge and Roll"],"picked":"Deadly Poison","floor":7},{"not_picked":["Endless Agony","Flechettes"],"picked":"Acrobatics","floor":10},{"not_picked":["Heel Hook","Slice","Poisoned Stab"],"picked":"SKIP","floor":11},{"not_picked":["Heel Hook","Slice"],"picked":"Poisoned Stab","floor":11},{"not_picked":["Flechettes","All Out Attack","Finisher"],"picked":"SKIP","floor":12},{"not_picked":["Dagger Throw","Cloak And Dagger"],"picked":"Backflip","floor":14},{"not_picked":["Doppelganger","Storm of Steel"],"picked":"Wraith Form v2","floor":16},{"not_picked":["Caltrops","Riddle With Holes+1"],"picked":"Prepared","floor":18},{"not_picked":["Underhanded Strike","Flechettes","Riddle With Holes"],"picked":"SKIP","floor":20},{"not_picked":["Heel Hook","Underhanded Strike","Slice"],"picked":"SKIP","floor":21},{"not_picked":["Caltrops","Finisher"],"picked":"Acrobatics","floor":25}],"player_experience":530432,"relics_obtained":[{"floor":7,"key":"Tingsha"},{"floor":9,"key":"Toy Ornithopter"},{"floor":13,"key":"PreservedInsect"},{"floor":26,"key":"Meat on the Bone"}],"event_choices":[{"damage_healed":0,"gold_gain":0,"player_choice":"Gave Potion","damage_taken":0,"relics_obtained":["Ginger"],"max_hp_gain":0,"max_hp_loss":0,"event_name":"WeMeetAgain","floor":2,"gold_loss":0},{"damage_healed":0,"gold_gain":0,"player_choice":"Take Damage","damage_taken":23,"relics_obtained":["Golden Idol"],"max_hp_gain":0,"max_hp_loss":0,"event_name":"Golden Idol","floor":4,"gold_loss":0},{"damage_healed":0,"gold_gain":0,"cards_transformed":["Strike_G","Defend_G"],"player_choice":"Became Test Subject","damage_taken":0,"max_hp_gain":0,"max_hp_loss":0,"event_name":"Drug Dealer","floor":22,"gold_loss":0,"cards_obtained":["Setup","Deadly Poison"]},{"damage_healed":0,"gold_gain":0,"player_choice":"Read","damage_taken":0,"max_hp_gain":0,"max_hp_loss":0,"event_name":"The Library","floor":23,"gold_loss":0,"cards_obtained":["Reflex"]}],"is_beta":false,"boss_relics":[{"not_picked":["Ring of the Serpent","WristBlade"],"picked":"HoveringKite"}],"items_purged_floors":[5,19,24],"is_endless":false,"potions_floor_spawned":[1,10,11,14,16,18],"killed_by":"Sentry and Sphere","ascension_level":20}}