{"host":"x4i48uok34n1rpsm","time":1609341601,"event":{"mods":["Aspiration","BaseMod","Better Third Choice","Colored Map","Highlight Path","Minty Spire (QoL Compilation)","Permanent Neow","Replay The Spire","StSLib","The Mystic"],"gold_per_floor":[116,9,22,22,36,65,65,65,65,87,106,106,133,147,147,244,244,260,335,346,359,171,171,200,200,223,251,265,282,282,292,292,391,391,403,403,422,435,80,80,111,111,111,144,160,160,172,201,201,201,201,201,45,74,74],"floor_reached":56,"playtime":4739,"items_purged":["Defend_G","Writhe"],"score":1653,"play_id":"c50f9320-b7f5-43ab-b63e-10458c2fb1c0","local_time":"20201230172001","is_ascension_mode":true,"campfire_choices":[{"floor":7.0,"key":"REST"},{"data":"Neutralize","floor":12.0,"key":"SMITH"},{"floor":15.0,"key":"REST"},{"data":"ReplayTheSpireMod:Scrap Shanks","floor":23.0,"key":"SMITH"},{"floor":25.0,"key":"RECALL"},{"data":"Storm of Steel","floor":32,"key":"SMITH"},{"floor":40,"key":"REST"},{"data":"Accuracy","floor":42,"key":"SMITH"},{"data":"Panache","floor":46,"key":"SMITH"},{"data":"Footwork","floor":49,"key":"SMITH"},{"data":"Fluid Movement","floor":52,"key":"SMITH"}],"circlet_count":0,"master_deck":["Strike_G","Strike_G","Strike_G","Strike_G","Defend_G","Defend_G","Defend_G","Survivor","Neutralize+1","ReplayTheSpireMod:Scrap Shanks+1","Dagger Spray","Cloak And Dagger","Backflip","Backflip","Hidden Blade","Storm of Steel+1","Flying Knee","Tools of the Trade","Quick Slash","Sneak Up","Fluid Movement+1","Calculated Gamble","Underhanded Strike","Dagger Throw","Blade Dance+1","Accuracy+1","Panache+1","Footwork+1","Choke+1"],"relics":["Ring of the Snake","Sozu","SlaversCollar","Pear","aspiration:SeaSaltIceCream","Pear","Odd Mushroom","Divine Protection","aspiration:PoetsPen","Centennial Puzzle","CaptainsWheel","aspiration:HiddenCompartment","Philosopher\u0027s Stone","aspiration:ChemicalBlood","aspiration:FrozenJewel","Paper Crane","Bottled Lightning","aspiration:Lifesprig","Lizard Tail"],"acts_visited":["Exordium","TheCity","TheBeyond","TheEnding"],"potions_floor_usage":[],"damage_taken":[{"damage":7.0,"enemies":"Cultist","floor":1.0,"turns":5.0},{"damage":2.0,"enemies":"Small Slimes","floor":3.0,"turns":3.0},{"damage":0.0,"enemies":"2 Louse","floor":5.0,"turns":3.0},{"damage":50.0,"enemies":"Gremlin Nob","floor":6.0,"turns":7.0},{"damage":3.0,"enemies":"The Mushroom Lair","floor":10.0,"turns":4.0},{"damage":2.0,"enemies":"Gremlin Gang","floor":11.0,"turns":4.0},{"damage":9.0,"enemies":"3 Sentries","floor":13.0,"turns":7.0},{"damage":0.0,"enemies":"Exordium Wildlife","floor":14.0,"turns":4.0},{"damage":12.0,"enemies":"The Guardian","floor":16.0,"turns":14.0},{"damage":0.0,"enemies":"Spheric Guardian","floor":18.0,"turns":1.0},{"damage":0.0,"enemies":"3 Byrds","floor":20.0,"turns":2.0},{"damage":0.0,"enemies":"Snake Plant","floor":21.0,"turns":4.0},{"damage":0.0,"enemies":"Book of Stabbing","floor":24.0,"turns":2.0},{"damage":7,"enemies":"Gremlin Leader","floor":27,"turns":3},{"damage":1,"enemies":"Centurion and Healer","floor":28,"turns":4},{"damage":0,"enemies":"3 Cultists","floor":29,"turns":4},{"damage":0,"enemies":"Sentry and Sphere","floor":31,"turns":1},{"damage":0,"enemies":"Collector","floor":33,"turns":2},{"damage":0,"enemies":"Orb Walker","floor":35,"turns":1},{"damage":58,"enemies":"3 Shapes","floor":37,"turns":7},{"damage":0,"enemies":"Sphere and 2 Shapes","floor":38,"turns":1},{"damage":0,"enemies":"R_Hoarder","floor":41,"turns":3},{"damage":0,"enemies":"Reptomancer","floor":44,"turns":2},{"damage":0,"enemies":"Writhing Mass","floor":45,"turns":2},{"damage":0,"enemies":"Spire Growth","floor":47,"turns":2},{"damage":0,"enemies":"Nemesis","floor":48,"turns":3},{"damage":0,"enemies":"Donu and Deca","floor":50,"turns":2},{"damage":0,"enemies":"Shield and Spear","floor":54,"turns":3},{"damage":0,"enemies":"The Heart","floor":55,"turns":4}],"seed_played":"-6513791494707713364","potions_obtained":[],"is_trial":false,"path_per_floor":["M","$","M","?","M","E","R","?","T","?","M","R","E","M","R","B",null,"M","?","M","M","$","R","E","R","T","E","M","M","?","M","R","B",null,"M","?","M","M","$","R","E","R","T","E","M","R","M","E","R","B",null,"R","$","E","B",null],"character_chosen":"THE_SILENT","items_purchased":["Dagger Spray","Cloak And Dagger","Fluid Movement","Calculated Gamble","Accuracy","Panache","aspiration:Lifesprig"],"campfire_rested":3,"item_purchase_floors":[2,2,22,22,39,39,53],"current_hp_per_floor":[63,63,61,54,54,14,38,38,48,45,43,43,34,34,61,49,90,90,81,81,81,81,81,81,81,81,74,73,73,73,73,73,73,90,90,81,23,23,23,50,50,50,50,50,50,50,50,50,50,50,90,90,90,90,90],"gold":74,"neow_bonus":"DOUBLE_BOSS_RELIC","is_daily":false,"chose_seed":false,"campfire_upgraded":7,"win_rate":0.0,"timestamp":1609341601,"path_taken":["M","?","M","?","M","E","R","?","T","?","M","R","E","M","R","BOSS","M","?","?","M","$","R","E","R","T","E","M","?","?","M","R","BOSS","M","?","M","M","$","R","E","R","T","E","M","R","?","E","R","BOSS","R","$","E","BOSS"],"items_purchased_type":["Card","Card","Card","Card","Card","Card","Relic"],"build_version":"2020-12-22","purchased_purges":2,"victory":true,"max_hp_per_floor":[70,70,70,70,70,80,80,80,90,90,90,90,90,90,90,90,90,90,90,90,90,90,90,90,90,90,90,90,90,90,90,90,90,90,90,90,90,90,90,90,90,90,90,90,90,90,90,90,90,90,90,90,90,90,90],"card_choices":[{"not_picked":["Masterful Stab","Distraction"],"picked":"ReplayTheSpireMod:Scrap Shanks","floor":1.0},{"not_picked":["Masterful Stab","Quick Slash"],"picked":"Backflip","floor":3.0},{"not_picked":["Dash","Setup"],"picked":"Backflip","floor":5.0},{"not_picked":["PiercingWail","Flechettes"],"picked":"Hidden Blade","floor":6.0},{"not_picked":["Catalyst","Underhanded Strike","Dagger Spray"],"picked":"SKIP","floor":11.0},{"not_picked":["Cloak And Dagger","Skewer"],"picked":"Storm of Steel","floor":13.0},{"not_picked":["Backflip","Dodge and Roll"],"picked":"Flying Knee","floor":14.0},{"not_picked":["Wraith Form v2","Bullet Time"],"picked":"Tools of the Trade","floor":16.0},{"not_picked":["Outmaneuver","Sucker Punch","Deadly Poison"],"picked":"SKIP","floor":18.0},{"not_picked":["Acrobatics","Cloak And Dagger"],"picked":"Quick Slash","floor":20.0},{"not_picked":["Toxin Wave","Bullet Time"],"picked":"Sneak Up","floor":21.0},{"not_picked":["Quick Slash","Deadly Poison+1","Dodge and Roll"],"picked":"SKIP","floor":24.0},{"not_picked":["Predator","Bullet Time"],"picked":"Underhanded Strike","floor":27},{"not_picked":["Dodge and Roll+1","Deflect"],"picked":"Dagger Throw","floor":28},{"not_picked":["Backflip","Calculated Gamble","Dodge and Roll"],"picked":"SKIP","floor":29},{"not_picked":["Toxin Wave","Blur","Bane"],"picked":"SKIP","floor":31},{"not_picked":["Catalyst","PiercingWail","Eviscerate+1"],"picked":"SKIP","floor":35},{"not_picked":["ReplayTheSpireMod:The Works","Slice+1","Acrobatics+1"],"picked":"SKIP","floor":37},{"not_picked":["Dagger Spray","Prepared"],"picked":"Blade Dance+1","floor":38},{"not_picked":["Eviscerate","Dagger Throw"],"picked":"Footwork","floor":41},{"not_picked":["Dagger Throw","Poisoned Stab","Bouncing Flask"],"picked":"SKIP","floor":44},{"not_picked":["Masterful Stab","Prepared","Sucker Punch+1"],"picked":"SKIP","floor":45},{"not_picked":["ReplayTheSpireMod:Scrap Shanks+1","Slice+1","Deadly Poison"],"picked":"SKIP","floor":47},{"not_picked":["Atom Bomb","Concentrate+1"],"picked":"Choke+1","floor":48},{"not_picked":["Fluid Movement","Sucker Punch+1","Distraction"],"picked":"SKIP","floor":54}],"player_experience":270614,"relics_obtained":[{"floor":6.0,"key":"Pear"},{"floor":9.0,"key":"aspiration:SeaSaltIceCream"},{"floor":10.0,"key":"Odd Mushroom"},{"floor":13.0,"key":"Divine Protection"},{"floor":24.0,"key":"Centennial Puzzle"},{"floor":27,"key":"CaptainsWheel"},{"floor":41,"key":"aspiration:ChemicalBlood"},{"floor":43,"key":"aspiration:FrozenJewel"},{"floor":44,"key":"Paper Crane"},{"floor":48,"key":"Bottled Lightning"},{"floor":54,"key":"Lizard Tail"}],"event_choices":[{"cards_removed":["Defend_G"],"damage_healed":0.0,"max_hp_gain":0.0,"max_hp_loss":0.0,"gold_gain":0.0,"event_name":"Golden Wing","player_choice":"Card Removal","floor":4.0,"gold_loss":0.0,"damage_taken":7.0},{"cards_removed":["Strike_G"],"damage_healed":0.0,"max_hp_gain":0.0,"max_hp_loss":0.0,"gold_gain":0.0,"event_name":"Living Wall","player_choice":"Forget","floor":8.0,"gold_loss":0.0,"damage_taken":0.0},{"damage_healed":0.0,"max_hp_gain":0.0,"max_hp_loss":0.0,"gold_gain":0.0,"event_name":"Mushrooms","player_choice":"Fought Mushrooms","floor":10.0,"gold_loss":0.0,"damage_taken":0.0},{"damage_healed":0.0,"max_hp_gain":0.0,"max_hp_loss":0.0,"gold_gain":75.0,"event_name":"FaceTrader","player_choice":"Touch","floor":19.0,"gold_loss":0.0,"damage_taken":9.0},{"damage_healed":0,"gold_gain":0,"player_choice":"Opened","damage_taken":0,"relics_obtained":["aspiration:HiddenCompartment"],"max_hp_gain":0,"max_hp_loss":0,"event_name":"The Mausoleum","floor":30,"gold_loss":0,"cards_obtained":["Writhe"]},{"damage_healed":0,"gold_gain":0,"player_choice":"Damaged","damage_taken":9,"max_hp_gain":0,"max_hp_loss":0,"event_name":"Wheel of Change","floor":36,"gold_loss":0}],"is_beta":false,"boss_relics":[{"not_picked":["WristBlade","Ring of Chaos"],"picked":"aspiration:PoetsPen"},{"not_picked":["Cursed Key","Coffee Dripper"],"picked":"Philosopher\u0027s Stone"}],"items_purged_floors":[22,39],"is_endless":false,"potions_floor_spawned":[1,11,13,16,20,24,27,29,37,45,47,48],"ascension_level":1}}