{"host":"iy58fyt9wsbv4cf1","time":1609291848,"event":{"mods":["BaseMod","Better Altar","Better Match","Better Skull","Better Third Choice","BetterRewards","Conspire","Custom Start","Defuse TimeMaze Blight","Hubris","Infinite Spire","Minty Spire (QoL Compilation)","Permanent Neow","Quick Restart","Spicy Shops","StSLib"],"gold_per_floor":[109,109,125,125,125,125,560,576,602,612,643,643,100,134,134,231,231,246,93,113,113,38,38,38,51,51,51,77,77,110,110,110,209,209,227,244,244,258,269,269,294,294,318,318,318,334,334,344,344,344],"floor_reached":51,"playtime":871,"items_purged":[],"score":1071,"play_id":"a0d364a9-6022-4d5c-96d2-e6d2affab21d","local_time":"20201229203048","is_ascension_mode":false,"campfire_choices":[{"data":"Double Energy","floor":6,"key":"SMITH"},{"data":"hubris:DoWhile","floor":15,"key":"SMITH"},{"data":"infinitespire:FutureSight","floor":23,"key":"SMITH"},{"data":"Thunder Strike","floor":29,"key":"SMITH"},{"data":"infinitespire:Starlight","floor":32,"key":"SMITH"},{"data":"Consume+1","floor":40,"key":"SMITH"},{"data":"Biased Cognition","floor":42,"key":"SMITH"},{"data":"Consume+2","floor":45,"key":"SMITH"},{"data":"Thunder Strike+1","floor":47,"key":"SMITH"},{"data":"Thunder Strike+2","floor":49,"key":"SMITH"}],"circlet_count":0,"master_deck":["infinitespire:FutureSight+1","Turbo","Conserve Battery","BootSequence+1","Tempest","Skim","Double Energy+1","hubris:DoWhile+1","Tempest+1","White Noise+1","Thunder Strike+3","infinitespire:Starlight+1","Consume+3","Biased Cognition+1","Turbo+1"],"relics":["Cracked Core","Chemical X","Ice Cream","conspire:InfiniteJournal","Lantern","Lee\u0027s Waffle","Whetstone","War Paint","infinitespire:Beetle Shell","Runic Capacitor","Sundial","DataDisk","conspire:SpecialSausage","Bloody Idol","Bag of Preparation","Blood Vial","Boot","hubris:HollowSoul","hubris:CuriousFeather","Potion Belt"],"acts_visited":["Exordium","TheCity","TheBeyond"],"potions_floor_usage":[50],"damage_taken":[{"damage":0,"enemies":"Jaw Worm","floor":1,"turns":2},{"damage":0,"enemies":"2 Louse","floor":3,"turns":1},{"damage":0,"enemies":"Cultist","floor":8,"turns":2},{"damage":0,"enemies":"Gremlin Gang","floor":10,"turns":1},{"damage":0,"enemies":"Lagavulin","floor":11,"turns":1},{"damage":0,"enemies":"3 Sentries","floor":14,"turns":2},{"damage":0,"enemies":"Hexaghost","floor":16,"turns":1},{"damage":0,"enemies":"2 Thieves","floor":18,"turns":1},{"damage":0,"enemies":"Chosen","floor":20,"turns":1},{"damage":0,"enemies":"3 Cultists","floor":25,"turns":2},{"damage":27,"enemies":"Gremlin Leader","floor":28,"turns":3},{"damage":0,"enemies":"Slavers","floor":30,"turns":1},{"damage":0,"enemies":"Automaton","floor":33,"turns":1},{"damage":0,"enemies":"Orb Walker","floor":35,"turns":2},{"damage":0,"enemies":"3 Darklings","floor":36,"turns":1},{"damage":0,"enemies":"Transient","floor":38,"turns":1},{"damage":0,"enemies":"4 Shapes","floor":39,"turns":2},{"damage":0,"enemies":"Reptomancer","floor":41,"turns":2},{"damage":0,"enemies":"Sphere and 2 Shapes","floor":46,"turns":2},{"damage":0,"enemies":"Transient","floor":48,"turns":3},{"damage":0,"enemies":"conspire:OrnateMirror","floor":50,"turns":2}],"seed_played":"-1821565404051124966","potions_obtained":[{"floor":10,"key":"Strength Potion"},{"floor":11,"key":"Dexterity Potion"},{"floor":16,"key":"conspire:TimeTravelPotion"},{"floor":46,"key":"SneckoOil"},{"floor":48,"key":"FocusPotion"}],"is_trial":true,"path_per_floor":["M","?","M","$","?","R","?","M","T","M","E","?","$","E","R","B",null,"M","$","M","?","?","R","$","M","T","AVR","E","R","E","?","R","B",null,"M","M","?","M","M","R","E","R","T","?","R","M","R","M","R","B",null],"character_chosen":"DEFECT","items_purchased":["infinitespire:Beetle Shell","Runic Capacitor","Sundial","Thunder Strike"],"campfire_rested":0,"item_purchase_floors":[13,13,13,19],"current_hp_per_floor":[82,82,82,82,85,85,50,50,50,50,50,50,50,50,50,50,85,85,85,85,42,42,42,42,47,47,47,35,35,52,52,52,74,85,85,85,85,85,85,85,85,85,85,85,85,85,85,85,85,85],"gold":344,"neow_bonus":"","is_daily":false,"chose_seed":false,"campfire_upgraded":10,"win_rate":0.0,"timestamp":1609291848,"path_taken":["M","?","M","$","?","R","?","?","T","?","E","?","$","E","R","BOSS","M","$","M","?","?","R","?","M","T","AVR","E","R","E","?","R","BOSS","M","M","?","?","M","R","E","R","T","?","R","?","R","M","R","BOSS"],"items_purchased_type":["Relic","Relic","Relic","Card"],"build_version":"2020-12-22","purchased_purges":0,"victory":true,"max_hp_per_floor":[82,82,82,82,85,85,85,85,85,85,85,85,85,85,85,85,85,85,85,85,85,85,85,85,85,85,85,85,85,85,85,85,85,85,85,85,85,85,85,85,85,85,85,85,85,85,85,85,85,85],"card_choices":[{"not_picked":["Storm","Auto Shields","Loop"],"picked":"SKIP","floor":1},{"not_picked":["Cold Snap","Gash","Heatsinks"],"picked":"SKIP","floor":3},{"not_picked":["Aggregate","Conserve Battery","Compile Driver"],"picked":"SKIP","floor":8},{"not_picked":["Rebound","Lockon","Ball Lightning"],"picked":"SKIP","floor":10},{"not_picked":["Darkness","Loop","Hologram"],"picked":"SKIP","floor":11},{"not_picked":["Redo","hubris:PowerSurge","Steam"],"picked":"SKIP","floor":14},{"not_picked":["Conserve Battery","Rebound"],"picked":"White Noise+1","floor":18},{"not_picked":["Storm+1","Static Discharge","Redo"],"picked":"SKIP","floor":20},{"not_picked":["Scrape+1","Sweeping Beam+1","Beam Cell+1"],"picked":"SKIP","floor":25},{"not_picked":["Rainbow","Streamline+1"],"picked":"Consume+1","floor":28},{"not_picked":["Coolheaded","Hologram+1","Turbo"],"picked":"SKIP","floor":30},{"not_picked":["Amplify","hubris:Prefetch"],"picked":"Biased Cognition","floor":33},{"not_picked":["Barrage","Go for the Eyes+1","hubris:PowerSurge+1"],"picked":"SKIP","floor":35},{"not_picked":["Rebound+1","Chill","Auto Shields+1"],"picked":"SKIP","floor":36},{"not_picked":["Beam Cell+1","Gash","Lockon+1"],"picked":"SKIP","floor":38},{"not_picked":["Hologram+1","Steam Power","Beam Cell"],"picked":"SKIP","floor":39},{"not_picked":["Recycle","Thunder Strike","Consume"],"picked":"SKIP","floor":41},{"not_picked":["Go for the Eyes+1","BootSequence"],"picked":"Turbo+1","floor":46},{"not_picked":["Barrage","Cold Snap","Chaos+1"],"picked":"SKIP","floor":48}],"player_experience":44797,"relics_obtained":[{"floor":9,"key":"Whetstone"},{"floor":11,"key":"War Paint"},{"floor":14,"key":"DataDisk"},{"floor":26,"key":"Bag of Preparation"},{"floor":28,"key":"Blood Vial"},{"floor":30,"key":"Boot"},{"floor":41,"key":"hubris:CuriousFeather"},{"floor":43,"key":"Potion Belt"}],"event_choices":[{"damage_healed":0,"gold_gain":435,"player_choice":"GO GO GO GO ","damage_taken":39,"relics_obtained":[],"max_hp_gain":0,"max_hp_loss":0,"event_name":"betterSkull:BetterSkull","floor":7,"gold_loss":0,"cards_upgraded":[]},{"damage_healed":0,"gold_gain":0,"player_choice":"Leave","damage_taken":0,"max_hp_gain":0,"max_hp_loss":0,"event_name":"conspire:Investor","floor":12,"gold_loss":0},{"damage_healed":0,"gold_gain":0,"player_choice":" Idol ","damage_taken":43,"relics_obtained":["Bloody Idol"],"max_hp_gain":85,"max_hp_loss":42,"event_name":"betterAltar:BetterAltar","floor":21,"potions_obtained":[],"relics_lost":[],"gold_loss":0},{"cards_removed":["Steam"],"damage_healed":0,"gold_gain":0,"player_choice":"Gave Gold","damage_taken":0,"max_hp_gain":0,"max_hp_loss":0,"event_name":"Beggar","floor":22,"gold_loss":75},{"damage_healed":0,"gold_gain":0,"player_choice":"Ignored","damage_taken":0,"max_hp_gain":0,"max_hp_loss":0,"event_name":"NoteForYourself","floor":37,"gold_loss":0},{"cards_removed":["Conserve Battery"],"damage_healed":5,"gold_gain":0,"player_choice":"Offered Common","damage_taken":0,"max_hp_gain":0,"max_hp_loss":0,"event_name":"Bonfire Elementals","floor":44,"gold_loss":0},{"cards_removed":["Conserve Battery"],"damage_healed":5,"gold_gain":0,"player_choice":"Offered Special","damage_taken":0,"max_hp_gain":0,"max_hp_loss":0,"event_name":"Bonfire Elementals","floor":44,"gold_loss":0}],"is_beta":false,"boss_relics":[{"not_picked":["Inserter","Astrolabe"],"picked":"conspire:SpecialSausage"},{"not_picked":["hubris:BlackHole","conspire:RunicOctahedron"],"picked":"hubris:HollowSoul"}],"items_purged_floors":[],"is_endless":false,"potions_floor_spawned":[10,11,16,25,28,38,39,46,48],"ascension_level":0}}