{"host":"uonldg9uriwfhjjx","time":1609291897,"event":{"mods":["AchievementEnabler","BaseMod","Minty Spire (QoL Compilation)","Relic Stats"],"gold_per_floor":[13,13,13,36,36,36,36,36,63,10,10,30,73,93,93,186,186,202,14,33,33,57,57,57,57],"floor_reached":24,"playtime":11085,"items_purged":[],"score":365,"play_id":"5c125934-937c-44ab-b0ae-0ae5cadf8741","local_time":"20201229203137","is_ascension_mode":true,"campfire_choices":[{"data":"Deadly Poison","floor":6,"key":"SMITH"},{"data":"Neutralize","floor":8,"key":"SMITH"},{"data":"Deadly Poison","floor":11,"key":"SMITH"},{"floor":15,"key":"REST"},{"data":"Noxious Fumes","floor":23,"key":"SMITH"}],"circlet_count":0,"master_deck":["AscendersBane","Strike_G","Strike_G","Defend_G","Defend_G","Defend_G","Defend_G","Survivor","Neutralize+1","Deadly Poison+1","Deadly Poison+1","Venomology","Choke+1","Deadly Poison+1","Deadly Poison+1","Noxious Fumes+1"],"relics":["Ring of the Snake","Gambling Chip","Golden Idol","Snake Skull","Bottled Lightning","Astrolabe","Membership Card"],"acts_visited":["Exordium","TheCity"],"potions_floor_usage":[18,20,22,22,22],"damage_taken":[{"damage":1,"enemies":"Cultist","floor":1,"turns":5},{"damage":0,"enemies":"2 Louse","floor":4,"turns":3},{"damage":1,"enemies":"Jaw Worm","floor":12,"turns":2},{"damage":22,"enemies":"3 Sentries","floor":13,"turns":10},{"damage":1,"enemies":"Blue Slaver","floor":14,"turns":3},{"damage":6,"enemies":"The Guardian","floor":16,"turns":7},{"damage":12,"enemies":"3 Byrds","floor":18,"turns":4},{"damage":0,"enemies":"Chosen","floor":20,"turns":4},{"damage":14,"enemies":"3 Cultists","floor":22,"turns":5},{"damage":29,"enemies":"Slavers","floor":24,"turns":2}],"seed_played":"-1152500156164441792","potions_obtained":[{"floor":4,"key":"LiquidMemories"},{"floor":12,"key":"ColorlessPotion"},{"floor":13,"key":"PowerPotion"}],"is_trial":false,"path_per_floor":["M","$","?","M","?","R","?","R","T","$","R","M","E","M","R","B",null,"M","$","M","$","M","R","E"],"character_chosen":"THE_SILENT","items_purchased":["Deadly Poison","Membership Card","Noxious Fumes"],"campfire_rested":1,"item_purchase_floors":[10,19,19],"current_hp_per_floor":[58,58,58,58,51,51,51,51,51,51,51,50,28,27,45,39,55,43,43,43,43,29,29,0,0],"gold":57,"neow_bonus":"ONE_RARE_RELIC","is_daily":false,"chose_seed":false,"campfire_upgraded":4,"win_rate":0.0,"timestamp":1609291897,"path_taken":["M","$","?","M","?","R","?","R","T","?","R","M","E","M","R","BOSS","M","$","M","$","M","R","E"],"items_purchased_type":["Card","Relic","Card"],"build_version":"2020-12-22","purchased_purges":0,"victory":false,"max_hp_per_floor":[66,66,60,60,60,60,60,60,60,60,60,60,60,60,60,60,60,60,60,60,60,60,60,60,60],"relic_stats":{"counters":[10,45],"Golden Idol":53,"Gambling Chip":[29],"Astrolabe":["Choke","Deadly Poison","Deadly Poison"],"Snake Skull":[49],"obtain_stats":[{"Golden Idol":3,"Gambling Chip":0,"Astrolabe":17,"Snake Skull":9,"Bottled Lightning":13,"Membership Card":19,"Ring of the Snake":0},{"Golden Idol":1,"Gambling Chip":0,"Astrolabe":6,"Snake Skull":2,"Bottled Lightning":4,"Membership Card":7,"Ring of the Snake":0},{"Golden Idol":5,"Gambling Chip":0,"Astrolabe":30,"Snake Skull":8,"Bottled Lightning":20,"Membership Card":34,"Ring of the Snake":0}],"Ring of the Snake":[20]},"card_choices":[{"not_picked":["Flechettes","Poisoned Stab"],"picked":"Deadly Poison","floor":1},{"not_picked":["Concentrate","Tactician","Flying Knee"],"picked":"SKIP","floor":4},{"not_picked":["Blade Dance","Dagger Throw","Flying Knee"],"picked":"SKIP","floor":12},{"not_picked":["Skewer","Wraith Form v2","Accuracy"],"picked":"SKIP","floor":13},{"not_picked":["Dagger Spray","Underhanded Strike","Bane"],"picked":"SKIP","floor":14},{"not_picked":["Unload","Tools of the Trade"],"picked":"Venomology","floor":16},{"not_picked":["Cloak And Dagger","Blade Dance","Reflex"],"picked":"SKIP","floor":18},{"not_picked":["Deflect","After Image","Outmaneuver+1"],"picked":"SKIP","floor":20},{"not_picked":["Backstab+1","Leg Sweep","Slice"],"picked":"SKIP","floor":22}],"player_experience":657822,"relics_obtained":[{"floor":9,"key":"Snake Skull"},{"floor":13,"key":"Bottled Lightning"}],"event_choices":[{"damage_healed":0,"gold_gain":0,"player_choice":"Lose Max HP","damage_taken":0,"relics_obtained":["Golden Idol"],"max_hp_gain":0,"max_hp_loss":6,"event_name":"Golden Idol","floor":3,"gold_loss":0},{"cards_removed":["Strike_G"],"damage_healed":0,"gold_gain":0,"player_choice":"Card Removal","damage_taken":7,"max_hp_gain":0,"max_hp_loss":0,"event_name":"Golden Wing","floor":5,"gold_loss":0},{"damage_healed":0,"gold_gain":0,"player_choice":"Searched \u00271\u0027 times","damage_taken":0,"max_hp_gain":0,"max_hp_loss":0,"event_name":"Dead Adventurer","floor":7,"gold_loss":0}],"is_beta":false,"boss_relics":[{"not_picked":["Tiny House","Busted Crown"],"picked":"Astrolabe"}],"items_purged_floors":[],"is_endless":false,"potions_floor_spawned":[4,12,13,14],"killed_by":"Slavers","ascension_level":15}}