{"host":"7irle2snl0x6pcqd","time":1609329700,"event":{"mods":["BaseMod","DeckTracker","Downfall","Minty Spire (QoL Compilation)","Permanent Neow","Quick Restart","Relic Stats","StSLib"],"gold_per_floor":[99,114,133,156,431,356,356,368,395,412,426,13,13,28,44,44,44,44],"floor_reached":16,"playtime":2131,"items_purged":[],"score":104,"play_id":"0e4f1bc2-1f7d-4311-acaa-dfc841691f79","local_time":"20201230070140","is_ascension_mode":false,"campfire_choices":[{"data":"champ:Taunt","floor":1,"key":"SMITH"},{"data":"champ:TornadoPunch","floor":6,"key":"SMITH"}],"circlet_count":0,"master_deck":["champ:Strike","champ:Strike","champ:Strike","champ:Strike","champ:Defend","champ:Defend","champ:Defend","champ:Defend","champ:Execute","champ:Taunt+1","expansioncontent:GuardianWhirl","champ:Haymaker","champ:TornadoPunch+1","Regret","champ:DeathBlow","champ:SwordThrow","champ:PerfectedStrike","champ:ShieldWall","champ:Shatter","expansioncontent:DonusPower","champ:BerserkersShout","champ:Backstep"],"relics":["champ:ChampionCrown","downfall:HeartBlessingBlue","Mercury Hourglass","Calipers","Ancient Tea Set","Centennial Puzzle"],"acts_visited":["Exordium"],"potions_floor_usage":[14,16,16],"damage_taken":[{"damage":11,"enemies":"Cultist","floor":2,"turns":3},{"damage":5,"enemies":"2 Louse","floor":3,"turns":2},{"damage":5,"enemies":"Small Slimes","floor":8,"turns":2},{"damage":34,"enemies":"Lagavulin","floor":9,"turns":5},{"damage":17,"enemies":"Red Slaver","floor":10,"turns":4},{"damage":16,"enemies":"Blue Slaver","floor":11,"turns":4},{"damage":3,"enemies":"downfall:FleeingMerchant","floor":12,"turns":4},{"damage":5,"enemies":"Large Slime","floor":14,"turns":5},{"damage":9,"enemies":"2 Fungi Beasts","floor":15,"turns":3},{"damage":18,"enemies":"downfall:Watcher","floor":16,"turns":5}],"seed_played":"-8794793365069127662","potions_obtained":[{"floor":8,"key":"PowerPotion"},{"floor":11,"key":"BlessingOfTheForge"},{"floor":13,"key":"downfall:CursedFountainPotion"},{"floor":14,"key":"Swift Potion"},{"floor":15,"key":"SteroidPotion"}],"is_trial":false,"path_per_floor":["R","M","M","T","?","R","T","M","E","M","M","$","?","M","M","B"],"character_chosen":"THE_CHAMP","items_purchased":["Ancient Tea Set","Centennial Puzzle","expansioncontent:DonusPower"],"campfire_rested":0,"item_purchase_floors":[12,12,12],"current_hp_per_floor":[90,84,79,79,79,89,89,89,65,48,32,29,29,24,18,0,0,0],"gold":44,"neow_bonus":"RANDOM_COLORLESS","is_daily":false,"chose_seed":false,"campfire_upgraded":2,"win_rate":0.0,"timestamp":1609329700,"path_taken":["R","M","M","?","?","R","T","?","E","M","M","$","?","M","M","BOSS"],"items_purchased_type":["Relic","Relic","Card"],"build_version":"2020-12-22","purchased_purges":0,"victory":false,"max_hp_per_floor":[90,90,90,90,90,100,100,100,100,100,100,100,100,100,100,100,100,100],"relic_stats":{"Centennial Puzzle":[9],"counters":[10,37],"obtain_stats":[{"Centennial Puzzle":12,"Calipers":9,"downfall:HeartBlessingBlue":6,"champ:ChampionCrown":0,"Ancient Tea Set":12,"Mercury Hourglass":7},{"Centennial Puzzle":7,"Calipers":4,"downfall:HeartBlessingBlue":2,"champ:ChampionCrown":0,"Ancient Tea Set":7,"Mercury Hourglass":2},{"Centennial Puzzle":24,"Calipers":12,"downfall:HeartBlessingBlue":5,"champ:ChampionCrown":0,"Ancient Tea Set":24,"Mercury Hourglass":5}],"Mercury Hourglass":[86]},"card_choices":[{"not_picked":["Jack Of All Trades","Dramatic Entrance"],"picked":"expansioncontent:GuardianWhirl","floor":0},{"not_picked":["champ:FalseCounter","champ:TornadoPunch"],"picked":"champ:Haymaker","floor":2},{"not_picked":["champ:BerserkersShout","champ:CalledShot"],"picked":"champ:TornadoPunch","floor":3},{"not_picked":["champ:FlashCut","champ:HeartStrike"],"picked":"champ:DeathBlow","floor":8},{"not_picked":["champ:ViciousMockery","champ:DefensiveShout"],"picked":"champ:SwordThrow","floor":9},{"not_picked":["champ:Riposte","champ:FalseCounter"],"picked":"champ:PerfectedStrike","floor":10},{"not_picked":["champ:BringItOn","champ:EnGarde"],"picked":"champ:ShieldWall","floor":11},{"not_picked":["champ:AdrenalArmor","champ:SkillfulDodge"],"picked":"champ:Shatter","floor":12},{"not_picked":["champ:FalseCounter","champ:TornadoPunch"],"picked":"champ:BerserkersShout","floor":14},{"not_picked":["champ:PerfectedStrike","champ:BerserkersShout"],"picked":"champ:Backstep","floor":15}],"player_experience":190007,"relics_obtained":[{"floor":7,"key":"Mercury Hourglass"},{"floor":9,"key":"Calipers"}],"event_choices":[],"is_beta":false,"boss_relics":[],"items_purged_floors":[],"is_endless":false,"potions_floor_spawned":[8,11,14,15],"killed_by":"downfall:Watcher","ascension_level":0}}