{"host":"m78cb9j8mt6kw0f2","time":1609323124,"event":{"mods":["Act Like it!","BaseMod","Best Route Mod","BetterRewards","Colored Powertips","Downfall","Friendly Minions","Highlight Path","Kiyohime£®«Âºß£©","Marisa£®ÏF”Í°°ƒß¿Ì…≥£©","Minty Spire (QoL Compilation)","Quick Restart","Random Character Button","Reimu£®≤©¿ˆ¡È√Œ£©","Remilia£®¿Ÿ√◊¿Ú—«£©","Replay The Spire","Shop Mod","StSLib","SuperFastMode","Synergy Search","Td1madao Mod","The Cursed","Youmu£®ªÍ∆«—˝√Œ£©","slay the spire mod where everything is the same but ironclad has a cowboy hat"],"gold_per_floor":[109,59,78,92,106,106,122,133,209,209,284,64,64,78,78,175,175,188,174,184,84,84,84,84,84],"floor_reached":24,"playtime":776,"items_purged":["Strike_Lin:ReiMu","Strike_Lin:ReiMu"],"score":190,"play_id":"f4112826-983f-4e58-b3c4-71cf067c2b40","local_time":"20201230181204","is_ascension_mode":false,"campfire_choices":[{"data":"NineCharacters:ReiMu","floor":6.0,"key":"SMITH"},{"data":"ForcedLanding:ReiMu","floor":10.0,"key":"SMITH"},{"data":"YinYangSange:ReiMu","floor":15.0,"key":"SMITH"},{"floor":23,"key":"REST"}],"circlet_count":0,"master_deck":["Strike_Lin:ReiMu","Defend_Lin:ReiMu","Defend_Lin:ReiMu","Defend_Lin:ReiMu","NB:ReiMu","Stagnation:ReiMu","SubAcupoint:ReiMu","Conquer:ReiMu","OrbThrow:ReiMu","NineCharacters:ReiMu+1","ForcedLanding:ReiMu+1","CareerPray:ReiMu","YinYangSange:ReiMu+1","Shading:ReiMu","SpreadBorder2:ReiMu+1","InherentArray:ReiMu","Amulet:ReiMu"],"relics":["FlyPower:ReiMu","NeowsBlessing","Chameleon Ring","Divine Protection","MerchantsRug","Turnip","Empty Cage"],"acts_visited":["Exordium","TheCity"],"potions_floor_usage":[],"damage_taken":[{"damage":0.0,"enemies":"Jaw Worm","floor":1.0,"turns":1.0},{"damage":0.0,"enemies":"Cultist","floor":3.0,"turns":1.0},{"damage":0.0,"enemies":"2 Louse","floor":4.0,"turns":2.0},{"damage":13.0,"enemies":"Gremlin Gang","floor":5.0,"turns":7.0},{"damage":3.0,"enemies":"Exordium Wildlife","floor":7.0,"turns":4.0},{"damage":6.0,"enemies":"Looter","floor":8.0,"turns":3.0},{"damage":0.0,"enemies":"3 Louse","floor":14.0,"turns":1.0},{"damage":21.0,"enemies":"Slime Boss","floor":16.0,"turns":9.0},{"damage":20,"enemies":"3 Byrds","floor":18,"turns":6},{"damage":19,"enemies":"2 Thieves","floor":19,"turns":4},{"damage":16,"enemies":"Snecko","floor":20,"turns":9},{"damage":32,"enemies":"Slavers","floor":24,"turns":2}],"seed_played":"-7594873006450092800","potions_obtained":[{"floor":7.0,"key":"Ancient Potion"},{"floor":8.0,"key":"ZuzhouPotion:ReiMu"}],"is_trial":false,"path_per_floor":["M","?","M","M","M","R","M","M","T","R","T","$","?","M","R","B",null,"M","M","M","$","?","R","E"],"character_chosen":"REIMU","items_purchased":["YinYangSange:ReiMu","MerchantsRug"],"campfire_rested":1,"item_purchase_floors":[12,12],"current_hp_per_floor":[65,65,65,65,52,52,49,43,43,43,43,43,31,31,31,10,65,45,26,10,10,10,29,0,0],"gold":84,"neow_bonus":"THREE_ENEMY_KILL","is_daily":false,"chose_seed":false,"campfire_upgraded":3,"win_rate":0.0,"timestamp":1609323124,"path_taken":["M","?","?","M","M","R","M","M","T","R","?","$","?","M","R","BOSS","M","M","M","$","?","R","E"],"items_purchased_type":["Card","Relic"],"build_version":"2020-12-22","purchased_purges":2,"victory":false,"max_hp_per_floor":[65,65,65,65,65,65,65,65,65,65,65,65,65,65,65,65,65,65,65,65,65,65,65,65,65],"card_choices":[{"not_picked":["Enchanting:ReiMu","SubcavityInstant:ReiMu"],"picked":"SubAcupoint:ReiMu","floor":1.0},{"not_picked":["AlertArray:ReiMu","KamiSacrifice:ReiMu"],"picked":"Conquer:ReiMu","floor":3.0},{"not_picked":["SafetyPray:ReiMu","Conquer:ReiMu"],"picked":"OrbThrow:ReiMu","floor":4.0},{"not_picked":["SpreadBorder2:ReiMu","PassingAway:ReiMu"],"picked":"NineCharacters:ReiMu","floor":5.0},{"not_picked":["Amulet:ReiMu","Meditation:ReiMu"],"picked":"ForcedLanding:ReiMu","floor":7.0},{"not_picked":["EmergencyTakeOff:ReiMu","OrbThrow:ReiMu"],"picked":"CareerPray:ReiMu","floor":8.0},{"not_picked":["OrbThrow:ReiMu","AirStrike:ReiMu","PhosphorusFlame:ReiMu"],"picked":"SKIP","floor":14.0},{"not_picked":["CleanRite:ReiMu","PrayRite:ReiMu"],"picked":"Shading:ReiMu","floor":16.0},{"not_picked":["Meditation:ReiMu","Enchanting:ReiMu"],"picked":"SpreadBorder2:ReiMu+1","floor":18},{"not_picked":["Crusade:ReiMu","ShadowOfCrow2:ReiMu"],"picked":"InherentArray:ReiMu","floor":19},{"not_picked":["WonderfulDomain:ReiMu","OctopathBindingBorder2:ReiMu+1"],"picked":"Amulet:ReiMu","floor":20}],"player_experience":254324,"relics_obtained":[{"floor":9.0,"key":"Divine Protection"}],"event_choices":[{"damage_healed":0.0,"max_hp_gain":0.0,"max_hp_loss":0.0,"gold_gain":0.0,"event_name":"WeMeetAgain","player_choice":"Paid Gold","floor":2.0,"gold_loss":50.0,"damage_taken":0.0,"relics_obtained":["Chameleon Ring"]},{"damage_healed":0.0,"max_hp_gain":0.0,"max_hp_loss":0.0,"gold_gain":0.0,"event_name":"Scrap Ooze","player_choice":"Success","floor":13.0,"gold_loss":0.0,"damage_taken":12.0,"relics_obtained":["Turnip"]},{"damage_healed":0,"gold_gain":0,"player_choice":"Ignored","damage_taken":0,"max_hp_gain":0,"max_hp_loss":0,"event_name":"Cursed Tome","floor":22,"gold_loss":0}],"is_beta":false,"boss_relics":[{"not_picked":["Replay:Bronze Core","Coffee Dripper"],"picked":"Empty Cage"}],"items_purged_floors":[12,21],"is_endless":false,"potions_floor_spawned":[7,8],"killed_by":"Slavers","ascension_level":0}}