{"host":"m6aaltr68g9tvoay","time":1609368154,"event":{"mods":["AchievementEnabler","BaseMod","Colored Map","Minty Spire (QoL Compilation)","StSLib"],"gold_per_floor":[11,25,25,45,45,45,79,107,185,185,185,95,39,64,64,152,179,201,251,271,28,0,0,59,59,59,102,77,77,97,109,109,109,109],"floor_reached":33,"playtime":890,"items_purged":["Strike_R"],"score":500,"play_id":"1294bbdc-39ed-4fbf-b6dd-43d52dacecba","local_time":"20201230144234","is_ascension_mode":true,"campfire_choices":[{"data":"Sword Boomerang","floor":6.0,"key":"SMITH"},{"floor":10.0,"key":"REST"},{"data":"Whirlwind","floor":15.0,"key":"SMITH"},{"floor":23,"key":"REST"},{"data":"Pummel","floor":25,"key":"SMITH"},{"floor":29,"key":"REST"},{"floor":32,"key":"REST"}],"circlet_count":0,"master_deck":["AscendersBane","Defend_R","Defend_R","Defend_R","Defend_R","Bash","Spot Weakness","Sword Boomerang+1","Intimidate","Uppercut","Thunderclap","Whirlwind+1","Impervious","Infernal Blade+1","Offering","Sword Boomerang+1","Entrench+1","Iron Wave","Pummel+1","RitualDagger","Metallicize","Clothesline"],"relics":["Burning Blood","Juzu Bracelet","CeramicFish","Shuriken","SsserpentHead","Astrolabe","Regal Pillow","Oddly Smooth Stone"],"acts_visited":["Exordium","TheCity"],"potions_floor_usage":[33],"damage_taken":[{"damage":3.0,"enemies":"2 Louse","floor":1.0,"turns":3.0},{"damage":12.0,"enemies":"Jaw Worm","floor":2.0,"turns":3.0},{"damage":6.0,"enemies":"Cultist","floor":4.0,"turns":3.0},{"damage":49.0,"enemies":"Lagavulin","floor":7.0,"turns":7.0},{"damage":10.0,"enemies":"Red Slaver","floor":8.0,"turns":3.0},{"damage":13.0,"enemies":"Blue Slaver","floor":14.0,"turns":4.0},{"damage":36.0,"enemies":"Hexaghost","floor":16.0,"turns":8.0},{"damage":10.0,"enemies":"3 Byrds","floor":18.0,"turns":4.0},{"damage":26.0,"enemies":"Chosen","floor":20.0,"turns":4.0},{"damage":34,"enemies":"Gremlin Leader","floor":27,"turns":5},{"damage":36,"enemies":"Centurion and Healer","floor":30,"turns":6},{"damage":30,"enemies":"Snake Plant","floor":31,"turns":4},{"damage":98,"enemies":"Automaton","floor":33,"turns":10}],"seed_played":"5750042662250661571","potions_obtained":[{"floor":1.0,"key":"SkillPotion"},{"floor":2.0,"key":"EssenceOfSteel"},{"floor":16.0,"key":"SpeedPotion"},{"floor":20.0,"key":"BloodPotion"}],"is_trial":false,"path_per_floor":["M","M","?","M","T","R","E","M","T","R","?","$","$","M","R","B",null,"M","?","M","$","?","R","?","R","T","E","?","R","M","M","R","B"],"character_chosen":"IRONCLAD","items_purchased":["Impervious","Block Potion","Regal Pillow"],"campfire_rested":4,"item_purchase_floors":[12,13,21],"current_hp_per_floor":[85,79,79,79,79,79,36,32,32,58,58,58,58,51,51,21,72,68,68,48,48,48,89,83,83,83,55,55,89,59,35,76,0,0],"gold":109,"neow_bonus":"TWENTY_PERCENT_HP_BONUS","is_daily":false,"chose_seed":false,"campfire_upgraded":3,"win_rate":0.0,"timestamp":1609368154,"path_taken":["M","M","?","M","?","R","E","M","T","R","?","?","$","M","R","BOSS","M","?","M","$","?","R","?","R","T","E","?","R","M","M","R","BOSS"],"items_purchased_type":["Card","Potion","Relic"],"build_version":"2020-12-22","purchased_purges":1,"victory":false,"max_hp_per_floor":[89,89,89,89,89,89,89,89,89,89,89,89,89,89,89,89,89,89,89,89,89,89,89,89,89,89,89,89,89,89,89,89,89,89],"card_choices":[{"not_picked":["Burning Pact","Sword Boomerang"],"picked":"Spot Weakness","floor":1.0},{"not_picked":["Warcry","Searing Blow"],"picked":"Sword Boomerang","floor":2.0},{"not_picked":["Sword Boomerang","Armaments"],"picked":"Uppercut","floor":4.0},{"not_picked":["Perfected Strike","Brutality"],"picked":"Thunderclap","floor":7.0},{"not_picked":["Flex","Iron Wave"],"picked":"Whirlwind","floor":8.0},{"not_picked":["Pommel Strike","Heavy Blade"],"picked":"Infernal Blade","floor":14.0},{"not_picked":["Demon Form","Immolate"],"picked":"Offering","floor":16.0},{"not_picked":["Cleave","Rupture"],"picked":"Iron Wave","floor":18.0},{"not_picked":["Carnage","Hemokinesis+1"],"picked":"Pummel","floor":20.0},{"not_picked":["Wild Strike","Hemokinesis"],"picked":"Metallicize","floor":27},{"not_picked":["Sentinel","True Grit"],"picked":"Clothesline","floor":30},{"not_picked":["Evolve","Sentinel","Warcry"],"picked":"SKIP","floor":31}],"player_experience":1321249,"relics_obtained":[{"floor":5.0,"key":"Juzu Bracelet"},{"floor":7.0,"key":"CeramicFish"},{"floor":9.0,"key":"Shuriken"},{"floor":27,"key":"Oddly Smooth Stone"}],"event_choices":[{"damage_healed":0.0,"max_hp_gain":0.0,"max_hp_loss":0.0,"gold_gain":0.0,"cards_transformed":["Strike_R"],"event_name":"Living Wall","player_choice":"Change","floor":3.0,"gold_loss":0.0,"damage_taken":0.0,"cards_obtained":["Intimidate"]},{"damage_healed":0.0,"max_hp_gain":0.0,"max_hp_loss":0.0,"gold_gain":0.0,"event_name":"FaceTrader","player_choice":"Trade","floor":11.0,"gold_loss":0.0,"damage_taken":0.0,"relics_obtained":["SsserpentHead"]},{"damage_healed":0.0,"max_hp_gain":0.0,"max_hp_loss":0.0,"gold_gain":0.0,"event_name":"Upgrade Shrine","player_choice":"Upgraded","floor":19.0,"gold_loss":0.0,"damage_taken":0.0,"cards_upgraded":["Infernal Blade"]},{"damage_healed":0,"gold_gain":0,"player_choice":"Paid Fearfully","damage_taken":0,"max_hp_gain":0,"max_hp_loss":0,"event_name":"Masked Bandits","floor":22,"gold_loss":78},{"damage_healed":0,"gold_gain":0,"player_choice":"Joined the Cult","damage_taken":6,"max_hp_gain":0,"max_hp_loss":0,"event_name":"Nest","floor":24,"gold_loss":0,"cards_obtained":["RitualDagger"]},{"cards_removed":["Dual Wield"],"damage_healed":0,"gold_gain":0,"player_choice":"Gave Gold","damage_taken":0,"max_hp_gain":0,"max_hp_loss":0,"event_name":"Beggar","floor":28,"gold_loss":75}],"is_beta":false,"boss_relics":[{"not_picked":["Runic Dome","Runic Pyramid"],"picked":"Astrolabe"}],"items_purged_floors":[21],"is_endless":false,"potions_floor_spawned":[1,2,16,20],"killed_by":"Automaton","ascension_level":18}}