{"host":"96bpdudduaq3ttpf","time":1609368011,"event":{"mods":["Act Like it!","Astrologer","Bard","Bartender","BaseMod","CapriCore","Challenge The Spire","Chen","Downfall","Elementarium","Energized Spire","Friendly Minions","GifTheSpireLib","Hallownest","Hermit","Jorbs\u0027s Wanderer Trilogy","Koishi","Mari Mod (Legacy)","Mari\u0027s V1 Patch","Marisa????????","Mimic Mod","Minty Spire (QoL Compilation)","Prisma Mod","Remilia??????","Replay The Spire","Shade Mod","StSLib","Td1madao Mod","The Administrix","The Bladedancer","The Bug Knight","The Construct","The Cursed","The Factory","The Gatherer","The Hierophant","The Immortal","The IronCluck","The Jungle","The Marked","The Mystic","The Necromancer","The Runesmith","The Servant 0.9.4","Wandering Minibosses","WarShipGirlsR/????R mod","Yohane!","Yuyuko"],"gold_per_floor":[16,16,33,108,123,123,198,198,198,214,214,249,249,266,266,266,266],"floor_reached":16,"playtime":762,"items_purged":[],"score":100,"play_id":"94d1fcc1-b8c1-49e4-83ae-6261356bfeb8","local_time":"20201230154011","is_ascension_mode":false,"campfire_choices":[{"data":"construct:ClusterMines","floor":6,"key":"SMITH"},{"floor":11,"key":"REST"},{"floor":13,"key":"REST"},{"floor":15,"key":"REST"}],"circlet_count":0,"master_deck":["construct:Strike_Gold","construct:Strike_Gold","construct:Strike_Gold","construct:Strike_Gold","construct:Strike_Gold","construct:Defend_Gold","construct:Defend_Gold","construct:Defend_Gold","construct:Defend_Gold","construct:Defend_Gold","construct:DefenseMode","construct:ClusterMines+1","construct:Backup+1","construct:Autoturret","construct:SaveState","construct:HardReboot","construct:Analyze","construct:Forcefield"],"relics":["construct:Cogwheel","Incense Burner","Eternal Feather","InkBottle"],"acts_visited":["Exordium"],"potions_floor_usage":[12,16],"damage_taken":[{"damage":2,"enemies":"Cultist","floor":1,"turns":5},{"damage":8,"enemies":"Jaw Worm","floor":3,"turns":4},{"damage":13,"enemies":"2 Louse","floor":5,"turns":4},{"damage":32,"enemies":"Gremlin Gang","floor":10,"turns":11},{"damage":38,"enemies":"Gremlin Nob","floor":12,"turns":5},{"damage":30,"enemies":"Red Slaver","floor":14,"turns":5},{"damage":70,"enemies":"Fading Forest","floor":16,"turns":6}],"seed_played":"856779918803685767","potions_obtained":[{"floor":3,"key":"Weak Potion"},{"floor":5,"key":"CultistPotion"},{"floor":14,"key":"Toxic Potion"}],"is_trial":false,"path_per_floor":["M","?","M","?","M","R","?","?","T","M","R","E","R","M","R","B"],"character_chosen":"THE_CONSTRUCT_MOD","items_purchased":[],"campfire_rested":3,"item_purchase_floors":[],"current_hp_per_floor":[83,83,75,67,54,54,43,43,43,11,45,7,41,11,45,0,0],"gold":266,"neow_bonus":"ONE_RARE_RELIC","is_daily":false,"chose_seed":false,"campfire_upgraded":1,"win_rate":0.0,"timestamp":1609368011,"path_taken":["M","?","M","?","?","R","?","?","T","M","R","E","R","M","R","BOSS"],"items_purchased_type":[],"build_version":"2020-12-22","purchased_purges":0,"victory":false,"max_hp_per_floor":[85,85,85,85,85,85,85,85,85,85,85,85,85,85,85,85,85],"card_choices":[{"not_picked":["construct:Accumulate","construct:UnbalancingBlast"],"picked":"construct:ClusterMines","floor":1},{"not_picked":["construct:Hazardproof","construct:SyphonStrike"],"picked":"construct:Autoturret","floor":3},{"not_picked":["construct:Accumulate","construct:ScrapCannon"],"picked":"construct:SaveState","floor":5},{"not_picked":["construct:FocusedBeam","construct:Autoturret"],"picked":"construct:HardReboot","floor":10},{"not_picked":["construct:SuppressiveFire","construct:Accumulate"],"picked":"construct:Analyze","floor":12},{"not_picked":["construct:Versatility","construct:ScrapCannon"],"picked":"construct:Forcefield","floor":14}],"player_experience":755047,"relics_obtained":[{"floor":9,"key":"Eternal Feather"},{"floor":12,"key":"InkBottle"}],"event_choices":[{"damage_healed":0,"gold_gain":75,"player_choice":"Touch","damage_taken":8,"max_hp_gain":0,"max_hp_loss":0,"event_name":"FaceTrader","floor":4,"gold_loss":0},{"damage_healed":0,"gold_gain":75,"player_choice":"Gather Gold","damage_taken":11,"max_hp_gain":0,"max_hp_loss":0,"event_name":"World of Goop","floor":7,"gold_loss":0},{"damage_healed":0,"gold_gain":0,"player_choice":"Ignored","damage_taken":0,"max_hp_gain":0,"max_hp_loss":0,"event_name":"Golden Wing","floor":8,"gold_loss":0}],"is_beta":false,"boss_relics":[],"items_purged_floors":[],"is_endless":false,"potions_floor_spawned":[3,5,14],"killed_by":"Fading Forest","ascension_level":0}}