{"host":"wl9at99caqxndrn4","time":1609337641,"event":{"mods":["BaseMod","BetterRewards","Colored Map","Colored Powertips","Downfall","Googly Eyes","Hermit","Marisa（霧雨　魔理沙）","Minty Spire (QoL Compilation)","Quick Restart","Rare Cards Sparkle","Shop Mod","StSLib","The Cursed","The Necromancer","The Poker Player"],"gold_per_floor":[114,114,132,34,48,77,145,164,164,164,178,178,205,205,205,302,302,312,237,248,262,274,303,303,303,303,303,73,84,115,125,125,223,223,243,243,243,90,90,115,115,115,115,165,165,68,82,82,82,82,82,82],"floor_reached":50,"playtime":6026,"items_purged":["PokerPlayerMod:Mulligan"],"score":616,"play_id":"cc69996f-5772-4560-92b3-7057c23484a0","local_time":"20201230221401","is_ascension_mode":false,"metric_token":1042,"campfire_choices":[{"data":"PokerPlayerMod:Duplicate","floor":12,"key":"SMITH"},{"data":"PokerPlayerMod:Raise","floor":15,"key":"SMITH"},{"data":"PokerPlayerMod:CardPrinter+1","floor":24,"key":"SMITH"},{"data":"PokerPlayerMod:Diamond2","floor":27,"key":"SMITH"},{"floor":32,"key":"REST"},{"data":"PokerPlayerMod:Sharpen","floor":42,"key":"SMITH"},{"floor":49,"key":"REST"}],"circlet_count":0,"master_deck":["PokerPlayerMod:Diamond2","PokerPlayerMod:Diamond3","PokerPlayerMod:Diamond4","PokerPlayerMod:Diamond5","PokerPlayerMod:Spade2","PokerPlayerMod:Spade3","PokerPlayerMod:Spade4","PokerPlayerMod:Club2","PokerPlayerMod:Heart2","PokerPlayerMod:BadJoker","PokerPlayerMod:CloakAndDiamond","PokerPlayerMod:Raise+1","PokerPlayerMod:CloakAndDiamond","PokerPlayerMod:Diamond4","PokerPlayerMod:Duplicate+1","PokerPlayerMod:Diamond6","PokerPlayerMod:WasteCollection","PokerPlayerMod:Spade3","PokerPlayerMod:Configure+1","PokerPlayerMod:ClubDance+1","PokerPlayerMod:Heart4","PokerPlayerMod:DiamondStrike+1","PokerPlayerMod:Heart5","PokerPlayerMod:Diamond3","PokerPlayerMod:CardPrinter+2","PokerPlayerMod:Diamond8","PokerPlayerMod:DiamondStrike","PokerPlayerMod:DiamondStrike+1","PokerPlayerMod:Club8","PokerPlayerMod:Diamond10+","PokerPlayerMod:Diamond4","PokerPlayerMod:Sharpen+1","PokerPlayerMod:Club9","PokerPlayerMod:Club3","PokerPlayerMod:Club6","PokerPlayerMod:GamblerForm","PokerPlayerMod:Diamond4"],"relics":["PokerPlayerMod:DeckCase","Mercury Hourglass","Meat on the Bone","Kunai","PokerPlayerMod:JackpotMachine","Pear","Astrolabe","Nunchaku","StoneCalendar","PokerPlayerMod:CoolBox","Empty Cage","Ornamental Fan","Juzu Bracelet","Prayer Wheel"],"acts_visited":["Exordium","TheCity","TheBeyond"],"potions_floor_usage":[29],"damage_taken":[{"damage":7,"enemies":"2 Louse","floor":1,"turns":2},{"damage":0,"enemies":"Jaw Worm","floor":3,"turns":3},{"damage":0,"enemies":"Small Slimes","floor":5,"turns":1},{"damage":13,"enemies":"Gremlin Nob","floor":6,"turns":4},{"damage":0,"enemies":"Looter","floor":8,"turns":2},{"damage":0,"enemies":"Blue Slaver","floor":11,"turns":2},{"damage":0,"enemies":"Lagavulin","floor":13,"turns":4},{"damage":32,"enemies":"The Guardian","floor":16,"turns":8},{"damage":0,"enemies":"3 Byrds","floor":18,"turns":2},{"damage":0,"enemies":"Spheric Guardian","floor":20,"turns":1},{"damage":1,"enemies":"Chosen and Byrds","floor":21,"turns":4},{"damage":0,"enemies":"Centurion and Healer","floor":22,"turns":4},{"damage":27,"enemies":"Slavers","floor":23,"turns":4},{"damage":29,"enemies":"Shelled Parasite and Fungi","floor":29,"turns":6},{"damage":54,"enemies":"Gremlin Leader","floor":30,"turns":6},{"damage":0,"enemies":"Chosen and Byrds","floor":31,"turns":4},{"damage":37,"enemies":"Champ","floor":33,"turns":10},{"damage":8,"enemies":"3 Darklings","floor":35,"turns":3},{"damage":50,"enemies":"Reptomancer","floor":40,"turns":6},{"damage":0,"enemies":"Mind Bloom Boss Battle","floor":44,"turns":1},{"damage":9,"enemies":"3 Shapes","floor":47,"turns":2},{"damage":78,"enemies":"Time Eater","floor":50,"turns":4}],"seed_played":"-8417834067653720433","potions_obtained":[{"floor":3,"key":"SteroidPotion"},{"floor":5,"key":"EntropicBrew"},{"floor":8,"key":"DuplicationPotion"},{"floor":16,"key":"Ancient Potion"},{"floor":29,"key":"EntropicBrew"}],"is_trial":false,"path_per_floor":["M","?","M","$","M","E","?","M","T","?","M","R","E","T","R","B",null,"M","?","M","M","M","E","R","?","T","R","$","M","E","M","R","B",null,"M","?","?","$","?","E","?","R","T","?","?","$","M","?","R","B"],"character_chosen":"THE_POKER_PLAYER","items_purchased":["PokerPlayerMod:CloakAndDiamond","PokerPlayerMod:HeartStrike","PokerPlayerMod:Diamond8","PokerPlayerMod:DiamondStrike","PokerPlayerMod:Sharpen","PokerPlayerMod:Club9","PokerPlayerMod:Club6"],"campfire_rested":2,"item_purchase_floors":[4,4,28,28,38,38,46],"current_hp_per_floor":[52,52,54,54,57,47,47,53,53,50,56,56,57,67,67,40,67,67,67,67,66,67,60,60,48,48,48,48,41,24,38,59,46,72,68,68,68,68,68,38,38,38,38,38,38,38,41,41,61,0,0,0],"gold":82,"neow_bonus":"TEN_PERCENT_HP_BONUS","is_daily":false,"chose_seed":false,"campfire_upgraded":5,"win_rate":0.0,"timestamp":1609337641,"path_taken":["M","?","M","$","M","E","?","M","T","?","M","R","E","?","R","BOSS","M","?","M","M","M","E","R","?","T","R","$","?","E","M","R","BOSS","M","?","?","$","?","E","?","R","T","?","?","$","M","?","R","BOSS"],"items_purchased_type":["Card","Card","Card","Card","Card","Card","Card"],"build_version":"2020-12-22","purchased_purges":1,"victory":false,"max_hp_per_floor":[57,57,57,57,57,57,57,57,57,57,57,57,57,67,67,67,67,67,67,67,67,67,67,67,72,72,72,72,72,72,72,72,72,72,72,72,72,72,72,72,68,68,68,68,68,68,68,68,68,68,68,68],"card_choices":[{"not_picked":["PokerPlayerMod:MagicTrick","PokerPlayerMod:Club4"],"picked":"PokerPlayerMod:CloakAndDiamond","floor":1},{"not_picked":["PokerPlayerMod:Overdeal","PokerPlayerMod:Diamond1"],"picked":"PokerPlayerMod:Raise","floor":3},{"not_picked":["PokerPlayerMod:MagicTrick","PokerPlayerMod:Configure"],"picked":"PokerPlayerMod:Diamond4","floor":5},{"not_picked":["PokerPlayerMod:HotShotCut","PokerPlayerMod:Spade5"],"picked":"PokerPlayerMod:Duplicate","floor":6},{"not_picked":["PokerPlayerMod:Club4","PokerPlayerMod:SpadeStrike"],"picked":"PokerPlayerMod:HiddenCard","floor":8},{"not_picked":["PokerPlayerMod:Diamond4","PokerPlayerMod:SpadeStrike"],"picked":"PokerPlayerMod:Overdeal","floor":11},{"not_picked":["PokerPlayerMod:HeartStrike","PokerPlayerMod:Diamond4"],"picked":"PokerPlayerMod:Diamond6","floor":13},{"not_picked":["PokerPlayerMod:ChangeRules","PokerPlayerMod:ItsShowtime"],"picked":"PokerPlayerMod:WasteCollection","floor":16},{"not_picked":["PokerPlayerMod:Spade3","PokerPlayerMod:SpadeStrike"],"picked":"PokerPlayerMod:Heart4","floor":18},{"not_picked":["PokerPlayerMod:Club3","PokerPlayerMod:Diamond5"],"picked":"PokerPlayerMod:DiamondStrike+1","floor":20},{"not_picked":["PokerPlayerMod:Diamond2","PokerPlayerMod:PoorCopy"],"picked":"PokerPlayerMod:Heart5","floor":21},{"not_picked":["PokerPlayerMod:Diamond1","PokerPlayerMod:Heart4"],"picked":"PokerPlayerMod:Diamond2","floor":22},{"not_picked":["PokerPlayerMod:Configure","PokerPlayerMod:Diamond7"],"picked":"PokerPlayerMod:CardPrinter+1","floor":23},{"not_picked":["PokerPlayerMod:Raise","PokerPlayerMod:Configure"],"picked":"PokerPlayerMod:DiamondStrike+1","floor":29},{"not_picked":["PokerPlayerMod:Raise","PokerPlayerMod:Club3"],"picked":"PokerPlayerMod:Club8","floor":30},{"not_picked":["PokerPlayerMod:Spade2","PokerPlayerMod:Overdeal","PokerPlayerMod:DartThrow"],"picked":"SKIP","floor":31},{"not_picked":["PokerPlayerMod:Spade10+","PokerPlayerMod:Diamond7"],"picked":"PokerPlayerMod:Diamond10+","floor":33},{"not_picked":["PokerPlayerMod:SpadeStrike","PokerPlayerMod:Heart1"],"picked":"PokerPlayerMod:Diamond4","floor":35},{"not_picked":["PokerPlayerMod:Heart3","PokerPlayerMod:Spade1"],"picked":"PokerPlayerMod:Club3","floor":40},{"not_picked":["PokerPlayerMod:HeartStrike","PokerPlayerMod:Diamond4"],"picked":"PokerPlayerMod:GamblerForm","floor":47},{"not_picked":["PokerPlayerMod:Spade4","PokerPlayerMod:Spade3"],"picked":"PokerPlayerMod:Diamond4","floor":47}],"player_experience":62376,"relics_obtained":[{"floor":6,"key":"Mercury Hourglass"},{"floor":9,"key":"Meat on the Bone"},{"floor":13,"key":"PokerPlayerMod:JackpotMachine"},{"floor":14,"key":"Pear"},{"floor":23,"key":"Nunchaku"},{"floor":26,"key":"StoneCalendar"},{"floor":30,"key":"PokerPlayerMod:CoolBox"},{"floor":40,"key":"Ornamental Fan"},{"floor":43,"key":"Juzu Bracelet"},{"floor":44,"key":"Prayer Wheel"}],"event_choices":[{"damage_healed":0,"gold_gain":0,"player_choice":"Grow","damage_taken":0,"max_hp_gain":0,"max_hp_loss":0,"event_name":"Living Wall","floor":2,"gold_loss":0,"cards_upgraded":["PokerPlayerMod:TrumpStrike"]},{"damage_healed":0,"gold_gain":68,"player_choice":"Gained Gold","damage_taken":0,"max_hp_gain":0,"max_hp_loss":0,"event_name":"Golden Wing","floor":7,"gold_loss":0},{"damage_healed":0,"gold_gain":0,"player_choice":"Success","damage_taken":3,"relics_obtained":["Kunai"],"max_hp_gain":0,"max_hp_loss":0,"event_name":"Scrap Ooze","floor":10,"gold_loss":0},{"cards_removed":["PokerPlayerMod:Club1"],"damage_healed":0,"gold_gain":0,"player_choice":"Gave Gold","damage_taken":0,"max_hp_gain":0,"max_hp_loss":0,"event_name":"Beggar","floor":19,"gold_loss":75},{"damage_healed":0,"gold_gain":0,"player_choice":"Shed Blood","damage_taken":17,"max_hp_gain":5,"max_hp_loss":0,"event_name":"Forgotten Altar","floor":25,"gold_loss":0},{"damage_healed":0,"gold_gain":0,"player_choice":"Memory 1","damage_taken":0,"max_hp_gain":0,"max_hp_loss":0,"event_name":"SensoryStone","floor":36,"gold_loss":0},{"damage_healed":0,"gold_gain":0,"player_choice":"Ignored","damage_taken":0,"max_hp_gain":0,"max_hp_loss":0,"event_name":"Tomb of Lord Red Mask","floor":37,"gold_loss":0},{"cards_removed":["PokerPlayerMod:TrumpStrike"],"damage_healed":0,"gold_gain":0,"player_choice":"Removed Attack","damage_taken":0,"max_hp_gain":0,"max_hp_loss":0,"event_name":"Falling","floor":39,"gold_loss":0},{"damage_healed":0,"gold_gain":0,"player_choice":"Max HP","damage_taken":0,"max_hp_gain":0,"max_hp_loss":4,"event_name":"Winding Halls","floor":41,"gold_loss":0},{"damage_healed":0,"gold_gain":0,"player_choice":"Fight","damage_taken":0,"max_hp_gain":0,"max_hp_loss":0,"event_name":"MindBloom","floor":44,"gold_loss":0},{"damage_healed":0,"gold_gain":0,"player_choice":"Ignored","damage_taken":0,"max_hp_gain":0,"max_hp_loss":0,"event_name":"Purifier","floor":45,"gold_loss":0},{"damage_healed":0,"gold_gain":0,"player_choice":"Ignored","damage_taken":0,"max_hp_gain":0,"max_hp_loss":0,"event_name":"Mysterious Sphere","floor":48,"gold_loss":0}],"is_beta":false,"boss_relics":[{"not_picked":["SlaversCollar","Fusion Hammer"],"picked":"Astrolabe"},{"not_picked":["Busted Crown","Philosopher\u0027s Stone"],"picked":"Empty Cage"}],"items_purged_floors":[28],"is_endless":false,"potions_floor_spawned":[3,5,8,16,21,29,31,44],"killed_by":"Time Eater","ascension_level":0}}