{"host":"vm8b3ptwl81uq21f","time":1609318863,"event":{"mods":["BaseMod","BetterRewards","Colored Map","Colored Powertips","Downfall","GifTheSpireLib","Googly Eyes","GungeonMod","Halation","Hubris","Infinite Spire","Minty Spire (QoL Compilation)","Quick Restart","Rare Cards Sparkle","Replay The Spire","Shop Mod","StSLib","Stuff the Spire","The Bug Knight","The IronCluck","[IsaacMod]????"],"gold_per_floor":[119,119,129,29,47,47,78,78,78,105,105,105,155,166,166,274,274,288,38,38,50,69,69,96,96,96,96,124,139,154,29,29,129,129,151,6,6,24,9,43,43,43,114,214,248,276,58,81,81,184,184,203,56,85,35,35,35,64,64,64,64,73,88,88,92,92,160,160,185,190,206,214,227,263,263,263,263,263,263,263,293,108,108,153,153,137,137],"floor_reached":86,"playtime":4091,"items_purged":["DemoMod:RustySidearm","DemoMod:CrossBow","DemoMod:Strike_Huntress","DemoMod:Defend_Huntress","sneckomod:Bewildered"],"score":2023,"play_id":"384529e9-4c69-480a-b5a9-a4d8f1df4ef7","local_time":"20201230040103","is_ascension_mode":false,"campfire_choices":[{"data":"DemoMod:FastSwitch","floor":6,"key":"SMITH"},{"data":"DemoMod:ManualReload","floor":8,"key":"SMITH"},{"data":"DemoMod:AWP","floor":11,"key":"SMITH"},{"floor":15,"key":"REST"},{"data":"DemoMod:AWP","floor":23,"key":"SMITH"},{"data":"DemoMod:Unmoved","floor":25,"key":"SMITH"},{"data":"DemoMod:Unmoved","floor":32,"key":"SMITH"},{"data":"DemoMod:FeignSurrender","floor":41,"key":"SMITH"},{"data":"DemoMod:Defend_Huntress","floor":49,"key":"PURGE"},{"data":"DemoMod:Slinger","floor":57,"key":"SMITH"},{"data":"DemoMod:DoubleVision","floor":59,"key":"SMITH"},{"data":"DemoMod:ConditionalReflex","floor":66,"key":"SMITH"},{"data":"infinitespire:FutureSight","floor":76,"key":"SMITH"},{"floor":83,"key":"DIG"}],"circlet_count":0,"master_deck":["DemoMod:Strike_Huntress","DemoMod:Defend_Huntress","DemoMod:Defend_Huntress","DemoMod:Roll","DemoMod:ManualReload+1","DemoMod:AWP+1","DemoMod:FeignSurrender+1","DemoMod:ConditionalReflex+1","DemoMod:MachoBrace","DemoMod:AWP+1","DemoMod:FastSwitch+1","DemoMod:BattleInHaste","DemoMod:BlankBullets","DemoMod:TableSutra","DemoMod:DoubleVision+1","DemoMod:Unmoved+1","DemoMod:Unmoved+1","DemoMod:MachoBrace+1","DemoMod:AWP+1","Writhe","DemoMod:SniperShot","DemoMod:FeignSurrender+1","DemoMod:BattleInHaste+1","DemoMod:Eureka","infinitespire:Collect","DemoMod:TableSutra+1","DemoMod:HardPowerCard","DemoMod:PracticeMakesPerfect","DemoMod:Slinger+1","Pain","infinitespire:Collect","DemoMod:BattleInHaste","Sickly","infinitespire:FutureSight+1","StuffTheSpire:BrainWave","Pain","DemoMod:ManualReload","DemoMod:HardPowerCard","DemoMod:Behold!"],"relics":["Sizzling Blood","HushsDoor","BelialBook","TheBattery","HollowMod:PaleOreRelic","MoneyPower","infinitespire:Cubic Diamond","halation:BottledLove","DemoMod:GreenGuonStone","Anchor","Iron Hammer","White Beast Statue","Nunchaku","Cursed Key","Bottled Lightning","infinitespire:Beetle Shell","PillsDrop","halation:EternalFortune","Centennial Puzzle","infinitespire:EvilPickle","DemoMod:ElasticCartridgeClip","Bag of Preparation","DemoMod:VorpalBullet","Replay:Bottled Snecko","hubris:Potato","DemoMod:GlassGuonStoneRelic","hubris:EmptyBottle","hubris:VirtuousBlindfold","Lantern","WarpedTongs","hubris:TinFlute","halation:BottledHappiness","DemoMod:Test1","halation:AfternoonTea","hubris:BottledRain","hubris:CuriousFeather","Nloth\u0027s Gift","halation:PinkSoulGem","MerchantsRug","infinitespire:PuzzleCube","Black Star"],"acts_visited":["Exordium","TheCity","TheBeyond","Exordium","TheCity","TheBeyond"],"potions_floor_usage":[7,10,13,13,16,24,28,28,28,33,33,40,44,50,50,50,50,50,50],"damage_taken":[{"damage":0,"enemies":"2 Louse","floor":1,"turns":3},{"damage":0,"enemies":"Small Slimes","floor":3,"turns":2},{"damage":0,"enemies":"Cultist","floor":5,"turns":2},{"damage":11,"enemies":"HollowMod:MossKnight","floor":7,"turns":7},{"damage":16,"enemies":"Lagavulin","floor":10,"turns":4},{"damage":20,"enemies":"Hiden Room Battle","floor":13,"turns":5},{"damage":0,"enemies":"Exordium Wildlife","floor":14,"turns":1},{"damage":2,"enemies":"Hexaghost","floor":16,"turns":8},{"damage":0,"enemies":"Spheric Guardian","floor":18,"turns":3},{"damage":0,"enemies":"Chosen","floor":21,"turns":2},{"damage":0,"enemies":"Snake Plant","floor":22,"turns":1},{"damage":0,"enemies":"Gremlin Leader","floor":24,"turns":5},{"damage":13,"enemies":"Nightmare","floor":28,"turns":8},{"damage":0,"enemies":"Chosen and Byrds","floor":29,"turns":3},{"damage":0,"enemies":"Centurion and Healer","floor":30,"turns":2},{"damage":9,"enemies":"Pondfish","floor":33,"turns":6},{"damage":0,"enemies":"3 Darklings","floor":35,"turns":5},{"damage":0,"enemies":"Orb Walker","floor":38,"turns":1},{"damage":0,"enemies":"R_Hoarder","floor":40,"turns":2},{"damage":0,"enemies":"infinitespire:Three Voidlings","floor":44,"turns":2},{"damage":45,"enemies":"Nightmare_Alpha","floor":44,"turns":6},{"damage":0,"enemies":"Spire Growth","floor":45,"turns":2},{"damage":0,"enemies":"4 Shapes","floor":46,"turns":2},{"damage":0,"enemies":"Maw","floor":48,"turns":2},{"damage":0,"enemies":"Replay:Hell Engine","floor":50,"turns":5},{"damage":0,"enemies":"Cultist","floor":52,"turns":1},{"damage":0,"enemies":"3 Sentries","floor":54,"turns":3},{"damage":0,"enemies":"Nightmare","floor":58,"turns":1},{"damage":0,"enemies":"Jaw Worm","floor":62,"turns":1},{"damage":0,"enemies":"Small Slimes","floor":63,"turns":1},{"damage":0,"enemies":"Exordium Thugs","floor":65,"turns":2},{"damage":0,"enemies":"Slime Boss","floor":67,"turns":3},{"damage":0,"enemies":"Spheric Guardian","floor":69,"turns":1},{"damage":0,"enemies":"3 Byrds","floor":70,"turns":1},{"damage":0,"enemies":"Snake Plant","floor":71,"turns":1},{"damage":0,"enemies":"Centurion and Healer","floor":72,"turns":2},{"damage":0,"enemies":"Shelled Parasite and Fungi","floor":73,"turns":1},{"damage":0,"enemies":"Gremlin Leader","floor":74,"turns":1},{"damage":0,"enemies":"Snecko","floor":81,"turns":1},{"damage":0,"enemies":"Automaton","floor":84,"turns":5},{"damage":0,"enemies":"3 Shapes","floor":86,"turns":1}],"seed_played":"-6397599356858967569","potions_obtained":[{"floor":5,"key":"Venom Potion"},{"floor":7,"key":"Toxic Potion"},{"floor":10,"key":"LifebloodPotion"},{"floor":14,"key":"Weak Potion"},{"floor":16,"key":"AttackPotion"},{"floor":18,"key":"LiquidMemories"},{"floor":21,"key":"FearPotion"},{"floor":24,"key":"AttackPotion"},{"floor":29,"key":"FearPotion"},{"floor":30,"key":"SteroidPotion"},{"floor":33,"key":"FearPotion"},{"floor":35,"key":"Fire Potion"},{"floor":38,"key":"champ:CounterPotion"},{"floor":45,"key":"Elixir"},{"floor":46,"key":"Regen Potion"},{"floor":48,"key":"Weak Potion"},{"floor":52,"key":"Venom Potion"},{"floor":54,"key":"SteroidPotion"},{"floor":62,"key":"Cursed Concoction"},{"floor":63,"key":"Energy Potion"},{"floor":65,"key":"EssenceOfSteel"},{"floor":70,"key":"Swift Potion"}],"is_trial":false,"path_per_floor":["M","?","M","$","M","R","E","R","T","E","R","?","?","M","R","B",null,"M","$","?","M","M","R","E","R","T","?","NM","M","M","$","R","B",null,"M","$","?","M","?","E","R","?","T","?","M","M","$","M","R_BF","B",null,"M","$","?","?","?","R","NM","R","T","$","M","M","AVR","M","R","B",null,"M","M","M","M","M","E","?","R","T","?","?","?","M","$","R_BF","B",null,"M"],"character_chosen":"HUNTRESS","items_purchased":["DemoMod:AWP","DemoMod:FeignSurrender+1","TheBattery","HollowMod:PaleOreRelic","DemoMod:ConditionalReflex","AttackPotion","sneckomod:MuddlingPotion","Bottled Lightning","Bag of Preparation","hubris:EmptyBottle","DemoMod:PracticeMakesPerfect","Lantern","MerchantsRug"],"campfire_rested":1,"item_purchase_floors":[0,0,0,0,0,0,0,19,36,47,47,53,82],"current_hp_per_floor":[40,40,44,44,48,48,41,41,41,29,29,17,7,11,32,40,70,70,70,70,70,70,70,70,70,70,73,69,76,76,76,76,71,71,71,71,71,71,71,74,74,74,74,46,50,54,54,58,58,72,67,62,62,62,62,62,62,62,62,62,62,62,57,57,57,57,57,57,52,52,55,55,55,55,55,55,55,55,55,55,55,55,55,55,55,55,55],"gold":137,"neow_bonus":"","is_daily":false,"chose_seed":false,"campfire_upgraded":11,"win_rate":0.0,"timestamp":1609318863,"path_taken":["M","?","M","$","M","R","E","R","T","E","R","?","?","M","R","BOSS","M","$","?","?","M","R","E","R","T","?","NM","M","?","?","R","BOSS","M","$","?","M","?","E","R","?","T","?","?","M","$","M","R_BF","BOSS","M","$","?","?","?","R","NM","R","T","?","M","M","AVR","M","R","BOSS","M","M","M","?","M","E","?","R","T","?","?","?","M","$","R_BF","BOSS","M"],"items_purchased_type":["Card","Card","Relic","Relic","Card","Potion","Potion","Relic","Relic","Relic","Card","Relic","Relic"],"build_version":"2020-12-22","purchased_purges":5,"victory":false,"max_hp_per_floor":[70,70,70,70,70,70,70,70,70,70,70,70,70,70,70,70,70,70,70,70,70,70,70,70,70,70,73,73,76,76,76,76,71,71,71,71,71,71,71,74,74,74,74,74,69,69,69,69,69,72,67,62,62,62,62,62,62,62,62,62,62,62,57,57,57,57,57,57,52,52,55,55,55,55,55,55,55,55,55,55,55,55,55,55,55,55,55],"card_choices":[{"not_picked":[],"picked":"Bomb","floor":0},{"not_picked":["DemoMod:FeignSurrender","Bomb"],"picked":"DemoMod:MachoBrace","floor":1},{"not_picked":["DemoMod:ConditionalReflex","DemoMod:DoubleSwitch"],"picked":"DemoMod:AWP","floor":3},{"not_picked":["DemoMod:HighKaliber","DemoMod:SAA"],"picked":"DemoMod:FastSwitch","floor":5},{"not_picked":["DemoMod:CombinedRifle","DemoMod:ConditionalReflex"],"picked":"DemoMod:BattleInHaste","floor":7},{"not_picked":["DemoMod:AC15","DemoMod:StickyCrossBow","DemoMod:Ejector"],"picked":"SKIP","floor":10},{"not_picked":["DemoMod:StickyCrossBow","DemoMod:Ejector"],"picked":"DemoMod:BlankBullets","floor":13},{"not_picked":["DemoMod:JK47","DemoMod:AC15"],"picked":"DemoMod:TableSutra","floor":14},{"not_picked":["DemoMod:FightSabre","DemoMod:ThirdPartyController"],"picked":"DemoMod:DoubleVision","floor":16},{"not_picked":["DemoMod:CombinedRifle","DemoMod:ProbeStrike"],"picked":"DemoMod:Unmoved","floor":18},{"not_picked":["DemoMod:EasyReloadBullets+1","DemoMod:JK47"],"picked":"DemoMod:Unmoved","floor":21},{"not_picked":["DemoMod:StickyCrossBow","DemoMod:SkilledReload"],"picked":"DemoMod:MachoBrace+1","floor":22},{"not_picked":["DemoMod:EasyReloadBullets+1","DemoMod:Rummage+1"],"picked":"DemoMod:AWP+1","floor":24},{"not_picked":["DemoMod:MachoBrace","DemoMod:PotionOfGunFriendShip"],"picked":"DemoMod:SniperShot","floor":28},{"not_picked":["DemoMod:GunslingerForm","DemoMod:StickyCrossBow"],"picked":"DemoMod:FeignSurrender","floor":29},{"not_picked":["DemoMod:GunstockTap","DemoMod:ZorGun"],"picked":"DemoMod:BattleInHaste+1","floor":30},{"not_picked":["DemoMod:BalloonGun","DemoMod:ThirdPartyController"],"picked":"DemoMod:Eureka","floor":33},{"not_picked":["DemoMod:DirectionalPad+1","DemoMod:ShadowBullets","DemoMod:MachoBrace"],"picked":"SKIP","floor":35},{"not_picked":["DemoMod:FeignSurrender","DemoMod:ConditionalReflex","DemoMod:AC15"],"picked":"SKIP","floor":38},{"not_picked":["DemoMod:TeaPot","DemoMod:DirectionalPad+1","DemoMod:AC15"],"picked":"SKIP","floor":40},{"not_picked":["hubris:Fate","infinitespire:Execution"],"picked":"infinitespire:Collect","floor":44},{"not_picked":["DemoMod:DirectionalPad+1","DemoMod:CursedBullets"],"picked":"DemoMod:TableSutra+1","floor":44},{"not_picked":["DemoMod:HuntsMan+1","DemoMod:TeaPot+1","DemoMod:AC15"],"picked":"SKIP","floor":45},{"not_picked":["DemoMod:SkilledReload","DemoMod:DirectionalPad"],"picked":"DemoMod:HardPowerCard","floor":46},{"not_picked":["DemoMod:TeaPot","DemoMod:DirectionalPad","DemoMod:Desperate"],"picked":"SKIP","floor":48},{"not_picked":["DemoMod:SuppressiveFire","DemoMod:Desperate"],"picked":"DemoMod:Slinger","floor":50},{"not_picked":["DemoMod:Camera","DemoMod:SAA","DemoMod:ConditionalReflex"],"picked":"SKIP","floor":52},{"not_picked":["ReplayTheSpireMod:Book of Names","infinitespire:Gouge"],"picked":"infinitespire:Collect","floor":58},{"not_picked":["DemoMod:FeignSurrender","DemoMod:DirectionalPad"],"picked":"DemoMod:BattleInHaste","floor":58},{"not_picked":["DemoMod:BlackHoleGun","DemoMod:GunstockTap","DemoMod:PotionOfGunFriendShip"],"picked":"SKIP","floor":62},{"not_picked":["DemoMod:PotionOfGunFriendShip","DemoMod:MegaHand","DemoMod:BoxingGlove"],"picked":"SKIP","floor":63},{"not_picked":["DemoMod:BoxingGlove","DemoMod:StickyCrossBow","DemoMod:HuntsMan"],"picked":"SKIP","floor":65},{"not_picked":["DemoMod:AC15","DemoMod:PotionOfGunFriendShip","DemoMod:GunstockTap"],"picked":"SKIP","floor":69},{"not_picked":["DemoMod:MegaHand","DemoMod:Purify","DemoMod:DirectionalPad"],"picked":"SKIP","floor":70},{"not_picked":["DemoMod:ZorGun+1","DemoMod:CursedBullets","DemoMod:HuntsMan"],"picked":"SKIP","floor":71},{"not_picked":["DemoMod:ZorGun","DemoMod:GunstockTap","DemoMod:BattleInHaste+1"],"picked":"SKIP","floor":72},{"not_picked":["DemoMod:SAA","DemoMod:BoxingGlove","DemoMod:TeaPot"],"picked":"SKIP","floor":73},{"not_picked":["DemoMod:ProbeStrike","DemoMod:FortunesFavor","DemoMod:GunShield"],"picked":"SKIP","floor":74},{"not_picked":["DemoMod:HuntsMan","DemoMod:DirectionalPad"],"picked":"DemoMod:HardPowerCard","floor":81},{"not_picked":["DemoMod:FightSabre","DemoMod:BalloonGun"],"picked":"DemoMod:Behold!","floor":84}],"player_experience":329123,"relics_obtained":[{"floor":7,"key":"halation:BottledLove"},{"floor":9,"key":"DemoMod:GreenGuonStone"},{"floor":10,"key":"Anchor"},{"floor":13,"key":"White Beast Statue"},{"floor":13,"key":"Nunchaku"},{"floor":24,"key":"infinitespire:Beetle Shell"},{"floor":26,"key":"PillsDrop"},{"floor":28,"key":"Centennial Puzzle"},{"floor":40,"key":"DemoMod:VorpalBullet"},{"floor":43,"key":"Replay:Bottled Snecko"},{"floor":44,"key":"hubris:Potato"},{"floor":58,"key":"hubris:TinFlute"},{"floor":60,"key":"Matryoshka"},{"floor":74,"key":"halation:AfternoonTea"},{"floor":77,"key":"hubris:BottledRain"},{"floor":77,"key":"hubris:CuriousFeather"},{"floor":83,"key":"infinitespire:PuzzleCube"}],"event_choices":[{"damage_healed":0,"gold_gain":0,"player_choice":"Success","damage_taken":12,"relics_obtained":["Iron Hammer"],"max_hp_gain":0,"max_hp_loss":0,"event_name":"Scrap Ooze","floor":12,"gold_loss":0},{"damage_healed":0,"gold_gain":0,"player_choice":"Fight","damage_taken":0,"max_hp_gain":0,"max_hp_loss":0,"event_name":"HidenRoomEvent","floor":13,"gold_loss":0},{"cards_removed":["DemoMod:Strike_Huntress"],"damage_healed":0,"gold_gain":0,"player_choice":"Removed Attack","damage_taken":0,"max_hp_gain":0,"max_hp_loss":0,"event_name":"Falling","floor":42,"gold_loss":0},{"damage_healed":0,"gold_gain":0,"player_choice":"Searched \u00272\u0027 times","damage_taken":0,"relics_obtained":["StuffTheSpire:EmeraldSignet"],"max_hp_gain":0,"max_hp_loss":0,"event_name":"Dead Adventurer","floor":54,"gold_loss":0},{"cards_removed":["ReplayTheSpireMod:Doomed"],"damage_healed":0,"gold_gain":0,"player_choice":"Card Removal","damage_taken":0,"max_hp_gain":0,"max_hp_loss":0,"event_name":"The Cleric","floor":55,"gold_loss":50},{"damage_healed":0,"gold_gain":0,"player_choice":"Rummage","damage_taken":0,"relics_obtained":["WarpedTongs"],"max_hp_gain":0,"max_hp_loss":0,"event_name":"Accursed Blacksmith","floor":56,"gold_loss":0,"cards_obtained":["Pain"]},{"damage_healed":0,"gold_gain":0,"player_choice":"Traded Relic","damage_taken":0,"relics_obtained":["Nloth\u0027s Gift"],"max_hp_gain":0,"max_hp_loss":0,"event_name":"N\u0027loth","floor":78,"relics_lost":["Matryoshka"],"gold_loss":0},{"damage_healed":0,"gold_gain":0,"player_choice":"1 cards matched","damage_taken":0,"max_hp_gain":0,"max_hp_loss":0,"event_name":"Match and Keep!","floor":79,"gold_loss":0,"cards_obtained":["DemoMod:ManualReload"]}],"is_beta":false,"boss_relics":[{"not_picked":["Fusion Hammer","Abe\u0027s Treasure"],"picked":"Cursed Key"},{"not_picked":[]},{"not_picked":["ReplayTheSpireMod:DimensionalGlitch","halation:CatFaceCupcake"],"picked":"DemoMod:ElasticCartridgeClip"},{"not_picked":[]},{"not_picked":["Ring of Chaos","halation:SmartPhone"],"picked":"hubris:VirtuousBlindfold"},{"not_picked":[]},{"not_picked":["Snecko Eye","halation:Prosthetics"],"picked":"DemoMod:Test1"},{"not_picked":[]},{"not_picked":["Philosopher\u0027s Stone","Fusion Hammer"],"picked":"Black Star"},{"not_picked":[]}],"items_purged_floors":[0,4,31,51,82],"is_endless":true,"potions_floor_spawned":[5,7,10,14,16,18,21,22,24,29,30,33,35,38,44,45,46,48,50,52,54,62,63,65,67,69,70,71,73,74,81],"killed_by":"3 Shapes","ascension_level":0}}