{"host":"55ootvctf3yuzfpi","time":1609371697,"event":{"mods":["BaseMod","Colored Map","Downfall","Hermit","Highlight Path","Minty Spire (QoL Compilation)","StSLib"],"gold_per_floor":[99,113,131,151,251,176,222,239,252,88,147,160,176,6,22,123,123,123,143,163,180,195,195,195,195],"floor_reached":23,"playtime":3860,"items_purged":["champ:Strike"],"score":189,"play_id":"34acf01d-d62c-445a-b358-8334ca38917b","local_time":"20201230204137","is_ascension_mode":false,"campfire_choices":[{"floor":1.0,"key":"RECALL"},{"data":"champ:ShieldWall","floor":6.0,"key":"SMITH"},{"data":"champ:Taunt","floor":18,"key":"SMITH"}],"circlet_count":0,"master_deck":["champ:Defend","champ:Defend","champ:Defend","champ:Defend","champ:Execute","champ:Taunt+1","champ:RapidStrikes","champ:RisingSlash","champ:DefensiveShout","champ:ShieldWall+1","champ:BringItOn","champ:RecklessLeap","champ:SteelEdge","champ:ViciousMockery","champ:FlashCut","champ:DefensiveStyle","champ:DefensiveShout","champ:RisingSlash","champ:CheapShot","champ:Shatter+1","champ:IronFortress+1","champ:FanOfKnives+1","champ:DefensiveShout","champ:FocusedDefense","champ:HoldFirm"],"relics":["champ:ChampionCrown","Happy Flower","CloakClasp","downfall:HeartBlessingRed","Blood Vial","Pen Nib","MealTicket","Astrolabe"],"acts_visited":["Exordium","TheCity"],"potions_floor_usage":[11,13,13,16,21,23,23],"damage_taken":[{"damage":5.0,"enemies":"Jaw Worm","floor":2.0,"turns":5.0},{"damage":5.0,"enemies":"Small Slimes","floor":3.0,"turns":3.0},{"damage":12.0,"enemies":"Cultist","floor":4.0,"turns":4.0},{"damage":34.0,"enemies":"Cultist","floor":5.0,"turns":10.0},{"damage":8,"enemies":"Lots of Slimes","floor":8,"turns":4},{"damage":5,"enemies":"Exordium Wildlife","floor":9,"turns":3},{"damage":25,"enemies":"downfall:FleeingMerchant","floor":10,"turns":4},{"damage":30,"enemies":"3 Sentries","floor":11,"turns":6},{"damage":15,"enemies":"3 Louse","floor":12,"turns":3},{"damage":15,"enemies":"2 Fungi Beasts","floor":13,"turns":2},{"damage":20,"enemies":"downfall:FleeingMerchant","floor":14,"turns":4},{"damage":20,"enemies":"Exordium Thugs","floor":15,"turns":5},{"damage":61,"enemies":"downfall:Ironclad","floor":16,"turns":5},{"damage":14,"enemies":"3 Byrds","floor":19,"turns":4},{"damage":38,"enemies":"Cultist and Chosen","floor":20,"turns":5},{"damage":22,"enemies":"Snecko","floor":21,"turns":3},{"damage":37,"enemies":"3 Cultists","floor":22,"turns":6},{"damage":36,"enemies":"Snake Plant","floor":23,"turns":1}],"seed_played":"6646629374348223309","potions_obtained":[{"floor":2.0,"key":"Energy Potion"},{"floor":3.0,"key":"Block Potion"},{"floor":9,"key":"SneckoOil"},{"floor":11,"key":"DistilledChaos"},{"floor":15,"key":"champ:CounterPotion"},{"floor":16,"key":"FearPotion"},{"floor":21,"key":"SpeedPotion"},{"floor":22,"key":"PowerPotion"}],"is_trial":false,"path_per_floor":["R","M","M","M","?","R","T","M","M","$","?","M","M","$","M","B",null,"R","M","M","M","M","M"],"character_chosen":"THE_CHAMP","items_purchased":["champ:ViciousMockery","MealTicket"],"campfire_rested":0,"item_purchase_floors":[10,14],"current_hp_per_floor":[90,90,90,84,74,74,74,73,75,77,72,74,76,78,65,44,90,90,81,63,63,31,0,0,0],"gold":195,"neow_bonus":"RANDOM_COMMON_RELIC","is_daily":false,"chose_seed":false,"campfire_upgraded":2,"win_rate":0.0,"timestamp":1609371697,"path_taken":["R","M","M","M","?","R","T","M","M","$","?","M","M","$","M","BOSS","R","M","M","M","M","M"],"items_purchased_type":["Card","Relic"],"build_version":"2020-12-22","purchased_purges":1,"victory":false,"max_hp_per_floor":[90,90,90,90,90,90,90,90,90,90,90,90,90,90,90,90,90,90,90,90,90,90,90,90,90],"card_choices":[{"not_picked":["champ:Haymaker","champ:StanceDance"],"picked":"champ:RapidStrikes","floor":2.0},{"not_picked":["champ:AdrenalArmor","champ:SkillfulDodge"],"picked":"champ:RisingSlash","floor":3.0},{"not_picked":["champ:SkillfulDodge","champ:Circumvent"],"picked":"champ:DefensiveShout","floor":4.0},{"not_picked":["champ:PerfectedStrike","champ:BerserkersShout"],"picked":"champ:ShieldWall","floor":5.0},{"not_picked":["champ:StanceDance","champ:PerfectedStrike"],"picked":"champ:BringItOn","floor":8},{"not_picked":["champ:Shatter","champ:PreciseThrust"],"picked":"champ:RecklessLeap","floor":9},{"not_picked":["champ:GutPunch","champ:StanceDance"],"picked":"champ:SteelEdge","floor":10},{"not_picked":["champ:BladeFlurry","champ:AdrenalArmor"],"picked":"champ:FlashCut","floor":11},{"not_picked":["champ:BerserkersShout","champ:GladiatorStyle"],"picked":"champ:DefensiveStyle","floor":12},{"not_picked":["champ:GladiatorStyle","champ:StanceDance"],"picked":"champ:DefensiveShout","floor":13},{"not_picked":["champ:StanceDance","champ:CalledShot","champ:Encircle"],"picked":"SKIP","floor":14},{"not_picked":["champ:GutPunch","champ:Circumvent"],"picked":"champ:RisingSlash","floor":15},{"not_picked":["champ:DancingMaster","champ:ShieldThrow"],"picked":"champ:CheapShot","floor":16},{"not_picked":["champ:BerserkerStyle+1","champ:CrookedStrike"],"picked":"champ:DefensiveShout","floor":19},{"not_picked":["champ:DefensiveShout","champ:PreciseThrust+1","champ:BerserkersShout"],"picked":"SKIP","floor":20},{"not_picked":["champ:HeartStrike+1","champ:CalledShot"],"picked":"champ:FocusedDefense","floor":21},{"not_picked":["champ:DefensiveStyle+1","champ:DefensiveShout"],"picked":"champ:HoldFirm","floor":22}],"player_experience":1293044,"relics_obtained":[{"floor":5.0,"key":"CloakClasp"},{"floor":7.0,"key":"Blood Vial"},{"floor":11,"key":"Pen Nib"}],"event_choices":[],"is_beta":false,"boss_relics":[{"not_picked":["Tiny House","SlaversCollar"],"picked":"Astrolabe"}],"items_purged_floors":[10],"is_endless":false,"potions_floor_spawned":[2,3,9,11,15,16,21,22],"killed_by":"Snake Plant","ascension_level":0}}