{"host":"z9grmtg2w0nmz8n1","time":1609302443,"event":{"mods":["Aspiration","Bard","BaseMod","Beaked The Cultist","Better Altar","Better Match","Better Note","Better Sensory Stone","Better Skull","Better Third Choice","BetterRewards","CCEM","Colored Map","Conspire","Downfall","GifTheSpireLib","Googly Eyes","Halation","Hermit","Highlight Path","Hubris","Hunter ??","Jedi Mod","Jorbs\u0027s Wanderer Trilogy","Mad Scientist","Marisa????????","Minty Spire (QoL Compilation)","Permanent Neow","Replay The Spire","Shade Mod","Shop Mod","Spicy Shops","StSLib","Stuff the Spire","The Bug Knight","The Construct","The Necromancer","The Runesmith","The Witch"],"gold_per_floor":[111,111,128,128,146,179,190,190,190,115,115,129,129,161,161,265,265,284,284,304,321,333,368,380,398,398,417,417,417],"floor_reached":28,"playtime":1086,"items_purged":["Amnesia"],"score":279,"play_id":"4b109ea6-0bac-4587-ab5f-e61a568a0267","local_time":"20201230022723","is_ascension_mode":true,"campfire_choices":[{"floor":8,"key":"RECALL"},{"data":"Streamline","floor":15,"key":"SMITH"}],"circlet_count":0,"master_deck":["Strike_B","Strike_B","Strike_B","Strike_B","Defend_B","Defend_B","Defend_B","Zap+1","Dualcast+1","Leap","Streamline+1","Panache+1","Streamline+1","ReplayTheSpireMod:Reroute Power","BootSequence"],"relics":["Cracked Core","Ring of Shattering","Runesmith:AutoHammer","hubris:Spice","CCEMRelics:FestiveHat","Sozu","aspiration:StickyExplosives_weak","Replay:Rubber Ducky"],"acts_visited":["Exordium","TheCity"],"potions_floor_usage":[6,16,16],"damage_taken":[{"damage":7,"enemies":"Small Slimes","floor":1,"turns":3},{"damage":0,"enemies":"2 Louse","floor":3,"turns":3},{"damage":0,"enemies":"Cultist","floor":5,"turns":3},{"damage":26,"enemies":"Gremlin Nob","floor":6,"turns":4},{"damage":0,"enemies":"3 Louse","floor":7,"turns":3},{"damage":2,"enemies":"2 Fungi Beasts","floor":12,"turns":2},{"damage":12,"enemies":"3 Sentries","floor":14,"turns":7},{"damage":14,"enemies":"The Guardian","floor":16,"turns":7},{"damage":0,"enemies":"Chosen","floor":18,"turns":3},{"damage":1,"enemies":"conspire:FuzzyDice","floor":20,"turns":4},{"damage":12,"enemies":"conspire:HollyBat","floor":21,"turns":5},{"damage":21,"enemies":"Snake Plant","floor":22,"turns":3},{"damage":26,"enemies":"Slavers","floor":23,"turns":3},{"damage":0,"enemies":"Cultist and Chosen","floor":24,"turns":4},{"damage":0,"enemies":"Centurion and Healer","floor":25,"turns":4},{"damage":19,"enemies":"Snake Plant","floor":27,"turns":3},{"damage":0,"enemies":"Gremlin Leader","floor":28,"turns":2}],"seed_played":"-1422484686110514740","potions_obtained":[{"floor":1,"key":"jedi:StrikingPotion"},{"floor":7,"key":"jedi:coolantleak"},{"floor":12,"key":"DuplicationPotion"},{"floor":14,"key":"Energy Potion"}],"is_trial":false,"path_per_floor":["M","?","M","?","M","E","M","R","T","$","?","M","?","E","R","B",null,"M","?","M","M","M","E","M","M","T","M","E"],"character_chosen":"DEFECT","items_purchased":[],"campfire_rested":0,"item_purchase_floors":[],"current_hp_per_floor":[68,68,68,68,68,50,50,50,50,50,50,48,48,36,36,22,83,83,83,82,70,49,23,23,23,23,4,4,4],"gold":417,"neow_bonus":"UPGRADE_CARD","is_daily":false,"chose_seed":false,"campfire_upgraded":1,"win_rate":0.0,"timestamp":1609302443,"path_taken":["M","?","M","?","?","E","M","R","T","$","?","M","?","E","R","BOSS","M","?","M","M","M","E","M","M","T","?","E"],"items_purchased_type":[],"build_version":"2020-12-22","purchased_purges":1,"victory":false,"max_hp_per_floor":[75,75,75,75,75,83,83,83,83,83,83,83,83,83,83,83,83,83,83,83,83,83,83,83,83,83,83,83,83],"card_choices":[{"not_picked":["Gash","Consume"],"picked":"Storm","floor":1},{"not_picked":["Compile Driver","jedi:BurstLightning","jedi:locknload"],"picked":"SKIP","floor":3},{"not_picked":["StuffTheSpire:LoadUp","Lockon"],"picked":"Leap","floor":5},{"not_picked":["StuffTheSpire:Coldhearted","jedi:BurstLightning","jedi:locknload"],"picked":"SKIP","floor":6},{"not_picked":["Rebound","Consume","Leap"],"picked":"SKIP","floor":7},{"not_picked":["Gash","Beam Cell","hubris:PowerSurge"],"picked":"SKIP","floor":12},{"not_picked":["Fission","Hyperbeam"],"picked":"Streamline","floor":14},{"not_picked":["jedi:cleanse+1","expansioncontent:DecasProtection+1"],"picked":"Panache+1","floor":16},{"not_picked":["Replay:SS_hec_2+1","expansioncontent:DarkVoid+1","expansioncontent:PolyBeam+1"],"picked":"SKIP","floor":18},{"not_picked":["Cold Snap+1","Skim","Steam"],"picked":"SKIP","floor":18},{"not_picked":["Replay:Sssssssssshield+1","expansioncontent:Sear+1","expansioncontent:ChargeUp+1"],"picked":"SKIP","floor":20},{"not_picked":["jedi:BurstLightning","Stack+1","StuffTheSpire:LoadUp"],"picked":"SKIP","floor":20},{"not_picked":["Reprogram","Heatsinks"],"picked":"ReplayTheSpireMod:Reroute Power","floor":21},{"not_picked":["Redo","Panic Button","StuffTheSpire:LoadUp"],"picked":"SKIP","floor":22},{"not_picked":["Hologram","StuffTheSpire:Rend"],"picked":"BootSequence","floor":23},{"not_picked":["Hello World","jedi:reiji","Force Field+1"],"picked":"SKIP","floor":24},{"not_picked":["Cold Snap","Self Repair","StuffTheSpire:LaunchingStrike"],"picked":"SKIP","floor":25},{"not_picked":["ReplayTheSpireMod:Dual Polarity+1","FIFO Queue","Stack+1"],"picked":"SKIP","floor":27}],"player_experience":745392,"relics_obtained":[{"floor":2,"key":"Ring of Shattering"},{"floor":6,"key":"hubris:Spice"},{"floor":14,"key":"CCEMRelics:FestiveHat"},{"floor":23,"key":"aspiration:StickyExplosives_weak"},{"floor":26,"key":"Replay:Rubber Ducky"}],"event_choices":[{"cards_removed":["Storm"],"damage_healed":0,"gold_gain":0,"player_choice":"Gave Card","damage_taken":0,"relics_obtained":["Runesmith:AutoHammer"],"max_hp_gain":0,"max_hp_loss":0,"event_name":"WeMeetAgain","floor":4,"gold_loss":0},{"damage_healed":0,"gold_gain":0,"player_choice":"Grow","damage_taken":0,"max_hp_gain":0,"max_hp_loss":0,"event_name":"Living Wall","floor":13,"gold_loss":0,"cards_upgraded":["Dualcast"]},{"damage_healed":0,"gold_gain":0,"player_choice":"Copied","damage_taken":0,"max_hp_gain":0,"max_hp_loss":0,"event_name":"Duplicator","floor":19,"gold_loss":0,"cards_obtained":["Streamline"]}],"is_beta":false,"boss_relics":[{"not_picked":["Runic Pyramid","hubris:BlackHole"],"picked":"Sozu"}],"items_purged_floors":[10],"is_endless":false,"potions_floor_spawned":[1,7,12,14,20,23,24,27],"killed_by":"Gremlin Leader","ascension_level":2}}