{"host":"1lloeivxlnw527r2","time":1609306249,"event":{"mods":["2.2 Compatiblity","AchievementEnabler","Act Like it!","Ascension Reborn","Aspiration","Astrologer","BaseMod","BetterRewards","Colored Map","Colored Powertips","Conspire","Downfall","Duelist Mod","Friendly Minions","Gensokyo","Hallownest","Highlight Path","HololiveMod","Hubris","Infinite Spire","Jorbs\u0027s Wanderer Trilogy","KinomotoSakuraMod(????)","Koishi","KomeijiMod","Marisa????????","Minty Spire (QoL Compilation)","Quick Restart","Rare Cards Sparkle","Reimu??????","Replay The Spire","Robot Space Explorer","Shop Mod","StSLib","SuperFastMode","The Administrix","The Bug Knight","The Construct","The Cursed","The Disciple","The Hierophant","The Jungle","The Necromancer","The Runesmith"],"gold_per_floor":[117,132,132,132,151,151,151],"floor_reached":6,"playtime":227,"items_purged":[],"score":36,"play_id":"b854b30c-e227-49df-be7d-1fe385b93c2d","local_time":"20201229213049","daily_mods":["Vintage","Heirloom","Flight","downfall:Lament","DeadlyEvents","Elite Swarm"],"is_ascension_mode":true,"campfire_choices":[],"circlet_count":0,"master_deck":["Strike_Br","Strike_Br","Strike_Br","Strike_Br","Defend_Br","Defend_Br","Defend_Br","Defend_Br","SecondHand","PatternShift"],"relics":["Chronometer","NeowsBlessing","hubris:Spice","Smiling Mask","Blood Vial","Hololive_LightStick"],"acts_visited":["Hallownest:Greenpath"],"potions_floor_usage":[],"damage_taken":[{"damage":0,"enemies":"Hallownest:monsterHuskGuard","floor":1,"turns":1},{"damage":0,"enemies":"2_ Uuma","floor":2,"turns":1},{"damage":3,"enemies":"Hallownest:2_Tiktiks_and_1_Crawlid","floor":5,"turns":2},{"damage":42,"enemies":"Hallownest:eliteCrystalGuardian","floor":6,"turns":8}],"seed_played":"-1321394549045955651","potions_obtained":[{"floor":2,"key":"champ:CounterPotion"}],"is_trial":true,"path_per_floor":["M","M","?","?","M","E"],"character_chosen":"CHRONO_CLASS","items_purchased":[],"campfire_rested":0,"item_purchase_floors":[],"current_hp_per_floor":[73,73,64,54,53,13,13],"gold":151,"neow_bonus":"","is_daily":false,"chose_seed":false,"campfire_upgraded":0,"win_rate":0.0,"timestamp":1609306249,"path_taken":["M","?","?","?","?","E"],"items_purchased_type":[],"build_version":"2020-12-22","purchased_purges":0,"victory":false,"max_hp_per_floor":[73,73,73,73,73,73,73],"card_choices":[],"player_experience":36569,"relics_obtained":[{"floor":1,"key":"Smiling Mask"},{"floor":2,"key":"Blood Vial"},{"floor":5,"key":"Hololive_LightStick"}],"event_choices":[],"is_beta":false,"boss_relics":[],"items_purged_floors":[],"is_endless":false,"potions_floor_spawned":[2],"killed_by":"Hallownest:eliteCrystalGuardian","ascension_level":0}}