{"host":"hxb85ejwp6zvj2g7","time":1609326440,"event":{"mods":["BaseMod","BetterRewards","Colored Map","Friendly Minions","Marisa£®ÏF”Í°°ƒß¿Ì…≥£©","Minty Spire (QoL Compilation)"],"gold_per_floor":[113,123,123,123,137,137,183,214,214,257,257,273,299,354,366,505,517,570,624,636,699,626,688,700,769,806,818,849,861,932,984,996,1110,1122,1151,345,364,399,419,454,499,527,550,604,620,530,566,610,610,610,610],"floor_reached":50,"playtime":6012,"items_purged":["Strike_MRS"],"score":811,"play_id":"cc19d6ae-3ebc-4032-b1e2-91ef8d6a2d17","local_time":"20201230190720","is_ascension_mode":false,"campfire_choices":[{"data":"DC","floor":6,"key":"SMITH"},{"data":"WitchOfGreed","floor":11,"key":"SMITH"},{"floor":15,"key":"REST"},{"floor":24,"key":"REST"},{"floor":32,"key":"REST"},{"data":"1","floor":49,"key":"LIFT"}],"circlet_count":0,"master_deck":["Strike_MRS","Strike_MRS","Defend_MRS","Defend_MRS","Defend_MRS","MasterSpark+1","UpSweep","DC+1","WitchOfGreed+1","SatelliteIllusion","GrandCross","FairyDestructionRay","JA","BinaryStars","DarkMatter","BinaryStars","ManaConvection+1","OortCloud","MilkyWay+1","PulseMagic","ShootingEcho+1","Necronomicurse","MysteriousBeam","Iron Wave","Parasite","Parasite","BlazeAway+1","Singularity+1","MysteriousBeam+1","FinalSpark","CurseOfTheBell","GalacticHalo+1","Discovery+1","SuperNova","Secret Technique+1","ClearTheMind+1","Prepared+1","Prepared+1","OortCloud+1","Underhanded Strike","StarDustReverie+1","PowerUp+1","Jack Of All Trades+1","GravityBeat"],"relics":["MiniHakkero","Ancient Tea Set","Unceasing Top","Pantograph","Ornamental Fan","MawBank","Black Star","Red Mask","BreadOfAWashokuLover","Bag of Marbles","Bag of Preparation","Torii","TungstenRod","Dream Catcher","Necronomicon","Happy Flower","ShroomBag","Calling Bell","Boot","Toxic Egg 2","Bird Faced Urn","PrismaticShard","Centennial Puzzle","Blood Vial","Nunchaku","HandmadeGrimoire","Vajra","Oddly Smooth Stone","Girya"],"acts_visited":["Exordium","TheCity","TheBeyond"],"potions_floor_usage":[10,13,14,16,18,19,21,23,23,25,28,30,33,38,38,39,41,42,50,50,50],"damage_taken":[{"damage":0,"enemies":"Small Slimes","floor":1,"turns":3},{"damage":7,"enemies":"Cultist","floor":2,"turns":4},{"damage":1,"enemies":"2 Louse","floor":5,"turns":2},{"damage":16,"enemies":"Gremlin Nob","floor":7,"turns":3},{"damage":0,"enemies":"2 Fungi Beasts","floor":8,"turns":3},{"damage":36,"enemies":"Lagavulin","floor":10,"turns":5},{"damage":0,"enemies":"3 Louse","floor":12,"turns":1},{"damage":8,"enemies":"3 Sentries","floor":13,"turns":4},{"damage":0,"enemies":"Large Slime","floor":14,"turns":3},{"damage":20,"enemies":"Slime Boss","floor":16,"turns":4},{"damage":25,"enemies":"3 Byrds","floor":18,"turns":6},{"damage":7,"enemies":"Shell Parasite","floor":19,"turns":3},{"damage":20,"enemies":"Masked Bandits","floor":21,"turns":3},{"damage":31,"enemies":"Slavers","floor":23,"turns":6},{"damage":0,"enemies":"Gremlin Leader","floor":25,"turns":6},{"damage":0,"enemies":"Shelled Parasite and Fungi","floor":28,"turns":3},{"damage":13,"enemies":"Book of Stabbing","floor":30,"turns":4},{"damage":8,"enemies":"Centurion and Healer","floor":31,"turns":3},{"damage":5,"enemies":"Collector","floor":33,"turns":3},{"damage":12,"enemies":"3 Darklings","floor":35,"turns":3},{"damage":0,"enemies":"Orb Walker","floor":37,"turns":1},{"damage":20,"enemies":"Spire Growth","floor":38,"turns":4},{"damage":4,"enemies":"4 Shapes","floor":39,"turns":3},{"damage":5,"enemies":"Nemesis","floor":40,"turns":3},{"damage":32,"enemies":"Transient","floor":41,"turns":5},{"damage":0,"enemies":"Giant Head","floor":42,"turns":5},{"damage":0,"enemies":"2 Orb Walkers","floor":44,"turns":1},{"damage":0,"enemies":"3 Darklings","floor":45,"turns":2},{"damage":4,"enemies":"Sphere and 2 Shapes","floor":47,"turns":3},{"damage":0,"enemies":"Jaw Worm Horde","floor":48,"turns":1},{"damage":129,"enemies":"Time Eater","floor":50,"turns":8}],"seed_played":"4284380293553368285","potions_obtained":[{"floor":7,"key":"Ancient Potion"},{"floor":8,"key":"Fruit Juice"},{"floor":8,"key":"GamblersBrew"},{"floor":10,"key":"Strength Potion"},{"floor":13,"key":"Explosive Potion"},{"floor":14,"key":"Dexterity Potion"},{"floor":14,"key":"ColorlessPotion"},{"floor":16,"key":"CultistPotion"},{"floor":16,"key":"Energy Potion"},{"floor":18,"key":"SkillPotion"},{"floor":19,"key":"Swift Potion"},{"floor":21,"key":"LiquidMemories"},{"floor":21,"key":"Swift Potion"},{"floor":23,"key":"DistilledChaos"},{"floor":25,"key":"ColorlessPotion"},{"floor":30,"key":"Fruit Juice"},{"floor":31,"key":"ColorlessPotion"},{"floor":31,"key":"LiquidBronze"},{"floor":33,"key":"GamblersBrew"},{"floor":35,"key":"BlessingOfTheForge"},{"floor":38,"key":"Dexterity Potion"},{"floor":39,"key":"Explosive Potion"},{"floor":41,"key":"SteroidPotion"},{"floor":41,"key":"Fire Potion"},{"floor":44,"key":"Regen Potion"},{"floor":47,"key":"AttackPotion"},{"floor":48,"key":"DuplicationPotion"}],"is_trial":false,"path_per_floor":["M","M","?","?","M","R","E","M","T","E","R","M","E","M","R","B",null,"M","M","?","?","?","E","R","E","T","?","M","?","E","M","R","B",null,"M","$","M","M","M","E","M","E","T","?","M","?","M","M","R","B"],"character_chosen":"MARISA","items_purchased":["PrismaticShard","Discovery+1","SuperNova","Centennial Puzzle","Secret Technique+1"],"campfire_rested":3,"item_purchase_floors":[36,36,36,36,36],"current_hp_per_floor":[82,75,68,73,72,72,56,56,56,25,25,25,17,17,43,48,87,62,55,55,35,35,4,30,30,30,18,18,18,10,8,35,58,92,85,85,85,70,71,73,56,82,82,86,88,88,96,100,100,0,0],"gold":610,"neow_bonus":"TEN_PERCENT_HP_BONUS","is_daily":false,"chose_seed":false,"campfire_upgraded":2,"win_rate":0.0,"timestamp":1609326440,"path_taken":["M","M","?","?","?","R","E","M","T","E","R","M","E","M","R","BOSS","M","M","?","?","?","E","R","E","T","?","M","?","E","M","R","BOSS","M","$","M","M","M","E","M","E","T","?","M","?","?","M","R","BOSS"],"items_purchased_type":["Relic","Card","Card","Relic","Card"],"build_version":"2020-12-22","purchased_purges":1,"victory":false,"max_hp_per_floor":[82,82,82,82,82,82,82,82,82,87,87,87,87,87,87,87,87,87,87,87,87,87,87,87,87,87,87,87,87,92,92,92,92,92,92,92,92,92,92,92,92,105,105,105,105,105,105,105,105,105,105],"card_choices":[{"not_picked":["AsteroidBelt","ShootingEcho"],"picked":"WitchLeyline","floor":1},{"not_picked":["OpenUniverse","MilkyWay"],"picked":"DC","floor":2},{"not_picked":["GrandCross","Singularity"],"picked":"WitchOfGreed","floor":5},{"not_picked":["PowerUp","FairyDestructionRay"],"picked":"SatelliteIllusion","floor":7},{"not_picked":["6A","MagicChant"],"picked":"GrandCross","floor":8},{"not_picked":["WitchLeyline","DC"],"picked":"FairyDestructionRay","floor":10},{"not_picked":["LuminesStrike","Acceleration"],"picked":"JA","floor":12},{"not_picked":["SuperPerseids","AsteroidBelt"],"picked":"BinaryStars","floor":13},{"not_picked":["WitchLeyline","WitchOfGreed"],"picked":"DarkMatter","floor":14},{"not_picked":["CollectingQuirk","AbsoluteMagnitude"],"picked":"BinaryStars","floor":16},{"not_picked":["DC","PowerUp"],"picked":"ManaConvection+1","floor":18},{"not_picked":["NonDirectionalLaser+1","DC+1"],"picked":"OortCloud","floor":19},{"not_picked":["DoubleSpark","DeepEcoloBomb"],"picked":"MilkyWay+1","floor":21},{"not_picked":["SuperPerseids","UnstableBomb"],"picked":"PulseMagic","floor":23},{"not_picked":["AsteroidBelt+1","MaximisePower"],"picked":"ShootingEcho+1","floor":25},{"not_picked":["DarkMatter","GrandCross+1"],"picked":"MysteriousBeam","floor":28},{"not_picked":["6A","DC"],"picked":"BlazeAway+1","floor":30},{"not_picked":["ShootingEcho","MilkyWay"],"picked":"Singularity+1","floor":31},{"not_picked":["BigCrunch","MilkyWay+1"],"picked":"MysteriousBeam+1","floor":32},{"not_picked":["CollectingQuirk","BinaryStars"],"picked":"FinalSpark","floor":33},{"not_picked":["Acceleration+1","MagicChant+1"],"picked":"GalacticHalo+1","floor":35},{"not_picked":["Cold Snap+1","EmptyMind+1"],"picked":"ClearTheMind+1","floor":37},{"not_picked":["Crescendo+1","DoubleSpark"],"picked":"Prepared+1","floor":38},{"not_picked":["GrandCross+1","Leap+1"],"picked":"Prepared+1","floor":39},{"not_picked":["Ghostly Armor+1","DC+1"],"picked":"OortCloud+1","floor":40},{"not_picked":["Nirvana","AsteroidBelt+1"],"picked":"Underhanded Strike","floor":41},{"not_picked":["Capacitor+1","Unload"],"picked":"StarDustReverie+1","floor":42},{"not_picked":["Hemokinesis","AsteroidBelt+1"],"picked":"PowerUp+1","floor":45},{"not_picked":["Dark Shackles+1","PathToVictory+1"],"picked":"Jack Of All Trades+1","floor":47},{"not_picked":["Gash+1","WaveOfTheHand+1"],"picked":"GravityBeat","floor":48}],"player_experience":51734,"relics_obtained":[{"floor":7,"key":"Unceasing Top"},{"floor":9,"key":"Pantograph"},{"floor":10,"key":"Ornamental Fan"},{"floor":13,"key":"MawBank"},{"floor":21,"key":"Red Mask"},{"floor":23,"key":"Bag of Marbles"},{"floor":23,"key":"Bag of Preparation"},{"floor":25,"key":"Torii"},{"floor":25,"key":"TungstenRod"},{"floor":26,"key":"Dream Catcher"},{"floor":27,"key":"Necronomicon"},{"floor":30,"key":"Happy Flower"},{"floor":30,"key":"ShroomBag"},{"floor":34,"key":"Boot"},{"floor":34,"key":"Toxic Egg 2"},{"floor":34,"key":"Bird Faced Urn"},{"floor":40,"key":"Blood Vial"},{"floor":40,"key":"Nunchaku"},{"floor":42,"key":"HandmadeGrimoire"},{"floor":42,"key":"Vajra"},{"floor":43,"key":"Oddly Smooth Stone"},{"floor":44,"key":"Girya"}],"event_choices":[{"damage_healed":0,"gold_gain":0,"player_choice":"Success","damage_taken":7,"relics_obtained":["Ancient Tea Set"],"max_hp_gain":0,"max_hp_loss":0,"event_name":"Scrap Ooze","floor":3,"gold_loss":0},{"cards_removed":["WitchLeyline"],"damage_healed":5,"gold_gain":0,"player_choice":"Offered Common","damage_taken":0,"max_hp_gain":0,"max_hp_loss":0,"event_name":"Bonfire Elementals","floor":4,"gold_loss":0},{"cards_removed":["WitchLeyline"],"damage_healed":5,"gold_gain":0,"player_choice":"Offered Special","damage_taken":0,"max_hp_gain":0,"max_hp_loss":0,"event_name":"Bonfire Elementals","floor":4,"gold_loss":0},{"damage_healed":0,"gold_gain":0,"player_choice":"Ignored","damage_taken":0,"max_hp_gain":0,"max_hp_loss":0,"event_name":"Vampires","floor":20,"gold_loss":0},{"damage_healed":0,"gold_gain":0,"player_choice":"Fought Bandits","damage_taken":0,"max_hp_gain":0,"max_hp_loss":0,"event_name":"Masked Bandits","floor":21,"gold_loss":0},{"damage_healed":0,"gold_gain":0,"player_choice":"Obtained Relic","damage_taken":0,"relics_obtained":["BreadOfAWashokuLover"],"max_hp_gain":0,"max_hp_loss":0,"event_name":"Addict","floor":22,"gold_loss":85},{"damage_healed":0,"gold_gain":0,"player_choice":"Obtained Book","damage_taken":16,"max_hp_gain":0,"max_hp_loss":0,"event_name":"Cursed Tome","floor":27,"gold_loss":0},{"cards_removed":["Strike_MRS"],"damage_healed":0,"gold_gain":0,"player_choice":"Took Card","damage_taken":0,"max_hp_gain":0,"max_hp_loss":0,"event_name":"NoteForYourself","floor":29,"gold_loss":0,"cards_obtained":["Iron Wave"]},{"damage_healed":0,"gold_gain":0,"player_choice":"Fight","damage_taken":0,"max_hp_gain":0,"max_hp_loss":0,"event_name":"Mysterious Sphere","floor":44,"gold_loss":0},{"cards_removed":["Defend_MRS"],"damage_healed":0,"gold_gain":0,"player_choice":"Upgrade and Remove","damage_taken":0,"max_hp_gain":0,"max_hp_loss":0,"event_name":"Designer","floor":46,"gold_loss":90,"cards_upgraded":["MasterSpark"]}],"is_beta":false,"boss_relics":[{"not_picked":["BewitchedHakkero","Empty Cage"],"picked":"Black Star"},{"not_picked":["SacredBark","Runic Pyramid"],"picked":"Calling Bell"}],"items_purged_floors":[36],"is_endless":false,"potions_floor_spawned":[8,10,13,14,16,21,31,33,35,39,41,44,45],"killed_by":"Time Eater","ascension_level":0}}