{"host":"9zznonz1olisd4fd","time":1609342818,"event":{"mods":["BaseMod","Keyboard Shortcuts","Minty Spire (QoL Compilation)","StSLib","SuperFastMode"],"gold_per_floor":[116,116,165,240,3,3,26,64,64,80,80,105,140,159,159,257,257,273,273,2,2,17,17,31,70,70,83,83,104,129,309,309,407,407,428,444,444,319,319,319,350,350,374,374,408,408,408,433,433,433,433,433,126,167,167],"floor_reached":56,"playtime":2423,"items_purged":["Defend_P","Strike_P","SashWhip+1","LessonLearned+1"],"score":2094,"play_id":"86e72f63-7da7-45ec-936a-cc2295141347","local_time":"20201231004018","is_ascension_mode":true,"campfire_choices":[{"data":"Eruption","floor":6.0,"key":"SMITH"},{"data":"Adaptation","floor":11.0,"key":"SMITH"},{"data":"InnerPeace","floor":15.0,"key":"SMITH"},{"data":"LessonLearned","floor":23.0,"key":"SMITH"},{"data":"MentalFortress","floor":28.0,"key":"SMITH"},{"floor":32.0,"key":"REST"},{"floor":40.0,"key":"REST"},{"floor":44.0,"key":"RECALL"},{"floor":47.0,"key":"REST"},{"floor":49.0,"key":"REST"},{"floor":52.0,"key":"REST"}],"circlet_count":0,"master_deck":["AscendersBane","Strike_P+1","Strike_P+1","Eruption+1","Vigilance","Adaptation+1","InnerPeace+1","Wallop+1","CarveReality+1","ForeignInfluence+1","Tantrum+1","MentalFortress+1","Violence+1","InnerPeace"],"relics":["PureWater","NeowsBlessing","Golden Idol","Anchor","Blood Vial","Bird Faced Urn","Ornamental Fan","TeardropLocket","Astrolabe","Lee\u0027s Waffle","FaceOfCleric","InkBottle","Shuriken","Fusion Hammer","Dream Catcher","Bag of Preparation","Oddly Smooth Stone","Letter Opener"],"acts_visited":["Exordium","TheCity","TheBeyond","TheEnding"],"potions_floor_usage":[55],"damage_taken":[{"damage":1.0,"enemies":"2 Louse","floor":1.0,"turns":2.0},{"damage":0.0,"enemies":"Jaw Worm","floor":7.0,"turns":1.0},{"damage":0.0,"enemies":"Lagavulin","floor":8.0,"turns":2.0},{"damage":0.0,"enemies":"Cultist","floor":10.0,"turns":3.0},{"damage":3.0,"enemies":"Blue Slaver","floor":12.0,"turns":3.0},{"damage":38.0,"enemies":"Gremlin Nob","floor":13.0,"turns":4.0},{"damage":0.0,"enemies":"Gremlin Gang","floor":14.0,"turns":4.0},{"damage":30.0,"enemies":"The Guardian","floor":16.0,"turns":16.0},{"damage":5.0,"enemies":"3 Byrds","floor":18.0,"turns":4.0},{"damage":11.0,"enemies":"2 Thieves","floor":22.0,"turns":3.0},{"damage":0.0,"enemies":"Centurion and Healer","floor":24.0,"turns":3.0},{"damage":22.0,"enemies":"Book of Stabbing","floor":25.0,"turns":3.0},{"damage":0.0,"enemies":"Sentry and Sphere","floor":27.0,"turns":2.0},{"damage":0.0,"enemies":"Snake Plant","floor":29.0,"turns":2.0},{"damage":0.0,"enemies":"3 Cultists","floor":30.0,"turns":3.0},{"damage":44.0,"enemies":"Champ","floor":33.0,"turns":7.0},{"damage":0.0,"enemies":"3 Shapes","floor":35.0,"turns":2.0},{"damage":0.0,"enemies":"Orb Walker","floor":36.0,"turns":2.0},{"damage":0.0,"enemies":"Reptomancer","floor":41.0,"turns":3.0},{"damage":26.0,"enemies":"Nemesis","floor":45.0,"turns":5.0},{"damage":10.0,"enemies":"Maw","floor":48.0,"turns":3.0},{"damage":19.0,"enemies":"Awakened One","floor":50.0,"turns":6.0},{"damage":0.0,"enemies":"Shield and Spear","floor":54.0,"turns":4.0},{"damage":68,"enemies":"The Heart","floor":55,"turns":7}],"seed_played":"6665333002961951911","potions_obtained":[{"floor":1.0,"key":"Strength Potion"},{"floor":8.0,"key":"Strength Potion"},{"floor":13.0,"key":"Block Potion"},{"floor":16.0,"key":"Weak Potion"},{"floor":18.0,"key":"Fire Potion"},{"floor":27.0,"key":"LiquidMemories"},{"floor":35.0,"key":"LiquidMemories"},{"floor":36.0,"key":"Regen Potion"},{"floor":54.0,"key":"BottledMiracle"}],"is_trial":false,"path_per_floor":["M","?","T","?","$","R","M","E","T","M","R","M","E","M","R","B",null,"M","?","$","?","M","R","M","E","T","M","R","M","M","?","R","B",null,"M","M","?","$","?","R","E","?","T","R","E","?","R","M","R","B",null,"R","$","E","B",null],"character_chosen":"WATCHER","items_purchased":["Blood Vial","Lee\u0027s Waffle","Oddly Smooth Stone"],"campfire_rested":5,"item_purchase_floors":[5,20,53],"current_hp_per_floor":[60,60,60,49,49,49,51,53,53,57,57,58,24,28,28,2,47,46,46,69,69,61,61,64,47,47,52,52,55,60,41,63,26,64,69,74,74,74,74,78,79,75,75,75,52,52,74,67,77,61,74,78,78,79,27],"gold":167,"neow_bonus":"THREE_ENEMY_KILL","is_daily":false,"chose_seed":false,"campfire_upgraded":5,"win_rate":0.0,"timestamp":1609342818,"path_taken":["M","?","?","?","$","R","M","E","T","M","R","M","E","M","R","BOSS","M","?","$","?","M","R","M","E","T","?","R","M","M","?","R","BOSS","M","?","?","$","?","R","E","?","T","R","E","?","R","M","R","BOSS","R","$","E","BOSS"],"items_purchased_type":["Relic","Relic","Relic"],"build_version":"2020-12-22","purchased_purges":4,"victory":true,"max_hp_per_floor":[68,62,62,62,62,62,62,62,62,62,62,62,62,62,62,62,62,62,62,69,69,70,70,71,72,72,73,73,74,75,75,75,76,76,77,78,78,78,78,78,79,75,75,75,76,76,76,77,77,78,78,78,78,79,80],"card_choices":[{"not_picked":["Wallop","CutThroughFate"],"picked":"Adaptation","floor":1.0},{"not_picked":["ClearTheMind","Consecrate","EmptyFist"],"picked":"SKIP","floor":7.0},{"not_picked":["Devotion","LikeWater"],"picked":"InnerPeace","floor":8.0},{"not_picked":["EmptyBody","Sanctity","Evaluate"],"picked":"SKIP","floor":10.0},{"not_picked":["Weave","EmptyBody","WheelKick"],"picked":"SKIP","floor":12.0},{"not_picked":["SpiritShield","Crescendo","Evaluate"],"picked":"SKIP","floor":13.0},{"not_picked":["CarveReality","BowlingBash","Indignation"],"picked":"SKIP","floor":14.0},{"not_picked":["Alpha","Omniscience"],"picked":"LessonLearned","floor":16.0},{"not_picked":["Consecrate","Prostrate","EmptyFist"],"picked":"SKIP","floor":18.0},{"not_picked":["Swivel","ReachHeaven","PathToVictory"],"picked":"SKIP","floor":22.0},{"not_picked":["Swivel","ReachHeaven","PathToVictory"],"picked":"SKIP","floor":22.0},{"not_picked":["Crescendo","Weave","Consecrate"],"picked":"SKIP","floor":24.0},{"not_picked":["ThirdEye","Swivel"],"picked":"Tantrum","floor":25.0},{"not_picked":["Tantrum","BattleHymn+1"],"picked":"MentalFortress","floor":27.0},{"not_picked":["Study+1","EmptyFist","Wish"],"picked":"SKIP","floor":29.0},{"not_picked":["Study+1","EmptyFist","Wish"],"picked":"SKIP","floor":29.0},{"not_picked":["JustLucky","ClearTheMind+1","FlurryOfBlows"],"picked":"SKIP","floor":30.0},{"not_picked":["JustLucky","WreathOfFlame","PathToVictory+1"],"picked":"SKIP","floor":35.0},{"not_picked":["CarveReality","Worship","FlyingSleeves"],"picked":"SKIP","floor":36.0},{"not_picked":["Sadistic Nature","HandOfGreed"],"picked":"Violence","floor":37.0},{"not_picked":["Sanctity","PathToVictory","Tantrum+1"],"picked":"SKIP","floor":41.0},{"not_picked":["ClearTheMind","BattleHymn","CutThroughFate"],"picked":"SKIP","floor":45.0},{"not_picked":["Protect","CutThroughFate","LikeWater"],"picked":"SKIP","floor":48.0},{"not_picked":["SashWhip","Blasphemy"],"picked":"InnerPeace","floor":54.0}],"player_experience":522428,"relics_obtained":[{"floor":3.0,"key":"Anchor"},{"floor":8.0,"key":"Bird Faced Urn"},{"floor":9.0,"key":"Ornamental Fan"},{"floor":13.0,"key":"TeardropLocket"},{"floor":25.0,"key":"InkBottle"},{"floor":26.0,"key":"Shuriken"},{"floor":41.0,"key":"Dream Catcher"},{"floor":45.0,"key":"Bag of Preparation"},{"floor":54.0,"key":"Letter Opener"}],"event_choices":[{"damage_healed":0.0,"max_hp_gain":0.0,"max_hp_loss":6.0,"gold_gain":0.0,"event_name":"Golden Idol","player_choice":"Lose Max HP","floor":2.0,"gold_loss":0.0,"damage_taken":0.0,"relics_obtained":["Golden Idol"]},{"damage_healed":0.0,"max_hp_gain":0.0,"max_hp_loss":0.0,"gold_gain":75.0,"event_name":"World of Goop","player_choice":"Gather Gold","floor":4.0,"gold_loss":0.0,"damage_taken":11.0},{"damage_healed":0.0,"max_hp_gain":0.0,"max_hp_loss":0.0,"gold_gain":0.0,"event_name":"The Library","player_choice":"Read","floor":19.0,"gold_loss":0.0,"damage_taken":0.0,"cards_obtained":["ForeignInfluence"]},{"damage_healed":0.0,"max_hp_gain":0.0,"max_hp_loss":0.0,"gold_gain":0.0,"event_name":"FaceTrader","player_choice":"Trade","floor":21.0,"gold_loss":0.0,"damage_taken":0.0,"relics_obtained":["FaceOfCleric"]},{"damage_healed":0.0,"max_hp_gain":0.0,"max_hp_loss":0.0,"gold_gain":180.0,"event_name":"Knowing Skull","player_choice":"GOLD GOLD ","floor":31.0,"potions_obtained":[],"gold_loss":0.0,"damage_taken":19.0,"cards_obtained":[]},{"damage_healed":0.0,"max_hp_gain":0.0,"max_hp_loss":0.0,"gold_gain":0.0,"event_name":"SensoryStone","player_choice":"Memory 1","floor":37.0,"gold_loss":0.0,"damage_taken":0.0},{"cards_removed":["Defend_P"],"damage_healed":0.0,"max_hp_gain":0.0,"max_hp_loss":0.0,"gold_gain":0.0,"event_name":"Falling","player_choice":"Removed Skill","floor":39.0,"gold_loss":0.0,"damage_taken":0.0},{"damage_healed":0.0,"max_hp_gain":0.0,"max_hp_loss":4.0,"gold_gain":0.0,"event_name":"Winding Halls","player_choice":"Max HP","floor":42.0,"gold_loss":0.0,"damage_taken":0.0},{"damage_healed":0.0,"max_hp_gain":0.0,"max_hp_loss":0.0,"gold_gain":0.0,"event_name":"Tomb of Lord Red Mask","player_choice":"Ignored","floor":46.0,"gold_loss":0.0,"damage_taken":0.0}],"is_beta":false,"boss_relics":[{"not_picked":["Empty Cage","Cursed Key"],"picked":"Astrolabe"},{"not_picked":["Calling Bell","Coffee Dripper"],"picked":"Fusion Hammer"}],"items_purged_floors":[5,20,38,53],"is_endless":false,"potions_floor_spawned":[1,8,13,14,16,18,27,35,36,54],"ascension_level":16}}