{"host":"mttmnrdvbvzz8cuy","time":1609315868,"event":{"mods":["BaseMod","Bestiary","Colored Map","Colored Powertips","Minty Spire (QoL Compilation)","StSLib"],"gold_per_floor":[116,132,151,165,15,15,49,49,49,83,94,94,169,188,188,284,284,302,316,316,149,149,176,176,204,228,248,283,283,318,16,16,111,111,131,6,6,21,1020,1020,1040,334,334,334,334,362,374,96,96,96,96],"floor_reached":50,"playtime":1959,"items_purged":["Strike_B","Strike_B","Strike_B","Normality","Defend_B"],"score":684,"play_id":"73addfec-147f-4e9d-ba1e-500d5b8b2270","local_time":"20201230191108","is_ascension_mode":true,"campfire_choices":[{"data":"White Noise","floor":6,"key":"SMITH"},{"data":"Defragment","floor":12,"key":"SMITH"},{"floor":15,"key":"REST"},{"floor":24,"key":"REST"},{"floor":29,"key":"REST"},{"data":"Amplify","floor":32,"key":"SMITH"},{"data":"Defragment","floor":40,"key":"SMITH"},{"data":"Loop","floor":45,"key":"SMITH"},{"data":"Capacitor","floor":47,"key":"SMITH"},{"data":"Loop","floor":49,"key":"SMITH"}],"circlet_count":0,"master_deck":["Defend_B","Defend_B","Defend_B","Zap","Dualcast","Ball Lightning","White Noise+1","Defragment+1","Compile Driver","Amplify+1","Self Repair","Capacitor+1","Hologram+1","Electrodynamics","Beam Cell+1","Auto Shields+1","Defragment+1","Coolheaded+1","Leap+1","Hologram+1","Undo+1","Hologram+1","Redo+1","Panache","Self Repair","Thunder Strike","White Noise+1","Normality","Leap+1","Enlightenment+1","Loop+1","Hologram+1","Loop+1"],"relics":["Cracked Core","NeowsBlessing","Bag of Preparation","Mercury Hourglass","Cables","Toxic Egg 2","Bottled Lightning","Sozu","Bottled Flame","Juzu Bracelet","Regal Pillow","Toy Ornithopter","Strawberry","Busted Crown","Sundial","TheAbacus","Pear","MawBank"],"acts_visited":["Exordium","TheCity","TheBeyond"],"potions_floor_usage":[33,50],"damage_taken":[{"damage":0,"enemies":"Small Slimes","floor":1,"turns":1},{"damage":0,"enemies":"Jaw Worm","floor":2,"turns":1},{"damage":0,"enemies":"2 Louse","floor":3,"turns":1},{"damage":6,"enemies":"Exordium Wildlife","floor":4,"turns":2},{"damage":11,"enemies":"Lagavulin","floor":7,"turns":4},{"damage":22,"enemies":"3 Sentries","floor":10,"turns":4},{"damage":9,"enemies":"2 Fungi Beasts","floor":11,"turns":3},{"damage":8,"enemies":"Blue Slaver","floor":14,"turns":3},{"damage":26,"enemies":"Slime Boss","floor":16,"turns":5},{"damage":32,"enemies":"Shell Parasite","floor":18,"turns":4},{"damage":0,"enemies":"3 Byrds","floor":19,"turns":1},{"damage":22,"enemies":"Gremlin Leader","floor":23,"turns":5},{"damage":5,"enemies":"Book of Stabbing","floor":25,"turns":5},{"damage":11,"enemies":"Sentry and Sphere","floor":27,"turns":5},{"damage":44,"enemies":"Slavers","floor":28,"turns":4},{"damage":17,"enemies":"Gremlin Leader","floor":30,"turns":5},{"damage":46,"enemies":"Collector","floor":33,"turns":7},{"damage":0,"enemies":"Orb Walker","floor":35,"turns":2},{"damage":2,"enemies":"3 Shapes","floor":38,"turns":2},{"damage":18,"enemies":"Spire Growth","floor":41,"turns":2},{"damage":24,"enemies":"Nemesis","floor":46,"turns":5},{"damage":92,"enemies":"Awakened One","floor":50,"turns":3}],"seed_played":"4605843401364580041","potions_obtained":[{"floor":1,"key":"Ancient Potion"},{"floor":2,"key":"Regen Potion"},{"floor":7,"key":"GamblersBrew"}],"is_trial":false,"path_per_floor":["M","M","M","M","$","R","E","?","T","E","M","R","?","M","R","B",null,"M","M","?","$","?","E","R","E","T","M","E","R","E","$","R","B",null,"M","$","?","M","?","R","M","$","T","?","R","E","R","$","R","B"],"character_chosen":"DEFECT","items_purchased":["Bag of Preparation","Defragment","Coolheaded+1","Panache","Self Repair","Sundial","TheAbacus","Enlightenment+1","Loop","Hologram+1","Loop"],"campfire_rested":3,"item_purchase_floors":[5,21,21,31,31,42,42,42,42,48,48],"current_hp_per_floor":[75,75,75,69,69,69,58,51,51,29,20,20,9,8,30,11,75,57,57,43,43,43,28,52,54,54,57,27,66,70,70,70,42,87,87,87,87,85,85,85,81,81,91,91,91,74,74,74,74,0,0],"gold":96,"neow_bonus":"THREE_ENEMY_KILL","is_daily":false,"chose_seed":false,"campfire_upgraded":7,"win_rate":0.0,"timestamp":1609315868,"path_taken":["M","M","M","M","$","R","E","?","T","E","M","R","?","M","R","BOSS","M","M","?","$","?","E","R","E","T","M","E","R","E","?","R","BOSS","M","$","?","M","?","R","M","$","T","?","R","E","R","$","R","BOSS"],"items_purchased_type":["Relic","Card","Card","Card","Card","Relic","Relic","Card","Card","Card","Card"],"build_version":"2020-12-22","purchased_purges":5,"victory":false,"max_hp_per_floor":[75,75,75,75,75,75,75,75,75,75,75,75,75,75,75,75,75,75,75,80,80,80,80,80,80,80,80,80,80,87,87,87,87,87,87,87,87,87,87,87,87,87,97,97,97,97,97,97,97,97,97],"card_choices":[{"not_picked":["Recycle","Hologram"],"picked":"Ball Lightning","floor":1},{"not_picked":["Double Energy","Beam Cell"],"picked":"White Noise","floor":2},{"not_picked":["Reinforced Body","Static Discharge"],"picked":"Defragment","floor":3},{"not_picked":["Chaos","Consume"],"picked":"Compile Driver","floor":4},{"not_picked":["Cold Snap","Rebound"],"picked":"Amplify","floor":7},{"not_picked":["Redo+1","Conserve Battery+1"],"picked":"Self Repair","floor":10},{"not_picked":["Chill+1","Reinforced Body+1"],"picked":"Capacitor","floor":11},{"not_picked":["Chaos+1","Doom and Gloom"],"picked":"Hologram+1","floor":14},{"not_picked":["Buffer","Reboot+1"],"picked":"Electrodynamics","floor":16},{"not_picked":["Ball Lightning","Genetic Algorithm+1"],"picked":"Beam Cell+1","floor":18},{"not_picked":["Beam Cell+1","Hello World"],"picked":"Auto Shields+1","floor":19},{"not_picked":["Barrage","Rebound"],"picked":"Leap+1","floor":23},{"not_picked":["Gash","Go for the Eyes"],"picked":"Hologram+1","floor":25},{"not_picked":["Auto Shields+1","Steam+1"],"picked":"Undo+1","floor":27},{"not_picked":["Sunder+1","Ball Lightning"],"picked":"Hologram+1","floor":28},{"not_picked":["Ball Lightning","Beam Cell+1"],"picked":"Redo+1","floor":30},{"not_picked":["Electrodynamics","Buffer"],"picked":"Thunder Strike","floor":33},{"not_picked":[],"picked":"White Noise+1","floor":35},{"not_picked":["Streamline"],"picked":"SKIP","floor":38},{"not_picked":[],"picked":"Leap+1","floor":41},{"not_picked":["Sweeping Beam+1"],"picked":"SKIP","floor":46}],"player_experience":120387,"relics_obtained":[{"floor":7,"key":"Mercury Hourglass"},{"floor":9,"key":"Toxic Egg 2"},{"floor":10,"key":"Bottled Lightning"},{"floor":23,"key":"Bottled Flame"},{"floor":25,"key":"Juzu Bracelet"},{"floor":26,"key":"Regal Pillow"},{"floor":28,"key":"Toy Ornithopter"},{"floor":30,"key":"Strawberry"},{"floor":43,"key":"Pear"},{"floor":46,"key":"MawBank"}],"event_choices":[{"damage_healed":0,"gold_gain":0,"player_choice":"Success","damage_taken":7,"relics_obtained":["Cables"],"max_hp_gain":0,"max_hp_loss":0,"event_name":"Scrap Ooze","floor":8,"gold_loss":0},{"damage_healed":0,"gold_gain":75,"player_choice":"Gather Gold","damage_taken":11,"max_hp_gain":0,"max_hp_loss":0,"event_name":"World of Goop","floor":13,"gold_loss":0},{"damage_healed":0,"gold_gain":0,"player_choice":"Shed Blood","damage_taken":19,"max_hp_gain":5,"max_hp_loss":0,"event_name":"Forgotten Altar","floor":20,"gold_loss":0},{"damage_healed":0,"gold_gain":0,"player_choice":"Ignored","damage_taken":0,"max_hp_gain":0,"max_hp_loss":0,"event_name":"Vampires","floor":22,"gold_loss":0},{"cards_removed":["Strike_B"],"damage_healed":0,"gold_gain":0,"player_choice":"Removed Attack","damage_taken":0,"max_hp_gain":0,"max_hp_loss":0,"event_name":"Falling","floor":37,"gold_loss":0},{"damage_healed":0,"gold_gain":999,"player_choice":"Gold","damage_taken":0,"max_hp_gain":0,"max_hp_loss":0,"event_name":"MindBloom","floor":39,"gold_loss":0,"cards_obtained":["Normality","Normality"]},{"damage_healed":0,"gold_gain":0,"player_choice":"Ignored","damage_taken":0,"max_hp_gain":0,"max_hp_loss":0,"event_name":"Tomb of Lord Red Mask","floor":44,"gold_loss":0}],"is_beta":false,"boss_relics":[{"not_picked":["Philosopher\u0027s Stone","Ectoplasm"],"picked":"Sozu"},{"not_picked":["Runic Dome","Empty Cage"],"picked":"Busted Crown"}],"items_purged_floors":[21,31,36,42,48],"is_endless":false,"potions_floor_spawned":[1,2,7,16,18,23,28,38,46],"killed_by":"Awakened One","ascension_level":2}}