{"host":"yo9wwslrag05lh37","time":1609351774,"event":{"mods":["AchievementEnabler","BaseMod","Block Reminder","Colored Map","Colored Powertips","GifTheSpireLib","HexUI Lib","Highlight Path","Minty Spire (QoL Compilation)","Rare Cards Sparkle","Relic Stats","StSLib","everything is the same but u backflip on backflip"],"gold_per_floor":[15,15,15,35,110,110,160,174,174,174,197,222,236,275,275,373,373,386,386,425,21,21,21,39,57,137,172,172,197,247,267,267,361,361,379,679,703,133,133,171,171,205,205,220,240,254,254,278,278,278,278,278],"floor_reached":51,"playtime":2928,"items_purged":["Strike_B","Strike_B"],"score":1458,"play_id":"41469497-62b6-4d12-9447-ec42de46bcbb","local_time":"20201230190934","is_ascension_mode":true,"campfire_choices":[{"data":"Zap","floor":6.0,"key":"SMITH"},{"data":"Glacier","floor":10.0,"key":"SMITH"},{"data":"Coolheaded","floor":15.0,"key":"SMITH"},{"floor":23.0,"key":"REST"},{"data":"Coolheaded","floor":28.0,"key":"SMITH"},{"floor":32.0,"key":"REST"},{"floor":41.0,"key":"REST"},{"floor":49,"key":"RECALL"}],"circlet_count":0,"master_deck":["AscendersBane","Defend_B","Defend_B","Defend_B","Zap+1","Dualcast","Conserve Battery","Glacier+1","Static Discharge","Coolheaded+1","Gash","Melter","All For One","Conserve Battery","Fusion+1","Capacitor","Gash","Gash","Coolheaded+1","Skim+1","Gash","Recycle+1","Biased Cognition","Redo+1","Glacier+1","Normality","Fission+1","Hologram+1","Skim+1","Force Field+1","Doubt","Beam Cell"],"relics":["Cracked Core","Golden Idol","Pen Nib","Thread and Needle","Tiny Chest","Empty Cage","Red Mask","DollysMirror","Toxic Egg 2","Strawberry","Bag of Marbles","Cursed Key","Bottled Lightning","Happy Flower","Ornamental Fan","Sundial"],"acts_visited":["Exordium","TheCity","TheBeyond"],"potions_floor_usage":[50,51],"damage_taken":[{"damage":7.0,"enemies":"Jaw Worm","floor":1.0,"turns":3.0},{"damage":0.0,"enemies":"2 Louse","floor":4.0,"turns":4.0},{"damage":0.0,"enemies":"Cultist","floor":8.0,"turns":3.0},{"damage":0.0,"enemies":"Exordium Wildlife","floor":11.0,"turns":3.0},{"damage":3.0,"enemies":"Large Slime","floor":12.0,"turns":7.0},{"damage":4.0,"enemies":"Blue Slaver","floor":13.0,"turns":3.0},{"damage":0.0,"enemies":"Lagavulin","floor":14.0,"turns":7.0},{"damage":28.0,"enemies":"The Guardian","floor":16.0,"turns":13.0},{"damage":10.0,"enemies":"Chosen","floor":18.0,"turns":5.0},{"damage":34.0,"enemies":"Masked Bandits","floor":20.0,"turns":4.0},{"damage":12.0,"enemies":"Shell Parasite","floor":24.0,"turns":3.0},{"damage":0.0,"enemies":"Centurion and Healer","floor":25.0,"turns":4.0},{"damage":9.0,"enemies":"Book of Stabbing","floor":27.0,"turns":5.0},{"damage":0.0,"enemies":"Snake Plant","floor":29.0,"turns":5.0},{"damage":6.0,"enemies":"3 Cultists","floor":31.0,"turns":5.0},{"damage":13.0,"enemies":"Champ","floor":33.0,"turns":9.0},{"damage":0.0,"enemies":"Orb Walker","floor":35.0,"turns":3.0},{"damage":9.0,"enemies":"3 Shapes","floor":37.0,"turns":6.0},{"damage":20.0,"enemies":"Giant Head","floor":40.0,"turns":8.0},{"damage":44.0,"enemies":"Reptomancer","floor":42.0,"turns":9.0},{"damage":17,"enemies":"Transient","floor":44,"turns":6},{"damage":3,"enemies":"3 Darklings","floor":45,"turns":6},{"damage":0,"enemies":"Writhing Mass","floor":46,"turns":5},{"damage":0,"enemies":"Sphere and 2 Shapes","floor":48,"turns":12},{"damage":68,"enemies":"Donu and Deca","floor":50,"turns":11},{"damage":25,"enemies":"Time Eater","floor":51,"turns":4}],"seed_played":"775297564184606231","potions_obtained":[{"floor":13.0,"key":"AttackPotion"},{"floor":14.0,"key":"LiquidBronze"},{"floor":16.0,"key":"Fire Potion"},{"floor":18.0,"key":"FocusPotion"},{"floor":31.0,"key":"PowerPotion"},{"floor":33.0,"key":"SneckoOil"},{"floor":37.0,"key":"FocusPotion"},{"floor":45,"key":"LiquidMemories"},{"floor":46,"key":"Strength Potion"}],"is_trial":false,"path_per_floor":["M","?","?","M","?","R","?","M","T","R","M","M","M","E","R","B",null,"M","?","?","$","?","R","M","M","T","E","R","M","T","M","R","B",null,"M","?","M","$","T","E","R","E","T","M","M","M","?","M","R","B","B"],"character_chosen":"DEFECT","items_purchased":["Capacitor","Gash","DollysMirror","Block Potion","Bottled Lightning","Happy Flower","Glacier+1"],"campfire_rested":3,"item_purchase_floors":[21,21,21,21,38,38,38],"current_hp_per_floor":[71,71,66,66,55,55,48,48,48,48,48,45,41,41,41,13,61,51,51,17,17,17,40,28,28,28,26,26,26,26,20,45,32,71,71,71,62,62,62,42,67,23,23,6,3,3,84,84,84,16,0,0],"gold":278,"neow_bonus":"TWENTY_PERCENT_HP_BONUS","is_daily":false,"chose_seed":false,"campfire_upgraded":4,"win_rate":0.0,"timestamp":1609351774,"path_taken":["M","?","?","M","?","R","?","M","T","R","?","M","M","E","R","BOSS","M","?","?","$","?","R","M","M","T","E","R","M","?","?","R","BOSS","M","?","M","?","?","E","R","E","T","M","M","M","?","M","R","BOSS","BOSS"],"items_purchased_type":["Card","Card","Relic","Potion","Relic","Relic","Card"],"build_version":"2020-12-22","purchased_purges":2,"victory":false,"max_hp_per_floor":[85,77,77,77,77,77,77,77,77,77,77,77,77,77,77,77,77,77,77,77,77,77,77,77,77,77,84,84,84,84,84,84,84,84,84,84,84,84,84,84,84,84,84,84,84,84,84,84,84,84,84,84],"relic_stats":{"Happy Flower":[20],"counters":[26,153],"Golden Idol":160,"Ornamental Fan":[84],"Sundial":[6],"Tiny Chest":2,"Pen Nib":[28],"Cursed Key":1,"obtain_stats":[{"Happy Flower":38,"Golden Idol":2,"Thread and Needle":9,"Pen Nib":3,"Empty Cage":17,"Cursed Key":34,"DollysMirror":21,"Ornamental Fan":40,"Sundial":42,"Strawberry":27,"Tiny Chest":14,"Red Mask":20,"Bag of Marbles":30,"Bottled Lightning":38,"Toxic Egg 2":26,"Cracked Core":0},{"Happy Flower":18,"Golden Idol":1,"Thread and Needle":3,"Pen Nib":1,"Empty Cage":8,"Cursed Key":16,"DollysMirror":10,"Ornamental Fan":19,"Sundial":20,"Strawberry":13,"Tiny Chest":7,"Red Mask":10,"Bag of Marbles":14,"Bottled Lightning":18,"Toxic Egg 2":12,"Cracked Core":0},{"Happy Flower":92,"Golden Idol":3,"Thread and Needle":10,"Pen Nib":3,"Empty Cage":43,"Cursed Key":83,"DollysMirror":52,"Ornamental Fan":100,"Sundial":109,"Strawberry":64,"Tiny Chest":30,"Red Mask":52,"Bag of Marbles":69,"Bottled Lightning":92,"Toxic Egg 2":59,"Cracked Core":0}]},"card_choices":[{"not_picked":["Gash","Barrage","Beam Cell"],"picked":"SKIP","floor":1.0},{"not_picked":["Redo","Go for the Eyes"],"picked":"Conserve Battery","floor":4.0},{"not_picked":["Cold Snap","Hologram"],"picked":"Glacier","floor":8.0},{"not_picked":["Go for the Eyes","Coolheaded"],"picked":"Static Discharge","floor":11.0},{"not_picked":["Gash","Heatsinks"],"picked":"Coolheaded","floor":12.0},{"not_picked":["Force Field","Streamline"],"picked":"Gash","floor":13.0},{"not_picked":["Hologram","Lockon"],"picked":"Melter","floor":14.0},{"not_picked":["Thunder Strike","Fission"],"picked":"All For One","floor":16.0},{"not_picked":["Barrage","Redo"],"picked":"Conserve Battery","floor":18.0},{"not_picked":["Rebound","Double Energy"],"picked":"Fusion+1","floor":20.0},{"not_picked":["Recycle","Hologram"],"picked":"Coolheaded","floor":24.0},{"not_picked":["Ball Lightning","BootSequence","Melter"],"picked":"SKIP","floor":25.0},{"not_picked":["Streamline","Undo+1"],"picked":"Skim+1","floor":27.0},{"not_picked":["Hologram+1","Creative AI"],"picked":"Gash","floor":29.0},{"not_picked":["Sweeping Beam","Conserve Battery+1"],"picked":"Recycle+1","floor":31.0},{"not_picked":["Thunder Strike","All For One"],"picked":"Biased Cognition","floor":33.0},{"not_picked":["Go for the Eyes","Hello World"],"picked":"Redo+1","floor":35.0},{"not_picked":["Undo+1","Turbo+1","Tempest+1"],"picked":"SKIP","floor":37.0},{"not_picked":["Go for the Eyes+1","Undo+1"],"picked":"Fission+1","floor":42.0},{"not_picked":["Leap+1","Streamline+1"],"picked":"Hologram+1","floor":44},{"not_picked":["Redo+1","Streamline"],"picked":"Skim+1","floor":45},{"not_picked":["Leap+1","Heatsinks+1"],"picked":"Force Field+1","floor":46},{"not_picked":["Tempest+1","Aggregate+1"],"picked":"Beam Cell","floor":48}],"player_experience":1409591,"relics_obtained":[{"floor":9.0,"key":"Thread and Needle"},{"floor":14.0,"key":"Tiny Chest"},{"floor":20.0,"key":"Red Mask"},{"floor":26.0,"key":"Toxic Egg 2"},{"floor":27.0,"key":"Strawberry"},{"floor":30.0,"key":"Bag of Marbles"},{"floor":40.0,"key":"Ornamental Fan"},{"floor":42.0,"key":"Sundial"}],"event_choices":[{"damage_healed":0.0,"max_hp_gain":0.0,"max_hp_loss":8.0,"gold_gain":0.0,"event_name":"Golden Idol","player_choice":"Lose Max HP","floor":2.0,"gold_loss":0.0,"damage_taken":0.0,"relics_obtained":["Golden Idol"]},{"damage_healed":0.0,"max_hp_gain":0.0,"max_hp_loss":0.0,"gold_gain":0.0,"event_name":"Scrap Ooze","player_choice":"Success","floor":3.0,"gold_loss":0.0,"damage_taken":5.0,"relics_obtained":["Pen Nib"]},{"damage_healed":0.0,"max_hp_gain":0.0,"max_hp_loss":0.0,"gold_gain":75.0,"event_name":"World of Goop","player_choice":"Gather Gold","floor":5.0,"gold_loss":0.0,"damage_taken":11.0},{"damage_healed":0.0,"max_hp_gain":0.0,"max_hp_loss":0.0,"gold_gain":50.0,"event_name":"FaceTrader","player_choice":"Touch","floor":7.0,"gold_loss":0.0,"damage_taken":7.0},{"damage_healed":0.0,"max_hp_gain":0.0,"max_hp_loss":0.0,"gold_gain":0.0,"event_name":"Ghosts","player_choice":"Ignored","floor":19.0,"gold_loss":0.0,"damage_taken":0.0},{"damage_healed":0.0,"max_hp_gain":0.0,"max_hp_loss":0.0,"gold_gain":0.0,"event_name":"Masked Bandits","player_choice":"Fought Bandits","floor":20.0,"gold_loss":0.0,"damage_taken":0.0},{"cards_removed":["Strike_B"],"damage_healed":0.0,"max_hp_gain":0.0,"max_hp_loss":0.0,"gold_gain":0.0,"event_name":"Bonfire Elementals","player_choice":"Offered Basic","floor":22.0,"gold_loss":0.0,"damage_taken":0.0},{"damage_healed":0.0,"max_hp_gain":0.0,"max_hp_loss":0.0,"gold_gain":300.0,"event_name":"Wheel of Change","player_choice":"Gold","floor":36.0,"gold_loss":0.0,"damage_taken":0.0},{"damage_healed":81,"gold_gain":0,"player_choice":"Heal","damage_taken":0,"max_hp_gain":0,"max_hp_loss":0,"event_name":"MindBloom","floor":47,"gold_loss":0,"cards_obtained":["Doubt"]}],"is_beta":false,"boss_relics":[{"not_picked":["Velvet Choker","Ectoplasm"],"picked":"Empty Cage"},{"not_picked":["Fusion Hammer","Tiny House"],"picked":"Cursed Key"}],"items_purged_floors":[21,38],"is_endless":false,"potions_floor_spawned":[13,14,16,18,31,33,37,45,46,48],"killed_by":"Time Eater","ascension_level":20}}