{"host":"49hkj3l623wd5n00","time":1609339035,"event":{"mods":["2.2 Compatiblity","AchievementEnabler","Act Like it!","Aspiration","Astrologer","BaseMod","Better Altar","Better Match","Better Note","Better Skull","Better Third Choice","Better Vampires","Better-Laid Plans","BetterRewards","CCEM","CapriCore","Colored Map","Colored Powertips","Conspire","Displayed Cursed Tome","Downfall","Elementarium","Friendly Minions","Gensokyo","GifTheSpireLib","Hallownest","Hermit","Hubris","Ironclad Rager","Jorbs\u0027s Wanderer Trilogy","Koishi","MarisaÅiñ∂âJÅ@ñÇóùçπÅj","Menagerie","Mimic Mod","Minty Spire (QoL Compilation)","Pale of the Ancients","Permanent Neow","Quick Restart","Rare Cards Sparkle","Replay The Spire","Retaliation","Shade Mod","Spicy Shops","StSLib","Stuff the Spire","The Blackbeard","The Bug Knight","The Construct","The Cursed","The Druid","The Hierophant","The IronCluck","The Marked","The Runesmith","The Servant 0.9.4","The Vixen","The Wild Card","TheHero","Yuri Mod","slay the spire mod where everything is the same but ironclad has a cowboy hat"],"gold_per_floor":[111,225,244,258,358,358,358,176,176,176,204,204,204,237,237,338,338,354,375,57,283,306,346,371,371,394,675,89,89,138,152,152,261,261,282,57,73,73,73,110,22,131,131,166,182,233,250,250,250,260,260,260,37,77,102],"floor_reached":56,"playtime":5432,"items_purged":["stsjorbsmod:Strike_Wanderer","Looming Evil","stsjorbsmod:Materialize"],"score":2436,"play_id":"85ae3875-3933-4221-964a-66dc62b33227","local_time":"20201230093715","is_ascension_mode":true,"campfire_choices":[{"floor":6,"key":"REST"},{"data":"StuffTheSpire:Perfection","floor":10,"key":"SMITH"},{"data":"stsjorbsmod:FindFamiliar","floor":12,"key":"SMITH"},{"floor":15,"key":"DIG"},{"data":"stsjorbsmod:Inferno","floor":25,"key":"SMITH"},{"floor":29,"key":"REST"},{"floor":32,"key":"RECALL"},{"data":"stsjorbsmod:Defend_Wanderer","floor":49,"key":"PURGE"}],"circlet_count":0,"master_deck":["stsjorbsmod:ForbiddenGrimoire+1","stsjorbsmod:Strike_Wanderer+1","stsjorbsmod:Strike_Wanderer","stsjorbsmod:Strike_Wanderer","stsjorbsmod:Defend_Wanderer+1","stsjorbsmod:Defend_Wanderer","stsjorbsmod:Defend_Wanderer","stsjorbsmod:FreshAdventure","stsjorbsmod:EyeOfTheStorm","stsjorbsmod:MagicMissiles","stsjorbsmod:FindFamiliar+1","stsjorbsmod:ScorchingRay+1","stsjorbsmod:ArcaneWeapon+1","stsjorbsmod:Counterspell+1","stsjorbsmod:SmithingStrike","stsjorbsmod:MistyStep+1","stsjorbsmod:Inferno+1","stsjorbsmod:Withdraw","stsjorbsmod:OldPocket","stsjorbsmod:MagicMissiles","stsjorbsmod:FranticSearch+1","stsjorbsmod:ArcaneForm","Sadistic Nature","stsjorbsmod:MistyStep","stsjorbsmod:Withdraw","stsjorbsmod:LocateObject+1","stsjorbsmod:Mindworm","stsjorbsmod:Stalwart+1","stsjorbsmod:ArcaneWeapon","Pot Of Greed","Pot Of Greed","Pot Of Greed","expansioncontent:DefensiveMode+1","Dramatic Entrance+1","Pot Of Greed","stsjorbsmod:WanderingMind+1"],"relics":["stsjorbsmod:GrimoireRelic","StuffTheSpire:OldFever","Pondfish Scales","Replay:Wax Seal","Replay:Baseball","Art of War","aspiration:HatOfInfinitePower","hubris:BundleOfHerbs","stsjorbsmod:BottledMemoryRelic","Lantern","hubris:Metronome","Runic Pyramid","StuffTheSpire:Nightcore","HollowMod:JonisBlessing","Gensokyo:Companionship","Replay:Rubber Ducky","aspiration:AnachronicSnailShell","ReplayTheSpireMod:CursedCoin","Incense Burner","hubris:MysteriousPyramids","hexamod:BolsterEngine","Omamori","aspiration:MobileForge","Guardian:BottledAnomaly","ReplayTheSpireMod:Lightbulb","Centennial Puzzle","Grinning Jar","CCEMRelics:FestiveHat","CCEMRelics:WhiteRose","hubris:SlimyHat","hubris:Potato"],"acts_visited":["Gensokyo:Gensokyo","Gensokyo:Gensokyoer","Gensokyo:Gensokyoest","TheEnding"],"potions_floor_usage":[16,27,27,27,50,50,50,55,55,55],"damage_taken":[{"damage":0,"enemies":"Gensokyo:2_Kodama","floor":1,"turns":3},{"damage":0,"enemies":"Gensokyo:Python","floor":3,"turns":3},{"damage":3,"enemies":"Gensokyo:Gryphon","floor":4,"turns":4},{"damage":6,"enemies":"Gensokyo:Mamizou","floor":11,"turns":5},{"damage":1,"enemies":"Gensokyo:Mamizou","floor":14,"turns":7},{"damage":43,"enemies":"Gensokyo:Yukari","floor":16,"turns":7},{"damage":0,"enemies":"Gensokyo:2_Gloops","floor":18,"turns":4},{"damage":14,"enemies":"Gensokyo:AngelMirror","floor":19,"turns":3},{"damage":3,"enemies":"Gensokyo:Wraith","floor":22,"turns":4},{"damage":0,"enemies":"Gensokyo:Koishi","floor":23,"turns":4},{"damage":0,"enemies":"Gensokyo:Swordslinger","floor":24,"turns":3},{"damage":7,"enemies":"Gensokyo:Tenshi","floor":27,"turns":2},{"damage":0,"enemies":"Gensokyo:Reisen","floor":30,"turns":5},{"damage":0,"enemies":"Gensokyo:Slime_Group","floor":31,"turns":2},{"damage":0,"enemies":"Gensokyo:Eternal_Rivals","floor":33,"turns":5},{"damage":0,"enemies":"Gensokyo:3_Boulders","floor":35,"turns":3},{"damage":0,"enemies":"Gensokyo:3_Bats","floor":37,"turns":3},{"damage":0,"enemies":"Gensokyo:Marisa","floor":40,"turns":3},{"damage":0,"enemies":"Gensokyo:Kasen","floor":44,"turns":4},{"damage":0,"enemies":"Gensokyo:AtlasGolem","floor":45,"turns":2},{"damage":0,"enemies":"Gensokyo:Doremy","floor":46,"turns":4},{"damage":0,"enemies":"Gensokyo:SeedOfUnknown","floor":47,"turns":4},{"damage":30,"enemies":"Gensokyo:Scarlet_Devils","floor":50,"turns":5},{"damage":0,"enemies":"Shield and Spear","floor":54,"turns":5},{"damage":0,"enemies":"The Heart","floor":55,"turns":6}],"seed_played":"-9191771888061321104","potions_obtained":[{"floor":14,"key":"Dexterity Potion"},{"floor":16,"key":"FearPotion"},{"floor":18,"key":"LifebloodPotion"},{"floor":24,"key":"LifebloodPotion"},{"floor":31,"key":"stsjorbsmod:BurningPotion"},{"floor":40,"key":"BlessingOfTheForge"},{"floor":44,"key":"LiquidBronze"},{"floor":46,"key":"PowerPotion"},{"floor":54,"key":"LiquidMemories"}],"is_trial":false,"path_per_floor":["M","?","M","M","?","R","?","COS","T","R","E","R","?","E","R_BF","B",null,"M","M","COS","?","M","E","M","R","T","E","$","R","E","M","R","B",null,"M","$","M","?","?","E","COS","?","T","E","M","E","M","?","R_BF","B",null,"R","$","E","B",null],"character_chosen":"WANDERER","items_purchased":["StuffTheSpire:OldFever","stsjorbsmod:MagicMissiles","stsjorbsmod:FindFamiliar","Replay:Wax Seal","stsjorbsmod:ScorchingRay","Replay:Baseball","stsjorbsmod:ArcaneWeapon","Art of War","Explosive Potion","ReplayTheSpireMod:CursedCoin","Incense Burner","hubris:MysteriousPyramids","Sadistic Nature","stsjorbsmod:Materialize","stsjorbsmod:Mindworm","Guardian:BottledAnomaly","Adrenaline Potion"],"campfire_rested":2,"item_purchase_floors":[0,0,0,0,0,0,0,0,0,28,28,28,28,28,36,36,53],"current_hp_per_floor":[49,26,28,28,28,48,48,48,48,48,45,45,45,51,51,39,62,63,51,51,21,18,18,18,18,18,11,11,32,32,32,32,32,61,61,61,61,61,68,68,68,46,46,46,46,46,46,46,46,16,57,57,57,57,57],"gold":102,"neow_bonus":"","is_daily":false,"chose_seed":false,"campfire_upgraded":3,"win_rate":0.0,"timestamp":1609339035,"path_taken":["M","?","?","?","?","R","?","COS","T","R","E","R","?","E","R_BF","BOSS","M","M","COS","?","M","E","?","R","T","E","$","R","E","M","R","BOSS","M","$","M","?","?","E","COS","?","T","E","M","E","?","?","R_BF","BOSS","R","$","E","BOSS"],"items_purchased_type":["Relic","Card","Card","Relic","Card","Relic","Card","Relic","Potion","Relic","Relic","Relic","Card","Card","Card","Relic","Potion"],"build_version":"2020-12-22","purchased_purges":3,"victory":true,"max_hp_per_floor":[68,68,68,68,68,68,68,68,68,68,68,68,68,70,70,70,70,70,70,70,70,70,70,70,70,70,70,70,70,70,70,70,70,70,70,70,70,70,70,70,70,70,70,70,70,70,70,70,70,70,70,70,70,70,74],"card_choices":[{"not_picked":["stsjorbsmod:FlameWard","stsjorbsmod:Materialize"],"picked":"stsjorbsmod:Counterspell","floor":1},{"not_picked":["stsjorbsmod:Materialize","stsjorbsmod:DisguiseSelf","stsjorbsmod:BlackTentacles"],"picked":"SKIP","floor":3},{"not_picked":["stsjorbsmod:Firebolt","stsjorbsmod:MagicMissiles"],"picked":"stsjorbsmod:SmithingStrike","floor":4},{"not_picked":["StuffTheSpire:Rapture","StuffTheSpire:Vigor"],"picked":"StuffTheSpire:Perfection","floor":7},{"not_picked":["stsjorbsmod:Mania","stsjorbsmod:FranticSearch"],"picked":"stsjorbsmod:MistyStep","floor":11},{"not_picked":["stsjorbsmod:ThirstingSword","stsjorbsmod:FracturedMind"],"picked":"stsjorbsmod:Inferno","floor":14},{"not_picked":["stsjorbsmod:PurgeMind","stsjorbsmod:Rediscovery"],"picked":"stsjorbsmod:Withdraw","floor":16},{"not_picked":["stsjorbsmod:FracturedMind","stsjorbsmod:Materialize"],"picked":"stsjorbsmod:OldPocket","floor":18},{"not_picked":["stsjorbsmod:DisguiseSelf","stsjorbsmod:Prestidigitation+1"],"picked":"stsjorbsmod:MagicMissiles","floor":19},{"not_picked":["stsjorbsmod:ArcaneWeapon+1","stsjorbsmod:FindFamiliar"],"picked":"stsjorbsmod:FranticSearch+1","floor":22},{"not_picked":["stsjorbsmod:Prepare","stsjorbsmod:Firebolt","stsjorbsmod:Message"],"picked":"SKIP","floor":23},{"not_picked":["stsjorbsmod:Prepare","stsjorbsmod:Index","stsjorbsmod:ChainLightning+1"],"picked":"SKIP","floor":24},{"not_picked":["stsjorbsmod:Message+1","stsjorbsmod:FlameWard"],"picked":"stsjorbsmod:ArcaneForm","floor":27},{"not_picked":["stsjorbsmod:Introspection","stsjorbsmod:FracturedMind+1","stsjorbsmod:BurningFlask+1"],"picked":"SKIP","floor":30},{"not_picked":["stsjorbsmod:Firebolt","stsjorbsmod:RefuseToForget"],"picked":"stsjorbsmod:MistyStep","floor":31},{"not_picked":["stsjorbsmod:Pyromancy","stsjorbsmod:Determination"],"picked":"stsjorbsmod:Withdraw","floor":33},{"not_picked":["stsjorbsmod:Channel+1","stsjorbsmod:Index"],"picked":"stsjorbsmod:LocateObject","floor":35},{"not_picked":["stsjorbsmod:ChainLightning","stsjorbsmod:MistyStep+1"],"picked":"stsjorbsmod:Stalwart","floor":37},{"not_picked":["stsjorbsmod:Hibernate","stsjorbsmod:Message+1"],"picked":"stsjorbsmod:ArcaneWeapon","floor":40},{"not_picked":["stsjorbsmod:BookOfTongues","stsjorbsmod:FracturedMind+1","stsjorbsmod:TollTheDead+1"],"picked":"SKIP","floor":44},{"not_picked":["DDmod:PotionAddictCard+1","Replay:Sssssssssshield+1","Replay:SS_forest_2+1"],"picked":"SKIP","floor":45},{"not_picked":["stsjorbsmod:RefuseToForget+1","stsjorbsmod:Materialize+1","stsjorbsmod:ChatteringStrike+1"],"picked":"SKIP","floor":45},{"not_picked":["StuffTheSpire:PlasmaPulse+1","Panacea+1"],"picked":"expansioncontent:DefensiveMode+1","floor":46},{"not_picked":["stsjorbsmod:Prepare+1","stsjorbsmod:ScorchingRay+1","stsjorbsmod:Hibernate"],"picked":"SKIP","floor":46},{"not_picked":["expansioncontent:DefensiveMode+1","Flash of Steel+1"],"picked":"Dramatic Entrance+1","floor":47},{"not_picked":["stsjorbsmod:Materialize","stsjorbsmod:Introspection+1","stsjorbsmod:Channel"],"picked":"SKIP","floor":47},{"not_picked":["stsjorbsmod:FindFamiliar","stsjorbsmod:MagicMirror+1"],"picked":"stsjorbsmod:WanderingMind+1","floor":54}],"player_experience":1050622,"relics_obtained":[{"floor":9,"key":"aspiration:HatOfInfinitePower"},{"floor":11,"key":"hubris:BundleOfHerbs"},{"floor":14,"key":"Lantern"},{"floor":15,"key":"hubris:Metronome"},{"floor":23,"key":"Replay:Rubber Ducky"},{"floor":27,"key":"aspiration:AnachronicSnailShell"},{"floor":30,"key":"Omamori"},{"floor":40,"key":"ReplayTheSpireMod:Lightbulb"},{"floor":43,"key":"Grinning Jar"},{"floor":44,"key":"CCEMRelics:FestiveHat"},{"floor":46,"key":"CCEMRelics:WhiteRose"},{"floor":54,"key":"hubris:SlimyHat"}],"event_choices":[{"damage_healed":0,"gold_gain":114,"player_choice":"GO RE ","damage_taken":26,"relics_obtained":["Blue Doll"],"max_hp_gain":0,"max_hp_loss":0,"event_name":"betterSkull:BetterSkull","floor":2,"gold_loss":0,"cards_upgraded":[]},{"damage_healed":0,"gold_gain":226,"player_choice":"GO GO UP ","damage_taken":34,"relics_obtained":[],"max_hp_gain":0,"max_hp_loss":0,"event_name":"betterSkull:BetterSkull","floor":21,"gold_loss":0,"cards_upgraded":["stsjorbsmod:Defend_Wanderer"]},{"damage_healed":0,"gold_gain":109,"player_choice":"GO RE ","damage_taken":25,"relics_obtained":["Centennial Puzzle"],"max_hp_gain":0,"max_hp_loss":0,"event_name":"betterSkull:BetterSkull","floor":42,"gold_loss":0,"cards_upgraded":[]}],"is_beta":false,"boss_relics":[{"not_picked":["aspiration:FutureDiary","hubris:CrackedHourglass"],"picked":"Runic Pyramid"},{"not_picked":["Runesmith:UraniumAnvil","conspire:SlowCooker"],"picked":"aspiration:MobileForge"}],"items_purged_floors":[0,28,53],"is_endless":false,"potions_floor_spawned":[14,16,18,22,24,31,40,44,46,54],"ascension_level":9}}