{"host":"8qb550oiisecbnz6","time":1609372654,"event":{"mods":["AchievementEnabler","BaseMod","Colored Map","Colored Powertips","Minty Spire (QoL Compilation)","Quick Restart","StSLib"],"gold_per_floor":[116,116,41,41,6,6,36,54,81,101,111,111,111,141,141,238,238,249,93,107,22,121,121,121],"floor_reached":23,"playtime":941,"items_purged":["Dualcast"],"score":300,"play_id":"09944018-a165-497a-9397-fafdcf1a2f52","local_time":"20201231005734","is_ascension_mode":true,"campfire_choices":[{"data":"Loop","floor":6,"key":"SMITH"},{"data":"Conserve Battery","floor":12,"key":"SMITH"},{"data":"Scrape","floor":15,"key":"SMITH"}],"circlet_count":0,"master_deck":["Strike_B","Strike_B","Strike_B+1","Strike_B+1","Defend_B","Defend_B","Defend_B","Defend_B","Zap+1","Loop+1","Rebound+1","Conserve Battery+1","Ball Lightning","Barrage","Scrape+1","Echo Form"],"relics":["Cracked Core","NeowsBlessing","Sundial","White Beast Statue","Whetstone","Art of War","Runic Pyramid","Blood Vial","Unceasing Top"],"acts_visited":["Exordium","TheCity"],"potions_floor_usage":[11,14,16,16,23,23],"damage_taken":[{"damage":0,"enemies":"Small Slimes","floor":1,"turns":1},{"damage":0,"enemies":"Lagavulin","floor":7,"turns":1},{"damage":0,"enemies":"2 Louse","floor":8,"turns":1},{"damage":0,"enemies":"Jaw Worm","floor":10,"turns":2},{"damage":7,"enemies":"2 Fungi Beasts","floor":11,"turns":3},{"damage":10,"enemies":"3 Sentries","floor":14,"turns":5},{"damage":41,"enemies":"Hexaghost","floor":16,"turns":9},{"damage":13,"enemies":"Spheric Guardian","floor":18,"turns":4},{"damage":34,"enemies":"2 Thieves","floor":20,"turns":3},{"damage":22,"enemies":"Slavers","floor":23,"turns":3}],"seed_played":"2239459759413541118","potions_obtained":[{"floor":1,"key":"PowerPotion"},{"floor":8,"key":"Fruit Juice"},{"floor":10,"key":"PotionOfCapacity"},{"floor":11,"key":"Ancient Potion"},{"floor":14,"key":"PotionOfCapacity"},{"floor":16,"key":"SkillPotion"},{"floor":20,"key":"Ancient Potion"}],"is_trial":false,"path_per_floor":["M","?","$","?","?","R","E","M","T","M","M","R","?","E","R","B",null,"M","$","M","?","?","E"],"character_chosen":"DEFECT","items_purchased":["Blood Vial"],"campfire_rested":0,"item_purchase_floors":[19],"current_hp_per_floor":[68,65,65,50,68,68,68,68,68,68,66,66,71,61,61,20,69,56,56,24,24,24,4,4],"gold":121,"neow_bonus":"THREE_ENEMY_KILL","is_daily":false,"chose_seed":false,"campfire_upgraded":3,"win_rate":0.0,"timestamp":1609372654,"path_taken":["M","?","$","?","?","R","E","?","T","M","M","R","?","E","R","BOSS","M","$","M","?","?","E"],"items_purchased_type":["Relic"],"build_version":"2020-12-22","purchased_purges":1,"victory":false,"max_hp_per_floor":[75,75,75,75,75,75,75,75,75,75,80,80,85,85,85,85,85,85,85,85,85,85,85,85],"card_choices":[{"not_picked":["Consume","Fusion"],"picked":"Loop","floor":1},{"not_picked":["Streamline","Recycle"],"picked":"Rebound","floor":7},{"not_picked":["Redo","Hello World"],"picked":"Conserve Battery","floor":8},{"not_picked":["Sweeping Beam","Genetic Algorithm"],"picked":"Ball Lightning","floor":10},{"not_picked":["Rebound","Auto Shields"],"picked":"Barrage","floor":11},{"not_picked":["Glacier","Gash"],"picked":"Scrape","floor":14},{"not_picked":["Meteor Strike","All For One"],"picked":"Echo Form","floor":16},{"not_picked":["Coolheaded+1","Redo","Conserve Battery"],"picked":"SKIP","floor":18},{"not_picked":["Cold Snap","FTL","Turbo"],"picked":"SKIP","floor":20}],"player_experience":435389,"relics_obtained":[{"floor":7,"key":"White Beast Statue"},{"floor":9,"key":"Whetstone"},{"floor":14,"key":"Art of War"}],"event_choices":[{"damage_healed":0,"gold_gain":0,"player_choice":"Success","damage_taken":3,"relics_obtained":["Sundial"],"max_hp_gain":0,"max_hp_loss":0,"event_name":"Scrap Ooze","floor":2,"gold_loss":0},{"damage_healed":0,"gold_gain":0,"player_choice":"Entered Light","damage_taken":15,"max_hp_gain":0,"max_hp_loss":0,"event_name":"Shining Light","floor":4,"gold_loss":0,"cards_upgraded":["Strike_B","Zap"]},{"damage_healed":18,"gold_gain":0,"player_choice":"Healed","damage_taken":0,"max_hp_gain":0,"max_hp_loss":0,"event_name":"The Cleric","floor":5,"gold_loss":35},{"damage_healed":0,"gold_gain":0,"player_choice":"Donut","damage_taken":0,"max_hp_gain":5,"max_hp_loss":0,"event_name":"Big Fish","floor":13,"gold_loss":0},{"damage_healed":0,"gold_gain":0,"player_choice":"Obtained Relic","damage_taken":0,"relics_obtained":["Unceasing Top"],"max_hp_gain":0,"max_hp_loss":0,"event_name":"Addict","floor":21,"gold_loss":85},{"damage_healed":0,"gold_gain":99,"player_choice":"Stole From Cult","damage_taken":0,"max_hp_gain":0,"max_hp_loss":0,"event_name":"Nest","floor":22,"gold_loss":0}],"is_beta":false,"boss_relics":[{"not_picked":["SlaversCollar","Pandora\u0027s Box"],"picked":"Runic Pyramid"}],"items_purged_floors":[3],"is_endless":false,"potions_floor_spawned":[1,8,10,11,14,16,18,20],"killed_by":"Slavers","ascension_level":7}}