{"host":"15dd7v8o90xso62x","time":1609372786,"event":{"mods":["BaseMod","Minty Spire (QoL Compilation)","Quick Restart","StSLib","SuperFastMode"],"gold_per_floor":[115,40,40,58,73,107,107,126,126,126,184,164,197,28,28,102,102,116,132,152,152,169,169,195,195,195,120,120,136,166,181,181,258,258,273,298,298,318,331,331,358,370,382,394,182,197,209,41,41,41,41,41],"floor_reached":51,"playtime":1470,"items_purged":["Decay","Defend_R"],"score":1375,"play_id":"5062455c-9bda-4f25-b1a4-8cdb4fdaccd1","local_time":"20201231085946","is_ascension_mode":true,"campfire_choices":[{"data":"Perfected Strike","floor":7.0,"key":"SMITH"},{"data":"Perfected Strike","floor":10.0,"key":"SMITH"},{"data":"Perfected Strike","floor":15.0,"key":"SMITH"},{"data":"Dark Embrace","floor":23.0,"key":"SMITH"},{"data":"Corruption","floor":25.0,"key":"SMITH"},{"data":"Double Tap","floor":28.0,"key":"SMITH"},{"data":"Perfected Strike","floor":32.0,"key":"SMITH"},{"data":"Dual Wield","floor":40.0,"key":"SMITH"},{"data":"Pommel Strike","floor":42.0,"key":"SMITH"},{"data":"Pommel Strike","floor":44.0,"key":"SMITH"},{"data":"Pommel Strike","floor":49.0,"key":"SMITH"}],"circlet_count":0,"master_deck":["AscendersBane","Strike_R","Strike_R","Strike_R","Strike_R","Bash","Twin Strike","Dual Wield+1","Perfected Strike+1","Perfected Strike+1","Pommel Strike+1","Rage","Perfected Strike+1","Corruption+1","Double Tap+1","Wild Strike","Dark Embrace+1","Pommel Strike+1","Shrug It Off","Second Wind+1","Twin Strike","Perfected Strike+1","Perfected Strike+1","Pommel Strike+1","Wild Strike","Evolve+1","Battle Trance","Perfected Strike+1"],"relics":["Burning Blood","Du-Vu Doll","StrikeDummy","Meat on the Bone","Mummified Hand","Medical Kit","Mark of Pain","Omamori","Pantograph","Lantern","Empty Cage","Unceasing Top","MawBank","Frozen Egg 2","DollysMirror"],"acts_visited":["Exordium","TheCity","TheBeyond"],"potions_floor_usage":[],"damage_taken":[{"damage":4.0,"enemies":"Small Slimes","floor":1.0,"turns":4.0},{"damage":6.0,"enemies":"Cultist","floor":4.0,"turns":3.0},{"damage":3.0,"enemies":"2 Louse","floor":5.0,"turns":3.0},{"damage":39.0,"enemies":"Gremlin Nob","floor":6.0,"turns":4.0},{"damage":3.0,"enemies":"Blue Slaver","floor":8.0,"turns":2.0},{"damage":12.0,"enemies":"3 Sentries","floor":11.0,"turns":5.0},{"damage":5.0,"enemies":"3 Sentries","floor":13.0,"turns":4.0},{"damage":36.0,"enemies":"Hexaghost","floor":16.0,"turns":6.0},{"damage":0.0,"enemies":"Shell Parasite","floor":18.0,"turns":1.0},{"damage":0.0,"enemies":"Chosen","floor":19.0,"turns":2.0},{"damage":6.0,"enemies":"Shelled Parasite and Fungi","floor":20.0,"turns":2.0},{"damage":26.0,"enemies":"3 Cultists","floor":22.0,"turns":5.0},{"damage":22.0,"enemies":"Slavers","floor":24.0,"turns":4.0},{"damage":15.0,"enemies":"Snake Plant","floor":29.0,"turns":3.0},{"damage":16.0,"enemies":"Book of Stabbing","floor":30.0,"turns":3.0},{"damage":9.0,"enemies":"Centurion and Healer","floor":31.0,"turns":7.0},{"damage":32.0,"enemies":"Automaton","floor":33.0,"turns":5.0},{"damage":43.0,"enemies":"3 Darklings","floor":35.0,"turns":4.0},{"damage":0.0,"enemies":"Mind Bloom Boss Battle","floor":36.0,"turns":2.0},{"damage":0.0,"enemies":"Orb Walker","floor":38.0,"turns":1.0},{"damage":3.0,"enemies":"3 Darklings","floor":39.0,"turns":2.0},{"damage":18.0,"enemies":"Reptomancer","floor":41.0,"turns":3.0},{"damage":14.0,"enemies":"4 Shapes","floor":46.0,"turns":2.0},{"damage":0.0,"enemies":"Transient","floor":47.0,"turns":6.0},{"damage":74.0,"enemies":"Donu and Deca","floor":50.0,"turns":6.0},{"damage":49,"enemies":"Time Eater","floor":51,"turns":3}],"seed_played":"6158232128993163436","potions_obtained":[{"floor":1.0,"key":"Ancient Potion"},{"floor":6.0,"key":"BlessingOfTheForge"},{"floor":11.0,"key":"SteroidPotion"},{"floor":12.0,"key":"SteroidPotion"},{"floor":13.0,"key":"Explosive Potion"},{"floor":16.0,"key":"SteroidPotion"},{"floor":18.0,"key":"FearPotion"},{"floor":20.0,"key":"Ancient Potion"},{"floor":36.0,"key":"GamblersBrew"},{"floor":38.0,"key":"Block Potion"}],"is_trial":false,"path_per_floor":["M","?","?","M","M","E","R","M","T","R","?","?","E","$","R","B",null,"M","M","M","?","M","R","E","R","T","$","R","M","E","M","R","B",null,"M","?","?","M","M","R","E","R","T","R","$","M","M","$","R","B","B"],"character_chosen":"IRONCLAD","items_purchased":["Medical Kit","Evolve+1","Battle Trance","DollysMirror"],"campfire_rested":0,"item_purchase_floors":[14,45,45,48],"current_hp_per_floor":[70,70,70,70,73,40,40,43,43,43,37,37,50,50,50,32,64,70,75,75,75,55,55,51,51,51,51,51,54,44,53,53,49,69,44,75,75,75,75,75,63,63,63,63,63,55,61,61,61,19,0,0],"gold":41,"neow_bonus":"TRANSFORM_CARD","is_daily":false,"chose_seed":false,"campfire_upgraded":11,"win_rate":0.0,"timestamp":1609372786,"path_taken":["M","?","?","M","M","E","R","M","T","R","?","?","E","$","R","BOSS","M","M","M","?","M","R","E","R","T","$","R","?","E","M","R","BOSS","M","?","?","M","M","R","E","R","T","R","?","M","M","$","R","BOSS","BOSS"],"items_purchased_type":["Relic","Card","Card","Relic"],"build_version":"2020-12-22","purchased_purges":2,"victory":false,"max_hp_per_floor":[75,75,75,75,75,75,75,75,75,75,75,75,75,75,75,75,75,75,75,75,75,75,75,75,75,75,75,75,75,75,75,75,75,75,75,75,75,75,75,75,75,75,75,75,75,75,75,75,75,75,75,75],"card_choices":[{"not_picked":["Metallicize","Burning Pact"],"picked":"Dual Wield","floor":1.0},{"not_picked":["Body Slam","Shockwave"],"picked":"Perfected Strike","floor":4.0},{"not_picked":["Combust","True Grit"],"picked":"Perfected Strike","floor":5.0},{"not_picked":["Carnage","Cleave"],"picked":"Pommel Strike","floor":6.0},{"not_picked":["Warcry","Whirlwind"],"picked":"Rage","floor":8.0},{"not_picked":["Headbutt","Clothesline"],"picked":"Perfected Strike","floor":11.0},{"not_picked":["Inflame","Anger"],"picked":"Corruption","floor":13.0},{"not_picked":["Berserk","Fiend Fire"],"picked":"Double Tap","floor":16.0},{"not_picked":["Rage","Iron Wave"],"picked":"Wild Strike","floor":18.0},{"not_picked":["Second Wind","Heavy Blade"],"picked":"Dark Embrace","floor":19.0},{"not_picked":["Heavy Blade","Wild Strike"],"picked":"Pommel Strike","floor":20.0},{"not_picked":["Sever Soul","Dark Embrace"],"picked":"Shrug It Off","floor":22.0},{"not_picked":["Searing Blow","Burning Pact"],"picked":"Second Wind+1","floor":24.0},{"not_picked":["Blood for Blood+1","Hemokinesis","Sword Boomerang"],"picked":"SKIP","floor":29.0},{"not_picked":["Fire Breathing","Sword Boomerang"],"picked":"Twin Strike","floor":30.0},{"not_picked":["Seeing Red","Sever Soul"],"picked":"Perfected Strike","floor":31.0},{"not_picked":["Brutality","Berserk"],"picked":"Exhume","floor":33.0},{"not_picked":["Iron Wave","Combust"],"picked":"Perfected Strike+1","floor":35.0},{"not_picked":["Thunderclap+1","Spot Weakness"],"picked":"Pommel Strike","floor":38.0},{"not_picked":["Entrench","Flex","Reckless Charge"],"picked":"SKIP","floor":39.0},{"not_picked":["Brutality","Carnage+1"],"picked":"Wild Strike","floor":41.0},{"not_picked":["Anger+1","Combust+1","Ghostly Armor"],"picked":"SKIP","floor":46.0},{"not_picked":["Heavy Blade","Thunderclap+1","Clash"],"picked":"SKIP","floor":47.0}],"player_experience":970865,"relics_obtained":[{"floor":6.0,"key":"Du-Vu Doll"},{"floor":9.0,"key":"StrikeDummy"},{"floor":11.0,"key":"Meat on the Bone"},{"floor":13.0,"key":"Mummified Hand"},{"floor":24.0,"key":"Omamori"},{"floor":26.0,"key":"Pantograph"},{"floor":30.0,"key":"Lantern"},{"floor":36.0,"key":"Unceasing Top"},{"floor":41.0,"key":"MawBank"},{"floor":43.0,"key":"Frozen Egg 2"}],"event_choices":[{"cards_removed":["Defend_R"],"damage_healed":0.0,"max_hp_gain":0.0,"max_hp_loss":0.0,"gold_gain":0.0,"event_name":"The Cleric","player_choice":"Card Removal","floor":2.0,"gold_loss":75.0,"damage_taken":0.0},{"damage_healed":0.0,"max_hp_gain":0.0,"max_hp_loss":0.0,"gold_gain":0.0,"event_name":"Liars Game","player_choice":"Ignored","floor":3.0,"gold_loss":0.0,"damage_taken":0.0},{"damage_healed":0.0,"max_hp_gain":0.0,"max_hp_loss":0.0,"gold_gain":0.0,"event_name":"Dead Adventurer","player_choice":"Searched \u00271\u0027 times","floor":11.0,"gold_loss":0.0,"damage_taken":0.0},{"damage_healed":0.0,"max_hp_gain":0.0,"max_hp_loss":0.0,"gold_gain":0.0,"event_name":"The Woman in Blue","player_choice":"Bought 1 Potion","floor":12.0,"gold_loss":0.0,"damage_taken":0.0},{"damage_healed":0.0,"max_hp_gain":0.0,"max_hp_loss":0.0,"gold_gain":0.0,"event_name":"Wheel of Change","player_choice":"Cursed","floor":21.0,"gold_loss":0.0,"damage_taken":0.0,"cards_obtained":["Decay"]},{"damage_healed":0.0,"max_hp_gain":0.0,"max_hp_loss":0.0,"gold_gain":0.0,"event_name":"MindBloom","player_choice":"Fight","floor":36.0,"gold_loss":0.0,"damage_taken":0.0},{"cards_removed":["Exhume"],"damage_healed":0.0,"max_hp_gain":0.0,"max_hp_loss":0.0,"gold_gain":0.0,"event_name":"Falling","player_choice":"Removed Skill","floor":37.0,"gold_loss":0.0,"damage_taken":0.0}],"is_beta":false,"boss_relics":[{"not_picked":["SlaversCollar","Busted Crown"],"picked":"Mark of Pain"},{"not_picked":["Tiny House","Astrolabe"],"picked":"Empty Cage"}],"items_purged_floors":[27,45],"is_endless":false,"potions_floor_spawned":[1,6,11,13,16,18,20,29,30,31,36,38],"killed_by":"Time Eater","ascension_level":20}}