{"host":"vumwfieg2b2mnrfl","time":1609293721,"event":{"mods":["AchievementEnabler","BaseMod","Minty Spire (QoL Compilation)","Rare Cards Sparkle","Relic Stats"],"gold_per_floor":[117,117,127,277,294,294,328,328,328,328,363,374,374,374,374,374,374],"floor_reached":16,"playtime":406,"items_purged":[],"score":189,"play_id":"14885bf3-f5f6-4ea9-854b-90a657310b79","local_time":"20201229200201","is_ascension_mode":true,"campfire_choices":[{"data":"Clothesline","floor":6,"key":"SMITH"},{"data":"Headbutt","floor":8,"key":"SMITH"},{"data":"Cleave","floor":10,"key":"SMITH"},{"floor":15,"key":"REST"}],"circlet_count":0,"master_deck":["AscendersBane","Strike_R+1","Strike_R","Strike_R","Strike_R+1","Strike_R","Defend_R","Defend_R","Defend_R","Defend_R","Bash+1","Cleave+1","Clothesline+1","Doubt","Headbutt+1","Inflame","Entrench"],"relics":["Burning Blood","HornCleat","Art of War","Blood Vial","Nunchaku"],"acts_visited":["Exordium"],"potions_floor_usage":[7,7],"damage_taken":[{"damage":3,"enemies":"2 Louse","floor":1,"turns":4},{"damage":0,"enemies":"Cultist","floor":3,"turns":3},{"damage":12,"enemies":"Jaw Worm","floor":5,"turns":4},{"damage":17,"enemies":"3 Sentries","floor":7,"turns":8},{"damage":20,"enemies":"Lagavulin","floor":11,"turns":6},{"damage":11,"enemies":"2 Fungi Beasts","floor":12,"turns":4},{"damage":43,"enemies":"Slime Boss","floor":16,"turns":5}],"seed_played":"-5606320477163621327","potions_obtained":[{"floor":5,"key":"EntropicBrew"}],"is_trial":false,"path_per_floor":["M","?","M","?","M","R","E","R","T","R","E","M","?","?","R","B"],"character_chosen":"IRONCLAD","items_purchased":[],"campfire_rested":1,"item_purchase_floors":[],"current_hp_per_floor":[71,71,75,75,69,69,58,58,58,58,44,41,36,13,35,0,0],"gold":374,"neow_bonus":"THREE_CARDS","is_daily":false,"chose_seed":false,"campfire_upgraded":3,"win_rate":0.0,"timestamp":1609293721,"path_taken":["M","?","?","?","M","R","E","R","T","R","E","M","?","?","R","BOSS"],"items_purchased_type":[],"build_version":"2020-12-22","purchased_purges":0,"victory":false,"max_hp_per_floor":[75,75,75,75,75,75,75,75,75,75,75,75,75,75,75,75,75],"relic_stats":{"Blood Vial":4,"Nunchaku":[0],"counters":[7,34],"Art of War":[2],"obtain_stats":[{"Blood Vial":11,"Nunchaku":13,"HornCleat":7,"Art of War":9,"Burning Blood":0},{"Blood Vial":5,"Nunchaku":6,"HornCleat":4,"Art of War":4,"Burning Blood":0},{"Blood Vial":25,"Nunchaku":29,"HornCleat":19,"Art of War":19,"Burning Blood":0}],"Burning Blood":34},"card_choices":[{"not_picked":["Pommel Strike","Twin Strike"],"picked":"Cleave","floor":0},{"not_picked":["Pommel Strike","Disarm"],"picked":"Clothesline","floor":1},{"not_picked":["Twin Strike","Clash","Perfected Strike"],"picked":"SKIP","floor":3},{"not_picked":["Blood for Blood","Heavy Blade"],"picked":"Headbutt","floor":5},{"not_picked":["Searing Blow","Intimidate","Rupture"],"picked":"SKIP","floor":7},{"not_picked":["Body Slam","Fiend Fire"],"picked":"Inflame","floor":11},{"not_picked":["Havoc","Wild Strike"],"picked":"Entrench","floor":12}],"player_experience":329002,"relics_obtained":[{"floor":7,"key":"HornCleat"},{"floor":9,"key":"Art of War"},{"floor":11,"key":"Blood Vial"}],"event_choices":[{"damage_healed":0,"gold_gain":0,"player_choice":"Upgraded","damage_taken":0,"max_hp_gain":0,"max_hp_loss":0,"event_name":"Upgrade Shrine","floor":2,"gold_loss":0,"cards_upgraded":["Bash"]},{"damage_healed":0,"gold_gain":150,"player_choice":"AGREE","damage_taken":0,"max_hp_gain":0,"max_hp_loss":0,"event_name":"Liars Game","floor":4,"gold_loss":0,"cards_obtained":["Doubt"]},{"damage_healed":0,"gold_gain":0,"player_choice":"Success","damage_taken":5,"relics_obtained":["Nunchaku"],"max_hp_gain":0,"max_hp_loss":0,"event_name":"Scrap Ooze","floor":13,"gold_loss":0},{"damage_healed":0,"gold_gain":0,"player_choice":"Entered Light","damage_taken":23,"max_hp_gain":0,"max_hp_loss":0,"event_name":"Shining Light","floor":14,"gold_loss":0,"cards_upgraded":["Strike_R","Strike_R"]}],"is_beta":false,"boss_relics":[],"items_purged_floors":[],"is_endless":false,"potions_floor_spawned":[5],"killed_by":"Slime Boss","ascension_level":15}}