{"host":"jn2qdns2nxijvlnt","time":1609295067,"event":{"mods":["BaseMod","Minty Spire (QoL Compilation)","Quick Restart"],"gold_per_floor":[111,6,6,77,2,2,46,46,46,81,81,94,107,121,121,214,214,228,253,271,287,20,20,60,60,85,106,0,0,36,59,59,59,59],"floor_reached":33,"playtime":1987,"items_purged":["Injury"],"score":590,"play_id":"9f0ce02e-9c60-4a3a-aad1-2092ac1e810b","local_time":"20201229212427","is_ascension_mode":true,"campfire_choices":[{"data":"Perfected Strike","floor":6.0,"key":"SMITH"},{"floor":8.0,"key":"REST"},{"floor":11.0,"key":"REST"},{"floor":15.0,"key":"REST"},{"floor":23.0,"key":"REST"},{"floor":25.0,"key":"REST"},{"floor":29.0,"key":"REST"},{"floor":32.0,"key":"REST"}],"circlet_count":0,"master_deck":["AscendersBane","Strike_R","Strike_R","Strike_R","Strike_R","Strike_R","Defend_R","Defend_R","Defend_R","Defend_R","Bash","Trip","Heavy Blade","Inflame","Perfected Strike+1","Barricade","Armaments+1","Perfected Strike","Pommel Strike","Offering+1","Perfected Strike"],"relics":["Burning Blood","Golden Idol","Eternal Feather","Bottled Lightning","Toxic Egg 2","Fusion Hammer","Singing Bowl","Ornamental Fan","Boot","FossilizedHelix"],"acts_visited":["Exordium","TheCity"],"potions_floor_usage":[],"damage_taken":[{"damage":7.0,"enemies":"Small Slimes","floor":1.0,"turns":3.0},{"damage":14.0,"enemies":"Gremlin Nob","floor":7.0,"turns":3.0},{"damage":40.0,"enemies":"Lagavulin","floor":10.0,"turns":4.0},{"damage":12.0,"enemies":"2 Louse","floor":12.0,"turns":3.0},{"damage":0.0,"enemies":"Jaw Worm","floor":13.0,"turns":1.0},{"damage":30.0,"enemies":"Gremlin Gang","floor":14.0,"turns":4.0},{"damage":42.0,"enemies":"The Guardian","floor":16.0,"turns":9.0},{"damage":27.0,"enemies":"Shell Parasite","floor":18.0,"turns":3.0},{"damage":20.0,"enemies":"2 Thieves","floor":19.0,"turns":3.0},{"damage":0.0,"enemies":"Snake Plant","floor":20.0,"turns":2.0},{"damage":24.0,"enemies":"3 Cultists","floor":21.0,"turns":4.0},{"damage":19.0,"enemies":"Slavers","floor":24.0,"turns":3.0},{"damage":17.0,"enemies":"Centurion and Healer","floor":27.0,"turns":4.0},{"damage":24.0,"enemies":"Gremlin Leader","floor":30.0,"turns":3.0},{"damage":6.0,"enemies":"Cultist and Chosen","floor":31.0,"turns":4.0},{"damage":82,"enemies":"Automaton","floor":33,"turns":8}],"seed_played":"225181828968965399","potions_obtained":[{"floor":1.0,"key":"ColorlessPotion"},{"floor":7.0,"key":"Fire Potion"},{"floor":10.0,"key":"FearPotion"},{"floor":12.0,"key":"Fire Potion"},{"floor":18.0,"key":"Swift Potion"},{"floor":24.0,"key":"Block Potion"},{"floor":27.0,"key":"ColorlessPotion"}],"is_trial":false,"path_per_floor":["M","$","?","?","$","R","E","R","T","E","R","M","M","M","R","B",null,"M","M","M","M","$","R","E","R","T","M","?","R","E","M","R","B"],"character_chosen":"IRONCLAD","items_purchased":["Inflame","Perfected Strike","Singing Bowl"],"campfire_rested":7,"item_purchase_floors":[2,2,22],"current_hp_per_floor":[67,67,67,67,67,67,59,75,75,41,72,66,72,48,75,39,66,45,31,37,19,19,53,42,77,77,68,68,79,63,65,83,1,1],"gold":59,"neow_bonus":"RANDOM_COLORLESS","is_daily":false,"chose_seed":false,"campfire_upgraded":1,"win_rate":0.0,"timestamp":1609295067,"path_taken":["M","$","?","?","?","R","E","R","T","E","R","M","M","M","R","BOSS","M","?","M","M","$","R","E","R","T","M","?","R","E","M","R","BOSS"],"items_purchased_type":["Card","Card","Relic"],"build_version":"2020-12-22","purchased_purges":1,"victory":false,"max_hp_per_floor":[75,75,75,75,75,75,75,75,75,75,75,75,75,75,75,75,75,75,75,75,75,75,75,77,77,77,79,79,79,81,83,83,83,83],"card_choices":[{"not_picked":["Purity","Madness"],"picked":"Trip","floor":0.0},{"not_picked":["Cleave","True Grit"],"picked":"Heavy Blade","floor":1.0},{"not_picked":["Hemokinesis","Clothesline","Clash"],"picked":"SKIP","floor":7.0},{"not_picked":["Feel No Pain","Corruption"],"picked":"Barricade","floor":10.0},{"not_picked":["Clothesline","Twin Strike"],"picked":"Armaments+1","floor":12.0},{"not_picked":["Dark Embrace","Blood for Blood"],"picked":"Perfected Strike","floor":13.0},{"not_picked":["Twin Strike","Dark Embrace"],"picked":"Pommel Strike","floor":14.0},{"not_picked":["Brutality","Feed"],"picked":"Offering+1","floor":16.0},{"not_picked":["Metallicize","Havoc+1"],"picked":"Perfected Strike","floor":18.0},{"not_picked":["True Grit+1","Dual Wield+1","Whirlwind+1"],"picked":"SKIP","floor":19.0},{"not_picked":["Pummel","Thunderclap","True Grit+1"],"picked":"SKIP","floor":20.0},{"not_picked":["Dual Wield+1","Warcry+1","Pommel Strike"],"picked":"SKIP","floor":21.0},{"not_picked":["Shockwave+1","Rupture","Intimidate+1"],"picked":"Singing Bowl","floor":24.0},{"not_picked":["Whirlwind","Warcry+1","Pommel Strike"],"picked":"Singing Bowl","floor":27.0},{"not_picked":["Impervious+1","Searing Blow","Wild Strike"],"picked":"Singing Bowl","floor":30.0},{"not_picked":["Clothesline","Iron Wave","True Grit+1"],"picked":"Singing Bowl","floor":31.0}],"player_experience":443945,"relics_obtained":[{"floor":7.0,"key":"Eternal Feather"},{"floor":9.0,"key":"Bottled Lightning"},{"floor":10.0,"key":"Toxic Egg 2"},{"floor":24.0,"key":"Ornamental Fan"},{"floor":26.0,"key":"Boot"},{"floor":30.0,"key":"FossilizedHelix"}],"event_choices":[{"damage_healed":0.0,"max_hp_gain":0.0,"max_hp_loss":0.0,"gold_gain":0.0,"event_name":"Golden Idol","player_choice":"Take Wound","floor":3.0,"gold_loss":0.0,"damage_taken":0.0,"relics_obtained":["Golden Idol"],"cards_obtained":["Injury"]},{"damage_healed":0.0,"max_hp_gain":0.0,"max_hp_loss":0.0,"gold_gain":71.0,"event_name":"Golden Wing","player_choice":"Gained Gold","floor":4.0,"gold_loss":0.0,"damage_taken":0.0},{"damage_healed":0.0,"max_hp_gain":0.0,"max_hp_loss":0.0,"gold_gain":0.0,"event_name":"Masked Bandits","player_choice":"Paid Fearfully","floor":28.0,"gold_loss":106.0,"damage_taken":0.0}],"is_beta":false,"boss_relics":[{"not_picked":["Coffee Dripper","SlaversCollar"],"picked":"Fusion Hammer"}],"items_purged_floors":[5],"is_endless":false,"potions_floor_spawned":[1,7,10,12,18,24,27],"killed_by":"Automaton","ascension_level":20}}