{"host":"31s8hzukbhz1k6i6","time":1609353462,"event":{"mods":["AchievementEnabler","BaseMod","Bestiary","Colored Map","Filter the Spire","Minty Spire (QoL Compilation)","Relic Stats","UnlockEverythingMod","ojb\u0027s Info Mod"],"gold_per_floor":[116,191,209,222,242,242,267,285,310,310,338,338,438,470,470,575,575,594,612,626,237,247,280,280,314,340,340,356,356,375,375,375,479,479,495,495,495,495,495],"floor_reached":38,"playtime":1602,"items_purged":["Strike_B"],"score":651,"play_id":"2d97ea5b-05e7-4c3b-90e7-7c818b176aa6","local_time":"20201230103742","is_ascension_mode":true,"campfire_choices":[{"data":"Defragment","floor":6.0,"key":"SMITH"},{"floor":10.0,"key":"REST"},{"data":"Tempest","floor":12.0,"key":"SMITH"},{"floor":15.0,"key":"REST"},{"floor":24.0,"key":"REST"},{"data":"Multi-Cast","floor":27.0,"key":"SMITH"},{"data":"Seek","floor":29.0,"key":"SMITH"},{"data":"Defragment","floor":32.0,"key":"SMITH"}],"circlet_count":0,"master_deck":["AscendersBane","Strike_B","Strike_B","Defend_B","Defend_B","Defend_B","Zap","Dualcast","Ball Lightning","Tempest+1","Cold Snap","Defragment+1","BootSequence","Seek+1","Conserve Battery","Hologram","Defragment+1","Doom and Gloom","Recycle","Sweeping Beam","Multi-Cast+1","Shame","Coolheaded","Capacitor+1","Biased Cognition","Panacea"],"relics":["Cracked Core","Symbiotic Virus","Lantern","Bag of Marbles","DataDisk","Cursed Key","PreservedInsect","Centennial Puzzle","Happy Flower","Inserter"],"acts_visited":["Exordium","TheCity","TheBeyond"],"potions_floor_usage":[38],"damage_taken":[{"damage":3.0,"enemies":"2 Louse","floor":1.0,"turns":2.0},{"damage":1.0,"enemies":"Cultist","floor":3.0,"turns":3.0},{"damage":2.0,"enemies":"Jaw Worm","floor":4.0,"turns":3.0},{"damage":23.0,"enemies":"Gremlin Gang","floor":5.0,"turns":4.0},{"damage":13.0,"enemies":"3 Sentries","floor":7.0,"turns":5.0},{"damage":0.0,"enemies":"Large Slime","floor":8.0,"turns":4.0},{"damage":1.0,"enemies":"Lagavulin","floor":11.0,"turns":6.0},{"damage":6.0,"enemies":"3 Sentries","floor":14.0,"turns":5.0},{"damage":2.0,"enemies":"Slime Boss","floor":16.0,"turns":8.0},{"damage":24.0,"enemies":"3 Byrds","floor":18.0,"turns":3.0},{"damage":0.0,"enemies":"Chosen","floor":19.0,"turns":2.0},{"damage":7.0,"enemies":"Shelled Parasite and Fungi","floor":20.0,"turns":3.0},{"damage":16.0,"enemies":"Centurion and Healer","floor":22.0,"turns":4.0},{"damage":2.0,"enemies":"Slavers","floor":23.0,"turns":3.0},{"damage":14.0,"enemies":"Book of Stabbing","floor":25.0,"turns":5.0},{"damage":0.0,"enemies":"Chosen and Byrds","floor":28.0,"turns":5.0},{"damage":1.0,"enemies":"Snecko","floor":30.0,"turns":3.0},{"damage":22.0,"enemies":"Automaton","floor":33.0,"turns":7.0},{"damage":1,"enemies":"Orb Walker","floor":35,"turns":3},{"damage":56,"enemies":"2 Orb Walkers","floor":38,"turns":3}],"seed_played":"3070628988926739068","potions_obtained":[{"floor":3.0,"key":"EntropicBrew"},{"floor":4.0,"key":"LiquidBronze"},{"floor":5.0,"key":"GamblersBrew"},{"floor":8.0,"key":"SmokeBomb"},{"floor":16.0,"key":"EntropicBrew"},{"floor":19.0,"key":"EssenceOfDarkness"},{"floor":22.0,"key":"Swift Potion"},{"floor":28.0,"key":"EssenceOfSteel"},{"floor":33.0,"key":"LiquidBronze"},{"floor":35,"key":"SkillPotion"}],"is_trial":false,"path_per_floor":["M","?","M","M","M","R","E","M","T","R","E","R","?","E","R","B",null,"M","M","M","$","M","E","R","E","T","R","M","R","M","?","R","B",null,"M","?","?","?"],"character_chosen":"DEFECT","items_purchased":["PreservedInsect","Doom and Gloom","Recycle","FocusPotion"],"campfire_rested":3,"item_purchase_floors":[21,21,21,21],"current_hp_per_floor":[47,40,39,37,14,14,1,1,1,23,22,22,22,16,38,36,65,41,41,34,34,18,16,38,24,24,24,24,24,23,23,23,1,57,56,51,51,0,0],"gold":495,"neow_bonus":"REMOVE_TWO","is_daily":false,"chose_seed":false,"campfire_upgraded":5,"win_rate":0.0,"timestamp":1609353462,"path_taken":["M","?","?","M","M","R","E","M","T","R","E","R","?","E","R","BOSS","M","?","M","$","?","E","R","E","T","R","M","R","M","?","R","BOSS","M","?","?","?"],"items_purchased_type":["Relic","Card","Card","Potion"],"build_version":"2020-12-22","purchased_purges":1,"victory":false,"max_hp_per_floor":[75,75,75,75,75,75,75,75,75,75,75,75,75,75,75,75,75,75,75,75,75,75,75,75,75,75,75,75,75,75,75,75,75,75,75,75,75,75,75],"relic_stats":{"Centennial Puzzle":[15],"Inserter":[3],"Happy Flower":[7],"counters":[20,81],"PreservedInsect":84,"Cursed Key":1,"obtain_stats":[{"Lantern":9,"DataDisk":14,"Centennial Puzzle":23,"Inserter":34,"Happy Flower":25,"PreservedInsect":21,"Bag of Marbles":11,"Cracked Core":0,"Symbiotic Virus":7,"Cursed Key":17},{"Lantern":6,"DataDisk":8,"Centennial Puzzle":14,"Inserter":18,"Happy Flower":15,"PreservedInsect":12,"Bag of Marbles":7,"Cracked Core":0,"Symbiotic Virus":5,"Cursed Key":9},{"Lantern":21,"DataDisk":32,"Centennial Puzzle":55,"Inserter":75,"Happy Flower":60,"PreservedInsect":48,"Bag of Marbles":27,"Cracked Core":0,"Symbiotic Virus":17,"Cursed Key":40}]},"card_choices":[{"not_picked":["Beam Cell","Turbo"],"picked":"Ball Lightning","floor":1.0},{"not_picked":["Heatsinks","Loop"],"picked":"Tempest","floor":3.0},{"not_picked":["Skim","Recycle"],"picked":"Cold Snap","floor":4.0},{"not_picked":["Ball Lightning","Lockon"],"picked":"Defragment","floor":5.0},{"not_picked":["Turbo","Redo"],"picked":"BootSequence","floor":7.0},{"not_picked":["Stack","Hello World"],"picked":"Cold Snap","floor":8.0},{"not_picked":["Redo","Melter","Consume"],"picked":"SKIP","floor":11.0},{"not_picked":["Redo","Melter","Consume"],"picked":"SKIP","floor":11.0},{"not_picked":["Blizzard","Hyperbeam","Reprogram"],"picked":"SKIP","floor":14.0},{"not_picked":["Meteor Strike","Machine Learning"],"picked":"Seek","floor":16.0},{"not_picked":["Rebound","Genetic Algorithm"],"picked":"Conserve Battery","floor":18.0},{"not_picked":["Barrage","FTL"],"picked":"Hologram","floor":19.0},{"not_picked":["Redo","Sweeping Beam"],"picked":"Defragment","floor":20.0},{"not_picked":["Sweeping Beam","Leap","Beam Cell"],"picked":"SKIP","floor":22.0},{"not_picked":["Hyperbeam","Barrage"],"picked":"Sweeping Beam","floor":23.0},{"not_picked":["Compile Driver+1","Auto Shields"],"picked":"Multi-Cast","floor":25.0},{"not_picked":["Gash","Compile Driver"],"picked":"Coolheaded","floor":28.0},{"not_picked":["Rebound","Consume"],"picked":"Capacitor+1","floor":30.0},{"not_picked":["Buffer","Creative AI"],"picked":"Biased Cognition","floor":33.0},{"not_picked":["Compile Driver+1","BootSequence+1","Streamline"],"picked":"SKIP","floor":35},{"not_picked":["Bandage Up","Dark Shackles"],"picked":"Panacea","floor":36}],"player_experience":96265,"relics_obtained":[{"floor":7.0,"key":"Symbiotic Virus"},{"floor":9.0,"key":"Lantern"},{"floor":11.0,"key":"Bag of Marbles"},{"floor":14.0,"key":"DataDisk"},{"floor":23.0,"key":"Centennial Puzzle"},{"floor":25.0,"key":"Happy Flower"}],"event_choices":[{"damage_healed":0.0,"max_hp_gain":0.0,"max_hp_loss":0.0,"gold_gain":75.0,"event_name":"FaceTrader","player_choice":"Touch","floor":2.0,"gold_loss":0.0,"damage_taken":7.0},{"damage_healed":0.0,"max_hp_gain":0.0,"max_hp_loss":0.0,"gold_gain":100.0,"event_name":"Golden Shrine","player_choice":"Pray","floor":13.0,"gold_loss":0.0,"damage_taken":0.0},{"damage_healed":0.0,"max_hp_gain":0.0,"max_hp_loss":0.0,"gold_gain":0.0,"event_name":"Cursed Tome","player_choice":"Ignored","floor":31.0,"gold_loss":0.0,"damage_taken":0.0},{"damage_healed":0,"gold_gain":0,"player_choice":"Memory 2","damage_taken":5,"max_hp_gain":0,"max_hp_loss":0,"event_name":"SensoryStone","floor":36,"gold_loss":0},{"cards_removed":["Cold Snap"],"damage_healed":0,"gold_gain":0,"player_choice":"Removed Attack","damage_taken":0,"max_hp_gain":0,"max_hp_loss":0,"event_name":"Falling","floor":37,"gold_loss":0},{"damage_healed":0,"gold_gain":0,"player_choice":"Fight","damage_taken":0,"max_hp_gain":0,"max_hp_loss":0,"event_name":"Mysterious Sphere","floor":38,"gold_loss":0}],"is_beta":false,"boss_relics":[{"not_picked":["Coffee Dripper","Philosopher\u0027s Stone"],"picked":"Cursed Key"},{"not_picked":["Busted Crown","Tiny House"],"picked":"Inserter"}],"items_purged_floors":[21],"is_endless":false,"potions_floor_spawned":[3,4,5,8,16,19,22,28,33,35],"killed_by":"2 Orb Walkers","ascension_level":10}}