{"host":"r6wilvrr1tovskr2","time":1609312783,"event":{"mods":["2.2 Compatiblity","AchievementEnabler","Aspiration","BaseMod","Bestiary","Better Altar","Better Match","Better Note","Better Sensory Stone","Better Skull","Better Third Choice","Colored Powertips","Conspire","Energized Spire","GifTheSpireLib","Halation","Highlight Path","Hubris","Infinite Spire","Marked Mod","Minty Spire (QoL Compilation)","Quick Restart","Replay The Spire","Shop Mod","Spicy Shops","Spikes Relics","StSLib","Stuff the Spire","vexMod"],"gold_per_floor":[112,125,125,136,148,175,175,188,212,212,223,223,295,308,308,308,308],"floor_reached":16,"playtime":1177,"items_purged":[],"score":181,"play_id":"70febce0-734d-4adf-8f9e-1757d4e302d4","local_time":"20201230011943","is_ascension_mode":true,"campfire_choices":[{"floor":7.0,"key":"REST"},{"floor":10.0,"key":"RECALL"},{"floor":15.0,"key":"REST"}],"circlet_count":0,"master_deck":["Strike_G","Strike_G","Strike_G","Strike_G","Strike_G","Defend_G","Defend_G","Defend_G","Defend_G","Defend_G","Survivor","Neutralize","Doppelganger","Concentrate","StuffTheSpire:Incantation","Backflip","hubris:SlightOfHand","Venomology"],"relics":["Ring of the Snake","GremlinMask","infinitespire:Lucky Rock","aspiration:StickyExplosives_weak"],"acts_visited":["Exordium"],"potions_floor_usage":[16,16],"damage_taken":[{"damage":4.0,"enemies":"Small Slimes","floor":1.0,"turns":6.0},{"damage":0.0,"enemies":"Cultist","floor":2.0,"turns":5.0},{"damage":7.0,"enemies":"2 Louse","floor":4.0,"turns":4.0},{"damage":3.0,"enemies":"Blue Slaver","floor":5.0,"turns":6.0},{"damage":12.0,"enemies":"3 Sentries","floor":6.0,"turns":9.0},{"damage":3.0,"enemies":"Red Slaver","floor":8.0,"turns":7.0},{"damage":11.0,"enemies":"Lots of Slimes","floor":11.0,"turns":7.0},{"damage":0.0,"enemies":"2 Fungi Beasts","floor":14.0,"turns":5.0},{"damage":84,"enemies":"Hexaghost","floor":16,"turns":15}],"seed_played":"-3219308576898240607","potions_obtained":[{"floor":1.0,"key":"SteroidPotion"},{"floor":2.0,"key":"Death Potion"},{"floor":5.0,"key":"Fire Potion"},{"floor":8.0,"key":"SneckoOil"}],"is_trial":false,"path_per_floor":["M","M","?","M","M","E","R","M","T","R","M","?","T","M","R","B"],"character_chosen":"THE_SILENT","items_purchased":[],"campfire_rested":2,"item_purchase_floors":[],"current_hp_per_floor":[59,59,59,52,49,37,58,55,55,55,44,44,44,44,65,0,0],"gold":308,"neow_bonus":"ONE_RANDOM_RARE_CARD","is_daily":false,"chose_seed":false,"campfire_upgraded":0,"win_rate":0.0,"timestamp":1609312783,"path_taken":["M","M","?","?","M","E","R","M","T","R","M","?","?","M","R","BOSS"],"items_purchased_type":[],"build_version":"2020-12-22","purchased_purges":0,"victory":false,"max_hp_per_floor":[70,70,70,70,70,70,70,70,70,70,70,70,70,70,70,70,70],"card_choices":[{"not_picked":["StuffTheSpire:Python","Choke"],"picked":"Concentrate","floor":1.0},{"not_picked":["Outmaneuver","Masterful Stab"],"picked":"StuffTheSpire:Incantation","floor":2.0},{"not_picked":["StuffTheSpire:BrimstoneBlast","ReplayTheSpireMod:Tripwire"],"picked":"Backflip","floor":4.0},{"not_picked":["Blur","Distraction","Poisoned Stab"],"picked":"SKIP","floor":5.0},{"not_picked":["Underhanded Strike","All Out Attack","Slice"],"picked":"SKIP","floor":6.0},{"not_picked":["StuffTheSpire:ReptileScales","Poisoned Stab"],"picked":"hubris:SlightOfHand","floor":8.0},{"not_picked":["hubris:SlightOfHand","Backflip","StuffTheSpire:ClusterCrunch"],"picked":"SKIP","floor":11.0},{"not_picked":["Endless Agony","Deflect","Envenom"],"picked":"SKIP","floor":14.0}],"player_experience":1150213,"relics_obtained":[{"floor":6.0,"key":"infinitespire:Lucky Rock"},{"floor":13.0,"key":"aspiration:StickyExplosives_weak"}],"event_choices":[{"damage_healed":0.0,"max_hp_gain":0.0,"max_hp_loss":0.0,"gold_gain":0.0,"event_name":"FaceTrader","player_choice":"Trade","floor":3.0,"gold_loss":0.0,"damage_taken":0.0,"relics_obtained":["GremlinMask"]}],"is_beta":false,"boss_relics":[],"items_purged_floors":[],"is_endless":false,"potions_floor_spawned":[1,2,5,8],"killed_by":"Hexaghost","ascension_level":8}}