{"host":"7rmsgc3rayi00cdt","time":1609321373,"event":{"mods":["BaseMod","Minty Spire (QoL Compilation)"],"gold_per_floor":[109,109,120,120,139,176,176,203,256,256,279,320,349,349,349],"floor_reached":14,"playtime":460,"items_purged":[],"score":189,"play_id":"dcde4de5-6d08-4b82-8748-8fea247b6ff9","local_time":"20201230094253","is_ascension_mode":true,"campfire_choices":[{"floor":7,"key":"REST"},{"data":"Terror","floor":10,"key":"SMITH"}],"circlet_count":0,"master_deck":["AscendersBane","Strike_G","Strike_G","Strike_G","Strike_G","Strike_G","Defend_G","Defend_G","Defend_G","Defend_G","Defend_G","Survivor","Neutralize+1","Sucker Punch","Regret","Acrobatics","Terror+1","Expertise","Noxious Fumes","All Out Attack","Blade Dance","PiercingWail"],"relics":["Ring of the Snake","Ornamental Fan","CeramicFish","Regal Pillow","Bottled Flame"],"acts_visited":["Exordium"],"potions_floor_usage":[6,6],"damage_taken":[{"damage":0,"enemies":"2 Louse","floor":1,"turns":3},{"damage":6,"enemies":"Jaw Worm","floor":3,"turns":6},{"damage":0,"enemies":"Cultist","floor":5,"turns":5},{"damage":16,"enemies":"Lagavulin","floor":6,"turns":6},{"damage":10,"enemies":"2 Fungi Beasts","floor":8,"turns":5},{"damage":7,"enemies":"Red Slaver","floor":11,"turns":4},{"damage":18,"enemies":"3 Sentries","floor":12,"turns":6},{"damage":4,"enemies":"Looter","floor":13,"turns":3},{"damage":29,"enemies":"Lagavulin","floor":14,"turns":3}],"seed_played":"2883729039319867711","potions_obtained":[{"floor":3,"key":"DistilledChaos"},{"floor":5,"key":"Poison Potion"},{"floor":13,"key":"FearPotion"}],"is_trial":false,"path_per_floor":["M","?","M","?","M","E","R","M","T","R","M","E","M","E"],"character_chosen":"THE_SILENT","items_purchased":[],"campfire_rested":1,"item_purchase_floors":[],"current_hp_per_floor":[59,59,53,53,53,37,56,46,46,46,39,21,17,0,0],"gold":349,"neow_bonus":"THREE_CARDS","is_daily":false,"chose_seed":false,"campfire_upgraded":1,"win_rate":0.0,"timestamp":1609321373,"path_taken":["M","?","M","?","M","E","R","M","T","R","?","E","M","E"],"items_purchased_type":[],"build_version":"2020-12-22","purchased_purges":0,"victory":false,"max_hp_per_floor":[66,66,66,66,66,66,66,66,66,66,66,66,66,66,66],"card_choices":[{"not_picked":["Flying Knee","Deadly Poison"],"picked":"Sucker Punch","floor":0},{"not_picked":["Outmaneuver","Quick Slash","Riddle With Holes"],"picked":"SKIP","floor":1},{"not_picked":["Deadly Poison","Skewer"],"picked":"Acrobatics","floor":3},{"not_picked":["Dagger Spray","Calculated Gamble"],"picked":"Terror","floor":5},{"not_picked":["Eviscerate","Underhanded Strike"],"picked":"Expertise","floor":6},{"not_picked":["Deadly Poison","Quick Slash"],"picked":"Noxious Fumes","floor":8},{"not_picked":["Cloak And Dagger","Flying Knee"],"picked":"All Out Attack","floor":11},{"not_picked":["Flying Knee","Calculated Gamble"],"picked":"Blade Dance","floor":12},{"not_picked":["Flechettes","Catalyst"],"picked":"PiercingWail","floor":13}],"player_experience":733013,"relics_obtained":[{"floor":6,"key":"CeramicFish"},{"floor":9,"key":"Regal Pillow"},{"floor":12,"key":"Bottled Flame"}],"event_choices":[{"damage_healed":0,"gold_gain":0,"player_choice":"Box","damage_taken":0,"relics_obtained":["Ornamental Fan"],"max_hp_gain":0,"max_hp_loss":0,"event_name":"Big Fish","floor":2,"gold_loss":0,"cards_obtained":["Regret"]},{"damage_healed":0,"gold_gain":0,"player_choice":"Upgraded","damage_taken":0,"max_hp_gain":0,"max_hp_loss":0,"event_name":"Upgrade Shrine","floor":4,"gold_loss":0,"cards_upgraded":["Neutralize"]}],"is_beta":false,"boss_relics":[],"items_purged_floors":[],"is_endless":false,"potions_floor_spawned":[3,5,13],"killed_by":"Lagavulin","ascension_level":17}}