{"host":"u0f5uy314yz7olfc","time":1609343283,"event":{"mods":["AchievementEnabler","Aspiration","BaseMod","Better Altar","Better Match","Better Note","Better Sensory Stone","Better Skull","Better Third Choice","BetterRewards","Block Reminder","Colored Map","Colored Powertips","DeckTracker","Dota2Spire","Emptier Cage","Gold Saver","Highlight Path","Hubris","Infinite Spire","Marked Mod","Mimic Mod","Minty Spire (QoL Compilation)","Permanent Neow","Quick Restart","Rare Cards Sparkle","Relic Sorter","Replay The Spire","Shop Mod","StSLib","The Bladedancer","The Blue Laboratory","Watcher Patcher"],"gold_per_floor":[659,12,32,18,18,18,48,48,88,99,110,110,129,185,185,281,281,298,298,310,2,12,43,43,43,82,101,114,114,114,114],"floor_reached":30,"playtime":3212,"items_purged":["blademaster:Frenzy","blademaster:Strike"],"score":400,"play_id":"f14d703d-4835-461d-ba58-5c5691df0227","local_time":"20201230224803","is_ascension_mode":false,"campfire_choices":[{"data":"DeusExMachina","floor":6,"key":"SMITH"},{"floor":8,"key":"REST"},{"floor":12,"key":"REST"},{"floor":15,"key":"REST"},{"floor":24,"key":"REST"},{"data":"Apotheosis","floor":29,"key":"SMITH"}],"circlet_count":0,"master_deck":["blademaster:Strike","blademaster:Strike","blademaster:Strike","blademaster:Defend","blademaster:Defend","blademaster:Defend","blademaster:Defend","blademaster:RagingBlow","blademaster:HighVoltage","DeusExMachina+1","blademaster:FuriousStrike","blademaster:AspectOfLightning","blademaster:Quickness","blademaster:CombatPrep","blademaster:ParryingStrike","blademaster:CullingStrike","blademaster:Safeguard","blademaster:Stability","Dark Shackles","blademaster:Frontflip","blademaster:Frontflip","blademaster:Sharpen","blademaster:DaggerAndCloak","blademaster:Cut","blademaster:ChargingUp","blademaster:Flurry","blademaster:AwakeningStrike","blademaster:DragonStrike","blademaster:CloudOfSteel","blademaster:Reversal+1","blademaster:Vortex","blademaster:Havoc","Apotheosis+1","blademaster:AspectOfWind","blademaster:Frontflip","blademaster:Quickstep","blademaster:Blindside","blademaster:FuriousStrike","blademaster:BladeMastery+1","infinitespire:Punishment","infinitespire:Fortify","infinitespire:DeathsTouch","blademaster:SharpBlades","blademaster:BloodyBlow","blademaster:EyeOfTheStorm"],"relics":["blademaster:DancersAmulet","MerchantsRug","hubris:Towel","Omamori","infinitespire:ShieldingShard","hubris:HollowSoul","BargainBundle","Gremlin Horn","Replay:Bottled Steam","infinitespire:Lychee Nut","Replay:Kaleidoscope"],"acts_visited":["Exordium","TheCity"],"potions_floor_usage":[7,11,16,18,20,20],"damage_taken":[{"damage":6,"enemies":"Jaw Worm","floor":1,"turns":3},{"damage":5,"enemies":"Small Slimes","floor":3,"turns":3},{"damage":7,"enemies":"Gremlin Nob","floor":7,"turns":4},{"damage":13,"enemies":"2 Louse","floor":9,"turns":5},{"damage":5,"enemies":"2 Louse","floor":10,"turns":4},{"damage":0,"enemies":"Large Slime","floor":11,"turns":2},{"damage":10,"enemies":"3 Louse","floor":13,"turns":4},{"damage":24,"enemies":"3 Sentries","floor":14,"turns":7},{"damage":18,"enemies":"Hexaghost","floor":16,"turns":8},{"damage":62,"enemies":"3 Byrds","floor":18,"turns":9},{"damage":2,"enemies":"Shell Parasite","floor":20,"turns":4},{"damage":6,"enemies":"Centurion and Healer","floor":22,"turns":6},{"damage":9,"enemies":"Gremlin Leader","floor":23,"turns":5},{"damage":13,"enemies":"Shelled Parasite and Fungi","floor":26,"turns":7},{"damage":8,"enemies":"Shelled Parasite and Fungi","floor":27,"turns":5},{"damage":13,"enemies":"Snake Plant","floor":28,"turns":2},{"damage":9,"enemies":"Nightmare","floor":30,"turns":2}],"seed_played":"-3427713996013139250","potions_obtained":[{"floor":3,"key":"blueLaboratory:HummingbirdPotion"},{"floor":10,"key":"blueLaboratory:PolymorphPotion"},{"floor":11,"key":"Block Potion"},{"floor":13,"key":"blueLaboratory:NullPotion"},{"floor":18,"key":"Fire Potion"},{"floor":20,"key":"blueLaboratory:ForbiddenFruitJuice"},{"floor":28,"key":"Elixir"}],"is_trial":false,"path_per_floor":["M","$","M","$","?","R","E","R","MIM","M","M","R","M","?","R_BF","B",null,"M","?","M","$","M","E","R","AVR","MIM","M","M","R","NM"],"character_chosen":"THE_BLADEMASTER","items_purchased":["DeusExMachina","MerchantsRug","blademaster:FuriousStrike","blademaster:AspectOfLightning","blademaster:Quickness","blademaster:ParryingStrike","blademaster:CullingStrike","blademaster:Rupture","blademaster:Safeguard","blademaster:Stability","aspiration:ChemicalBlood","Chemical X","Dark Shackles","blademaster:Frontflip","blademaster:Sharpen","Apotheosis","blademaster:AspectOfWind","BargainBundle","blademaster:Frontflip","blademaster:Quickstep","blademaster:Blindside"],"campfire_rested":4,"item_purchase_floors":[0,0,0,0,0,2,2,2,2,2,2,2,2,4,4,21,21,21,21,21,21],"current_hp_per_floor":[69,69,64,64,64,64,57,75,62,57,57,75,65,41,63,45,75,13,13,65,65,59,50,65,65,48,47,41,41,0,0],"gold":114,"neow_bonus":"","is_daily":false,"chose_seed":false,"campfire_upgraded":2,"win_rate":0.0,"timestamp":1609343283,"path_taken":["M","$","M","$","?","R","E","R","MIM","M","M","R","M","?","R_BF","BOSS","M","?","M","$","M","E","R","AVR","MIM","M","M","R","NM"],"items_purchased_type":["Card","Relic","Card","Card","Card","Card","Card","Card","Card","Card","Relic","Relic","Card","Card","Card","Card","Card","Relic","Card","Card","Card"],"build_version":"2020-12-22","purchased_purges":2,"victory":false,"max_hp_per_floor":[75,75,75,75,75,75,75,75,75,75,75,75,75,75,75,75,75,75,75,65,65,65,65,65,65,48,48,48,48,48,48],"card_choices":[{"not_picked":["blademaster:Vortex","blademaster:Flurry"],"picked":"blademaster:CombatPrep","floor":1},{"not_picked":["blademaster:Slice","blademaster:Quickstep"],"picked":"blademaster:Frenzy","floor":3},{"not_picked":["blademaster:ChargingUp","blademaster:DragonStrike"],"picked":"blademaster:DaggerAndCloak","floor":7},{"not_picked":["blademaster:AspectOfWind","blademaster:DragonStrike"],"picked":"blademaster:Cut","floor":9},{"not_picked":["blademaster:StanceMastery","blademaster:SlyStabs"],"picked":"blademaster:ChargingUp","floor":10},{"not_picked":["blademaster:BladeCross","blademaster:EyeOfTheStorm"],"picked":"blademaster:Flurry","floor":11},{"not_picked":["blademaster:ColdBlood","blademaster:Blockade"],"picked":"blademaster:AwakeningStrike","floor":13},{"not_picked":["blademaster:Quickstep","blademaster:Safeguard"],"picked":"blademaster:DragonStrike","floor":14},{"not_picked":["blademaster:HighVoltage","blademaster:StanceMastery"],"picked":"blademaster:CloudOfSteel","floor":16},{"not_picked":["blademaster:DragonStrike","blademaster:AwakeningStrike"],"picked":"blademaster:Reversal+1","floor":18},{"not_picked":["blademaster:Sharpen","blademaster:Breeze"],"picked":"blademaster:Havoc","floor":20},{"not_picked":["blademaster:Quickstep","blademaster:Gust"],"picked":"blademaster:FuriousStrike","floor":22},{"not_picked":["blademaster:Thrust","blademaster:StanceMastery"],"picked":"blademaster:BladeMastery+1","floor":23},{"not_picked":["blademaster:ThunderingOpener+1","blademaster:CombatPrep"],"picked":"blademaster:SharpBlades","floor":26},{"not_picked":["blademaster:Quickstep","blademaster:Sunder"],"picked":"blademaster:BloodyBlow","floor":27},{"not_picked":["blademaster:Safeguard","blademaster:AspectOfWind"],"picked":"blademaster:EyeOfTheStorm","floor":28}],"player_experience":393771,"relics_obtained":[{"floor":7,"key":"Omamori"},{"floor":7,"key":"blademaster:FinisherDrawCardPerk"},{"floor":9,"key":"infinitespire:ShieldingShard"},{"floor":9,"key":"blademaster:BleedingLaceratePerk"},{"floor":9,"key":"Bottled Tornado"},{"floor":14,"key":"infinitespire:BottledMercury"},{"floor":14,"key":"blademaster:RandomStancePerk"},{"floor":23,"key":"Gremlin Horn"},{"floor":23,"key":"blademaster:StanceHealPerk"},{"floor":26,"key":"infinitespire:Lychee Nut"},{"floor":26,"key":"blademaster:ComboEveryTurnPerk"},{"floor":26,"key":"Replay:Kaleidoscope"}],"event_choices":[{"damage_healed":0,"gold_gain":0,"player_choice":"Searched \u00272\u0027 times","damage_taken":0,"max_hp_gain":0,"max_hp_loss":0,"event_name":"Dead Adventurer","floor":14,"gold_loss":0},{"damage_healed":0,"gold_gain":0,"cards_transformed":["blademaster:Rupture"],"player_choice":"Transformed","damage_taken":0,"max_hp_gain":0,"max_hp_loss":0,"event_name":"Transmorgrifier","floor":19,"gold_loss":0,"cards_obtained":["blademaster:Vortex"]}],"is_beta":false,"boss_relics":[{"not_picked":["Ectoplasm","hubris:GrandSneckoEye"],"picked":"hubris:HollowSoul"}],"items_purged_floors":[21,25],"is_endless":false,"potions_floor_spawned":[3,10,11,13,18,20,28],"killed_by":"Nightmare","ascension_level":0}}