{"host":"56ghxnzsglgdq727","time":1609368941,"event":{"mods":["AchievementEnabler","BaseMod","Minty Spire (QoL Compilation)"],"gold_per_floor":[117,127,140,156,156,156,106,106,106,127,60,100,119,119,119,242,242,267,267,287,112,126,126,126,126],"floor_reached":24,"playtime":632,"items_purged":["Strike_R"],"score":208,"play_id":"fa802418-304d-408c-a56e-739ebc91b65c","local_time":"20201230175541","is_ascension_mode":true,"campfire_choices":[{"data":"Rupture","floor":6,"key":"SMITH"},{"data":"Limit Break","floor":8,"key":"SMITH"},{"floor":15,"key":"REST"},{"data":"Heavy Blade","floor":23,"key":"SMITH"}],"circlet_count":0,"master_deck":["Strike_R","Strike_R","Strike_R","Defend_R","Defend_R","Defend_R","Defend_R","Limit Break+1","Rupture+1","Hemokinesis","Blood for Blood","Hemokinesis","Heavy Blade+1","Offering","Double Tap","Hemokinesis","Inflame","Heavy Blade","Spot Weakness"],"relics":["Black Blood","Golden Idol","PreservedInsect","InkBottle","Shuriken"],"acts_visited":["Exordium","TheCity"],"potions_floor_usage":[4,11,12,12,16,20,24],"damage_taken":[{"damage":1,"enemies":"Cultist","floor":1,"turns":3},{"damage":0,"enemies":"2 Louse","floor":2,"turns":3},{"damage":10,"enemies":"Jaw Worm","floor":3,"turns":5},{"damage":0,"enemies":"Lots of Slimes","floor":4,"turns":1},{"damage":18,"enemies":"Large Slime","floor":10,"turns":7},{"damage":10,"enemies":"Gremlin Nob","floor":12,"turns":3},{"damage":12,"enemies":"Red Slaver","floor":13,"turns":2},{"damage":51,"enemies":"Hexaghost","floor":16,"turns":5},{"damage":12,"enemies":"Chosen","floor":18,"turns":3},{"damage":39,"enemies":"3 Byrds","floor":20,"turns":4},{"damage":33,"enemies":"Snecko","floor":22,"turns":4},{"damage":20,"enemies":"3 Cultists","floor":24,"turns":3}],"seed_played":"8381650254092541678","potions_obtained":[{"floor":1,"key":"Explosive Potion"},{"floor":10,"key":"EntropicBrew"},{"floor":12,"key":"PowerPotion"},{"floor":16,"key":"Explosive Potion"},{"floor":22,"key":"Explosive Potion"}],"is_trial":false,"path_per_floor":["M","M","M","M","?","R","?","R","T","M","$","E","M","?","R","B",null,"M","T","M","$","M","R","M"],"character_chosen":"IRONCLAD","items_purchased":["Hemokinesis","Inflame","Heavy Blade"],"campfire_rested":1,"item_purchase_floors":[11,21,21],"current_hp_per_floor":[80,80,76,80,60,60,60,60,60,48,48,44,38,38,62,17,80,80,80,53,53,32,32,12,12],"gold":126,"neow_bonus":"ONE_RANDOM_RARE_CARD","is_daily":false,"chose_seed":false,"campfire_upgraded":3,"win_rate":0.0,"timestamp":1609368941,"path_taken":["M","?","M","?","?","R","?","R","T","?","$","E","?","?","R","BOSS","M","?","M","$","?","R","M"],"items_purchased_type":["Card","Card","Card"],"build_version":"2020-12-22","purchased_purges":1,"victory":false,"max_hp_per_floor":[80,80,80,80,80,80,80,80,80,80,80,80,80,80,80,80,80,80,80,80,80,80,80,80,80],"card_choices":[{"not_picked":["Flame Barrier","Twin Strike"],"picked":"Rupture","floor":1},{"not_picked":["Thunderclap","Shrug It Off","True Grit"],"picked":"SKIP","floor":2},{"not_picked":["Flex","Anger"],"picked":"Hemokinesis","floor":3},{"not_picked":["Flex","Flame Barrier"],"picked":"Blood for Blood","floor":4},{"not_picked":["Clash","Perfected Strike","Entrench"],"picked":"SKIP","floor":10},{"not_picked":["Dark Embrace","Thunderclap"],"picked":"Heavy Blade","floor":12},{"not_picked":["Thunderclap","True Grit"],"picked":"Offering","floor":13},{"not_picked":["Impervious","Bludgeon"],"picked":"Double Tap","floor":16},{"not_picked":["Seeing Red","Burning Pact","Perfected Strike"],"picked":"SKIP","floor":18},{"not_picked":["Warcry+1","Ghostly Armor"],"picked":"Hemokinesis","floor":20},{"not_picked":["Power Through+1","Perfected Strike"],"picked":"Spot Weakness","floor":22}],"player_experience":61854,"relics_obtained":[{"floor":9,"key":"PreservedInsect"},{"floor":12,"key":"InkBottle"},{"floor":19,"key":"Shuriken"}],"event_choices":[{"damage_healed":0,"gold_gain":0,"player_choice":"Take Damage","damage_taken":20,"relics_obtained":["Golden Idol"],"max_hp_gain":0,"max_hp_loss":0,"event_name":"Golden Idol","floor":5,"gold_loss":0},{"cards_removed":["Strike_R"],"damage_healed":0,"gold_gain":0,"player_choice":"Card Removal","damage_taken":0,"max_hp_gain":0,"max_hp_loss":0,"event_name":"The Cleric","floor":7,"gold_loss":50},{"cards_removed":["Bash"],"damage_healed":0,"gold_gain":0,"player_choice":"Purged","damage_taken":0,"max_hp_gain":0,"max_hp_loss":0,"event_name":"Purifier","floor":14,"gold_loss":0}],"is_beta":false,"boss_relics":[{"not_picked":["Ectoplasm","Cursed Key"],"picked":"Black Blood"}],"items_purged_floors":[21],"is_endless":false,"potions_floor_spawned":[1,10,12,16,22],"killed_by":"3 Cultists","ascension_level":1}}