{"host":"uc0x0d8zaap3n3zi","time":1609312528,"event":{"mods":["2.2 Compatiblity","AchievementEnabler","Act Like it!","Alarm Clock","BaseMod","Colored Powertips","Downfall","Minty Spire (QoL Compilation)","Pale of the Ancients","Rare Cards Sparkle","Relic Stats","StSLib","The Cursed","The Marked","slay the spire mod where everything is the same but ironclad has a cowboy hat"],"gold_per_floor":[112,112,112,112,62,62,87,107,107,107,107,107,107,147,147,277,277,290,290,290,290,314,358,358,377,377,377,252,252,293,308,308,432,432,457,457,480,480,813,813,468,468,468,478,58,58,7,17,17,17,17,28,28,74,74,74,74],"floor_reached":56,"playtime":3303,"items_purged":["Bite","Bite","Defend_R"],"score":984,"play_id":"e98f6ef9-fec7-4bb2-a35f-f9ab40b143de","local_time":"20201230201528","is_ascension_mode":false,"campfire_choices":[{"data":"Armaments","floor":6.0,"key":"SMITH"},{"data":"Entrench","floor":10.0,"key":"SMITH"},{"data":"Bash","floor":12.0,"key":"SMITH"},{"data":"Rage","floor":15.0,"key":"SMITH"},{"data":"Body Slam","floor":24.0,"key":"SMITH"},{"data":"Pommel Strike","floor":27.0,"key":"SMITH"},{"data":"True Grit","floor":32.0,"key":"SMITH"},{"floor":40.0,"key":"REST"},{"data":"Barricade","floor":42.0,"key":"SMITH"},{"data":"Shrug It Off","floor":49.0,"key":"SMITH"},{"data":"Juggernaut","floor":55,"key":"SMITH"}],"circlet_count":0,"master_deck":["Defend_R","Bash+1","Armaments+1","Entrench+1","Rage+1","Juggernaut+1","Warcry","Bite","Bite","Body Slam+1","Pommel Strike+1","Shrug It Off+1","True Grit+1","Barricade+1","Feel No Pain+1","Madness","Madness"],"relics":["Burning Blood","Sundial","TungstenRod","Turnip","Velvet Choker","Potion Belt","Blue Candle","MealTicket","Empty Cage","HornCleat","Mummified Hand","Lizard Tail","paleoftheancients:Timepiece","paleoftheancients:KeyRelic","Oddly Smooth Stone","Mercury Hourglass","Happy Flower"],"acts_visited":["Exordium","TheCity","TheBeyond","paleoftheancients:PaleOfTheAncients"],"potions_floor_usage":[],"damage_taken":[{"damage":3.0,"enemies":"Small Slimes","floor":1.0,"turns":4.0},{"damage":0.0,"enemies":"2 Louse","floor":7.0,"turns":3.0},{"damage":3.0,"enemies":"Jaw Worm","floor":8.0,"turns":4.0},{"damage":31.0,"enemies":"Gremlin Nob","floor":14.0,"turns":5.0},{"damage":13.0,"enemies":"The Guardian","floor":16.0,"turns":15.0},{"damage":7.0,"enemies":"Shell Parasite","floor":18.0,"turns":5.0},{"damage":25.0,"enemies":"Chosen","floor":22.0,"turns":7.0},{"damage":46.0,"enemies":"Book of Stabbing","floor":23.0,"turns":7.0},{"damage":19.0,"enemies":"3 Cultists","floor":25.0,"turns":6.0},{"damage":24.0,"enemies":"Slavers","floor":30.0,"turns":4.0},{"damage":2.0,"enemies":"Centurion and Healer","floor":31.0,"turns":6.0},{"damage":55.0,"enemies":"Automaton","floor":33.0,"turns":13.0},{"damage":36.0,"enemies":"Orb Walker","floor":35.0,"turns":6.0},{"damage":29.0,"enemies":"3 Shapes","floor":37.0,"turns":6.0},{"damage":35.0,"enemies":"Spire Growth","floor":44.0,"turns":8.0},{"damage":6.0,"enemies":"4 Shapes","floor":48.0,"turns":8.0},{"damage":44.0,"enemies":"Donu and Deca","floor":50.0,"turns":13.0},{"damage":100,"enemies":"Donu and Deca","floor":51,"turns":8},{"damage":31,"enemies":"Donu and Deca","floor":52,"turns":10},{"damage":58,"enemies":"Donu and Deca","floor":56,"turns":7}],"seed_played":"-1080544093939731904","potions_obtained":[{"floor":1.0,"key":"DuplicationPotion"},{"floor":14.0,"key":"Regen Potion"},{"floor":23.0,"key":"Explosive Potion"},{"floor":25.0,"key":"LiquidBronze"},{"floor":35.0,"key":"FearPotion"},{"floor":37.0,"key":"HeartOfIron"}],"is_trial":false,"path_per_floor":["M","?","?","?","$","R","M","M","T","R","T","R","?","E","R","B",null,"M","?","?","?","M","E","R","M","T","R","$","?","E","M","R","B",null,"M","?","M","?","?","R","$","R","T","M","$","?","$","M","R","B","M","M","?","T","R","M"],"character_chosen":"IRONCLAD","items_purchased":["Armaments","Shrug It Off","HornCleat","Lizard Tail","Dexterity Potion"],"campfire_rested":1,"item_purchase_floors":[5,28,41,45,47],"current_hp_per_floor":[80,73,73,53,53,53,59,62,62,62,62,62,67,42,42,50,85,84,84,84,59,48,30,30,43,43,43,43,43,35,56,56,16,59,36,30,16,16,16,33,48,48,48,37,52,52,59,59,59,59,59,43,43,43,43,0,0],"gold":74,"neow_bonus":"REMOVE_CARD","is_daily":false,"chose_seed":false,"campfire_upgraded":10,"win_rate":0.0,"timestamp":1609312528,"path_taken":["M","?","?","?","$","R","M","M","T","R","?","R","?","E","R","BOSS","M","?","?","?","M","E","R","M","T","R","$","?","E","M","R","BOSS","M","?","M","?","?","R","$","R","T","M","?","?","$","M","R","BOSS","M","M","?","T","R","M"],"items_purchased_type":["Card","Card","Relic","Relic","Potion"],"build_version":"2020-12-22","purchased_purges":3,"victory":false,"max_hp_per_floor":[80,80,80,80,80,80,80,80,80,80,80,80,85,85,85,85,85,85,85,85,59,59,59,59,59,59,59,59,59,59,59,59,59,59,59,59,59,59,59,59,59,59,59,59,59,59,59,59,59,59,59,59,59,59,59,59,59],"relic_stats":{"Lizard Tail":29,"Happy Flower":[2],"counters":[20,145],"Sundial":[34],"Mummified Hand":[16],"Blue Candle":[0],"MealTicket":37,"Turnip":[28],"obtain_stats":[{"Potion Belt":23,"paleoftheancients:KeyRelic":50,"Happy Flower":54,"Golden Idol":4,"Blue Candle":26,"Velvet Choker":17,"Oddly Smooth Stone":50,"Empty Cage":34,"Burning Blood":0,"Mercury Hourglass":50,"paleoftheancients:Timepiece":50,"Lizard Tail":45,"HornCleat":41,"Sundial":2,"Mummified Hand":43,"MealTicket":30,"Turnip":14,"TungstenRod":9},{"Potion Belt":8,"paleoftheancients:KeyRelic":17,"Happy Flower":19,"Golden Idol":1,"Blue Candle":9,"Velvet Choker":5,"Oddly Smooth Stone":17,"Empty Cage":12,"Burning Blood":0,"Mercury Hourglass":17,"paleoftheancients:Timepiece":17,"Lizard Tail":15,"HornCleat":14,"Sundial":1,"Mummified Hand":14,"MealTicket":10,"Turnip":4,"TungstenRod":3},{"Potion Belt":50,"paleoftheancients:KeyRelic":120,"Happy Flower":138,"Golden Idol":4,"Blue Candle":56,"Velvet Choker":31,"Oddly Smooth Stone":120,"Empty Cage":79,"Burning Blood":0,"Mercury Hourglass":120,"paleoftheancients:Timepiece":120,"Lizard Tail":99,"HornCleat":91,"Sundial":4,"Mummified Hand":91,"MealTicket":60,"Turnip":16,"TungstenRod":11}],"Burning Blood":105,"TungstenRod":64,"Mercury Hourglass":[159]},"card_choices":[{"not_picked":["Feel No Pain","Rupture","Sword Boomerang"],"picked":"SKIP","floor":1.0},{"not_picked":["Body Slam","Clothesline"],"picked":"Entrench","floor":7.0},{"not_picked":["Clash","Heavy Blade","Reckless Charge"],"picked":"SKIP","floor":8.0},{"not_picked":["Clothesline","Armaments"],"picked":"Rage","floor":14.0},{"not_picked":["Impervious","Double Tap"],"picked":"Juggernaut","floor":16.0},{"not_picked":["Intimidate","Wild Strike"],"picked":"Warcry","floor":18.0},{"not_picked":["Battle Trance+1","True Grit+1"],"picked":"Body Slam","floor":22.0},{"not_picked":["Flex","Sword Boomerang+1","Sever Soul"],"picked":"SKIP","floor":23.0},{"not_picked":["Flex","True Grit"],"picked":"Pommel Strike","floor":25.0},{"not_picked":["Thunderclap+1","Burning Pact"],"picked":"True Grit","floor":30.0},{"not_picked":["Armaments","Clash","Iron Wave+1"],"picked":"SKIP","floor":31.0},{"not_picked":["Bludgeon","Feed"],"picked":"Barricade","floor":33.0},{"not_picked":["Armaments","Twin Strike+1"],"picked":"Feel No Pain+1","floor":35.0},{"not_picked":["Iron Wave","Perfected Strike+1","Power Through"],"picked":"SKIP","floor":37.0},{"not_picked":["Sword Boomerang+1","Thunderclap+1","Armaments+1"],"picked":"SKIP","floor":44.0},{"not_picked":["Seeing Red+1","Clash+1","Rage"],"picked":"SKIP","floor":48.0},{"not_picked":["Wild Strike+1","Pommel Strike","Feel No Pain"],"picked":"SKIP","floor":52}],"player_experience":240407,"relics_obtained":[{"floor":9.0,"key":"TungstenRod"},{"floor":14.0,"key":"Turnip"},{"floor":23.0,"key":"Potion Belt"},{"floor":26.0,"key":"Blue Candle"},{"floor":30.0,"key":"MealTicket"},{"floor":43.0,"key":"Mummified Hand"},{"floor":54,"key":"Happy Flower"}],"event_choices":[{"damage_healed":0.0,"max_hp_gain":0.0,"max_hp_loss":0.0,"gold_gain":0.0,"event_name":"Scrap Ooze","player_choice":"Success","floor":2.0,"gold_loss":0.0,"damage_taken":7.0,"relics_obtained":["Sundial"]},{"damage_healed":0.0,"max_hp_gain":0.0,"max_hp_loss":0.0,"gold_gain":0.0,"event_name":"The Cleric","player_choice":"Leave","floor":3.0,"gold_loss":0.0,"damage_taken":0.0},{"damage_healed":0.0,"max_hp_gain":0.0,"max_hp_loss":0.0,"gold_gain":0.0,"event_name":"Golden Idol","player_choice":"Take Damage","floor":4.0,"gold_loss":0.0,"damage_taken":20.0,"relics_obtained":["Golden Idol"]},{"damage_healed":0.0,"max_hp_gain":5.0,"max_hp_loss":0.0,"gold_gain":0.0,"event_name":"Big Fish","player_choice":"Donut","floor":13.0,"gold_loss":0.0,"damage_taken":0.0},{"damage_healed":0.0,"max_hp_gain":0.0,"max_hp_loss":0.0,"gold_gain":0.0,"event_name":"Beggar","player_choice":"Ignored","floor":20.0,"gold_loss":0.0,"damage_taken":0.0},{"damage_healed":0.0,"max_hp_gain":0.0,"max_hp_loss":26.0,"gold_gain":0.0,"event_name":"Vampires","player_choice":"Became a vampire","floor":21.0,"gold_loss":0.0,"damage_taken":0.0,"cards_obtained":["Bite","Bite","Bite","Bite","Bite"]},{"damage_healed":0.0,"max_hp_gain":0.0,"max_hp_loss":0.0,"gold_gain":0.0,"event_name":"Winding Halls","player_choice":"Embrace Madness","floor":36.0,"gold_loss":0.0,"damage_taken":7.0,"cards_obtained":["Madness","Madness"]},{"damage_healed":0.0,"max_hp_gain":0.0,"max_hp_loss":0.0,"gold_gain":0.0,"event_name":"Mysterious Sphere","player_choice":"Ignored","floor":38.0,"gold_loss":0.0,"damage_taken":0.0},{"damage_healed":0.0,"max_hp_gain":0.0,"max_hp_loss":0.0,"gold_gain":333.0,"event_name":"The Moai Head","player_choice":"Gave Idol","floor":39.0,"relics_lost":["Golden Idol"],"gold_loss":0.0,"damage_taken":0.0},{"cards_removed":["Defend_R"],"damage_healed":0.0,"max_hp_gain":0.0,"max_hp_loss":0.0,"gold_gain":0.0,"event_name":"Falling","player_choice":"Removed Skill","floor":46.0,"gold_loss":0.0,"damage_taken":0.0},{"damage_healed":0,"gold_gain":0,"player_choice":"Ignored","damage_taken":0,"max_hp_gain":0,"max_hp_loss":0,"event_name":"NoteForYourself","floor":53,"gold_loss":0}],"is_beta":false,"boss_relics":[{"not_picked":["Cursed Key","Runic Cube"],"picked":"Velvet Choker"},{"not_picked":["Runic Pyramid","Fusion Hammer"],"picked":"Empty Cage"}],"items_purged_floors":[28,41,45],"is_endless":false,"potions_floor_spawned":[1,14,23,25,35,37],"killed_by":"Donu and Deca","ascension_level":0}}