{"host":"sav7uxregyirlf69","time":1609310673,"event":{"mods":["AchievementEnabler","BaseMod","Colored Map","DeckTracker","Keyboard Shortcuts","Minty Spire (QoL Compilation)","READ ME - Guardian Mod","StSLib","SuperFastMode"],"gold_per_floor":[114,39,54,54,67,67,67,99,126,71,71,84,84,4,4,4,4],"floor_reached":16,"playtime":229,"items_purged":["Parasite"],"score":196,"play_id":"1e75993c-a8e8-4c89-8c9f-2564b7911051","local_time":"20201230154433","is_ascension_mode":true,"campfire_choices":[{"data":"Bouncing Flask","floor":6,"key":"SMITH"},{"floor":11,"key":"REST"},{"data":"PiercingWail","floor":13,"key":"SMITH"},{"data":"Footwork","floor":15,"key":"SMITH"}],"circlet_count":0,"master_deck":["AscendersBane","Strike_G","Strike_G","Strike_G","Strike_G","Strike_G","Defend_G","Defend_G","Defend_G","Defend_G","Defend_G","Survivor","Neutralize","Predator+1","PiercingWail+1","Bouncing Flask+1","Footwork+1"],"relics":["Ring of the Snake","Lizard Tail","Regal Pillow","Juzu Bracelet"],"acts_visited":["Exordium"],"potions_floor_usage":[16],"damage_taken":[{"damage":7,"enemies":"Small Slimes","floor":1,"turns":7},{"damage":6,"enemies":"Cultist","floor":3,"turns":4},{"damage":4,"enemies":"Jaw Worm","floor":5,"turns":3},{"damage":56,"enemies":"Gremlin Nob","floor":8,"turns":6},{"damage":5,"enemies":"Lots of Slimes","floor":12,"turns":6},{"damage":70,"enemies":"Slime Boss","floor":16,"turns":9}],"seed_played":"7455029641861475218","potions_obtained":[{"floor":8,"key":"LiquidBronze"},{"floor":12,"key":"Weak Potion"}],"is_trial":false,"path_per_floor":["M","$","M","?","M","R","?","E","T","?","R","M","R","$","R","B"],"character_chosen":"THE_SILENT","items_purchased":["Footwork"],"campfire_rested":1,"item_purchase_floors":[14],"current_hp_per_floor":[52,52,46,46,42,42,63,7,7,7,40,35,35,35,35,0,0],"gold":4,"neow_bonus":"ONE_RARE_RELIC","is_daily":false,"chose_seed":false,"campfire_upgraded":3,"win_rate":0.0,"timestamp":1609310673,"path_taken":["M","$","M","?","?","R","?","E","T","?","R","M","R","$","R","BOSS"],"items_purchased_type":["Card"],"build_version":"2020-12-22","purchased_purges":1,"victory":false,"max_hp_per_floor":[66,63,63,63,63,63,63,63,63,63,63,63,63,63,63,63,63],"card_choices":[{"not_picked":["Tactician","Slice"],"picked":"Predator","floor":1},{"not_picked":["Backflip","Skewer"],"picked":"PiercingWail","floor":3},{"not_picked":["Bane","Escape Plan"],"picked":"Bouncing Flask","floor":5},{"not_picked":["Underhanded Strike","Slice","Dash"],"picked":"SKIP","floor":8},{"not_picked":["PiercingWail","Heel Hook","Deflect"],"picked":"SKIP","floor":12}],"player_experience":1068319,"relics_obtained":[{"floor":8,"key":"Regal Pillow"},{"floor":9,"key":"Juzu Bracelet"}],"event_choices":[{"damage_healed":0,"gold_gain":0,"player_choice":"Forge","damage_taken":0,"max_hp_gain":0,"max_hp_loss":0,"event_name":"Accursed Blacksmith","floor":4,"gold_loss":0,"cards_upgraded":["Predator"]},{"damage_healed":21,"gold_gain":0,"player_choice":"Full Heal","damage_taken":0,"max_hp_gain":0,"max_hp_loss":0,"event_name":"Wheel of Change","floor":7,"gold_loss":0},{"damage_healed":0,"gold_gain":0,"player_choice":"Left Gold","damage_taken":0,"max_hp_gain":0,"max_hp_loss":0,"event_name":"World of Goop","floor":10,"gold_loss":55}],"is_beta":false,"boss_relics":[],"items_purged_floors":[2],"is_endless":false,"potions_floor_spawned":[8,12],"killed_by":"Slime Boss","ascension_level":20}}