{"host":"2b0fqapnd02ydmuo","time":1609359228,"event":{"mods":["AchievementEnabler","Aspiration","BaseMod","Better Altar","Better Match","Better Note","Better Sensory Stone","Better Skull","Better Third Choice","BetterRewards","CCEM","Clawfect","Colored Map","Conspire","GifTheSpireLib","Googly Eyes","Halation","Highlight Path","Hubris","Infinite Spire","Jedi Mod","Jorbs\u0027s Wanderer Trilogy","Marisa????????","Mimic Mod","Minty Spire (QoL Compilation)","Permanent Neow","Replay The Spire","Shade Mod","Shop Mod","Spicy Shops","StSLib","Stuff the Spire","The Blackbeard","The Bug Knight","The Elementalist","The Jungle","Unceasing Turn Reminder","everything is the same but u backflip on backflip","slay the spire mod where everything is the same but ironclad has a cowboy hat"],"gold_per_floor":[113,113,113,195,209,209,240,275,301,301,315,334,62,88,88,184,184,203,214,214,214,224,224,224,224,224,224,242,242,8,21,21,124,124,142,142,142,427,427,427,427,427,427,427,427,427,13,13,13,13],"floor_reached":51,"playtime":2038,"items_purged":["Regret","Mind Blast","ReplayTheSpireMod:Splinters"],"score":1053,"play_id":"843c094a-43f0-4560-8e14-c3819c389b0b","local_time":"20201230211348","is_ascension_mode":true,"campfire_choices":[{"data":"blackbeard:Sword","floor":6,"key":"SMITH"},{"floor":10,"key":"REST"},{"floor":15,"key":"REST"},{"floor":23,"key":"REST"},{"floor":25,"key":"REST"},{"floor":27,"key":"REST"},{"floor":32,"key":"REST"},{"data":"Apotheosis","floor":40,"key":"SMITH"},{"floor":45,"key":"REST"},{"floor":49,"key":"REST"}],"circlet_count":0,"master_deck":["blackbeard:BlackbeardStrike","blackbeard:BlackbeardStrike","blackbeard:IntimidatingStrike","blackbeard:BlackbeardDefend","blackbeard:BlackbeardDefend","blackbeard:BlackbeardDefend","blackbeard:BlackbeardDefend","blackbeard:Cutlass","blackbeard:Spear","blackbeard:Sword+1","blackbeard:RearmingStrike","blackbeard:Shrapnel","blackbeard:WeaponProficiency","Apotheosis+1","blackbeard:PowderKeg","blackbeard:Parrot","blackbeard:Dagger","blackbeard:WiseDefense+1","blackbeard:BeatUp+1","blackbeard:GoldenCannonball","blackbeard:GoldenStrike","blackbeard:GoldenDefense","blackbeard:Spear","infinitespire:Oblivion","blackbeard:Dagger","blackbeard:BuriedTreasure"],"relics":["hubris:TerracottaHorce","StuffTheSpire:RedRose","CCEMRelics:Pendulum","CCEMRelics:TechnogenicHelmet","infinitespire:CursedDice","Replay:Baseball","Juzu Bracelet","Cursed Key","blackbeard:Penknife","blackbeard:BloodOrange","infinitespire:EvilPickle","Empty Cage","jedi:ominousloannote","Durian","aspiration:RitualDagger","hubris:Metronome","White Beast Statue","halation:PinkSoulGem","blackbeard:WhitePearl","Vajra"],"acts_visited":["Exordium","TheCity","TheBeyond"],"potions_floor_usage":[16,19,50],"damage_taken":[{"damage":4,"enemies":"Jaw Worm","floor":1,"turns":4},{"damage":1,"enemies":"Small Slimes","floor":5,"turns":3},{"damage":47,"enemies":"Gremlin Nob","floor":7,"turns":5},{"damage":35,"enemies":"conspire:MimicChest","floor":8,"turns":6},{"damage":0,"enemies":"2 Louse","floor":11,"turns":2},{"damage":0,"enemies":"2 Fungi Beasts","floor":12,"turns":2},{"damage":28,"enemies":"Replay:BlueRogue","floor":14,"turns":5},{"damage":20,"enemies":"Fading Forest","floor":16,"turns":11},{"damage":44,"enemies":"conspire:FuzzyDice","floor":18,"turns":5},{"damage":1,"enemies":"Spheric Guardian","floor":19,"turns":3},{"damage":13,"enemies":"Centurion and Healer","floor":22,"turns":5},{"damage":19,"enemies":"Snake Plant","floor":28,"turns":4},{"damage":28,"enemies":"Snecko","floor":31,"turns":4},{"damage":26,"enemies":"Pondfish","floor":33,"turns":9},{"damage":8,"enemies":"3 Shapes","floor":35,"turns":2},{"damage":23,"enemies":"Reptomancer","floor":41,"turns":5},{"damage":9,"enemies":"Orb Walker","floor":46,"turns":2},{"damage":23,"enemies":"Sphere and 2 Shapes","floor":48,"turns":3},{"damage":77,"enemies":"Awakened One","floor":50,"turns":10}],"seed_played":"-6745711304882564103","potions_obtained":[{"floor":7,"key":"FairyPotion"},{"floor":12,"key":"Venom Potion"},{"floor":18,"key":"Fire Potion"},{"floor":33,"key":"Weak Potion"},{"floor":41,"key":"Elixir"},{"floor":46,"key":"BlessingOfTheForge"}],"is_trial":false,"path_per_floor":["M","?","?","T","M","R","E","?","T","R","M","M","$","E","R","B",null,"M","M","?","?","M","R","?","R","T","R","M","?","$","M","R","B",null,"M","?","?","$","AVR","R","E","?","T","?","R","M","$","M","R","B",null],"character_chosen":"BLACKBEARD_CLASS","items_purchased":["Apotheosis","blackbeard:BloodOrange","blackbeard:GoldenCannonball","blackbeard:GoldenStrike","jedi:ominousloannote","blackbeard:WhitePearl","Vajra"],"campfire_rested":8,"item_purchase_floors":[13,30,30,30,38,47,47],"current_hp_per_floor":[71,71,53,53,52,52,5,8,8,30,30,30,30,2,24,26,63,19,18,18,18,5,27,35,57,57,75,56,56,56,28,50,24,62,54,54,54,54,59,59,36,39,39,39,63,54,54,31,55,83],"gold":13,"neow_bonus":"BOSS_RELIC","is_daily":false,"chose_seed":false,"campfire_upgraded":2,"win_rate":0.0,"timestamp":1609359228,"path_taken":["M","?","?","?","M","R","E","?","T","R","?","M","$","E","R","BOSS","M","M","?","?","M","R","?","R","T","R","M","?","?","M","R","BOSS","M","?","?","?","AVR","R","E","?","T","?","R","M","?","M","R","BOSS"],"items_purchased_type":["Card","Relic","Card","Card","Relic","Relic","Relic"],"build_version":"2020-12-22","purchased_purges":3,"victory":true,"max_hp_per_floor":[75,75,75,75,75,75,75,75,75,75,75,75,75,75,75,75,75,75,75,75,75,75,75,75,75,75,75,75,75,75,75,75,75,75,75,75,75,75,80,80,80,83,83,83,83,83,83,83,83,83],"card_choices":[{"not_picked":["blackbeard:DeadlyArsenal","blackbeard:CatONineTails"],"picked":"blackbeard:Spear","floor":1},{"not_picked":["blackbeard:Eyepatch","blackbeard:InfiniteBarrage"],"picked":"blackbeard:Sword","floor":5},{"not_picked":["blackbeard:DoubleBottom","blackbeard:ArmorUp","blackbeard:DelayedPain"],"picked":"SKIP","floor":7},{"not_picked":["blackbeard:DoubleBottom","blackbeard:ArmorUp","blackbeard:DelayedPain"],"picked":"SKIP","floor":7},{"not_picked":["blackbeard:Toast","blackbeard:BlindAttacks"],"picked":"blackbeard:RearmingStrike","floor":8},{"not_picked":["blackbeard:Sharpening","blackbeard:JollyRoger"],"picked":"blackbeard:Shrapnel","floor":11},{"not_picked":["blackbeard:InfiniteBarrage","blackbeard:BeatUp"],"picked":"blackbeard:WeaponProficiency","floor":12},{"not_picked":["blackbeard:Boarding","blackbeard:Shrapnel"],"picked":"blackbeard:PowderKeg","floor":14},{"not_picked":["blackbeard:PirateStrength","blackbeard:HumongousCannonball"],"picked":"blackbeard:Parrot","floor":16},{"not_picked":["blackbeard:Fencing","blackbeard:Toast"],"picked":"blackbeard:Dagger","floor":18},{"not_picked":["blackbeard:ChaoticDefense+1","blackbeard:PiratesWill"],"picked":"blackbeard:WiseDefense+1","floor":19},{"not_picked":["blackbeard:FieryDefense+1","blackbeard:CatONineTails+1","blackbeard:Shrapnel"],"picked":"SKIP","floor":22},{"not_picked":["blackbeard:GoldenStrike","blackbeard:BrownPants+1"],"picked":"blackbeard:BeatUp+1","floor":28},{"not_picked":["blackbeard:CloakAndCannonball","blackbeard:FishingNets"],"picked":"blackbeard:GoldenDefense","floor":31},{"not_picked":["blackbeard:DeadlyArsenal","blackbeard:Bandana"],"picked":"blackbeard:Spear","floor":35},{"not_picked":["Finesse","Violence"],"picked":"Mind Blast","floor":36},{"not_picked":["blackbeard:CannonBarrage+1","blackbeard:AgileStrike+1","blackbeard:FieryDefense+1"],"picked":"SKIP","floor":41},{"not_picked":["blackbeard:BlindAttacks+1","blackbeard:ChaoticDefense"],"picked":"blackbeard:Dagger","floor":46},{"not_picked":["blackbeard:TacticalRetreat","blackbeard:PiratesWill+1"],"picked":"blackbeard:BuriedTreasure","floor":48}],"player_experience":91958,"relics_obtained":[{"floor":7,"key":"CCEMRelics:TechnogenicHelmet"},{"floor":8,"key":"infinitespire:CursedDice"},{"floor":9,"key":"Replay:Baseball"},{"floor":14,"key":"Juzu Bracelet"},{"floor":26,"key":"blackbeard:Penknife"},{"floor":41,"key":"hubris:Metronome"},{"floor":43,"key":"White Beast Statue"}],"event_choices":[{"damage_healed":0,"gold_gain":0,"player_choice":"Relic ","damage_taken":18,"max_hp_gain":0,"max_hp_loss":0,"event_name":"betterThird:BetterScrap","floor":3,"gold_loss":0,"cards_obtained":["MasterReality"]},{"cards_removed":["blackbeard:BlackbeardStrike"],"damage_healed":0,"gold_gain":0,"player_choice":"Card Removal","damage_taken":0,"max_hp_gain":0,"max_hp_loss":0,"event_name":"Wheel of Change","floor":20,"gold_loss":0},{"damage_healed":0,"gold_gain":3,"player_choice":"1","damage_taken":0,"max_hp_gain":0,"max_hp_loss":0,"event_name":"betterStone:BetterStone","floor":36,"gold_loss":0},{"damage_healed":0,"gold_gain":0,"player_choice":"Ignored","damage_taken":0,"max_hp_gain":0,"max_hp_loss":0,"event_name":"Mysterious Sphere","floor":37,"gold_loss":0}],"is_beta":false,"boss_relics":[{"not_picked":["Replay:Bronze Core","ReplayTheSpireMod:SealedPack"],"picked":"Cursed Key"},{"not_picked":["ReplayTheSpireMod:DimensionalGlitch","conspire:RunicOctahedron"],"picked":"Empty Cage"}],"items_purged_floors":[13,38,47],"is_endless":false,"potions_floor_spawned":[7,12,18,33,41,46,48],"ascension_level":3}}