{"host":"hig8qfi5vzbgudte","time":1609364633,"event":{"mods":["BaseMod","Colored Map","Downfall","Hubris","Minty Spire (QoL Compilation)","Quick Restart","StSLib","The Cursed","The Marked","The Servant 0.9.4"],"gold_per_floor":[118,134,37,56,56,56,34,34,34,50,68,68,68,84,84,183,183,203,203,203,190,205,205,205,205],"floor_reached":24,"playtime":2874,"items_purged":[],"score":188,"play_id":"20b82af2-ceb0-495b-a73f-00025fb76a2c","local_time":"20201230154353","is_ascension_mode":false,"campfire_choices":[{"data":"Alleviate","floor":6,"key":"SMITH"},{"data":"Rewind","floor":8,"key":"SMITH"},{"data":"Starlight","floor":13,"key":"SMITH"},{"floor":15,"key":"REST"},{"data":"Contraction","floor":23,"key":"SMITH"}],"circlet_count":0,"master_deck":["Strike_S","Strike_S","Defend_S","Defend_S","Defend_S","Defend_S","KidneyShot","Exchange","Rewind+1","Rearm","Revamp","Contraction+1","Alleviate+1","Starlight","Rearm","Starlight+1","DoubleEdge","MurderousAura","Unruled","WasteNot","DualDimension","MoonPhase"],"relics":["Uniform","Strawberry","InkBottle","Philosopher\u0027s Stone","Gremlin Horn"],"acts_visited":["Exordium","TheCity"],"potions_floor_usage":[16,16,16],"damage_taken":[{"damage":12,"enemies":"Jaw Worm","floor":1,"turns":4},{"damage":9,"enemies":"Cultist","floor":2,"turns":5},{"damage":8,"enemies":"2 Louse","floor":4,"turns":4},{"damage":2,"enemies":"2 Fungi Beasts","floor":10,"turns":7},{"damage":4,"enemies":"Red Slaver","floor":11,"turns":6},{"damage":11,"enemies":"Blue Slaver","floor":14,"turns":6},{"damage":40,"enemies":"Slime Boss","floor":16,"turns":11},{"damage":28,"enemies":"Shell Parasite","floor":18,"turns":5},{"damage":18,"enemies":"2 Thieves","floor":21,"turns":4},{"damage":16,"enemies":"Centurion and Healer","floor":22,"turns":7},{"damage":23,"enemies":"Gremlin Leader","floor":24,"turns":2}],"seed_played":"9106534998257294826","potions_obtained":[{"floor":2,"key":"LiquidBronze"},{"floor":11,"key":"SpeedPotion"},{"floor":14,"key":"Strength Potion"},{"floor":21,"key":"PowerPotion"},{"floor":22,"key":"PowerPotion"}],"is_trial":false,"path_per_floor":["M","M","$","M","?","R","$","R","T","M","M","T","R","M","R","B",null,"M","?","?","M","M","R","E"],"character_chosen":"THE_SERVANT","items_purchased":["Revamp","Contraction","Starlight"],"campfire_rested":1,"item_purchase_floors":[3,3,7],"current_hp_per_floor":[59,50,50,42,42,42,42,42,49,47,43,43,43,32,55,15,78,50,50,50,32,16,16,0,0],"gold":205,"neow_bonus":"TEN_PERCENT_HP_BONUS","is_daily":false,"chose_seed":false,"campfire_upgraded":4,"win_rate":0.0,"timestamp":1609364633,"path_taken":["M","M","$","M","?","R","$","R","T","?","M","?","R","M","R","BOSS","M","?","?","?","M","R","E"],"items_purchased_type":["Card","Card","Card"],"build_version":"2020-12-22","purchased_purges":0,"victory":false,"max_hp_per_floor":[71,71,71,71,71,71,71,71,78,78,78,78,78,78,78,78,78,78,78,78,78,78,78,78,78],"card_choices":[{"not_picked":["BottledTime","TimeWarp"],"picked":"Rewind","floor":1},{"not_picked":["DualDimension","Replace"],"picked":"Rearm","floor":2},{"not_picked":["Shuttle","Rearm"],"picked":"Alleviate","floor":4},{"not_picked":["FastForward","Desolation"],"picked":"Rearm","floor":10},{"not_picked":["FastForward","Rearm"],"picked":"Starlight","floor":11},{"not_picked":["Desolation","Misdirection"],"picked":"DoubleEdge","floor":14},{"not_picked":["PendulumOfEternity","Initiator"],"picked":"MurderousAura","floor":16},{"not_picked":["Desolation","DoubleEdge+1"],"picked":"Unruled","floor":18},{"not_picked":["Foresight","Unruled"],"picked":"DualDimension","floor":21},{"not_picked":["Starlight","SurpressingFire"],"picked":"MoonPhase","floor":22}],"player_experience":10994,"relics_obtained":[{"floor":9,"key":"Strawberry"},{"floor":12,"key":"InkBottle"}],"event_choices":[{"cards_removed":["Strike_S"],"damage_healed":0,"gold_gain":0,"player_choice":"Card Removal","damage_taken":0,"max_hp_gain":0,"max_hp_loss":0,"event_name":"Wheel of Change","floor":5,"gold_loss":0},{"damage_healed":0,"gold_gain":0,"player_choice":"Opened","damage_taken":0,"relics_obtained":["Gremlin Horn"],"max_hp_gain":0,"max_hp_loss":0,"event_name":"The Mausoleum","floor":19,"gold_loss":0},{"damage_healed":0,"gold_gain":0,"cards_transformed":["Strike_S"],"player_choice":"Transformed","damage_taken":0,"max_hp_gain":0,"max_hp_loss":0,"event_name":"Transmorgrifier","floor":20,"gold_loss":0,"cards_obtained":["WasteNot"]}],"is_beta":false,"boss_relics":[{"not_picked":["SlaversCollar","StoneMask"],"picked":"Philosopher\u0027s Stone"}],"items_purged_floors":[],"is_endless":false,"potions_floor_spawned":[2,11,14,21,22],"killed_by":"Gremlin Leader","ascension_level":0}}