{"host":"h4lp0eeso8a0ssq0","time":1609355529,"event":{"mods":["2.2 Compatiblity","AchievementEnabler","Astrologer","BaseMod","CapriCore","Colored Map","Downfall","Hermit","Lobotomy","Marisa£¨Ùöéë¡¡Øª×âÞÞ£©","Minty Spire (QoL Compilation)","StSLib","SuperFastMode","The Cursed","The Hierophant","The Immortal"],"gold_per_floor":[10,10,24,43,56,86,86,73,73,73,107,107,151,151,151,280,280,299,314,239,114,129,160,174,273,297,297,340,340,383,396,396,527,527,546,569,632,632,645,679,129,142,167,42,83,83,108,127,127,127,127],"floor_reached":52,"playtime":2350,"items_purged":["Strike_R","Defend_R","Defend_R"],"score":1001,"play_id":"42945747-f922-4573-a51b-05076887a473","local_time":"20201231041209","is_ascension_mode":true,"campfire_choices":[{"data":"Body Slam","floor":7.0,"key":"SMITH"},{"data":"Fire Breathing","floor":10.0,"key":"SMITH"},{"data":"Dark Embrace","floor":15.0,"key":"SMITH"},{"data":"Power Through","floor":29.0,"key":"SMITH"},{"data":"Dual Wield","floor":32.0,"key":"SMITH"},{"floor":46,"key":"REST"},{"data":"Dual Wield","floor":49,"key":"SMITH"}],"circlet_count":0,"master_deck":["Defend_R","Defend_R","Bash","Reaper","Shrug It Off","Power Through+1","Body Slam+1","Disarm","Clothesline","Fire Breathing+1","Dark Embrace+1","Injury","Wild Strike","Impervious","Battle Trance","Wild Strike","Impervious","True Grit","Feel No Pain","Havoc+1","Evolve","Shockwave","Dual Wield+1","Reckless Charge+1","Immolate","Feel No Pain","Entrench","Shrug It Off+1","Juggernaut","Dual Wield+1"],"relics":["Burning Blood","HornCleat","Eternal Feather","Prayer Wheel","Golden Idol","Pantograph","Velvet Choker","Bird Faced Urn","Happy Flower","Red Skull","MealTicket","Mark of Pain","Gambling Chip","Darkstone Periapt","ClockworkSouvenir","Incense Burner","Ancient Tea Set","PreservedInsect"],"acts_visited":["Exordium","TheCity","TheBeyond"],"potions_floor_usage":[45,50,50],"damage_taken":[{"damage":5.0,"enemies":"2 Louse","floor":1.0,"turns":4.0},{"damage":5.0,"enemies":"Jaw Worm","floor":3.0,"turns":4.0},{"damage":1.0,"enemies":"Cultist","floor":4.0,"turns":4.0},{"damage":4.0,"enemies":"Large Slime","floor":5.0,"turns":8.0},{"damage":50.0,"enemies":"Lagavulin","floor":6.0,"turns":14.0},{"damage":15.0,"enemies":"Exordium Thugs","floor":8.0,"turns":4.0},{"damage":0.0,"enemies":"3 Sentries","floor":11.0,"turns":5.0},{"damage":6.0,"enemies":"Lagavulin","floor":13.0,"turns":7.0},{"damage":32.0,"enemies":"Slime Boss","floor":16.0,"turns":8.0},{"damage":8.0,"enemies":"Shell Parasite","floor":18.0,"turns":7.0},{"damage":0.0,"enemies":"2 Thieves","floor":19.0,"turns":4.0},{"damage":7.0,"enemies":"Cultist and Chosen","floor":22.0,"turns":5.0},{"damage":0.0,"enemies":"Book of Stabbing","floor":23.0,"turns":7.0},{"damage":18.0,"enemies":"3 Cultists","floor":24.0,"turns":5.0},{"damage":29.0,"enemies":"Gremlin Leader","floor":28.0,"turns":5.0},{"damage":24.0,"enemies":"Slavers","floor":30.0,"turns":6.0},{"damage":2.0,"enemies":"Snecko","floor":31.0,"turns":6.0},{"damage":54.0,"enemies":"Collector","floor":33.0,"turns":10.0},{"damage":9.0,"enemies":"Orb Walker","floor":35.0,"turns":4.0},{"damage":39.0,"enemies":"3 Darklings","floor":36.0,"turns":6.0},{"damage":4.0,"enemies":"Mind Bloom Boss Battle","floor":37.0,"turns":6.0},{"damage":32.0,"enemies":"Sphere and 2 Shapes","floor":39.0,"turns":7.0},{"damage":0.0,"enemies":"Reptomancer","floor":40.0,"turns":5.0},{"damage":23.0,"enemies":"Spire Growth","floor":42.0,"turns":5.0},{"damage":70,"enemies":"Giant Head","floor":45,"turns":11},{"damage":14,"enemies":"4 Shapes","floor":47,"turns":6},{"damage":45,"enemies":"Transient","floor":48,"turns":5},{"damage":56,"enemies":"Awakened One","floor":50,"turns":10}],"seed_played":"-4730738911728526418","potions_obtained":[{"floor":3.0,"key":"LiquidMemories"},{"floor":6.0,"key":"ColorlessPotion"},{"floor":11.0,"key":"SpeedPotion"},{"floor":13.0,"key":"Dexterity Potion"},{"floor":16.0,"key":"Dexterity Potion"},{"floor":47,"key":"Fire Potion"}],"is_trial":false,"path_per_floor":["M","?","M","M","M","E","R","M","T","R","E","?","E","?","R","B",null,"M","M","?","$","M","E","M","?","T","?","E","R","E","M","R","B",null,"M","M","?","?","M","E","$","M","T","$","E","R","M","M","R","B",null,null],"character_chosen":"IRONCLAD","items_purchased":["True Grit","ClockworkSouvenir","Incense Burner"],"campfire_rested":1,"item_purchase_floors":[21,41,41],"current_hp_per_floor":[80,80,80,80,80,38,38,37,37,46,64,64,68,61,70,58,80,80,80,80,80,79,80,68,68,68,68,57,69,67,79,80,42,80,79,53,80,80,69,80,80,63,63,78,20,59,59,36,54,46,46],"gold":127,"neow_bonus":"THREE_RARE_CARDS","is_daily":false,"chose_seed":false,"campfire_upgraded":6,"win_rate":0.0,"timestamp":1609355529,"path_taken":["M","?","M","M","M","E","R","M","T","R","E","?","E","?","R","BOSS","M","M","?","$","M","E","M","?","T","?","E","R","E","M","R","BOSS","M","?","?","?","?","E","$","M","T","$","E","R","M","M","R","BOSS"],"items_purchased_type":["Card","Relic","Relic"],"build_version":"2020-12-22","purchased_purges":3,"victory":true,"max_hp_per_floor":[80,80,80,80,80,80,80,80,80,80,80,80,80,80,80,80,80,80,80,80,80,80,80,80,80,80,80,80,80,80,80,80,80,80,80,80,80,80,80,80,80,80,80,80,80,80,80,80,80,80,80],"card_choices":[{"not_picked":["Impervious","Berserk"],"picked":"Reaper","floor":0.0},{"not_picked":["Cleave","Carnage"],"picked":"Shrug It Off","floor":1.0},{"not_picked":["Warcry","Perfected Strike"],"picked":"Power Through","floor":3.0},{"not_picked":["Thunderclap","Berserk"],"picked":"Body Slam","floor":4.0},{"not_picked":["Seeing Red","Twin Strike"],"picked":"Disarm","floor":5.0},{"not_picked":["Iron Wave","Searing Blow"],"picked":"Clothesline","floor":6.0},{"not_picked":["Flex","Anger"],"picked":"Fire Breathing","floor":8.0},{"not_picked":["Anger","Exhume"],"picked":"Dark Embrace","floor":11.0},{"not_picked":["Flex","Sword Boomerang"],"picked":"Wild Strike","floor":13.0},{"not_picked":["Berserk","Feed"],"picked":"Impervious","floor":16.0},{"not_picked":["Clash","Havoc"],"picked":"Battle Trance","floor":18.0},{"not_picked":["Iron Wave+1","Heavy Blade","Clash"],"picked":"SKIP","floor":18.0},{"not_picked":["Heavy Blade","Feel No Pain+1"],"picked":"Wild Strike","floor":19.0},{"not_picked":["Sentinel","Warcry"],"picked":"Impervious","floor":19.0},{"not_picked":["Clothesline+1","Warcry"],"picked":"Feel No Pain","floor":22.0},{"not_picked":["Metallicize","Twin Strike","Flex"],"picked":"SKIP","floor":22.0},{"not_picked":["Spot Weakness","Iron Wave","Havoc"],"picked":"SKIP","floor":23.0},{"not_picked":["Cleave","Headbutt"],"picked":"Havoc+1","floor":24.0},{"not_picked":["Seeing Red","Pommel Strike","Corruption"],"picked":"SKIP","floor":24.0},{"not_picked":["Entrench","Heavy Blade+1"],"picked":"Evolve","floor":28.0},{"not_picked":["Pommel Strike","Twin Strike"],"picked":"Shockwave","floor":30.0},{"not_picked":["Battle Trance+1","True Grit"],"picked":"Dual Wield","floor":31.0},{"not_picked":["Heavy Blade","Hemokinesis"],"picked":"Reckless Charge+1","floor":31.0},{"not_picked":["Limit Break","Brutality"],"picked":"Immolate","floor":33.0},{"not_picked":["Warcry","Rampage+1"],"picked":"Feel No Pain","floor":35.0},{"not_picked":["Perfected Strike+1","Havoc+1","Dark Embrace+1"],"picked":"SKIP","floor":35.0},{"not_picked":["Thunderclap+1","Cleave+1","Rampage"],"picked":"SKIP","floor":36.0},{"not_picked":["Perfected Strike+1","Wild Strike","Sword Boomerang"],"picked":"SKIP","floor":36.0},{"not_picked":["Perfected Strike+1","Dropkick+1"],"picked":"Entrench","floor":37.0},{"not_picked":["Sword Boomerang+1","Iron Wave+1","Headbutt"],"picked":"SKIP","floor":39.0},{"not_picked":["Cleave","Perfected Strike+1","Carnage+1"],"picked":"SKIP","floor":39.0},{"not_picked":["Iron Wave","Intimidate"],"picked":"Shrug It Off+1","floor":40.0},{"not_picked":["Armaments","Warcry+1"],"picked":"Juggernaut","floor":42.0},{"not_picked":["Whirlwind+1","Pummel+1","Ghostly Armor"],"picked":"SKIP","floor":42.0},{"not_picked":["Pommel Strike+1","Clothesline","Seeing Red+1"],"picked":"SKIP","floor":45},{"not_picked":["Wild Strike+1","Dark Embrace+1"],"picked":"Dual Wield","floor":47},{"not_picked":["Warcry+1","Dark Embrace+1","Feel No Pain"],"picked":"SKIP","floor":47},{"not_picked":["Reckless Charge+1","Armaments+1","Infernal Blade"],"picked":"SKIP","floor":48},{"not_picked":["Carnage","Havoc","Inflame"],"picked":"SKIP","floor":48}],"player_experience":63101,"relics_obtained":[{"floor":6.0,"key":"HornCleat"},{"floor":9.0,"key":"Eternal Feather"},{"floor":11.0,"key":"Prayer Wheel"},{"floor":13.0,"key":"Pantograph"},{"floor":23.0,"key":"Bird Faced Urn"},{"floor":26.0,"key":"Happy Flower"},{"floor":28.0,"key":"Red Skull"},{"floor":30.0,"key":"MealTicket"},{"floor":37.0,"key":"Gambling Chip"},{"floor":40.0,"key":"Darkstone Periapt"},{"floor":43,"key":"Ancient Tea Set"},{"floor":45,"key":"PreservedInsect"}],"event_choices":[{"cards_removed":["Strike_R"],"damage_healed":0.0,"max_hp_gain":0.0,"max_hp_loss":0.0,"gold_gain":0.0,"event_name":"Living Wall","player_choice":"Forget","floor":2.0,"gold_loss":0.0,"damage_taken":0.0},{"damage_healed":0.0,"max_hp_gain":0.0,"max_hp_loss":0.0,"gold_gain":0.0,"event_name":"Golden Idol","player_choice":"Take Wound","floor":12.0,"gold_loss":0.0,"damage_taken":0.0,"relics_obtained":["Golden Idol"],"cards_obtained":["Injury"]},{"cards_removed":["Strike_R"],"damage_healed":0.0,"max_hp_gain":0.0,"max_hp_loss":0.0,"gold_gain":0.0,"event_name":"Golden Wing","player_choice":"Card Removal","floor":14.0,"gold_loss":0.0,"damage_taken":7.0},{"cards_removed":["Strike_R"],"damage_healed":0.0,"max_hp_gain":0.0,"max_hp_loss":0.0,"gold_gain":0.0,"event_name":"Beggar","player_choice":"Gave Gold","floor":20.0,"gold_loss":75.0,"damage_taken":0.0},{"damage_healed":0.0,"max_hp_gain":0.0,"max_hp_loss":0.0,"gold_gain":99.0,"event_name":"Nest","player_choice":"Stole From Cult","floor":25.0,"gold_loss":0.0,"damage_taken":0.0},{"cards_removed":["Strike_R"],"damage_healed":0.0,"max_hp_gain":0.0,"max_hp_loss":0.0,"gold_gain":0.0,"event_name":"Purifier","player_choice":"Purged","floor":27.0,"gold_loss":0.0,"damage_taken":0.0},{"damage_healed":0.0,"max_hp_gain":0.0,"max_hp_loss":0.0,"gold_gain":0.0,"event_name":"MindBloom","player_choice":"Fight","floor":37.0,"gold_loss":0.0,"damage_taken":0.0},{"damage_healed":0.0,"max_hp_gain":0.0,"max_hp_loss":0.0,"gold_gain":0.0,"event_name":"SecretPortal","player_choice":"Ignored","floor":38.0,"gold_loss":0.0,"damage_taken":0.0}],"is_beta":false,"boss_relics":[{"not_picked":["Black Star","SacredBark"],"picked":"Velvet Choker"},{"not_picked":["Snecko Eye","Runic Dome"],"picked":"Mark of Pain"}],"items_purged_floors":[21,41,44],"is_endless":false,"potions_floor_spawned":[3,6,11,13,16,18,23,31,36,39,47],"ascension_level":2}}