{"host":"hg4d4z00zcdsq8kr","time":1609300093,"event":{"mods":["BaseMod","Downfall","Hubris","Infinite Spire","Minty Spire (QoL Compilation)","Replay The Spire","StSLib","The Bug Knight","The Cursed"],"gold_per_floor":[113,113,22,38,58,58,58,58,83,83,117,70,70,84,84,188,188,203,216,216,228,240,240,240,240],"floor_reached":24,"playtime":1756,"items_purged":[],"score":196,"play_id":"8cd1564b-069c-4a3a-97a5-9f3c86a49d8a","local_time":"20201230064813","is_ascension_mode":false,"campfire_choices":[{"data":"HollowMod:GreatSlash","floor":6,"key":"SMITH"},{"data":"HollowMod:DungDefenderAura","floor":10,"key":"SMITH"},{"data":"HollowMod:QuickDashStart","floor":15,"key":"PURGE"},{"floor":23,"key":"REST"}],"circlet_count":0,"master_deck":["HollowMod:NailStrikeStart","HollowMod:NailStrikeStart","HollowMod:NailStrikeStart","HollowMod:NailStrikeStart","HollowMod:QuickDashStart","HollowMod:QuickDashStart","HollowMod:QuickDashStart+1","HollowMod:FocusHealStart+1","HollowMod:PogoStrike","HollowMod:GreatSlash+1","hubris:Fate+1","HollowMod:SoulSplash","HollowMod:VengefulSpirit","HollowMod:SoulStrike","HollowMod:DungDefenderAura+1","HollowMod:CloakDash","HollowMod:HowlingWraiths","HollowMod:CycloneSlash","HollowMod:PureVessel","Hallucinations","Survivor","HollowMod:AwokenDreamNail","Replay:SS_fish_2","infinitespire:FutureSight","HollowMod:CycloneSlash","HollowMod:AwokenDreamNail","HollowMod:MantisMark+1"],"relics":["HollowMod:VesselMask","HollowMod:MillibellesNoteRelic","Replay:Kaleidoscope","War Paint","ReplayTheSpireMod:SealedPack"],"acts_visited":["Exordium","TheCity"],"potions_floor_usage":[11,16,19,24],"damage_taken":[{"damage":1,"enemies":"Cultist","floor":1,"turns":4},{"damage":6,"enemies":"2 Louse","floor":4,"turns":2},{"damage":5,"enemies":"Small Slimes","floor":5,"turns":2},{"damage":4,"enemies":"HollowMod:MossKnight","floor":11,"turns":4},{"damage":0,"enemies":"Exordium Thugs","floor":14,"turns":2},{"damage":38,"enemies":"HollowMod:FalseKnight","floor":16,"turns":11},{"damage":10,"enemies":"Chosen","floor":18,"turns":4},{"damage":31,"enemies":"2 Thieves","floor":19,"turns":4},{"damage":21,"enemies":"Snake Plant","floor":21,"turns":3},{"damage":19,"enemies":"Centurion and Healer","floor":22,"turns":10},{"damage":57,"enemies":"Nightmare","floor":24,"turns":9}],"seed_played":"690655688552564697","potions_obtained":[{"floor":5,"key":"Strength Potion"},{"floor":11,"key":"ColorlessPotion"},{"floor":16,"key":"Fire Potion"},{"floor":19,"key":"SteroidPotion"},{"floor":21,"key":"FairyPotion"},{"floor":22,"key":"LifebloodPotion"}],"is_trial":false,"path_per_floor":["M","?","$","M","M","R","?","?","T","R","E","$","?","M","R","B",null,"M","M","?","M","M","R","NM"],"character_chosen":"THE_BUGKNIGHT","items_purchased":["HollowMod:SoulSplash","HollowMod:VengefulSpirit","HollowMod:HowlingWraiths"],"campfire_rested":1,"item_purchase_floors":[3,3,12],"current_hp_per_floor":[74,55,55,70,65,65,65,65,65,65,71,71,71,71,71,33,75,73,50,50,29,30,52,5,5],"gold":240,"neow_bonus":"RANDOM_COMMON_RELIC","is_daily":false,"chose_seed":false,"campfire_upgraded":2,"win_rate":0.0,"timestamp":1609300093,"path_taken":["M","?","$","M","M","R","?","?","T","R","E","$","?","M","R","BOSS","M","M","?","M","M","R","NM"],"items_purchased_type":["Card","Card","Card"],"build_version":"2020-12-22","purchased_purges":0,"victory":false,"max_hp_per_floor":[75,75,75,75,75,75,75,75,75,75,75,75,75,75,75,75,75,75,75,75,75,75,75,75,75],"card_choices":[{"not_picked":["HollowMod:SoulVessel","HollowMod:VengefulVoid"],"picked":"HollowMod:GreatSlash","floor":1},{"not_picked":["Replay:Fractal Strike","ReplayTheSpireMod:??????????????????????"],"picked":"hubris:Fate","floor":2},{"not_picked":["HollowMod:SharpenedNail","HollowMod:DescendingDark"],"picked":"HollowMod:SoulStrike","floor":4},{"not_picked":["HollowMod:SiblingsSouls","HollowMod:ShadowDash"],"picked":"HollowMod:DungDefenderAura","floor":5},{"not_picked":["HollowMod:SiblingsShadow","HollowMod:LifebloodCocoon"],"picked":"HollowMod:CloakDash","floor":11},{"not_picked":["HollowMod:theNailsmith","HollowMod:DashSlash"],"picked":"HollowMod:CycloneSlash","floor":14},{"not_picked":["HollowMod:HornetsHelp","HollowMod:ZotesMagnificence"],"picked":"HollowMod:PureVessel","floor":16},{"not_picked":["Zap","Guardian:TwinSlam"],"picked":"Survivor","floor":17},{"not_picked":["HollowMod:ElderbugsWisdom","HollowMod:ZotesMagnificence"],"picked":"HollowMod:AwokenDreamNail","floor":17},{"not_picked":["Replay:Sssssssssshield","expansioncontent:GoopSpray"],"picked":"Replay:SS_fish_2","floor":17},{"not_picked":["infinitespire:FinalStrike","infinitespire:UltimateForm"],"picked":"infinitespire:FutureSight","floor":17},{"not_picked":["HollowMod:CloakDash","HollowMod:InfectionAssault"],"picked":"HollowMod:CycloneSlash","floor":18},{"not_picked":["HollowMod:QuirrelsAssistance","HollowMod:FastStrike+1"],"picked":"HollowMod:AwokenDreamNail","floor":19},{"not_picked":["HollowMod:FastStrike","HollowMod:CrystalDash"],"picked":"HollowMod:MantisMark+1","floor":21},{"not_picked":["HollowMod:DescendingDark","HollowMod:CloakDash","HollowMod:DoubleDash"],"picked":"SKIP","floor":22}],"player_experience":665050,"relics_obtained":[{"floor":8,"key":"Replay:Kaleidoscope"},{"floor":11,"key":"War Paint"}],"event_choices":[],"is_beta":false,"boss_relics":[{"not_picked":["hubris:RunicObelisk","Replay:Bronze Core"],"picked":"ReplayTheSpireMod:SealedPack"}],"items_purged_floors":[],"is_endless":false,"potions_floor_spawned":[5,11,16,19,21,22],"killed_by":"Nightmare","ascension_level":0}}