{"host":"j2lclbvdfoh0nnbr","time":1609336591,"event":{"mods":["BaseMod","Downfall","Lobotomy","LobotomyExtend","Minty Spire (QoL Compilation)","Replay The Spire","StSLib","[IsaacMod]ÒÔÈö¼âËþ"],"gold_per_floor":[99,99,199,349,349,349,374,374,374,374,374,213,231,246,266,364,364,289,305,305,317,4,23,23,42,42,42,42,42,61,61,61,81,100,205,205,205,118,118,47,47,74,74,74,89,89,104,104,122,133,145,145],"floor_reached":53,"playtime":3651,"items_purged":["Slimebound:Icky"],"score":670,"play_id":"169df2a9-1002-47e8-bcaf-546bdbecf963","local_time":"20201230215631","is_ascension_mode":false,"campfire_choices":[{"data":"sneckomod:Unknown","floor":1.0,"key":"SMITH"},{"floor":11.0,"key":"RECALL"},{"data":"sneckomod:SerpentIdol","floor":18.0,"key":"SMITH"},{"data":"sneckomod:Unknown3Cost","floor":31.0,"key":"SMITH"},{"data":"ReplayRNGCard","floor":44,"key":"SMITH"},{"data":"sneckomod:DiceBoulder+2","floor":46,"key":"SMITH"}],"circlet_count":0,"master_deck":["sneckomod:SnekBite+1","sneckomod:Unknown+1","sneckomod:Unknown+1","sneckomod:DiceCrush+1","sneckomod:DiceCrush","sneckomod:DiceBoulder+3","sneckomod:SerpentIdol","sneckomod:Unknown1Cost","sneckomod:UnknownRareSkill+1","sneckomod:DiceBoulder","sneckomod:UnknownRareAttack+1","sneckomod:UnknownClassGUARDIAN","sneckomod:UnknownRareSkill","sneckomod:Unknown2Cost","sneckomod:SerpentIdol+1","sneckomod:UnknownCommonSkill+1","sneckomod:ImprovisedGuard","sneckomod:UnknownClassLobotomy","sneckomod:Unknown3Cost+1","ReplayRNGCard+1","sneckomod:WideSting+1","sneckomod:UnknownRareAttack","sneckomod:UnknownExhaust+1","sneckomod:UnknownStrike+1","sneckomod:UnknownUncommonSkill","sneckomod:Unknown1Cost+1","sneckomod:UnknownExhaust+1","sneckomod:DiceBoulder+1","Parasite","sneckomod:DiceCrush+1","sneckomod:SnekBeam+1","sneckomod:SoulDraw+1"],"relics":["sneckomod:SneckoSoul","downfall:HeartsMalice","LetterFromLob","Tiny Chest","Moonlight_r","LaetitiaHeart","Pandora\u0027s Box","downfall:HeartBlessingRed","ShedSkin_r","Moonlight_r","Lee\u0027s Waffle","Potion Belt","Singing Bowl","Bottled Flame","Pantograph","Prayer Wheel","RedMistMask","Philosopher\u0027s Stone","Strange Spoon","Mummified Hand","Boot","Oddly Smooth Stone"],"acts_visited":["TheCity","TheBeyond"],"potions_floor_usage":[47,52,52,52,52],"damage_taken":[{"damage":0.0,"enemies":"Jaw Worm","floor":2.0,"turns":1.0},{"damage":0.0,"enemies":"Small Slimes","floor":8.0,"turns":1.0},{"damage":0.0,"enemies":"Gremlin Nob","floor":9.0,"turns":1.0},{"damage":0.0,"enemies":"downfall:FleeingMerchant","floor":12.0,"turns":4.0},{"damage":0.0,"enemies":"2 Louse","floor":13.0,"turns":2.0},{"damage":13.0,"enemies":"Large Slime","floor":14.0,"turns":7.0},{"damage":0.0,"enemies":"3 Louse","floor":15.0,"turns":1.0},{"damage":44.0,"enemies":"downfall:Silent","floor":16.0,"turns":9.0},{"damage":6.0,"enemies":"Chosen","floor":19.0,"turns":3.0},{"damage":10.0,"enemies":"Cultist and Chosen","floor":21.0,"turns":4.0},{"damage":0.0,"enemies":"downfall:FleeingMerchant","floor":22.0,"turns":5.0},{"damage":4.0,"enemies":"Sentry and Sphere","floor":23.0,"turns":3.0},{"damage":21.0,"enemies":"Snecko","floor":25.0,"turns":4.0},{"damage":10.0,"enemies":"Centurion and Healer","floor":30.0,"turns":6.0},{"damage":10.0,"enemies":"Sentry and Sphere","floor":33.0,"turns":3.0},{"damage":36.0,"enemies":"Shelled Parasite and Fungi","floor":34.0,"turns":4.0},{"damage":38,"enemies":"downfall:Defect","floor":35,"turns":10},{"damage":2,"enemies":"downfall:FleeingMerchant","floor":38,"turns":4},{"damage":24,"enemies":"Orb Walker","floor":45,"turns":3},{"damage":0,"enemies":"3 Shapes","floor":47,"turns":4},{"damage":13,"enemies":"Sphere and 2 Shapes","floor":49,"turns":3},{"damage":13,"enemies":"Writhing Mass","floor":50,"turns":5},{"damage":21,"enemies":"Maw","floor":51,"turns":5},{"damage":55,"enemies":"downfall:Ironclad","floor":52,"turns":5}],"seed_played":"-7591995267360029761","potions_obtained":[{"floor":13.0,"key":"AttackPotion"},{"floor":19.0,"key":"sneckomod:CheatPotion"},{"floor":21.0,"key":"Explosive Potion"},{"floor":34.0,"key":"Fire Potion"},{"floor":35,"key":"Fire Potion"},{"floor":37,"key":"FairyPotion"},{"floor":47,"key":"BlessingOfTheForge"},{"floor":51,"key":"Regen Potion"}],"is_trial":false,"path_per_floor":["R","M","?","?","?","?","T","M","E","?","R","$","M","M","M","B",null,"R","M","?","M","$","M","T","M","?","T","PTL","PTL","M","R","?","M","M","B",null,"R","$","?","$","?","T","T","R","M","R","M","?","M","M","M","B",null],"character_chosen":"THE_SNECKO","items_purchased":["sneckomod:DiceBoulder","Lee\u0027s Waffle","Potion Belt","Strange Spoon","Mummified Hand","Milkshake"],"campfire_rested":0,"item_purchase_floors":[12,22,22,38,38,40],"current_hp_per_floor":[90,90,90,90,90,90,90,90,37,67,67,67,67,55,55,16,96,96,90,19,10,107,108,108,89,90,90,90,90,82,82,82,76,42,38,120,120,120,120,120,120,120,120,120,98,98,100,100,88,77,56,40],"gold":145,"neow_bonus":"THREE_ENEMY_KILL","is_daily":false,"chose_seed":false,"campfire_upgraded":5,"win_rate":0.0,"timestamp":1609336591,"path_taken":["R","M","?","?","?","?","T","M","E","?","R","$","M","M","M","BOSS","R","M","?","M","$","M","T","M","?","?","PTL","PTL","M","R","?","M","M","BOSS","R","$","?","$","?","?","T","R","?","R","M","?","M","M","M","BOSS"],"items_purchased_type":["Card","Relic","Relic","Relic","Relic","Potion"],"build_version":"2020-12-22","purchased_purges":1,"victory":true,"max_hp_per_floor":[90,90,90,90,90,90,90,90,90,90,90,90,90,91,91,92,96,96,96,99,100,107,108,108,110,111,111,111,111,113,113,113,117,119,120,120,120,122,122,122,122,122,122,122,124,124,126,126,127,129,129,129],"card_choices":[{"not_picked":["sneckomod:IronFang","sneckomod:QuickMove","sneckomod:DiceBlock"],"picked":"SKIP","floor":2.0},{"not_picked":["sneckomod:Nope","sneckomod:UnknownWeak"],"picked":"sneckomod:DiceCrush","floor":8.0},{"not_picked":["sneckomod:SnekBeam","sneckomod:UnknownVulnerable"],"picked":"sneckomod:DiceCrush","floor":12.0},{"not_picked":["sneckomod:Nope","sneckomod:DefensiveFlair"],"picked":"sneckomod:SerpentIdol","floor":13.0},{"not_picked":["sneckomod:QuickMove","sneckomod:DiceBlock"],"picked":"sneckomod:Unknown1Cost","floor":14.0},{"not_picked":["sneckomod:DefensiveFlair","sneckomod:Nope","sneckomod:IronFang"],"picked":"SKIP","floor":15.0},{"not_picked":["sneckomod:MorePower","sneckomod:SoulExchange"],"picked":"sneckomod:UnknownRareSkill","floor":16.0},{"not_picked":["sneckomod:Unknown1Cost","sneckomod:UnknownVulnerable"],"picked":"sneckomod:QuickMove+1","floor":19.0},{"not_picked":["sneckomod:UnknownCommonAttack","sneckomod:SoulRoll+1"],"picked":"sneckomod:UnknownCommonSkill+1","floor":21.0},{"not_picked":["sneckomod:Unknown0Cost","sneckomod:UnknownCommonAttack"],"picked":"sneckomod:ImprovisedGuard","floor":22.0},{"not_picked":["sneckomod:QuickMove","sneckomod:MasterEye"],"picked":"sneckomod:UnknownClassLobotomy","floor":23.0},{"not_picked":["sneckomod:UnknownCommonAttack","sneckomod:UnknownClassGREEN","sneckomod:SoulRoll+1"],"picked":"Singing Bowl","floor":25.0},{"not_picked":["sneckomod:MasterEye","sneckomod:UnknownCommonAttack+1","sneckomod:IronFang+1"],"picked":"Singing Bowl","floor":30.0},{"not_picked":["sneckomod:UnknownCommonSkill","sneckomod:QuickBite","sneckomod:UnknownClassBLUE"],"picked":"Singing Bowl","floor":33.0},{"not_picked":["sneckomod:Unknown2Cost","sneckomod:IronFang","sneckomod:SnakeSap"],"picked":"Singing Bowl","floor":33.0},{"not_picked":["sneckomod:DiceBlock+1","sneckomod:QuickBite"],"picked":"sneckomod:WideSting+1","floor":34.0},{"not_picked":["sneckomod:SoulDraw+1","sneckomod:WideSting","sneckomod:RainOfDice"],"picked":"Singing Bowl","floor":34.0},{"not_picked":["sneckomod:Mudshield","sneckomod:SoulExchange"],"picked":"sneckomod:UnknownRareAttack","floor":35},{"not_picked":["sneckomod:RainOfDice+1","sneckomod:UnknownVulnerable+1","sneckomod:UnknownBlock"],"picked":"Singing Bowl","floor":38},{"not_picked":["sneckomod:IronFang","sneckomod:SoulRoll"],"picked":"sneckomod:UnknownExhaust+1","floor":45},{"not_picked":["sneckomod:RainOfDice","sneckomod:SoulRoll"],"picked":"sneckomod:UnknownStrike+1","floor":45},{"not_picked":["sneckomod:SnakeSap","sneckomod:WideSting+1"],"picked":"sneckomod:UnknownUncommonSkill","floor":47},{"not_picked":["sneckomod:QuickMove","sneckomod:UnknownClassPURPLE+1"],"picked":"sneckomod:Unknown1Cost+1","floor":47},{"not_picked":["sneckomod:ImprovisedAttack+1","sneckomod:UnknownUncommonSkill"],"picked":"sneckomod:UnknownExhaust+1","floor":49},{"not_picked":["sneckomod:UnknownUncommonAttack+1","sneckomod:DefensiveFlair"],"picked":"sneckomod:DiceBoulder+1","floor":49},{"not_picked":["sneckomod:DiceCrush","sneckomod:SoulRoll+1","sneckomod:Nope"],"picked":"Singing Bowl","floor":50},{"not_picked":["sneckomod:IronFang","sneckomod:UnknownStrike+1"],"picked":"sneckomod:DiceCrush+1","floor":50},{"not_picked":["sneckomod:RainOfDice","sneckomod:MorePower"],"picked":"sneckomod:SnekBeam+1","floor":51},{"not_picked":["sneckomod:SerpentIdol+1","sneckomod:QuickBite"],"picked":"sneckomod:SoulDraw+1","floor":51}],"player_experience":281163,"relics_obtained":[{"floor":2.0,"key":"LetterFromLob"},{"floor":7.0,"key":"Tiny Chest"},{"floor":24.0,"key":"Singing Bowl"},{"floor":27.0,"key":"Bottled Flame"},{"floor":35,"key":"RedMistMask"},{"floor":42,"key":"Boot"},{"floor":43,"key":"Oddly Smooth Stone"}],"event_choices":[{"damage_healed":0.0,"max_hp_gain":0.0,"max_hp_loss":0.0,"gold_gain":0.0,"event_name":"Living Wall","player_choice":"Grow","floor":5.0,"gold_loss":0.0,"damage_taken":0.0,"cards_upgraded":["sneckomod:Unknown"]},{"damage_healed":30.0,"max_hp_gain":0.0,"max_hp_loss":0.0,"gold_gain":0.0,"event_name":"Big Fish","player_choice":"Banana","floor":10.0,"gold_loss":0.0,"damage_taken":0.0},{"damage_healed":0.0,"max_hp_gain":0.0,"max_hp_loss":0.0,"gold_gain":0.0,"event_name":"The Library","player_choice":"Read","floor":26.0,"gold_loss":0.0,"damage_taken":0.0,"cards_obtained":["sneckomod:Unknown3Cost"]},{"cards_removed":["sneckomod:QuickMove"],"damage_healed":0,"gold_gain":0,"player_choice":"Purged","damage_taken":0,"max_hp_gain":0,"max_hp_loss":0,"event_name":"Purifier","floor":41,"gold_loss":0},{"damage_healed":0,"gold_gain":0,"player_choice":"Ignored","damage_taken":0,"max_hp_gain":0,"max_hp_loss":0,"event_name":"Mysterious Sphere","floor":48,"gold_loss":0}],"is_beta":false,"boss_relics":[{"not_picked":["Astrolabe","downfall:Hecktoplasm"],"picked":"Pandora\u0027s Box"},{"not_picked":["Snecko Eye","Sozu"],"picked":"Philosopher\u0027s Stone"}],"items_purged_floors":[12],"is_endless":false,"potions_floor_spawned":[9,13,19,21,34,35,45,47,51],"ascension_level":0}}