{"host":"tmf10eeko6je6wes","time":1609372259,"event":{"mods":["AchievementEnabler","BaseMod","Colored Map","Colored Powertips","DeckTracker","Highlight Path","Minty Spire (QoL Compilation)","Permanent Neow","Quick Restart","Relic Sorter","Relic Stats","Shop Mod","StSLib","SuperFastMode","Synergy Search"],"gold_per_floor":[119,134,150,8,26,26,38,53,99,112,112,128,148,168,168,271,271,286,21,39,3,21,21,36,13,13,13,13,112,112,126,126,126,126],"floor_reached":33,"playtime":1140,"items_purged":["Shame"],"score":270,"play_id":"6de6fad3-2956-4cc9-856e-6a817ff5e421","local_time":"20201230185059","is_ascension_mode":false,"campfire_choices":[{"data":"Metamorphosis","floor":6,"key":"SMITH"},{"floor":11,"key":"REST"},{"floor":15,"key":"REST"},{"data":"Apotheosis","floor":23,"key":"SMITH"},{"data":"Worship","floor":30,"key":"SMITH"},{"data":"ForeignInfluence","floor":32,"key":"SMITH"}],"circlet_count":0,"master_deck":["Defend_P","Defend_P","Defend_P","Defend_P","Eruption","Vigilance","Metamorphosis+1","EmptyBody","SandsOfTime","Devotion","Weave","Crescendo","DeceiveReality","Sanctity","Worship+1","Consecrate","ForeignInfluence+1","Weave","DeusExMachina","Study+1","Apotheosis+1","Nirvana","JustLucky","Conclude+1","Fasting2","Adaptation","Nirvana+1","Consecrate","Bite","Bite","Bite","Bite","Bite","Weave+1"],"relics":["PureWater","Damaru","Coffee Dripper","Meat on the Bone","MutagenicStrength"],"acts_visited":["Exordium","TheCity"],"potions_floor_usage":[15,24,33,33],"damage_taken":[{"damage":0,"enemies":"Cultist","floor":1,"turns":2},{"damage":2,"enemies":"2 Louse","floor":2,"turns":2},{"damage":5,"enemies":"Small Slimes","floor":3,"turns":3},{"damage":0,"enemies":"Looter","floor":5,"turns":4},{"damage":7,"enemies":"2 Fungi Beasts","floor":7,"turns":3},{"damage":33,"enemies":"Lots of Slimes","floor":8,"turns":5},{"damage":1,"enemies":"Large Slime","floor":10,"turns":4},{"damage":10,"enemies":"Exordium Thugs","floor":12,"turns":4},{"damage":20,"enemies":"Lots of Slimes","floor":13,"turns":4},{"damage":0,"enemies":"3 Louse","floor":14,"turns":3},{"damage":18,"enemies":"Slime Boss","floor":16,"turns":4},{"damage":15,"enemies":"2 Thieves","floor":18,"turns":5},{"damage":28,"enemies":"Spheric Guardian","floor":20,"turns":6},{"damage":4,"enemies":"Centurion and Healer","floor":22,"turns":6},{"damage":7,"enemies":"Sentry and Sphere","floor":24,"turns":3},{"damage":17,"enemies":"3 Cultists","floor":31,"turns":4},{"damage":32,"enemies":"Collector","floor":33,"turns":2}],"seed_played":"9201927606322425380","potions_obtained":[{"floor":3,"key":"SteroidPotion"},{"floor":8,"key":"Ancient Potion"},{"floor":12,"key":"SteroidPotion"},{"floor":14,"key":"Fruit Juice"},{"floor":16,"key":"SteroidPotion"},{"floor":18,"key":"DistilledChaos"},{"floor":22,"key":"DuplicationPotion"}],"is_trial":false,"path_per_floor":["M","M","M","$","M","R","M","M","T","M","R","M","M","M","R","B",null,"M","$","M","$","M","R","M","$","T","?","?","?","R","M","R","B"],"character_chosen":"WATCHER","items_purchased":["Weave","Apotheosis","Nirvana","JustLucky","Fasting2","Consecrate"],"campfire_rested":2,"item_purchase_floors":[4,19,19,19,21,25],"current_hp_per_floor":[72,70,65,65,65,65,58,25,25,24,45,35,15,15,41,23,77,62,62,34,34,30,30,23,23,23,23,23,23,23,24,24,0,0],"gold":126,"neow_bonus":"RANDOM_COLORLESS_2","is_daily":false,"chose_seed":false,"campfire_upgraded":4,"win_rate":0.0,"timestamp":1609372259,"path_taken":["M","M","?","?","M","R","M","M","T","?","R","M","M","M","R","BOSS","M","$","M","$","M","R","M","$","T","?","?","?","R","M","R","BOSS"],"items_purchased_type":["Card","Card","Card","Card","Card","Card"],"build_version":"2020-12-22","purchased_purges":1,"victory":false,"max_hp_per_floor":[72,72,72,72,72,72,72,72,72,72,72,72,72,72,77,77,77,77,77,77,77,77,77,77,77,77,77,53,53,53,53,53,53,53],"relic_stats":{"counters":[17,64],"obtain_stats":[{"MutagenicStrength":27,"Damaru":9,"Coffee Dripper":17,"PureWater":0,"Meat on the Bone":26},{"MutagenicStrength":15,"Damaru":6,"Coffee Dripper":11,"PureWater":0,"Meat on the Bone":15},{"MutagenicStrength":58,"Damaru":19,"Coffee Dripper":38,"PureWater":0,"Meat on the Bone":58}],"Meat on the Bone":12},"card_choices":[{"not_picked":["Violence","Mayhem"],"picked":"Metamorphosis","floor":0},{"not_picked":["Crescendo","BowlingBash"],"picked":"EmptyBody","floor":1},{"not_picked":["BowlingBash","JustLucky"],"picked":"SandsOfTime","floor":2},{"not_picked":["EmptyMind","Halt"],"picked":"Devotion","floor":3},{"not_picked":["Halt","Protect"],"picked":"Crescendo","floor":5},{"not_picked":["ClearTheMind","Consecrate"],"picked":"DeceiveReality","floor":7},{"not_picked":["BowlingBash","Brilliance"],"picked":"Sanctity","floor":8},{"not_picked":["LikeWater","SashWhip"],"picked":"Worship","floor":10},{"not_picked":["FlyingSleeves","CutThroughFate"],"picked":"Consecrate","floor":12},{"not_picked":["FollowUp","Wireheading"],"picked":"ForeignInfluence","floor":13},{"not_picked":["ReachHeaven","Tantrum"],"picked":"Weave","floor":14},{"not_picked":["ConjureBlade","Devotion"],"picked":"DeusExMachina","floor":16},{"not_picked":["Halt","EmptyFist"],"picked":"Study+1","floor":18},{"not_picked":["ClearTheMind","CrushJoints+1"],"picked":"Conclude+1","floor":20},{"not_picked":["FlyingSleeves","Meditate+1"],"picked":"Adaptation","floor":22},{"not_picked":["Sanctity","WreathOfFlame+1"],"picked":"Nirvana+1","floor":24},{"not_picked":["CrushJoints+1","JustLucky"],"picked":"Weave+1","floor":31}],"player_experience":30805,"relics_obtained":[{"floor":9,"key":"Damaru"},{"floor":26,"key":"Meat on the Bone"}],"event_choices":[{"damage_healed":0,"gold_gain":0,"player_choice":"Inject Mutagens","damage_taken":0,"relics_obtained":["MutagenicStrength"],"max_hp_gain":0,"max_hp_loss":0,"event_name":"Drug Dealer","floor":27,"gold_loss":0},{"damage_healed":0,"gold_gain":0,"player_choice":"Became a vampire","damage_taken":0,"max_hp_gain":0,"max_hp_loss":24,"event_name":"Vampires","floor":28,"gold_loss":0,"cards_obtained":["Bite","Bite","Bite","Bite","Bite"]},{"damage_healed":0,"gold_gain":99,"player_choice":"Stole From Cult","damage_taken":0,"max_hp_gain":0,"max_hp_loss":0,"event_name":"Nest","floor":29,"gold_loss":0}],"is_beta":false,"boss_relics":[{"not_picked":["Empty Cage","Cursed Key"],"picked":"Coffee Dripper"}],"items_purged_floors":[4],"is_endless":false,"potions_floor_spawned":[3,8,12,14,16,18,22],"killed_by":"Collector","ascension_level":0}}