{"host":"phniwng9zo19jwdb","time":1609334798,"event":{"mods":["AchievementEnabler","BaseMod","Colored Powertips","Faster Ascension Climbing","GifTheSpireLib","Jorbs\u0027s Wanderer Trilogy","Minty Spire (QoL Compilation)","Permanent Neow","Rare Cards Sparkle","Somnambulant","StSLib"],"gold_per_floor":[12,12,27,202,215,215,290,319,319,351,367,0,0,34,34,34,34],"floor_reached":16,"playtime":1164,"items_purged":["Doubt"],"score":177,"play_id":"6cc70475-9b52-4388-91a6-419a6ace10db","local_time":"20201230142638","is_ascension_mode":true,"campfire_choices":[{"data":"stsjorbsmod:DeathThroes","floor":6.0,"key":"SMITH"},{"floor":13,"key":"REST"},{"data":"1","floor":15,"key":"LIFT"}],"circlet_count":0,"master_deck":["AscendersBane","stsjorbsmod:ForbiddenGrimoire+1","stsjorbsmod:Strike_Wanderer","stsjorbsmod:Strike_Wanderer","stsjorbsmod:Strike_Wanderer","stsjorbsmod:Defend_Wanderer","stsjorbsmod:Defend_Wanderer","stsjorbsmod:Defend_Wanderer","stsjorbsmod:Defend_Wanderer","stsjorbsmod:FreshAdventure","stsjorbsmod:EyeOfTheStorm","stsjorbsmod:DeathThroes+1","stsjorbsmod:ParryingBlow","stsjorbsmod:BurningFlask","stsjorbsmod:Channel","stsjorbsmod:CorrodingBarrier","stsjorbsmod:MagicMirror","stsjorbsmod:WanderingMind","stsjorbsmod:DeathThroes+1","stsjorbsmod:PurgeMind"],"relics":["stsjorbsmod:GrimoireRelic","Du-Vu Doll","Girya","stsjorbsmod:BottledMemoryRelic","DollysMirror","Juzu Bracelet","PreservedInsect"],"acts_visited":["Exordium"],"potions_floor_usage":[],"damage_taken":[{"damage":4.0,"enemies":"Cultist","floor":1.0,"turns":4.0},{"damage":5.0,"enemies":"2 Louse","floor":3.0,"turns":2.0},{"damage":5.0,"enemies":"Jaw Worm","floor":5.0,"turns":4.0},{"damage":12.0,"enemies":"3 Sentries","floor":8.0,"turns":7.0},{"damage":25.0,"enemies":"Lagavulin","floor":10.0,"turns":6.0},{"damage":1,"enemies":"Lots of Slimes","floor":11,"turns":3},{"damage":3,"enemies":"3 Sentries","floor":14,"turns":4},{"damage":26,"enemies":"Hexaghost","floor":16,"turns":14}],"seed_played":"6052043505800102257","potions_obtained":[{"floor":5.0,"key":"Weak Potion"},{"floor":10.0,"key":"BlessingOfTheForge"}],"is_trial":false,"path_per_floor":["M","?","M","?","M","R","?","E","T","E","M","$","R","E","R","B"],"character_chosen":"WANDERER","items_purchased":["DollysMirror","Juzu Bracelet"],"campfire_rested":1,"item_purchase_floors":[12,12],"current_hp_per_floor":[59,59,55,55,52,52,41,35,35,11,12,12,33,33,33,7,7],"gold":34,"neow_bonus":"THREE_RARE_CARDS","is_daily":false,"chose_seed":false,"campfire_upgraded":1,"win_rate":0.0,"timestamp":1609334798,"path_taken":["M","?","M","?","M","R","?","E","T","E","M","$","R","E","R","BOSS"],"items_purchased_type":["Relic","Relic"],"build_version":"2020-12-22","purchased_purges":1,"victory":false,"max_hp_per_floor":[68,68,68,68,68,68,68,70,70,70,70,70,70,70,70,70,70],"card_choices":[{"not_picked":["stsjorbsmod:Entangle","stsjorbsmod:Feast"],"picked":"stsjorbsmod:DeathThroes","floor":0.0},{"not_picked":["stsjorbsmod:WeightOfMemory","stsjorbsmod:Inferno"],"picked":"stsjorbsmod:ParryingBlow","floor":1.0},{"not_picked":["stsjorbsmod:FracturedMind","stsjorbsmod:Firebolt"],"picked":"stsjorbsmod:BurningFlask","floor":3.0},{"not_picked":["stsjorbsmod:ChainLightning","stsjorbsmod:WeightOfMemory"],"picked":"stsjorbsmod:Channel","floor":5.0},{"not_picked":["stsjorbsmod:ParryingBlow","stsjorbsmod:DoubleCheck"],"picked":"stsjorbsmod:CorrodingBarrier","floor":8.0},{"not_picked":["stsjorbsmod:Firebolt","stsjorbsmod:Will"],"picked":"stsjorbsmod:MagicMirror","floor":10.0},{"not_picked":["stsjorbsmod:Message","stsjorbsmod:MagicMissiles"],"picked":"stsjorbsmod:WanderingMind","floor":11},{"not_picked":["stsjorbsmod:BlackTentacles","stsjorbsmod:Firebolt"],"picked":"stsjorbsmod:PurgeMind","floor":14}],"player_experience":31754,"relics_obtained":[{"floor":8.0,"key":"Du-Vu Doll"},{"floor":9.0,"key":"Girya"},{"floor":10.0,"key":"stsjorbsmod:BottledMemoryRelic"},{"floor":14,"key":"PreservedInsect"}],"event_choices":[{"cards_removed":["stsjorbsmod:Strike_Wanderer"],"damage_healed":0.0,"max_hp_gain":0.0,"max_hp_loss":0.0,"gold_gain":0.0,"event_name":"Living Wall","player_choice":"Forget","floor":2.0,"gold_loss":0.0,"damage_taken":0.0},{"damage_healed":0.0,"max_hp_gain":0.0,"max_hp_loss":0.0,"gold_gain":175.0,"event_name":"Liars Game","player_choice":"AGREE","floor":4.0,"gold_loss":0.0,"damage_taken":0.0,"cards_obtained":["Doubt"]},{"damage_healed":0.0,"max_hp_gain":0.0,"max_hp_loss":0.0,"gold_gain":75.0,"event_name":"World of Goop","player_choice":"Gather Gold","floor":7.0,"gold_loss":0.0,"damage_taken":11.0}],"is_beta":false,"boss_relics":[],"items_purged_floors":[12],"is_endless":false,"potions_floor_spawned":[5,10],"killed_by":"Hexaghost","ascension_level":10}}