{"host":"acpsw8r33r8788yr","time":1609357839,"event":{"mods":["BaseMod","Better Altar","Better Skull","Better Third Choice","BetterRewards","Colored Map","Downfall","Hermit","Highlight Path","Hubris","Minty Spire (QoL Compilation)","Quick Restart","Replay The Spire","Robot Space Explorer","Shop Mod","StSLib","SuperFastMode","The Animator","The Bug Knight","The Construct","The Cursed","The Disciple","The Jungle","The Runesmith","The Senshi"],"gold_per_floor":[111,125,125,125,137,162,162,191,216,216,216,242,242,253,253,253,253],"floor_reached":16,"playtime":603,"items_purged":[],"score":118,"play_id":"1aea23ea-58b5-425c-bf08-7117d07ad014","local_time":"20201230115039","is_ascension_mode":false,"campfire_choices":[{"data":"HollowMod:InfectedAttack","floor":7,"key":"SMITH"},{"data":"HollowMod:NewJinnsSoul","floor":10,"key":"SMITH"},{"floor":15,"key":"REST"}],"circlet_count":0,"master_deck":["HollowMod:NailStrikeStart","HollowMod:NailStrikeStart","HollowMod:NailStrikeStart","HollowMod:NailStrikeStart","HollowMod:QuickDashStart","HollowMod:QuickDashStart","HollowMod:QuickDashStart","HollowMod:QuickDashStart","HollowMod:FocusHealStart","HollowMod:PogoStrike","HollowMod:DungDefenderAura","HollowMod:NewJinnsSoul+1","HollowMod:InfectedAttack+1","HollowMod:InfectionAssault","animator:Curse_GriefSeed","HollowMod:SiblingsSouls"],"relics":["HollowMod:VesselMask","NeowsBlessing","ReplayTheSpireMod:TigerMarble","hubris:CuriousFeather","PreservedInsect","HornCleat"],"acts_visited":["Exordium"],"potions_floor_usage":[6,16,16],"damage_taken":[{"damage":0,"enemies":"Cultist","floor":1,"turns":1},{"damage":0,"enemies":"Small Slimes","floor":2,"turns":1},{"damage":0,"enemies":"Jaw Worm","floor":5,"turns":1},{"damage":42,"enemies":"Lagavulin","floor":6,"turns":9},{"damage":22,"enemies":"Gremlin Nob","floor":8,"turns":4},{"damage":4,"enemies":"Replay:BlueRogue","floor":12,"turns":3},{"damage":6,"enemies":"Blue Slaver","floor":14,"turns":3},{"damage":38,"enemies":"Slime Boss","floor":16,"turns":3}],"seed_played":"-6715572298480604637","potions_obtained":[{"floor":2,"key":"Block Potion"},{"floor":6,"key":"ColorlessPotion"},{"floor":14,"key":"ColorlessPotion"}],"is_trial":false,"path_per_floor":["M","M","$","?","M","E","R","E","T","R","T","E","?","M","R","B"],"character_chosen":"THE_BUGKNIGHT","items_purchased":[],"campfire_rested":1,"item_purchase_floors":[],"current_hp_per_floor":[75,75,75,75,75,42,42,20,20,20,20,22,22,16,38,0,0],"gold":253,"neow_bonus":"THREE_ENEMY_KILL","is_daily":false,"chose_seed":false,"campfire_upgraded":2,"win_rate":0.0,"timestamp":1609357839,"path_taken":["M","?","$","?","M","E","R","E","T","R","?","E","?","M","R","BOSS"],"items_purchased_type":[],"build_version":"2020-12-22","purchased_purges":0,"victory":false,"max_hp_per_floor":[75,75,75,75,75,75,75,75,75,75,75,75,75,75,75,75,75],"card_choices":[{"not_picked":["HollowMod:NewLittleFool","HollowMod:WraithStrike"],"picked":"HollowMod:DungDefenderAura","floor":1},{"not_picked":["HollowMod:NewLittleFool","HollowMod:VengefulVoid"],"picked":"HollowMod:NewJinnsSoul","floor":2},{"not_picked":["HollowMod:SoulStrike","HollowMod:DesolateDive","HollowMod:ShadowDash"],"picked":"SKIP","floor":5},{"not_picked":["HollowMod:InfectedAttack","HollowMod:VengefulVoid"],"picked":"HollowMod:InfectionAssault","floor":6},{"not_picked":["HollowMod:GrimmsGift","HollowMod:SoulEater","HollowMod:SiblingsShadow"],"picked":"SKIP","floor":8},{"not_picked":["HollowMod:NewJinnsSoul","HollowMod:DesolateDive","HollowMod:CloakDash"],"picked":"SKIP","floor":12},{"not_picked":["HollowMod:PureVessel","HollowMod:WraithStrike"],"picked":"HollowMod:SiblingsSouls","floor":14}],"player_experience":409302,"relics_obtained":[{"floor":6,"key":"ReplayTheSpireMod:TigerMarble"},{"floor":8,"key":"hubris:CuriousFeather"},{"floor":11,"key":"PreservedInsect"},{"floor":12,"key":"HornCleat"}],"event_choices":[{"damage_healed":0,"gold_gain":0,"player_choice":"1 cards matched","damage_taken":0,"max_hp_gain":0,"max_hp_loss":0,"event_name":"Match and Keep!","floor":13,"gold_loss":0,"cards_obtained":["animator:Curse_GriefSeed"]}],"is_beta":false,"boss_relics":[],"items_purged_floors":[],"is_endless":false,"potions_floor_spawned":[2,6,14],"killed_by":"Slime Boss","ascension_level":0}}