{"host":"bnl7o5cb2omwu7ka","time":1609312559,"event":{"mods":["AchievementEnabler","Alarm Clock","BaseMod","BetterRewards","Block Reminder","Colored Map","Colored Powertips","Conspire","Curses Come First","Defective Defect","Downfall","Energized Spire","Googly Eyes","Highlight Path","Hyrulean Relics","Infinite Spire","Ironclad Rager","Jedi Mod","Jess\u0027s Bottle","Mimic Mod","Minty Spire (QoL Compilation)","Permanent Neow","Quick Restart","Rare Cards Sparkle","Relic Stats","Replay The Spire","Spicy Shops","Spikes Relics","Spire Birthday Party","StSLib","The IronCluck","Wandering Minibosses","egg","everything is the same but u backflip on backflip","slay the spire mod where everything is the same but ironclad has a cowboy hat"],"gold_per_floor":[99,99,54,54,71,96,96,112,112,132,164,164,175,190,209,209,209,209],"floor_reached":16,"playtime":3511,"items_purged":[],"score":102,"play_id":"83e35288-f866-4037-8efd-3766f21d5631","local_time":"20201230021559","is_ascension_mode":false,"campfire_choices":[{"data":"champ:Taunt","floor":1,"key":"SMITH"},{"data":"champ:CalledShot","floor":12,"key":"SMITH"}],"circlet_count":0,"master_deck":["champ:Strike","champ:Strike","champ:Strike","champ:Strike","champ:Defend","champ:Defend","champ:Defend","champ:Defend","champ:Execute","champ:Taunt+1","champ:Backstep","champ:CalledShot+1","champ:Circumvent","champ:StanceDance","champ:DefensiveStyle","champ:Shatter","champ:BringItOn","champ:DefensiveShout","champ:ViciousMockery","champ:Haymaker","champ:FaceSlap","champ:CrookedStrike"],"relics":["champ:ChampionCrown","downfall:HeartsMalice","conspire:BottledYoYo","champ:FightingForDummies","Vajra"],"acts_visited":["Exordium"],"potions_floor_usage":[],"damage_taken":[{"damage":0,"enemies":"Jaw Worm","floor":2,"turns":1},{"damage":0,"enemies":"downfall:FleeingMerchant","floor":3,"turns":1},{"damage":0,"enemies":"Cultist","floor":4,"turns":1},{"damage":8,"enemies":"2 Louse","floor":5,"turns":3},{"damage":53,"enemies":"3 Sentries","floor":6,"turns":10},{"damage":15,"enemies":"Large Slime","floor":8,"turns":8},{"damage":0,"enemies":"Blue Slaver","floor":10,"turns":4},{"damage":13,"enemies":"Gremlin Gang","floor":11,"turns":7},{"damage":5,"enemies":"Gremlin Gang","floor":13,"turns":6},{"damage":5,"enemies":"Red Slaver","floor":14,"turns":3},{"damage":15,"enemies":"Large Slime","floor":15,"turns":5},{"damage":38,"enemies":"downfall:Defect","floor":16,"turns":5}],"seed_played":"7508959479828407237","potions_obtained":[{"floor":5,"key":"LiquidBronze"},{"floor":6,"key":"champ:OpenerPotion"},{"floor":13,"key":"champ:OpenerPotion"}],"is_trial":false,"path_per_floor":["R","M","$","M","M","E","T","M","?","M","MIM","R","M","M","M","B"],"character_chosen":"THE_CHAMP","items_purchased":["champ:Circumvent"],"campfire_rested":0,"item_purchase_floors":[3],"current_hp_per_floor":[90,90,90,90,90,55,55,50,50,50,47,47,47,47,37,0,0,0],"gold":209,"neow_bonus":"THREE_ENEMY_KILL","is_daily":false,"chose_seed":false,"campfire_upgraded":2,"win_rate":0.0,"timestamp":1609312559,"path_taken":["R","M","$","M","M","E","T","M","?","M","?","R","M","?","M","BOSS"],"items_purchased_type":["Card"],"build_version":"2020-12-22","purchased_purges":0,"victory":false,"max_hp_per_floor":[90,90,90,90,90,90,90,90,90,90,90,90,90,90,90,90,90,90],"relic_stats":{"counters":[12,51],"obtain_stats":[{"Vajra":11,"champ:ChampionCrown":0,"downfall:HeartsMalice":0,"conspire:BottledYoYo":6,"champ:FightingForDummies":7},{"Vajra":8,"champ:ChampionCrown":0,"downfall:HeartsMalice":0,"conspire:BottledYoYo":5,"champ:FightingForDummies":5},{"Vajra":32,"champ:ChampionCrown":0,"downfall:HeartsMalice":0,"conspire:BottledYoYo":13,"champ:FightingForDummies":13}]},"card_choices":[{"not_picked":["champ:FocusedGladiator","champ:FlashCut"],"picked":"champ:Backstep","floor":2},{"not_picked":["champ:FlashCut","champ:AdrenalArmor"],"picked":"champ:CalledShot","floor":3},{"not_picked":["champ:GladiatorsShout","champ:BladeFlurry"],"picked":"champ:StanceDance","floor":4},{"not_picked":["champ:TornadoPunch","champ:GutPunch"],"picked":"champ:DefensiveStyle","floor":5},{"not_picked":["champ:Encircle","champ:HeavySlash"],"picked":"champ:Shatter","floor":6},{"not_picked":["champ:FlashCut","champ:Riposte"],"picked":"champ:BringItOn","floor":8},{"not_picked":["champ:CrookedStrike","champ:BringItOn"],"picked":"champ:DefensiveShout","floor":10},{"not_picked":["champ:BerserkerStyle","champ:CrookedStrike"],"picked":"champ:ViciousMockery","floor":11},{"not_picked":["champ:Shatter","champ:CalledShot"],"picked":"champ:Haymaker","floor":13},{"not_picked":["champ:DefensiveShout","champ:BerserkersShout"],"picked":"champ:FaceSlap","floor":14},{"not_picked":["champ:StanceDance","champ:PerfectedStrike"],"picked":"champ:CrookedStrike","floor":15}],"player_experience":191559,"relics_obtained":[{"floor":6,"key":"conspire:BottledYoYo"},{"floor":7,"key":"champ:FightingForDummies"},{"floor":11,"key":"Vajra"}],"event_choices":[],"is_beta":false,"boss_relics":[],"items_purged_floors":[],"is_endless":false,"potions_floor_spawned":[5,6,13,14,15],"killed_by":"downfall:Defect","ascension_level":0}}