{"host":"qgru5siit3fz0wh9","time":1609346810,"event":{"mods":["AchievementEnabler","BaseMod","Highlight Path","Minty Spire (QoL Compilation)"],"gold_per_floor":[116,133,133,147,161,161,16,291,291,302,302,302],"floor_reached":11,"playtime":456,"items_purged":[],"score":75,"play_id":"7eaf3e04-43b0-4d16-b4db-f1d0f24b4a56","local_time":"20201230174650","is_ascension_mode":true,"campfire_choices":[{"data":"Dualcast","floor":6,"key":"SMITH"}],"circlet_count":0,"master_deck":["Strike_B","Strike_B","Strike_B","Strike_B","Defend_B","Defend_B","Defend_B","Defend_B","Zap","Dualcast+1","Cold Snap","Coolheaded","Sweeping Beam","Regret","Defragment"],"relics":["Runic Pyramid","Membership Card","Question Card"],"acts_visited":["Exordium"],"potions_floor_usage":[10,10],"damage_taken":[{"damage":0,"enemies":"Small Slimes","floor":1,"turns":2},{"damage":0,"enemies":"Cultist","floor":2,"turns":4},{"damage":0,"enemies":"Jaw Worm","floor":4,"turns":4},{"damage":7,"enemies":"Large Slime","floor":5,"turns":8},{"damage":26,"enemies":"Exordium Wildlife","floor":10,"turns":4},{"damage":46,"enemies":"Lagavulin","floor":11,"turns":8}],"seed_played":"8544520853093612240","potions_obtained":[{"floor":2,"key":"Dexterity Potion"},{"floor":5,"key":"AttackPotion"}],"is_trial":false,"path_per_floor":["M","M","?","M","M","R","$","?","T","M","E"],"character_chosen":"DEFECT","items_purchased":["Membership Card"],"campfire_rested":0,"item_purchase_floors":[7],"current_hp_per_floor":[75,75,75,75,68,68,68,68,68,42,0,0],"gold":302,"neow_bonus":"BOSS_RELIC","is_daily":false,"chose_seed":false,"campfire_upgraded":1,"win_rate":0.0,"timestamp":1609346810,"path_taken":["M","M","?","M","M","R","?","?","T","M","E"],"items_purchased_type":["Relic"],"build_version":"2020-12-22","purchased_purges":0,"victory":false,"max_hp_per_floor":[75,75,75,75,75,75,75,75,75,75,75,75],"card_choices":[{"not_picked":["Beam Cell","Stack"],"picked":"Cold Snap","floor":1},{"not_picked":["Barrage","Hologram"],"picked":"Rebound","floor":2},{"not_picked":["Force Field","Genetic Algorithm"],"picked":"Coolheaded","floor":4},{"not_picked":["White Noise","Ball Lightning"],"picked":"Sweeping Beam","floor":5},{"not_picked":["Doom and Gloom","Melter","Streamline"],"picked":"Defragment","floor":10}],"player_experience":358425,"relics_obtained":[{"floor":9,"key":"Question Card"}],"event_choices":[{"cards_removed":["Rebound"],"damage_healed":5,"gold_gain":0,"player_choice":"Offered Common","damage_taken":0,"max_hp_gain":0,"max_hp_loss":0,"event_name":"Bonfire Elementals","floor":3,"gold_loss":0},{"cards_removed":["Rebound"],"damage_healed":5,"gold_gain":0,"player_choice":"Offered Special","damage_taken":0,"max_hp_gain":0,"max_hp_loss":0,"event_name":"Bonfire Elementals","floor":3,"gold_loss":0},{"damage_healed":0,"gold_gain":275,"player_choice":"Desecrate","damage_taken":0,"max_hp_gain":0,"max_hp_loss":0,"event_name":"Golden Shrine","floor":8,"gold_loss":0,"cards_obtained":["Regret"]}],"is_beta":false,"boss_relics":[],"items_purged_floors":[],"is_endless":false,"potions_floor_spawned":[2,5],"killed_by":"Lagavulin","ascension_level":3}}