{"host":"e87rn453naquue3h","time":1609286992,"event":{"mods":["AchievementEnabler","BaseMod","Downfall","Minty Spire (QoL Compilation)","StSLib"],"gold_per_floor":[0,14,34,50,200,200,200,125,145,173,173,173,196,215,229,326,326,326,345,345,255,61,61,61,90,190,215,315,315,315,333,350,445,445,445,458,458,474,491,226,226,226,244,257,257,282,297,16,27,27],"floor_reached":51,"playtime":12737,"items_purged":["Regret","Slimebound:Icky","champ:Strike"],"score":896,"play_id":"15ae077f-cdcd-4d61-9a9d-5b314bb550f8","local_time":"20201229190952","is_ascension_mode":true,"campfire_choices":[{"data":"champ:Taunt","floor":1.0,"key":"SMITH"},{"data":"champ:SwordThrow","floor":6.0,"key":"SMITH"},{"data":"champ:RecklessLeap","floor":8.0,"key":"SMITH"},{"data":"champ:Duel","floor":18.0,"key":"SMITH"},{"data":"champ:PerfectForm","floor":23.0,"key":"SMITH"},{"data":"champ:ShieldSlam","floor":30.0,"key":"SMITH"},{"data":"champ:PerfectForm","floor":35,"key":"SMITH"},{"data":"champ:HeavySlash","floor":42,"key":"SMITH"},{"floor":45,"key":"REST"}],"circlet_count":0,"master_deck":["champ:Strike","champ:Strike","champ:Strike","champ:Defend+1","champ:Defend","champ:Defend","champ:Execute+1","champ:Taunt+1","champ:SwordThrow+1","champ:ShieldSigil+1","champ:RecklessLeap+1","champ:EndlessRage+1","champ:HeartStrike+1","champ:Duel+1","champ:PerfectForm+1","champ:BerserkersShout+1","champ:ShieldSlam+1","champ:BerserkerStyle+1","champ:Aggression+1","champ:SwordSigil+1","champ:PerfectForm+1","champ:HeavySlash+1","champ:BerserkerStyle+1","champ:IgnorePain"],"relics":["champ:ChampionCrownUpgraded","downfall:HeartBlessingBlue","Happy Flower","champ:LiftRelic","champ:FightingForDummies","Pantograph","Lee\u0027s Waffle","Darkstone Periapt","War Paint","champ:BlackKnightHelmet","Ornamental Fan","Dream Catcher","Snecko Eye","champ:GladiatorsBookOfMartialProwess","PreservedInsect","Potion Belt"],"acts_visited":["Exordium","TheCity","TheBeyond"],"potions_floor_usage":[43,47,50,50,50],"damage_taken":[{"damage":5.0,"enemies":"2 Louse","floor":2.0,"turns":1.0},{"damage":10.0,"enemies":"Cultist","floor":3.0,"turns":4.0},{"damage":11.0,"enemies":"Small Slimes","floor":4.0,"turns":4.0},{"damage":37.0,"enemies":"3 Louse","floor":9.0,"turns":3.0},{"damage":33.0,"enemies":"3 Sentries","floor":10.0,"turns":7.0},{"damage":23.0,"enemies":"Exordium Thugs","floor":14.0,"turns":1.0},{"damage":32.0,"enemies":"Large Slime","floor":15.0,"turns":2.0},{"damage":57.0,"enemies":"downfall:Silent","floor":16.0,"turns":7.0},{"damage":34.0,"enemies":"Chosen","floor":19.0,"turns":2.0},{"damage":54.0,"enemies":"downfall:FleeingMerchant","floor":21.0,"turns":4.0},{"damage":61.0,"enemies":"downfall:FleeingMerchant","floor":22.0,"turns":4.0},{"damage":45.0,"enemies":"Slavers","floor":25.0,"turns":2.0},{"damage":84.0,"enemies":"Slavers","floor":26.0,"turns":4.0},{"damage":51.0,"enemies":"Book of Stabbing","floor":27.0,"turns":2.0},{"damage":0.0,"enemies":"Snake Plant","floor":29.0,"turns":1.0},{"damage":40.0,"enemies":"Sentry and Sphere","floor":31.0,"turns":2.0},{"damage":65.0,"enemies":"3 Cultists","floor":32.0,"turns":4.0},{"damage":83,"enemies":"downfall:Ironclad","floor":33,"turns":4},{"damage":56,"enemies":"3 Darklings","floor":36,"turns":2},{"damage":49,"enemies":"Orb Walker","floor":38,"turns":2},{"damage":89,"enemies":"Maw","floor":39,"turns":5},{"damage":111,"enemies":"Transient","floor":43,"turns":5},{"damage":41,"enemies":"Writhing Mass","floor":44,"turns":3},{"damage":46,"enemies":"Nemesis","floor":46,"turns":3},{"damage":69,"enemies":"Sphere and 2 Shapes","floor":47,"turns":3},{"damage":109,"enemies":"Transient","floor":49,"turns":5},{"damage":71,"enemies":"downfall:Defect","floor":50,"turns":4}],"seed_played":"4545729663001900114","potions_obtained":[{"floor":4.0,"key":"Block Potion"},{"floor":9.0,"key":"Energy Potion"},{"floor":15.0,"key":"EssenceOfSteel"},{"floor":16.0,"key":"Explosive Potion"},{"floor":25.0,"key":"SmokeBomb"},{"floor":31.0,"key":"champ:CounterPotion"},{"floor":32.0,"key":"champ:TechniquePotion"},{"floor":38,"key":"GamblersBrew"},{"floor":44,"key":"GamblersBrew"},{"floor":47,"key":"Dexterity Potion"},{"floor":49,"key":"SpeedPotion"}],"is_trial":false,"path_per_floor":["R","M","M","M","?","R","T","R","M","E","?","?","T","M","M","B",null,"R","M","?","$","$","R","T","E","?","E","?","M","R","M","M","B",null,"R","M","?","M","M","$","T","R","M","M","R","E","M","$","M","B",null],"character_chosen":"THE_CHAMP","items_purchased":["Pantograph","Lee\u0027s Waffle","champ:HeavySlash","Potion Belt","Regen Potion","champ:OpenerPotion"],"campfire_rested":1,"item_purchase_floors":[22,22,40,48,48,48],"current_hp_per_floor":[90,90,89,87,87,87,87,97,94,75,75,75,75,75,75,57,100,100,95,95,91,107,107,107,105,93,93,93,93,93,93,75,94,107,107,107,107,103,103,103,103,103,86,86,107,107,90,90,90,107],"gold":27,"neow_bonus":"THREE_RARE_CARDS","is_daily":false,"chose_seed":false,"campfire_upgraded":8,"win_rate":0.0,"timestamp":1609286992,"path_taken":["R","M","M","M","?","R","T","R","M","E","?","?","?","M","M","BOSS","R","M","?","?","$","R","T","E","?","E","?","M","R","M","M","BOSS","R","M","?","?","M","$","T","R","M","M","R","E","M","$","M","BOSS"],"items_purchased_type":["Relic","Relic","Card","Relic","Potion","Potion"],"build_version":"2020-12-22","purchased_purges":3,"victory":true,"max_hp_per_floor":[90,90,90,90,90,90,90,100,100,100,100,100,100,100,100,100,100,100,100,100,100,107,107,107,107,107,107,107,107,107,107,107,107,107,107,107,107,107,107,107,107,107,107,107,107,107,107,107,107,107],"card_choices":[{"not_picked":["champ:ShieldSlam","champ:MurderStrike"],"picked":"champ:SwordThrow","floor":0.0},{"not_picked":["champ:GladiatorsShout","champ:FlashCut"],"picked":"champ:ShieldSigil","floor":2.0},{"not_picked":["champ:StanceDance","champ:ShieldSigil","champ:BladeFlurry"],"picked":"SKIP","floor":3.0},{"not_picked":["champ:ViciousMockery","champ:Circumvent"],"picked":"champ:RecklessLeap","floor":4.0},{"not_picked":["champ:PerfectedStrike","champ:CrownThrow"],"picked":"champ:EndlessRage","floor":9.0},{"not_picked":["champ:AdrenalArmor","champ:StanceDance"],"picked":"champ:HeartStrike","floor":10.0},{"not_picked":["champ:FalseCounter","champ:TornadoPunch","champ:Backstep"],"picked":"SKIP","floor":14.0},{"not_picked":["champ:Circumvent","champ:GladiatorStyle"],"picked":"champ:Duel","floor":15.0},{"not_picked":["champ:CheapShot","champ:EnchantSword"],"picked":"champ:PerfectForm","floor":16.0},{"not_picked":["champ:BladeFlurry","champ:StanceDance"],"picked":"champ:BerserkersShout+1","floor":19.0},{"not_picked":["champ:Backstep","champ:ShieldWall"],"picked":"champ:BerserkerStyle+1","floor":21.0},{"not_picked":["champ:FocusedGladiator+1","champ:Circumvent","champ:Backstep"],"picked":"SKIP","floor":22.0},{"not_picked":["champ:Circumvent+1","champ:FalseCounter+1","champ:StrikeOfGenius"],"picked":"SKIP","floor":25.0},{"not_picked":["champ:FightOn","champ:Backstep+1"],"picked":"champ:Aggression+1","floor":27.0},{"not_picked":["champ:Circumvent+1","champ:Haymaker","champ:StanceDance"],"picked":"SKIP","floor":31.0},{"not_picked":["champ:Shatter+1","champ:FalseCounter"],"picked":"champ:SwordSigil","floor":32.0},{"not_picked":["champ:SteelEdge","champ:CrownThrow"],"picked":"champ:PerfectForm","floor":33},{"not_picked":["champ:Circumvent","champ:Shatter","champ:FaceSlap"],"picked":"SKIP","floor":36},{"not_picked":["champ:Balance","champ:Riposte","champ:BladeFlurry+1"],"picked":"SKIP","floor":38},{"not_picked":["champ:CrookedStrike","champ:EnGarde","champ:ShieldSigil+1"],"picked":"SKIP","floor":39},{"not_picked":["champ:DefensiveShout+1","champ:SkillfulDodge","champ:TornadoPunch+1"],"picked":"SKIP","floor":43},{"not_picked":["champ:ShieldSigil","champ:FanOfKnives"],"picked":"champ:BerserkerStyle+1","floor":44},{"not_picked":["champ:HeartStrike","champ:FightOn","champ:Backstep+1"],"picked":"SKIP","floor":46},{"not_picked":["champ:AdrenalArmor+1","champ:ViciousMockery+1"],"picked":"champ:IgnorePain","floor":47},{"not_picked":["champ:BladeFlurry","champ:FlashCut+1","champ:Haymaker+1"],"picked":"SKIP","floor":49}],"player_experience":2440822,"relics_obtained":[{"floor":10.0,"key":"Happy Flower"},{"floor":13.0,"key":"champ:FightingForDummies"},{"floor":24.0,"key":"Darkstone Periapt"},{"floor":25.0,"key":"War Paint"},{"floor":26.0,"key":"champ:BlackKnightHelmet"},{"floor":26.0,"key":"Ornamental Fan"},{"floor":27.0,"key":"Dream Catcher"},{"floor":41,"key":"champ:GladiatorsBookOfMartialProwess"},{"floor":46,"key":"PreservedInsect"}],"event_choices":[{"damage_healed":0.0,"max_hp_gain":0.0,"max_hp_loss":0.0,"gold_gain":0.0,"cards_transformed":["champ:Defend"],"event_name":"Transmorgrifier","player_choice":"Transformed","floor":20.0,"gold_loss":0.0,"damage_taken":0.0,"cards_obtained":["champ:ShieldSlam"]},{"damage_healed":0,"gold_gain":0,"player_choice":"Forge","damage_taken":0,"max_hp_gain":0,"max_hp_loss":0,"event_name":"Accursed Blacksmith","floor":37,"gold_loss":0,"cards_upgraded":["champ:SwordSigil"]}],"is_beta":false,"boss_relics":[{"not_picked":["downfall:Hecktoplasm","Sozu"],"picked":"champ:ChampionCrownUpgraded"},{"not_picked":["Runic Pyramid","Tiny House"],"picked":"Snecko Eye"}],"items_purged_floors":[21,22,40],"is_endless":false,"potions_floor_spawned":[4,9,15,16,25,31,32,38,44,47,49],"ascension_level":2}}