{"host":"3jjxuhjpio8e4zkv","time":1609369838,"event":{"mods":["BaseMod","Colored Map","Highlight Path","Minty Spire (QoL Compilation)","Permanent Neow","Relic Stats","StSLib"],"gold_per_floor":[116,128,147,164,176,176,207,207,207,284,298,25,25,55,55,132,132,146,163,193,193,193],"floor_reached":21,"playtime":938,"items_purged":["Strike_G"],"score":462,"play_id":"4cf13e43-e787-4ab0-bc55-da1c5e1bad76","local_time":"20201230181038","is_ascension_mode":true,"campfire_choices":[{"data":"Dagger Spray","floor":6.0,"key":"SMITH"},{"floor":8.0,"key":"REST"},{"data":"Blade Dance","floor":13.0,"key":"SMITH"},{"data":"A Thousand Cuts","floor":15.0,"key":"SMITH"}],"circlet_count":0,"master_deck":["AscendersBane","Strike_G","Strike_G","Strike_G","Strike_G","Defend_G","Defend_G","Defend_G","Defend_G","Defend_G","Survivor","Neutralize","Sucker Punch","Endless Agony","Footwork","Blur","Dagger Spray+1","Blade Dance+1","Flechettes","A Thousand Cuts+1","Die Die Die","Dodge and Roll+1","Backflip+1"],"relics":["Ring of the Snake","Potion Belt","Oddly Smooth Stone","Bag of Marbles","Kunai","Membership Card","Odd Mushroom","Black Star","Red Mask"],"acts_visited":["Exordium","TheCity"],"potions_floor_usage":[16,18,19],"damage_taken":[{"damage":1.0,"enemies":"Cultist","floor":1.0,"turns":4.0},{"damage":3.0,"enemies":"Jaw Worm","floor":2.0,"turns":5.0},{"damage":7.0,"enemies":"2 Louse","floor":3.0,"turns":2.0},{"damage":6.0,"enemies":"Lots of Slimes","floor":4.0,"turns":8.0},{"damage":0.0,"enemies":"Large Slime","floor":5.0,"turns":5.0},{"damage":39.0,"enemies":"Lagavulin","floor":7.0,"turns":10.0},{"damage":0.0,"enemies":"Looter","floor":11.0,"turns":3.0},{"damage":1.0,"enemies":"The Mushroom Lair","floor":14.0,"turns":6.0},{"damage":0,"enemies":"Slime Boss","floor":16,"turns":6},{"damage":3,"enemies":"Spheric Guardian","floor":18,"turns":3},{"damage":33,"enemies":"Shell Parasite","floor":19,"turns":4},{"damage":0,"enemies":"Masked Bandits","floor":20,"turns":2},{"damage":34,"enemies":"Shelled Parasite and Fungi","floor":21,"turns":6}],"seed_played":"-4375530220980862883","potions_obtained":[{"floor":2.0,"key":"EssenceOfSteel"},{"floor":4.0,"key":"Fire Potion"},{"floor":5.0,"key":"Explosive Potion"},{"floor":11.0,"key":"Regen Potion"},{"floor":14.0,"key":"SkillPotion"},{"floor":18,"key":"Dexterity Potion"}],"is_trial":false,"path_per_floor":["M","M","M","M","M","R","E","R","T","T","M","$","R","?","R","B",null,"M","M","?","M"],"character_chosen":"THE_SILENT","items_purchased":["Membership Card","BlessingOfTheForge","LiquidMemories"],"campfire_rested":1,"item_purchase_floors":[12,12,12],"current_hp_per_floor":[58,55,48,42,42,42,3,22,22,22,22,22,22,36,36,36,59,56,23,23,0,0],"gold":193,"neow_bonus":"RANDOM_COMMON_RELIC","is_daily":false,"chose_seed":false,"campfire_upgraded":3,"win_rate":0.0,"timestamp":1609369838,"path_taken":["M","M","M","M","M","R","E","R","T","?","M","$","R","?","R","BOSS","M","M","?","M"],"items_purchased_type":["Relic","Potion","Potion"],"build_version":"2020-12-22","purchased_purges":1,"victory":false,"max_hp_per_floor":[66,66,66,66,66,66,66,66,66,66,66,66,66,66,66,66,66,66,66,66,66,66],"relic_stats":{"counters":[13,64],"Black Star":0,"Kunai":[19],"obtain_stats":[{"Potion Belt":0,"Oddly Smooth Stone":7,"Bag of Marbles":9,"Black Star":17,"Red Mask":20,"Kunai":10,"Membership Card":12,"Odd Mushroom":14,"Ring of the Snake":0},{"Potion Belt":0,"Oddly Smooth Stone":6,"Bag of Marbles":6,"Black Star":9,"Red Mask":12,"Kunai":6,"Membership Card":7,"Odd Mushroom":8,"Ring of the Snake":0},{"Potion Belt":0,"Oddly Smooth Stone":34,"Bag of Marbles":34,"Black Star":49,"Red Mask":58,"Kunai":34,"Membership Card":37,"Odd Mushroom":43,"Ring of the Snake":0}],"Ring of the Snake":[28]},"card_choices":[{"not_picked":["Deflect","Outmaneuver"],"picked":"Sucker Punch","floor":1.0},{"not_picked":["Sucker Punch","PiercingWail"],"picked":"Endless Agony","floor":2.0},{"not_picked":["Sucker Punch","Dodge and Roll"],"picked":"Footwork","floor":3.0},{"not_picked":["Caltrops","Deflect"],"picked":"Blur","floor":4.0},{"not_picked":["PiercingWail","Crippling Poison"],"picked":"Dagger Spray","floor":5.0},{"not_picked":["Deadly Poison","Tactician"],"picked":"Blade Dance","floor":7.0},{"not_picked":["Slice","Escape Plan"],"picked":"Flechettes","floor":11.0},{"not_picked":["Concentrate","Prepared"],"picked":"A Thousand Cuts","floor":14.0},{"not_picked":["A Thousand Cuts","Unload"],"picked":"Die Die Die","floor":16},{"not_picked":["Blade Dance","All Out Attack"],"picked":"Dodge and Roll+1","floor":18},{"not_picked":["Flying Knee","Outmaneuver","Dodge and Roll"],"picked":"SKIP","floor":19},{"not_picked":["Prepared","Acrobatics"],"picked":"Backflip+1","floor":20}],"player_experience":1140266,"relics_obtained":[{"floor":7.0,"key":"Oddly Smooth Stone"},{"floor":9.0,"key":"Bag of Marbles"},{"floor":10.0,"key":"Kunai"},{"floor":14.0,"key":"Odd Mushroom"},{"floor":20,"key":"Red Mask"}],"event_choices":[{"damage_healed":0.0,"max_hp_gain":0.0,"max_hp_loss":0.0,"gold_gain":0.0,"event_name":"Mushrooms","player_choice":"Fought Mushrooms","floor":14.0,"gold_loss":0.0,"damage_taken":0.0},{"damage_healed":0,"gold_gain":0,"player_choice":"Fought Bandits","damage_taken":0,"max_hp_gain":0,"max_hp_loss":0,"event_name":"Masked Bandits","floor":20,"gold_loss":0}],"is_beta":false,"boss_relics":[{"not_picked":["Tiny House","Runic Dome"],"picked":"Black Star"}],"items_purged_floors":[12],"is_endless":false,"potions_floor_spawned":[2,4,5,11,14,18],"killed_by":"Shelled Parasite and Fungi","ascension_level":20}}