{"host":"jpcy2bclvs7juczu","time":1609286521,"event":{"mods":["AchievementEnabler","BaseMod","Block Reminder","Colored Powertips","Minty Spire (QoL Compilation)","Quick Restart","Relic Stats","ojb\u0027s Better Paths Mod","ojb\u0027s Info Mod","slay the spire mod where everything is the same but ironclad has a cowboy hat"],"gold_per_floor":[216,236,17,17,31,59,69,96,96,114,132,463,463,9,9,9,9],"floor_reached":16,"playtime":548,"items_purged":["Strike_R"],"score":244,"play_id":"d2af66a7-3c1a-4b24-98cb-5ebc1ca22223","local_time":"20201230000201","is_ascension_mode":true,"campfire_choices":[{"data":"Bash","floor":13,"key":"SMITH"},{"data":"Armaments","floor":15,"key":"SMITH"}],"circlet_count":0,"master_deck":["AscendersBane","Strike_R","Strike_R","Strike_R","Strike_R","Defend_R","Defend_R","Defend_R","Defend_R","Bash+1","Cleave","Perfected Strike+1","Pommel Strike","Evolve","Barricade","Wild Strike","Twin Strike","Body Slam","Armaments+1","Corruption","True Grit"],"relics":["Burning Blood","PreservedInsect","Centennial Puzzle","Shuriken","Old Coin","OrangePellets","Potion Belt"],"acts_visited":["Exordium"],"potions_floor_usage":[6,12,12],"damage_taken":[{"damage":6,"enemies":"Cultist","floor":1,"turns":4},{"damage":1,"enemies":"2 Louse","floor":2,"turns":2},{"damage":2,"enemies":"Jaw Worm","floor":5,"turns":3},{"damage":18,"enemies":"Lagavulin","floor":6,"turns":5},{"damage":6,"enemies":"Looter","floor":7,"turns":2},{"damage":8,"enemies":"Gremlin Nob","floor":8,"turns":3},{"damage":12,"enemies":"3 Louse","floor":10,"turns":3},{"damage":9,"enemies":"Red Slaver","floor":11,"turns":2},{"damage":13,"enemies":"3 Sentries","floor":12,"turns":6},{"damage":46,"enemies":"Hexaghost","floor":16,"turns":9}],"seed_played":"-1469931091224147456","potions_obtained":[{"floor":2,"key":"Block Potion"},{"floor":8,"key":"EntropicBrew"}],"is_trial":false,"path_per_floor":["M","M","$","?","M","E","M","E","T","M","M","E","R","$","R","B"],"character_chosen":"IRONCLAD","items_purchased":["PreservedInsect","Pommel Strike","OrangePellets","True Grit","Potion Belt"],"campfire_rested":0,"item_purchase_floors":[3,3,14,14,14],"current_hp_per_floor":[68,73,73,73,75,63,63,61,61,55,52,45,45,45,45,0,0],"gold":9,"neow_bonus":"HUNDRED_GOLD","is_daily":false,"chose_seed":false,"campfire_upgraded":2,"win_rate":0.0,"timestamp":1609286521,"path_taken":["M","?","$","?","M","E","M","E","T","M","M","E","R","$","R","BOSS"],"items_purchased_type":["Relic","Card","Relic","Card","Relic"],"build_version":"2020-12-22","purchased_purges":1,"victory":false,"max_hp_per_floor":[75,75,75,75,75,75,75,75,75,75,75,75,75,75,75,75,75],"relic_stats":{"OrangePellets":[0],"Centennial Puzzle":[18],"counters":[10,39],"Shuriken":[2],"PreservedInsect":86,"obtain_stats":[{"Potion Belt":14,"OrangePellets":14,"Centennial Puzzle":6,"Shuriken":8,"PreservedInsect":3,"Burning Blood":0,"Old Coin":12},{"Potion Belt":9,"OrangePellets":9,"Centennial Puzzle":4,"Shuriken":6,"PreservedInsect":2,"Burning Blood":0,"Old Coin":9},{"Potion Belt":30,"OrangePellets":30,"Centennial Puzzle":14,"Shuriken":19,"PreservedInsect":6,"Burning Blood":0,"Old Coin":30}],"Burning Blood":52},"card_choices":[{"not_picked":["Thunderclap","Flame Barrier"],"picked":"Cleave","floor":1},{"not_picked":["Havoc","Flex"],"picked":"Perfected Strike","floor":2},{"not_picked":["Wild Strike","Berserk"],"picked":"Evolve","floor":5},{"not_picked":["Thunderclap","Cleave"],"picked":"Barricade","floor":6},{"not_picked":["Dropkick","Body Slam"],"picked":"Wild Strike","floor":7},{"not_picked":["Seeing Red","Clothesline"],"picked":"Twin Strike","floor":8},{"not_picked":["Perfected Strike","Headbutt"],"picked":"Body Slam","floor":10},{"not_picked":["Inflame","Seeing Red"],"picked":"Armaments","floor":11},{"not_picked":["Body Slam","Sword Boomerang"],"picked":"Corruption","floor":12}],"player_experience":180790,"relics_obtained":[{"floor":6,"key":"Centennial Puzzle"},{"floor":8,"key":"Shuriken"},{"floor":12,"key":"Old Coin"}],"event_choices":[{"damage_healed":0,"gold_gain":0,"player_choice":"Grow","damage_taken":0,"max_hp_gain":0,"max_hp_loss":0,"event_name":"Living Wall","floor":4,"gold_loss":0,"cards_upgraded":["Perfected Strike"]}],"is_beta":false,"boss_relics":[],"items_purged_floors":[14],"is_endless":false,"potions_floor_spawned":[2,8],"killed_by":"Hexaghost","ascension_level":20}}