{"host":"zxkjcgzis4pm3za5","time":1609301543,"event":{"mods":["AchievementEnabler","BaseMod","Colored Map","Colored Powertips","Minty Spire (QoL Compilation)","Quick Restart","RNG Fix","Random Character Button","StSLib"],"gold_per_floor":[117,137,155,155,168,201,212,212,212,226,226,253,280,312,312,411,411,423,65,65,75,88,88,113,113,113,113,124,158,176,190,190,288,288,302,302,312,15,15,15,31,59,59,85,95,95,122,50,50,50,50,50,0,0,0],"floor_reached":54,"playtime":2064,"items_purged":["Well Laid Plans","Infinite Blades"],"score":1347,"play_id":"b9dff3cc-c499-44d2-b107-4409b2e6b699","local_time":"20201230094223","is_ascension_mode":true,"campfire_choices":[{"data":"Accuracy","floor":8.0,"key":"SMITH"},{"data":"Blade Dance","floor":11.0,"key":"SMITH"},{"floor":15.0,"key":"REST"},{"data":"1","floor":23,"key":"LIFT"},{"data":"2","floor":27,"key":"LIFT"},{"data":"3","floor":32,"key":"LIFT"},{"floor":40,"key":"REST"},{"floor":46,"key":"REST"},{"floor":49,"key":"RECALL"},{"floor":52,"key":"REST"}],"circlet_count":0,"master_deck":["AscendersBane","Survivor","Neutralize","Flechettes+1","Glass Knife+1","Leg Sweep","Dodge and Roll","Storm of Steel","Flying Knee+1","Deflect","Blade Dance+1","Dash","Blade Dance","Terror","Sucker Punch","Die Die Die","Slice","Accuracy+1","Footwork","Blade Dance","Phantasmal Killer","Deflect+1","Cloak And Dagger","Endless Agony","Predator+1","Backflip","Backflip","Burst","Escape Plan","Backstab","Malaise","Escape Plan","Apotheosis","Footwork","Expertise","Acrobatics","After Image"],"relics":["Pandora\u0027s Box","White Beast Statue","InkBottle","Centennial Puzzle","Odd Mushroom","Regal Pillow","Fusion Hammer","Membership Card","Shuriken","Girya","Whetstone","Strawberry","Snake Skull","Runic Pyramid","Pear","Anchor","Gremlin Horn","MealTicket","Medical Kit"],"acts_visited":["Exordium","TheCity","TheBeyond","TheEnding"],"potions_floor_usage":[22,24,24,24,28,29,31,35,50],"damage_taken":[{"damage":1.0,"enemies":"Jaw Worm","floor":1.0,"turns":3.0},{"damage":0.0,"enemies":"Small Slimes","floor":2.0,"turns":2.0},{"damage":0.0,"enemies":"2 Louse","floor":3.0,"turns":2.0},{"damage":1.0,"enemies":"Gremlin Gang","floor":5.0,"turns":4.0},{"damage":16.0,"enemies":"Lagavulin","floor":6.0,"turns":4.0},{"damage":0.0,"enemies":"Exordium Thugs","floor":7.0,"turns":3.0},{"damage":2.0,"enemies":"Large Slime","floor":10.0,"turns":3.0},{"damage":12.0,"enemies":"3 Sentries","floor":12.0,"turns":3.0},{"damage":11.0,"enemies":"The Mushroom Lair","floor":13.0,"turns":3.0},{"damage":0.0,"enemies":"Lagavulin","floor":14.0,"turns":4.0},{"damage":16.0,"enemies":"The Guardian","floor":16.0,"turns":8.0},{"damage":0.0,"enemies":"3 Byrds","floor":18.0,"turns":5.0},{"damage":3,"enemies":"Shell Parasite","floor":21,"turns":2},{"damage":14,"enemies":"Snake Plant","floor":22,"turns":3},{"damage":0,"enemies":"Book of Stabbing","floor":24,"turns":2},{"damage":0,"enemies":"Cultist and Chosen","floor":28,"turns":4},{"damage":7,"enemies":"Slavers","floor":29,"turns":3},{"damage":2,"enemies":"Centurion and Healer","floor":30,"turns":2},{"damage":6,"enemies":"Snecko","floor":31,"turns":3},{"damage":19,"enemies":"Automaton","floor":33,"turns":5},{"damage":38,"enemies":"3 Shapes","floor":35,"turns":5},{"damage":0,"enemies":"Orb Walker","floor":37,"turns":2},{"damage":9,"enemies":"4 Shapes","floor":41,"turns":4},{"damage":4,"enemies":"Giant Head","floor":42,"turns":4},{"damage":13,"enemies":"Reptomancer","floor":44,"turns":3},{"damage":0,"enemies":"Maw","floor":45,"turns":4},{"damage":0,"enemies":"Giant Head","floor":47,"turns":4},{"damage":21,"enemies":"Donu and Deca","floor":50,"turns":6},{"damage":93,"enemies":"Shield and Spear","floor":54,"turns":3}],"seed_played":"-4105837061219893012","potions_obtained":[{"floor":2.0,"key":"CunningPotion"},{"floor":3.0,"key":"EssenceOfSteel"},{"floor":7.0,"key":"Dexterity Potion"},{"floor":10.0,"key":"LiquidBronze"},{"floor":12.0,"key":"SkillPotion"},{"floor":13.0,"key":"Strength Potion"},{"floor":14.0,"key":"Swift Potion"},{"floor":18.0,"key":"EntropicBrew"},{"floor":22,"key":"AttackPotion"},{"floor":24,"key":"Regen Potion"},{"floor":28,"key":"Energy Potion"},{"floor":29,"key":"BlessingOfTheForge"},{"floor":30,"key":"ColorlessPotion"},{"floor":31,"key":"Ancient Potion"},{"floor":33,"key":"Fruit Juice"},{"floor":35,"key":"ColorlessPotion"},{"floor":37,"key":"Strength Potion"},{"floor":45,"key":"SpeedPotion"}],"is_trial":false,"path_per_floor":["M","M","M","?","M","E","M","R","T","M","R","E","?","E","R","B",null,"M","$","T","M","M","R","E","?","T","R","M","E","M","M","R","B",null,"M","?","M","$","?","R","M","E","T","E","M","R","E","$","R","B",null,"R","$","E"],"character_chosen":"THE_SILENT","items_purchased":["Membership Card","Cloak And Dagger","Shuriken","Endless Agony","Predator","Apotheosis","Pear","Footwork","Medical Kit"],"campfire_rested":4,"item_purchase_floors":[19,19,19,19,19,38,38,38,48],"current_hp_per_floor":[62,62,62,48,47,31,31,31,31,29,29,17,6,6,42,26,59,59,59,59,56,42,42,42,42,49,49,61,54,52,46,46,27,65,32,32,32,42,42,84,75,71,71,58,58,92,92,92,92,71,87,92,92,0,0],"gold":0,"neow_bonus":"BOSS_RELIC","is_daily":false,"chose_seed":false,"campfire_upgraded":2,"win_rate":0.0,"timestamp":1609301543,"path_taken":["M","M","?","?","M","E","M","R","T","M","R","E","?","E","R","BOSS","M","$","?","M","M","R","E","?","T","R","?","E","M","M","R","BOSS","M","?","M","$","?","R","?","E","T","E","M","R","E","$","R","BOSS","R","$","E"],"items_purchased_type":["Relic","Card","Relic","Card","Card","Card","Relic","Card","Relic"],"build_version":"2020-12-22","purchased_purges":2,"victory":false,"max_hp_per_floor":[70,70,70,70,70,70,70,70,70,70,70,70,70,70,70,70,70,70,70,70,70,70,70,70,70,77,77,77,77,77,77,77,77,77,82,82,82,92,92,92,92,92,92,92,92,92,92,92,92,92,92,92,92,92,92],"card_choices":[{"not_picked":["Flying Knee","Deadly Poison"],"picked":"Blade Dance","floor":1.0},{"not_picked":["Escape Plan","Bane"],"picked":"Terror","floor":2.0},{"not_picked":["Deadly Poison","Backstab"],"picked":"Sucker Punch","floor":3.0},{"not_picked":["Poisoned Stab","PiercingWail"],"picked":"Die Die Die","floor":5.0},{"not_picked":["Prepared","Sucker Punch"],"picked":"Slice","floor":6.0},{"not_picked":["Bane","Slice"],"picked":"Accuracy","floor":7.0},{"not_picked":["Caltrops","Leg Sweep"],"picked":"Infinite Blades","floor":10.0},{"not_picked":["Dodge and Roll","Poisoned Stab"],"picked":"Well Laid Plans","floor":12.0},{"not_picked":["Eviscerate","Deadly Poison"],"picked":"Footwork","floor":13.0},{"not_picked":["A Thousand Cuts","Crippling Poison"],"picked":"Blade Dance","floor":14.0},{"not_picked":["Venomology","Die Die Die"],"picked":"Phantasmal Killer","floor":16.0},{"not_picked":["Deadly Poison","PiercingWail"],"picked":"Deflect+1","floor":18.0},{"not_picked":["Dagger Throw","Grand Finale","Underhanded Strike"],"picked":"SKIP","floor":21},{"not_picked":["Setup+1","Deadly Poison","Flying Knee"],"picked":"SKIP","floor":22},{"not_picked":["Bane","Slice"],"picked":"Backflip","floor":24},{"not_picked":["Poisoned Stab+1","Catalyst"],"picked":"Backflip","floor":28},{"not_picked":["PiercingWail","Underhanded Strike"],"picked":"Burst","floor":29},{"not_picked":["Deflect","Slice"],"picked":"Escape Plan","floor":30},{"not_picked":["Flying Knee","Underhanded Strike"],"picked":"Backstab","floor":31},{"not_picked":["Bullet Time","Corpse Explosion"],"picked":"Malaise","floor":33},{"not_picked":["Deflect+1","Bane+1","Sucker Punch+1"],"picked":"SKIP","floor":35},{"not_picked":["Caltrops","Prepared+1"],"picked":"Escape Plan","floor":37},{"not_picked":["Setup","Noxious Fumes"],"picked":"Expertise","floor":41},{"not_picked":["Flying Knee","Quick Slash"],"picked":"Acrobatics","floor":42},{"not_picked":["Catalyst+1","Expertise","Tactician+1"],"picked":"SKIP","floor":44},{"not_picked":["Dodge and Roll","Dash","Sucker Punch+1"],"picked":"SKIP","floor":45},{"not_picked":["Dodge and Roll","Dash","Sucker Punch+1"],"picked":"SKIP","floor":45},{"not_picked":["Cloak And Dagger+1","Crippling Poison"],"picked":"After Image","floor":47}],"player_experience":160701,"relics_obtained":[{"floor":6.0,"key":"White Beast Statue"},{"floor":9.0,"key":"InkBottle"},{"floor":12.0,"key":"Centennial Puzzle"},{"floor":13.0,"key":"Odd Mushroom"},{"floor":14.0,"key":"Regal Pillow"},{"floor":20,"key":"Girya"},{"floor":24,"key":"Whetstone"},{"floor":26,"key":"Strawberry"},{"floor":29,"key":"Snake Skull"},{"floor":42,"key":"Anchor"},{"floor":44,"key":"Gremlin Horn"},{"floor":47,"key":"MealTicket"}],"event_choices":[{"damage_healed":0.0,"max_hp_gain":0.0,"max_hp_loss":0.0,"gold_gain":0.0,"event_name":"Shining Light","player_choice":"Entered Light","floor":4.0,"gold_loss":0.0,"damage_taken":14.0,"cards_upgraded":["Glass Knife","Flying Knee"]},{"damage_healed":0.0,"max_hp_gain":0.0,"max_hp_loss":0.0,"gold_gain":0.0,"event_name":"Mushrooms","player_choice":"Fought Mushrooms","floor":13.0,"gold_loss":0.0,"damage_taken":0.0},{"cards_removed":["Calculated Gamble"],"damage_healed":0,"gold_gain":0,"player_choice":"Elegance","damage_taken":0,"max_hp_gain":0,"max_hp_loss":0,"event_name":"Back to Basics","floor":25,"gold_loss":0},{"damage_healed":0,"gold_gain":0,"player_choice":"Ignored","damage_taken":0,"max_hp_gain":0,"max_hp_loss":0,"event_name":"Tomb of Lord Red Mask","floor":36,"gold_loss":0},{"damage_healed":0,"gold_gain":0,"player_choice":"0 cards matched","damage_taken":0,"max_hp_gain":0,"max_hp_loss":0,"event_name":"Match and Keep!","floor":39,"gold_loss":0,"cards_obtained":[]}],"is_beta":false,"boss_relics":[{"not_picked":["Calling Bell","Tiny House"],"picked":"Fusion Hammer"},{"not_picked":["Coffee Dripper","HoveringKite"],"picked":"Runic Pyramid"}],"items_purged_floors":[38,53],"is_endless":false,"potions_floor_spawned":[2,3,7,10,12,13,14,16,18,21,22,24,28,29,30,31,33,35,37,41,42,44,45,47],"killed_by":"Shield and Spear","ascension_level":11}}