{"host":"a5zr8hf2yymwt50u","time":1609321427,"event":{"mods":["BaseMod","Colored Map","Minty Spire (QoL Compilation)","Prisma Mod","StSLib"],"gold_per_floor":[117,117,6,6,6,40,40,40,40,75,75,88,112,135,135,259,259,283,283,283,302,302,302,302,302],"floor_reached":24,"playtime":1481,"items_purged":["PrismaMod:IllyaCommonAttack"],"score":277,"play_id":"41918c7f-5278-4824-887b-f942165662d7","local_time":"20201230184347","is_ascension_mode":false,"campfire_choices":[{"data":"PrismaMod:IllyaUberPoisonChannel","floor":15,"key":"SMITH"},{"data":"PrismaMod:IllyaFriendMaker","floor":23,"key":"SMITH"}],"circlet_count":0,"master_deck":["PrismaMod:IllyaUncommonAttack","PrismaMod:IllyaUncommonDefend","PrismaMod:IllyaCheapChannelAttack","PrismaMod:IllyaDualEvoke","PrismaMod:IllyaBride","PrismaMod:IllyaRubysPotion","PrismaMod:IllyaUberPoisonChannel+1","PrismaMod:IllyaBerserCAR","PrismaMod:IllyaInstallAvenger","PrismaMod:IllyaUncommonAttack","PrismaMod:IllyaAOECommonAttack","PrismaMod:IllyaRubysPotion","PrismaMod:IllyaPoisoningPhantasm","PrismaMod:IllyaUberPoisonBlock","PrismaMod:IllyaCarnivalDefend","PrismaMod:IllyaUncommonAttack","PrismaMod:IllyaAssassinRevenge","PrismaMod:IllyaFriendMaker+1","Ghostly","Ghostly","Ghostly","Ghostly","Ghostly","PrismaMod:IllyaGrail"],"relics":["PrismaMod:PrismaRuby","NeowsBlessing","Anchor","Du-Vu Doll","Bag of Marbles","Mango","Golden Idol","Pandora\u0027s Box","Turnip"],"acts_visited":["Exordium","TheCity"],"potions_floor_usage":[18,24],"damage_taken":[{"damage":0,"enemies":"Jaw Worm","floor":1,"turns":1},{"damage":0,"enemies":"Lagavulin","floor":6,"turns":1},{"damage":0,"enemies":"3 Sentries","floor":10,"turns":2},{"damage":0,"enemies":"2 Louse","floor":12,"turns":2},{"damage":0,"enemies":"Small Slimes","floor":13,"turns":3},{"damage":0,"enemies":"2 Fungi Beasts","floor":14,"turns":4},{"damage":30,"enemies":"The Guardian","floor":16,"turns":9},{"damage":24,"enemies":"2 Thieves","floor":18,"turns":4},{"damage":0,"enemies":"Chosen","floor":21,"turns":5},{"damage":51,"enemies":"Book of Stabbing","floor":24,"turns":7}],"seed_played":"-7910423909818474438","potions_obtained":[{"floor":12,"key":"SteroidPotion"},{"floor":13,"key":"Weak Potion"},{"floor":16,"key":"LiquidMemories"}],"is_trial":false,"path_per_floor":["M","?","$","?","?","E","$","?","T","E","?","M","M","M","R","B",null,"M","?","?","M","?","R","E"],"character_chosen":"ILLYA","items_purchased":["PrismaMod:IllyaDualEvoke"],"campfire_rested":0,"item_purchase_floors":[3],"current_hp_per_floor":[75,50,50,43,48,48,48,48,48,62,62,62,67,67,67,42,87,68,43,43,43,37,37,0,0],"gold":302,"neow_bonus":"THREE_ENEMY_KILL","is_daily":false,"chose_seed":false,"campfire_upgraded":2,"win_rate":0.0,"timestamp":1609321427,"path_taken":["M","?","$","?","?","E","$","?","T","E","?","M","M","M","R","BOSS","M","?","?","M","?","R","E"],"items_purchased_type":["Card"],"build_version":"2020-12-22","purchased_purges":1,"victory":false,"max_hp_per_floor":[75,75,75,75,80,80,80,80,80,94,87,87,87,87,87,87,87,87,43,43,43,43,43,43,43],"card_choices":[{"not_picked":["PrismaMod:IllyaDualEvoke","PrismaMod:IllyaGrailKun"],"picked":"PrismaMod:IllyaCheapChannelAttack","floor":1},{"not_picked":["PrismaMod:IllyaBoysLove","PrismaMod:IllyaCommonEvoke"],"picked":"PrismaMod:IllyaBride","floor":6},{"not_picked":["PrismaMod:IllyaUpgradeOrbs","PrismaMod:IllyaBerserCAR"],"picked":"PrismaMod:IllyaRubysPotion","floor":10},{"not_picked":["PrismaMod:IllyaDualEvoke","PrismaMod:IllyaUncommonAttack","PrismaMod:IllyaUncommonDefend"],"picked":"SKIP","floor":12},{"not_picked":["PrismaMod:IllyaUncommonAttack","PrismaMod:IllyaSaphire"],"picked":"PrismaMod:IllyaUberPoisonChannel","floor":13},{"not_picked":["PrismaMod:IllyaGrailKun","PrismaMod:IllyaUpgradeOrbs"],"picked":"PrismaMod:IllyaBerserCAR","floor":14},{"not_picked":["PrismaMod:IllyaInstallBerserker","PrismaMod:IllyaUberPoisonChannel"],"picked":"PrismaMod:IllyaInstallAvenger","floor":16},{"not_picked":["PrismaMod:IllyaSaphire","PrismaMod:IllyaTestament"],"picked":"PrismaMod:IllyaFriendMaker","floor":18},{"not_picked":["PrismaMod:IllyaHassanGift","PrismaMod:IllyaUncommonAttack+1"],"picked":"PrismaMod:IllyaGrail","floor":21}],"player_experience":210678,"relics_obtained":[{"floor":6,"key":"Du-Vu Doll"},{"floor":9,"key":"Bag of Marbles"},{"floor":10,"key":"Mango"}],"event_choices":[{"damage_healed":0,"gold_gain":0,"player_choice":"Success","damage_taken":25,"relics_obtained":["Anchor"],"max_hp_gain":0,"max_hp_loss":0,"event_name":"Scrap Ooze","floor":2,"gold_loss":0},{"cards_removed":["PrismaMod:IllyaCommonDefend"],"damage_healed":0,"gold_gain":0,"player_choice":"Card Removal","damage_taken":7,"max_hp_gain":0,"max_hp_loss":0,"event_name":"Golden Wing","floor":4,"gold_loss":0},{"damage_healed":0,"gold_gain":0,"player_choice":"Donut","damage_taken":0,"max_hp_gain":5,"max_hp_loss":0,"event_name":"Big Fish","floor":5,"gold_loss":0},{"damage_healed":0,"gold_gain":0,"player_choice":"Ignored","damage_taken":0,"max_hp_gain":0,"max_hp_loss":0,"event_name":"Liars Game","floor":8,"gold_loss":0},{"damage_healed":0,"gold_gain":0,"player_choice":"Lose Max HP","damage_taken":0,"relics_obtained":["Golden Idol"],"max_hp_gain":0,"max_hp_loss":7,"event_name":"Golden Idol","floor":11,"gold_loss":0},{"damage_healed":0,"gold_gain":0,"player_choice":"Became a Ghost","damage_taken":0,"max_hp_gain":0,"max_hp_loss":44,"event_name":"Ghosts","floor":19,"gold_loss":0,"cards_obtained":["Ghostly","Ghostly","Ghostly","Ghostly","Ghostly"]},{"damage_healed":0,"gold_gain":0,"player_choice":"Opened","damage_taken":0,"relics_obtained":["Turnip"],"max_hp_gain":0,"max_hp_loss":0,"event_name":"The Mausoleum","floor":20,"gold_loss":0},{"damage_healed":0,"gold_gain":0,"player_choice":"","damage_taken":6,"max_hp_gain":0,"max_hp_loss":0,"event_name":"Knowing Skull","floor":22,"potions_obtained":[],"gold_loss":0,"cards_obtained":[]}],"is_beta":false,"boss_relics":[{"not_picked":["Philosopher\u0027s Stone","Empty Cage"],"picked":"Pandora\u0027s Box"}],"items_purged_floors":[3],"is_endless":false,"potions_floor_spawned":[12,13,16],"killed_by":"Book of Stabbing","ascension_level":0}}