{"host":"6p0attdrtjqaih7v","time":1609357688,"event":{"mods":["2.2 Compatiblity","AchievementEnabler","Bard","BaseMod","Better Skull","Better Third Choice","Colored Powertips","Hermit","Highlight Path","Jorbs\u0027s Wanderer Trilogy","Key Reminder","Minty Spire (QoL Compilation)","Permanent Neow","Quick Restart","Random Character Button","Relic Stats","Replay The Spire","StSLib","The Construct"],"gold_per_floor":[215,215,190,203,219,252,252,252,252,252,278,278,278,294,294,373,373,393,393,100,117,134,161,161,179,179,101,101,130,147,179,179,253,253,270,348,367,386,401,435,454,454,454,77,77,111,130,146,146,146],"floor_reached":51,"playtime":3057,"items_purged":["Injury","bard:Strike","bard:Strike"],"score":1346,"play_id":"847c514c-8d86-4ff6-9f6f-ac9ffb5b5bbd","local_time":"20201230144808","is_ascension_mode":true,"campfire_choices":[{"data":"bard:Inspire","floor":7,"key":"SMITH"},{"floor":10,"key":"REST"},{"floor":13,"key":"REST"},{"data":"bard:Riposte","floor":15,"key":"SMITH"},{"data":"bard:GreaterMagicWeapon","floor":24,"key":"SMITH"},{"data":"bard:Blink","floor":28,"key":"SMITH"},{"data":"bard:Shifting","floor":32,"key":"SMITH"},{"floor":42,"key":"REST"},{"data":"bard:SplendidForm","floor":45,"key":"SMITH"},{"floor":49,"key":"REST"}],"circlet_count":0,"master_deck":["AscendersBane","bard:Strike","bard:Defend+1","bard:Defend+1","bard:Defend+1","bard:Defend+1","bard:Riposte+1","bard:Inspire+1","bard:ViciousMockery","bard:OffKey+1","bard:FirstStrike","bard:Thunderwave","bard:Shifting+1","bard:LifeDrain","bard:Blink+1","bard:Solo","bard:LingeringEcho","bard:Fermata","bard:GreaterMagicWeapon+1","bard:LingeringEcho","bard:ThickOfTheFight","bard:TinyHut","bard:TinyHut","bard:SplendidForm+1","bard:Sift+1","bard:Blink","bard:Flourish+1","bard:Blink+1","Parasite","bard:MnemonicVestments","bard:Silence+1"],"relics":["bard:PitchPipe","bard:BagPipes","ReplayTheSpireMod:CursedCoin","Bag of Preparation","InkBottle","Boot","Question Card","bard:DeepVero","Nunchaku","Chameleon Ring","Girya","MealTicket","construct:WeddingRing","ReplayTheSpireMod:TigerMarble","StoneCalendar","Bottled Tornado","Replay:Bottled Eggs","Lantern"],"acts_visited":["Exordium","TheCity","TheBeyond"],"potions_floor_usage":[6,29,31,33,40,41,46],"damage_taken":[{"damage":3,"enemies":"2 Louse","floor":1,"turns":3},{"damage":2,"enemies":"Small Slimes","floor":4,"turns":5},{"damage":4,"enemies":"Jaw Worm","floor":5,"turns":6},{"damage":16,"enemies":"Lagavulin","floor":6,"turns":7},{"damage":11,"enemies":"3 Sentries","floor":11,"turns":6},{"damage":2,"enemies":"Exordium Thugs","floor":14,"turns":3},{"damage":4,"enemies":"The Guardian","floor":16,"turns":16},{"damage":1,"enemies":"Shell Parasite","floor":18,"turns":4},{"damage":0,"enemies":"Chosen","floor":21,"turns":3},{"damage":2,"enemies":"Snecko","floor":22,"turns":3},{"damage":0,"enemies":"Gremlin Leader","floor":23,"turns":9},{"damage":4,"enemies":"Shelled Parasite and Fungi","floor":25,"turns":7},{"damage":9,"enemies":"Replay:Snechameleon","floor":29,"turns":5},{"damage":0,"enemies":"3 Cultists","floor":30,"turns":2},{"damage":4,"enemies":"Book of Stabbing","floor":31,"turns":5},{"damage":2,"enemies":"Collector","floor":33,"turns":8},{"damage":0,"enemies":"3 Darklings","floor":35,"turns":3},{"damage":10,"enemies":"3 Shapes","floor":37,"turns":4},{"damage":1,"enemies":"Spire Growth","floor":38,"turns":6},{"damage":12,"enemies":"Writhing Mass","floor":39,"turns":5},{"damage":0,"enemies":"R_Hoarder","floor":40,"turns":7},{"damage":12,"enemies":"4 Shapes","floor":41,"turns":7},{"damage":4,"enemies":"Giant Head","floor":46,"turns":7},{"damage":0,"enemies":"3 Darklings","floor":47,"turns":3},{"damage":0,"enemies":"Jaw Worm Horde","floor":48,"turns":3},{"damage":2,"enemies":"Donu and Deca","floor":50,"turns":8}],"seed_played":"-3725288895159360086","potions_obtained":[{"floor":4,"key":"BlessingOfTheForge"},{"floor":21,"key":"Strength Potion"},{"floor":29,"key":"Venom Potion"},{"floor":30,"key":"DistilledChaos"},{"floor":33,"key":"Fire Potion"},{"floor":37,"key":"Dexterity Potion"},{"floor":38,"key":"LiquidMemories"},{"floor":40,"key":"ColorlessPotion"},{"floor":41,"key":"Block Potion"}],"is_trial":false,"path_per_floor":["M","?","$","M","M","E","R","?","T","R","E","?","R","M","R","B",null,"M","?","$","M","M","E","R","M","T","$","R","E","M","E","R","B",null,"M","?","M","M","M","E","M","R","T","$","R","E","M","M","R","B",null],"character_chosen":"BARD","items_purchased":["ReplayTheSpireMod:CursedCoin","bard:ViciousMockery","ColorlessPotion","bard:Blink","bard:Solo","bard:LingeringEcho","bard:ThickOfTheFight","Replay:Bottled Eggs"],"campfire_rested":4,"item_purchase_floors":[3,3,3,20,20,20,27,44],"current_hp_per_floor":[56,49,49,47,43,27,27,27,27,46,35,17,36,34,34,30,57,56,56,56,56,54,54,54,50,50,50,50,41,41,37,37,35,58,58,42,32,31,19,19,7,26,26,41,41,37,37,37,56,54],"gold":146,"neow_bonus":"HUNDRED_GOLD","is_daily":false,"chose_seed":false,"campfire_upgraded":6,"win_rate":0.0,"timestamp":1609357688,"path_taken":["M","?","$","M","M","E","R","?","T","R","E","?","R","M","R","BOSS","M","?","?","M","M","E","R","M","T","$","R","E","M","E","R","BOSS","M","?","?","M","M","E","M","R","T","$","R","E","M","M","R","BOSS"],"items_purchased_type":["Relic","Card","Potion","Card","Card","Card","Card","Relic"],"build_version":"2020-12-22","purchased_purges":3,"victory":true,"max_hp_per_floor":[66,66,66,66,66,66,66,66,66,66,66,66,66,66,66,66,66,66,66,66,66,66,66,66,66,66,66,66,66,66,66,66,66,66,66,66,66,66,66,66,66,66,66,66,66,66,66,66,66,66],"relic_stats":{"Nunchaku":[18],"counters":[26,145],"MealTicket":15,"StoneCalendar":[67],"Bag of Preparation":[44],"Boot":[39],"Question Card":22,"obtain_stats":[{"bard:BagPipes":0,"Girya":29,"Lantern":46,"construct:WeddingRing":34,"bard:PitchPipe":0,"ReplayTheSpireMod:CursedCoin":3,"StoneCalendar":40,"Bag of Preparation":6,"Bottled Tornado":43,"Boot":11,"Question Card":12,"Nunchaku":23,"bard:DeepVero":17,"Chameleon Ring":26,"MealTicket":31,"ReplayTheSpireMod:TigerMarble":36,"Replay:Bottled Eggs":44,"InkBottle":9},{"bard:BagPipes":0,"Girya":13,"Lantern":23,"construct:WeddingRing":16,"bard:PitchPipe":0,"ReplayTheSpireMod:CursedCoin":1,"StoneCalendar":21,"Bag of Preparation":4,"Bottled Tornado":22,"Boot":5,"Question Card":5,"Nunchaku":11,"bard:DeepVero":7,"Chameleon Ring":12,"MealTicket":15,"ReplayTheSpireMod:TigerMarble":17,"Replay:Bottled Eggs":22,"InkBottle":4},{"bard:BagPipes":0,"Girya":77,"Lantern":131,"construct:WeddingRing":92,"bard:PitchPipe":0,"ReplayTheSpireMod:CursedCoin":3,"StoneCalendar":117,"Bag of Preparation":21,"Bottled Tornado":124,"Boot":27,"Question Card":27,"Nunchaku":65,"bard:DeepVero":46,"Chameleon Ring":72,"MealTicket":84,"ReplayTheSpireMod:TigerMarble":95,"Replay:Bottled Eggs":124,"InkBottle":21}],"InkBottle":[48]},"card_choices":[{"not_picked":["bard:FeastOnFear","bard:Aphasia","bard:Sift"],"picked":"SKIP","floor":1},{"not_picked":["bard:Aphasia","bard:Parry"],"picked":"bard:OffKey","floor":4},{"not_picked":["bard:Accelerando","bard:MantleOfInspiration","bard:StudiedStrike"],"picked":"SKIP","floor":5},{"not_picked":["bard:QuickSong","bard:Sift"],"picked":"bard:FirstStrike","floor":6},{"not_picked":["bard:Sift","bard:SongBolt","bard:PrismaticSpray"],"picked":"SKIP","floor":11},{"not_picked":["bard:QuickSong","bard:Gamble","bard:HideousLaughter"],"picked":"bard:Thunderwave","floor":14},{"not_picked":["bard:PowerWordStun","bard:FingerOfDeath","bard:Wish"],"picked":"bard:Shifting","floor":16},{"not_picked":["bard:CuttingWords","bard:PhantasmalForce","bard:Sift"],"picked":"bard:LifeDrain","floor":18},{"not_picked":["bard:Greatness","bard:StudiedStrike","bard:HideousLaughter","bard:Parry"],"picked":"SKIP","floor":21},{"not_picked":["bard:InspiringSong","bard:DiscordantVoice","bard:Greatness"],"picked":"bard:Fermata","floor":22},{"not_picked":["bard:Blink","bard:CovetousAura","bard:BottledSong"],"picked":"bard:GreaterMagicWeapon","floor":23},{"not_picked":["bard:Rest","bard:BestowCurse","bard:FaerieFire"],"picked":"bard:LingeringEcho","floor":25},{"not_picked":["bard:LingeringEcho","bard:InspiringSong","bard:SixFourTime"],"picked":"bard:TinyHut","floor":29},{"not_picked":["bard:CuttingWords","bard:FeastOnFear","bard:ThickOfTheFight"],"picked":"bard:TinyHut","floor":30},{"not_picked":["bard:Gamble","bard:FirstStrike","bard:MantleOfInspiration","bard:Greatness"],"picked":"SKIP","floor":31},{"not_picked":["bard:MagnumOpus","bard:Haste","bard:Improv"],"picked":"bard:SplendidForm","floor":33},{"not_picked":["bard:Rest","bard:Gamble","bard:BestowCurse+1"],"picked":"bard:Sift+1","floor":35},{"not_picked":["bard:GreaterMagicWeapon","bard:Gamble","bard:BucklerBash"],"picked":"bard:Blink","floor":36},{"not_picked":["bard:BucklerBash","bard:Sift","bard:SongBolt"],"picked":"bard:Flourish+1","floor":37},{"not_picked":["bard:Flourish","bard:BucklerBash+1","bard:Accelerando"],"picked":"bard:Blink+1","floor":38},{"not_picked":["bard:TinyHut","bard:CuttingWords","bard:LifeDrain+1","bard:Heroism"],"picked":"SKIP","floor":39},{"not_picked":["bard:Rest","bard:Blink+1","bard:HideousLaughter","bard:Sift"],"picked":"SKIP","floor":40},{"not_picked":["bard:BestowCurse","bard:ThickOfTheFight+1","bard:QuickSong","bard:Greatness"],"picked":"SKIP","floor":41},{"not_picked":["bard:ViciousMockery","bard:Fermata","bard:Shout"],"picked":"bard:MnemonicVestments","floor":46},{"not_picked":["bard:LingeringEcho","bard:Flourish","bard:Shout"],"picked":"bard:Silence+1","floor":47},{"not_picked":["bard:PrismaticSpray","bard:StudiedStrike+1","bard:CuttingWords","bard:LingeringEcho"],"picked":"SKIP","floor":48}],"player_experience":929170,"relics_obtained":[{"floor":6,"key":"Bag of Preparation"},{"floor":9,"key":"InkBottle"},{"floor":11,"key":"Boot"},{"floor":23,"key":"Nunchaku"},{"floor":26,"key":"Chameleon Ring"},{"floor":29,"key":"Girya"},{"floor":31,"key":"MealTicket"},{"floor":36,"key":"ReplayTheSpireMod:TigerMarble"},{"floor":40,"key":"StoneCalendar"},{"floor":43,"key":"Bottled Tornado"},{"floor":46,"key":"Lantern"}],"event_choices":[{"cards_removed":["bard:Strike"],"damage_healed":0,"gold_gain":0,"player_choice":"Card Removal","damage_taken":7,"max_hp_gain":0,"max_hp_loss":0,"event_name":"Golden Wing","floor":2,"gold_loss":0},{"damage_healed":0,"gold_gain":0,"player_choice":"Grow","damage_taken":0,"max_hp_gain":0,"max_hp_loss":0,"event_name":"Living Wall","floor":8,"gold_loss":0,"cards_upgraded":["bard:OffKey"]},{"damage_healed":0,"gold_gain":0,"player_choice":"Relic ","damage_taken":18,"max_hp_gain":0,"max_hp_loss":0,"event_name":"betterThird:BetterScrap","floor":12,"gold_loss":0,"cards_obtained":["Steam Power"]},{"damage_healed":0,"gold_gain":0,"player_choice":"Ignored","damage_taken":0,"max_hp_gain":0,"max_hp_loss":0,"event_name":"N\u0027loth","floor":19,"gold_loss":0}],"is_beta":false,"boss_relics":[{"not_picked":["Replay:Grab Bag","Replay:Wanted Poster"],"picked":"bard:DeepVero"},{"not_picked":["Coffee Dripper","Black Star"],"picked":"construct:WeddingRing"}],"items_purged_floors":[3,20,44],"is_endless":false,"potions_floor_spawned":[4,5,21,29,30,33,37,38,40,41],"ascension_level":14}}