{"host":"jl15pmpb41l0mhji","time":1609364299,"event":{"mods":["2.2 Compatiblity","AchievementEnabler","BaseMod","Better Altar","Better Match","Better Note","Better Sensory Stone","Better Skull","Better Third Choice","Better Vampires","Colored Map","Displayed Cursed Tome","Emptier Cage","Hermit","Highlight Path","Minty Spire (QoL Compilation)","Permanent Neow","Random Character Button","Relic Stats","StSLib","The Hierophant"],"gold_per_floor":[120,120,120,34,53,53,74,102,102,136,14,14,43,80,80,182,182,193,193,221,221,247,285,285,314,314,314,345,345,260,8,8,124,124,155,187,214,214,228,228,253,253,303,303,364,364,14,41,41,41],"floor_reached":51,"playtime":3681,"items_purged":["hierophant:Strike_Hierophant","Writhe","hierophant:Punish"],"score":1249,"play_id":"2b29f08f-1347-4361-bb4f-f7e0681069e2","local_time":"20201230153819","is_ascension_mode":true,"campfire_choices":[{"data":"hierophant:Chorus","floor":6,"key":"SMITH"},{"data":"hierophant:Sermon","floor":12,"key":"SMITH"},{"data":"hierophant:ChurchCoffers","floor":15,"key":"SMITH"},{"data":"hierophant:ArchangelShield","floor":24,"key":"SMITH"},{"data":"hierophant:FieryStrike","floor":27,"key":"SMITH"},{"data":"hierophant:FieryStrike","floor":32,"key":"SMITH"},{"data":"hierophant:Purify","floor":40,"key":"SMITH"},{"data":"hierophant:FieryStrike","floor":42,"key":"SMITH"},{"data":"hierophant:Chorus","floor":49,"key":"SMITH"}],"circlet_count":0,"master_deck":["AscendersBane","hierophant:Strike_Hierophant","hierophant:Strike_Hierophant","hierophant:Defend_Hierophant+1","hierophant:Defend_Hierophant","hierophant:Defend_Hierophant","hierophant:Defend_Hierophant","hierophant:ChurchCoffers+1","hierophant:ConvertCurrency","hierophant:Doubloon+1","hierophant:OrnateBuckler","hierophant:Chorus+1","hierophant:HammerAndAnvil","hierophant:Batter","hierophant:Purify+1","hierophant:FieryStrike+1","hierophant:ArchangelShield+1","hierophant:Sermon+1","hierophant:Kindle","hierophant:Blessing","hierophant:FieryStrike+1","hierophant:FieryStrike","hierophant:FieryStrike+1","hierophant:Invocation","hierophant:HammerAndAnvil+1","Neutralize","Parasite","hierophant:Embezzle","hierophant:Repentance","hierophant:Upheaval","hierophant:Chorus+1"],"relics":["hierophant:PropheticMaskRelic","FaceOfCleric","Singing Bowl","FossilizedHelix","Bottled Tornado","Sozu","Regal Pillow","Ancient Tea Set","Juzu Bracelet","Torii","Enchiridion","Gremlin Horn","Blood Vial","Philosopher\u0027s Stone","Dead Branch","Boot","Unceasing Top","Bag of Preparation"],"acts_visited":["Exordium","TheCity","TheBeyond"],"potions_floor_usage":[10,14,18,28],"damage_taken":[{"damage":2,"enemies":"Jaw Worm","floor":1,"turns":4},{"damage":0,"enemies":"2 Louse","floor":5,"turns":3},{"damage":2,"enemies":"Cultist","floor":7,"turns":4},{"damage":4,"enemies":"Large Slime","floor":8,"turns":5},{"damage":22,"enemies":"3 Sentries","floor":10,"turns":7},{"damage":0,"enemies":"Gremlin Gang","floor":13,"turns":4},{"damage":3,"enemies":"Lagavulin","floor":14,"turns":5},{"damage":0,"enemies":"Slime Boss","floor":16,"turns":9},{"damage":11,"enemies":"2 Thieves","floor":18,"turns":4},{"damage":25,"enemies":"Chosen","floor":20,"turns":7},{"damage":15,"enemies":"Snecko","floor":22,"turns":8},{"damage":36,"enemies":"Book of Stabbing","floor":23,"turns":6},{"damage":0,"enemies":"Snake Plant","floor":25,"turns":4},{"damage":10,"enemies":"Gremlin Leader","floor":28,"turns":6},{"damage":37,"enemies":"Champ","floor":33,"turns":11},{"damage":0,"enemies":"Orb Walker","floor":35,"turns":3},{"damage":24,"enemies":"2 Orb Walkers","floor":36,"turns":5},{"damage":10,"enemies":"3 Shapes","floor":37,"turns":5},{"damage":0,"enemies":"Writhing Mass","floor":39,"turns":8},{"damage":0,"enemies":"Sphere and 2 Shapes","floor":41,"turns":6},{"damage":0,"enemies":"Mind Bloom Boss Battle","floor":45,"turns":3},{"damage":16,"enemies":"Jaw Worm Horde","floor":48,"turns":3},{"damage":53,"enemies":"Donu and Deca","floor":50,"turns":10}],"seed_played":"-5769833255900095535","potions_obtained":[{"floor":7,"key":"Swift Potion"},{"floor":10,"key":"Energy Potion"},{"floor":13,"key":"Energy Potion"},{"floor":16,"key":"BlessingOfTheForge"}],"is_trial":false,"path_per_floor":["M","?","?","$","M","R","M","M","T","E","$","R","M","E","R","B",null,"M","?","M","?","M","E","R","M","T","R","E","?","?","$","R","B",null,"M","?","M","?","M","R","M","R","T","?","?","?","$","M","R","B",null],"character_chosen":"HIEROPHANT","items_purchased":["hierophant:Chorus","hierophant:HammerAndAnvil","hierophant:Sermon","Blood Vial","hierophant:Upheaval","Bag of Preparation"],"campfire_rested":0,"item_purchase_floors":[4,4,11,31,47,47],"current_hp_per_floor":[66,51,51,51,52,52,51,48,48,27,27,27,30,28,28,29,70,60,60,45,88,81,53,53,61,61,61,61,45,45,45,45,18,76,81,67,69,69,81,81,91,91,91,91,101,101,101,88,88,45],"gold":41,"neow_bonus":"TRANSFORM_CARD","is_daily":false,"chose_seed":false,"campfire_upgraded":9,"win_rate":0.0,"timestamp":1609364299,"path_taken":["M","?","?","$","M","R","M","M","T","E","$","R","M","E","R","BOSS","M","?","M","?","?","E","R","M","T","R","E","?","?","$","R","BOSS","M","?","M","?","M","R","M","R","T","?","?","?","$","M","R","BOSS"],"items_purchased_type":["Card","Card","Card","Relic","Card","Relic"],"build_version":"2020-12-22","purchased_purges":3,"victory":true,"max_hp_per_floor":[75,75,75,75,76,76,77,78,78,79,79,79,82,83,83,84,84,85,85,88,88,89,90,90,91,91,91,94,94,94,94,94,95,95,98,99,102,102,105,105,106,106,106,106,107,107,107,108,108,109],"relic_stats":{"Regal Pillow":0,"Singing Bowl":12,"Torii":2,"Gremlin Horn":[7,7],"counters":[23,130],"Dead Branch":[38],"Juzu Bracelet":2,"Bag of Preparation":[4],"Boot":[9],"Sozu":6,"Blood Vial":18,"FaceOfCleric":22,"obtain_stats":[{"Regal Pillow":19,"Singing Bowl":9,"Torii":28,"Gremlin Horn":30,"hierophant:PropheticMaskRelic":0,"Dead Branch":36,"Enchiridion":29,"Juzu Bracelet":26,"Bag of Preparation":47,"Bottled Tornado":14,"Ancient Tea Set":23,"Boot":43,"Sozu":17,"Blood Vial":31,"FaceOfCleric":3,"Philosopher\u0027s Stone":34,"FossilizedHelix":10,"Unceasing Top":45},{"Regal Pillow":9,"Singing Bowl":4,"Torii":14,"Gremlin Horn":14,"hierophant:PropheticMaskRelic":0,"Dead Branch":17,"Enchiridion":14,"Juzu Bracelet":13,"Bag of Preparation":21,"Bottled Tornado":7,"Ancient Tea Set":12,"Boot":20,"Sozu":8,"Blood Vial":14,"FaceOfCleric":1,"Philosopher\u0027s Stone":15,"FossilizedHelix":5,"Unceasing Top":21},{"Regal Pillow":45,"Singing Bowl":16,"Torii":76,"Gremlin Horn":76,"hierophant:PropheticMaskRelic":0,"Dead Branch":95,"Enchiridion":76,"Juzu Bracelet":70,"Bag of Preparation":117,"Bottled Tornado":32,"Ancient Tea Set":66,"Boot":114,"Sozu":41,"Blood Vial":76,"FaceOfCleric":4,"Philosopher\u0027s Stone":87,"FossilizedHelix":23,"Unceasing Top":117}],"Unceasing Top":[0]},"card_choices":[{"not_picked":["hierophant:SealAway","hierophant:ThreeLashes"],"picked":"hierophant:OrnateBuckler","floor":1},{"not_picked":["hierophant:Shelter","hierophant:HammerAndAnvil"],"picked":"hierophant:Batter","floor":5},{"not_picked":["hierophant:OrnateBuckler","hierophant:RustyCrate"],"picked":"hierophant:Purify","floor":7},{"not_picked":["hierophant:Generosity","hierophant:EyeForCoin"],"picked":"hierophant:FieryStrike","floor":8},{"not_picked":["hierophant:SolarFlare","hierophant:Upheaval"],"picked":"hierophant:ArchangelShield","floor":10},{"not_picked":["hierophant:OrnateJavelin","hierophant:Charity","hierophant:Purify"],"picked":"Singing Bowl","floor":13},{"not_picked":["hierophant:MorningPrayer","hierophant:FlamingChariot"],"picked":"hierophant:Smite","floor":14},{"not_picked":["hierophant:Cornucopia","hierophant:Levitation"],"picked":"hierophant:Kindle","floor":16},{"not_picked":["hierophant:AuricShield","hierophant:Glossolalia+1"],"picked":"hierophant:Blessing","floor":18},{"not_picked":["hierophant:Prophecy","hierophant:SealAway","hierophant:FlamingChariot"],"picked":"Singing Bowl","floor":20},{"not_picked":["hierophant:Alms","hierophant:Martyrdom"],"picked":"hierophant:FieryStrike","floor":22},{"not_picked":["hierophant:Cornucopia","hierophant:HolyVerse"],"picked":"hierophant:FieryStrike","floor":23},{"not_picked":["hierophant:Remorse","hierophant:Racketeering+1"],"picked":"hierophant:FieryStrike","floor":25},{"not_picked":["hierophant:Charity","hierophant:Purify","hierophant:AuricBeam"],"picked":"Singing Bowl","floor":28},{"not_picked":["hierophant:Levitation","hierophant:Determination"],"picked":"hierophant:Invocation","floor":33},{"not_picked":["hierophant:SolarFlare","hierophant:Empathy","hierophant:Smite"],"picked":"Singing Bowl","floor":35},{"not_picked":["hierophant:Doubloon+1","hierophant:Racketeering+1"],"picked":"hierophant:HammerAndAnvil+1","floor":36},{"not_picked":["hierophant:HolyVerse","hierophant:SecretStash","hierophant:Prophecy"],"picked":"Singing Bowl","floor":37},{"not_picked":["hierophant:Alms","hierophant:RecallFunds","hierophant:Charity"],"picked":"Singing Bowl","floor":39},{"not_picked":["hierophant:AuricBeam+1","hierophant:ThreeLashes"],"picked":"hierophant:Embezzle","floor":41},{"not_picked":["hierophant:BulkyChest","hierophant:FaithHealing"],"picked":"hierophant:Repentance","floor":45},{"not_picked":["hierophant:Upheaval","hierophant:FaithHealing"],"picked":"hierophant:Chorus","floor":48}],"player_experience":1655420,"relics_obtained":[{"floor":9,"key":"Singing Bowl"},{"floor":10,"key":"FossilizedHelix"},{"floor":14,"key":"Bottled Tornado"},{"floor":23,"key":"Ancient Tea Set"},{"floor":26,"key":"Juzu Bracelet"},{"floor":28,"key":"Torii"},{"floor":36,"key":"Dead Branch"},{"floor":43,"key":"Boot"},{"floor":45,"key":"Unceasing Top"}],"event_choices":[{"damage_healed":66,"gold_gain":0,"player_choice":"Upgrade","damage_taken":15,"max_hp_gain":0,"max_hp_loss":75,"event_name":"betterThird:BetterShining","floor":2,"gold_loss":0,"cards_upgraded":["hierophant:Defend_Hierophant","hierophant:Doubloon"]},{"damage_healed":0,"gold_gain":0,"player_choice":"Trade","damage_taken":0,"relics_obtained":["FaceOfCleric"],"max_hp_gain":0,"max_hp_loss":0,"event_name":"FaceTrader","floor":3,"gold_loss":0},{"damage_healed":0,"gold_gain":0,"player_choice":"Opened","damage_taken":0,"relics_obtained":["Regal Pillow"],"max_hp_gain":0,"max_hp_loss":0,"event_name":"The Mausoleum","floor":19,"gold_loss":0,"cards_obtained":["Writhe"]},{"damage_healed":43,"gold_gain":0,"player_choice":"Full Heal","damage_taken":0,"max_hp_gain":0,"max_hp_loss":0,"event_name":"Wheel of Change","floor":21,"gold_loss":0},{"damage_healed":0,"gold_gain":0,"player_choice":"Obtained Book","damage_taken":16,"max_hp_gain":0,"max_hp_loss":0,"event_name":"Cursed Tome","floor":29,"gold_loss":0},{"damage_healed":0,"gold_gain":0,"player_choice":"Obtained Relic","damage_taken":0,"relics_obtained":["Gremlin Horn"],"max_hp_gain":0,"max_hp_loss":0,"event_name":"Addict","floor":30,"gold_loss":85},{"damage_healed":0,"gold_gain":0,"player_choice":"Fight","damage_taken":0,"max_hp_gain":0,"max_hp_loss":0,"event_name":"Mysterious Sphere","floor":36,"gold_loss":0},{"damage_healed":0,"gold_gain":0,"player_choice":"Random: Yellow","damage_taken":0,"max_hp_gain":0,"max_hp_loss":0,"event_name":"betterThird:BetterPortal","floor":38,"gold_loss":0},{"cards_removed":["hierophant:Kindle"],"damage_healed":0,"gold_gain":0,"player_choice":"Take \u0026 Give","damage_taken":0,"max_hp_gain":0,"max_hp_loss":0,"event_name":"betterNote:BetterNote","floor":38,"gold_loss":0,"cards_obtained":["Neutralize"]},{"damage_healed":0,"gold_gain":0,"player_choice":"Ignored","damage_taken":0,"max_hp_gain":0,"max_hp_loss":0,"event_name":"Tomb of Lord Red Mask","floor":44,"gold_loss":0},{"damage_healed":0,"gold_gain":0,"player_choice":"Fight","damage_taken":0,"max_hp_gain":0,"max_hp_loss":0,"event_name":"MindBloom","floor":45,"gold_loss":0},{"cards_removed":["hierophant:Smite"],"damage_healed":0,"gold_gain":0,"player_choice":"Removed Attack","damage_taken":0,"max_hp_gain":0,"max_hp_loss":0,"event_name":"Falling","floor":46,"gold_loss":0}],"is_beta":false,"boss_relics":[{"not_picked":["SacredBark","Velvet Choker"],"picked":"Sozu"},{"not_picked":["Astrolabe","Fusion Hammer"],"picked":"Philosopher\u0027s Stone"}],"items_purged_floors":[11,31,47],"is_endless":false,"potions_floor_spawned":[7,10,13,16,18,23,25,36,39,45],"ascension_level":12}}