{"host":"wprg2kxo540uzszc","time":1609303413,"event":{"mods":["BaseMod","Bestiary","Better Third Choice","BetterRewards","CapriCore","Conspire","Custom Start","Emptier Cage","Energized Spire","Minty Spire (QoL Compilation)","Permanent Neow","Relic Stats","Shop Mod","Spicy Shops","StSLib","The Animator","Transform Curses","Uncapped"],"gold_per_floor":[118,132,159,123,34,34,65,85,85,115,137,137,37,2,2,105,105,115,115,178,191,45,45,96,96,175,187,207,217,217,235,235,338,338,354,368,95,107,169,169,186,186,186,186,184,216,242,266,278,290],"floor_reached":51,"playtime":4834,"items_purged":[],"score":675,"play_id":"531f5b02-865e-42b3-8c81-6802a1023917","local_time":"20201229234333","is_ascension_mode":false,"campfire_choices":[{"floor":6.0,"key":"DIG"},{"floor":12.0,"key":"REST"},{"floor":15.0,"key":"DIG"},{"floor":23.0,"key":"REST"},{"data":"animator:AcuraShin","floor":25.0,"key":"SMITH"},{"data":"animator:Tyuule","floor":30.0,"key":"SMITH"},{"data":"animator:AcuraTooru","floor":32.0,"key":"SMITH"},{"floor":40.0,"key":"REST"},{"floor":42.0,"key":"DIG"},{"data":"animator:AcuraTooru","floor":44.0,"key":"SMITH"},{"floor":49,"key":"REST"}],"circlet_count":0,"master_deck":["animator:Strike_HitsugiNoChaika","animator:Defend_HitsugiNoChaika","animator:AcuraAkari","animator:Gillette+1","CurseOfTheBell","animator:Tyuule+1","animator:MetalKnight","animator:Envy","animator:Strike_Konosuba+1","animator:Strike_NoGameNoLife","animator:Strike_OnePunchMan","animator:Defend_AccelWorld","animator:Defend_OnePunchMan","animator:Defend_Elsword+1","animator:AcuraTooru+1","animator:ChaikaTrabant","animator:Layla","animator:Archer","animator:Boros","animator:Fredrika","animator:AcuraShin+1","animator:Kaijin+1","animator:Archer","animator:AcuraTooru+1","animator:Viivi","animator:Viivi+1"],"relics":["animator:TheMissingPiece","animator:PurgingStone","Calling Bell","Boot","Pear","Shovel","betterThird:SlimedRelic","conspire:Flyswatter","Unceasing Top","Peace Pipe","animator:Buoy","Sozu","SsserpentHead","TwistedFunnel","Art of War","Ornamental Fan","energizedSpire:DeadBattery","Bottled Lightning","Happy Flower","Dream Catcher","Question Card","MawBank"],"acts_visited":["Exordium","TheCity","TheBeyond"],"potions_floor_usage":[50,50],"damage_taken":[{"damage":1.0,"enemies":"Cultist","floor":1.0,"turns":3.0},{"damage":3.0,"enemies":"Jaw Worm","floor":2.0,"turns":2.0},{"damage":0.0,"enemies":"conspire:RoseBush","floor":3.0,"turns":3.0},{"damage":14.0,"enemies":"Looter","floor":7.0,"turns":4.0},{"damage":6.0,"enemies":"3 Louse","floor":8.0,"turns":2.0},{"damage":8.0,"enemies":"Gremlin Nob","floor":10.0,"turns":5.0},{"damage":1.0,"enemies":"Red Slaver","floor":11.0,"turns":3.0},{"damage":31.0,"enemies":"The Guardian","floor":16.0,"turns":9.0},{"damage":13.0,"enemies":"Spheric Guardian","floor":18.0,"turns":4.0},{"damage":14.0,"enemies":"2 Thieves","floor":20.0,"turns":4.0},{"damage":27.0,"enemies":"Sentry and Sphere","floor":21.0,"turns":7.0},{"damage":0.0,"enemies":"animator:HornedBat","floor":24.0,"turns":6.0},{"damage":10.0,"enemies":"3 Cultists","floor":27.0,"turns":4.0},{"damage":0.0,"enemies":"Centurion and Healer","floor":28.0,"turns":5.0},{"damage":3.0,"enemies":"Sentry and Sphere","floor":31.0,"turns":5.0},{"damage":15.0,"enemies":"Automaton","floor":33.0,"turns":8.0},{"damage":8.0,"enemies":"3 Shapes","floor":35.0,"turns":5.0},{"damage":23.0,"enemies":"3 Darklings","floor":36.0,"turns":4.0},{"damage":17.0,"enemies":"Sphere and 2 Shapes","floor":38.0,"turns":6.0},{"damage":11.0,"enemies":"4 Shapes","floor":39.0,"turns":2.0},{"damage":4.0,"enemies":"3 Darklings","floor":41.0,"turns":4.0},{"damage":11.0,"enemies":"Jaw Worm Horde","floor":46.0,"turns":4.0},{"damage":0.0,"enemies":"Maw","floor":47.0,"turns":6.0},{"damage":0.0,"enemies":"Transient","floor":48.0,"turns":5.0},{"damage":50,"enemies":"Time Eater","floor":50,"turns":10}],"seed_played":"-7459039868305842257","potions_obtained":[{"floor":3.0,"key":"DuplicationPotion"},{"floor":10.0,"key":"animator:FalseLifePotion"},{"floor":11.0,"key":"Energy Potion"}],"is_trial":false,"path_per_floor":["M","M","M","?","?","R","M","M","T","E","M","R","$","?","R","B",null,"M","?","M","M","$","R","E","R","T","M","M","?","R","M","R","B",null,"M","M","$","M","M","R","M","R","T","R","?","M","M","M","R","B",null],"character_chosen":"THE_ANIMATOR","items_purchased":["animator:Archer","TwistedFunnel","Bottled Lightning","Happy Flower"],"campfire_rested":4,"item_purchase_floors":[13,22,37,37],"current_hp_per_floor":[75,72,72,61,61,61,47,41,41,34,33,56,56,75,75,44,77,65,65,56,35,35,58,64,64,64,59,62,62,62,59,59,50,78,75,57,57,43,32,55,51,51,51,51,51,42,47,53,77,27],"gold":302,"neow_bonus":"BOSS_RELIC","is_daily":false,"chose_seed":false,"campfire_upgraded":4,"win_rate":0.0,"timestamp":1609303413,"path_taken":["M","M","?","?","?","R","M","M","T","E","M","R","$","?","R","BOSS","M","?","?","M","$","R","E","R","T","M","M","?","R","M","R","BOSS","M","M","$","M","?","R","M","R","T","R","?","M","M","M","R","BOSS"],"items_purchased_type":["Card","Relic","Relic","Relic"],"build_version":"2020-12-22","purchased_purges":0,"victory":true,"max_hp_per_floor":[76,76,76,76,76,76,76,76,76,77,77,77,77,77,77,77,77,78,78,78,78,78,78,78,78,78,78,78,78,78,78,78,78,78,78,78,78,78,78,78,78,78,78,78,78,80,80,80,80,80],"relic_stats":{"Happy Flower":[12],"counters":[25,119],"Boot":[460],"Question Card":10,"MawBank":72,"Peace Pipe":0,"Sozu":6,"SsserpentHead":200,"Dream Catcher":1,"Shovel":3,"Ornamental Fan":[172],"Art of War":[2],"obtain_stats":[{"animator:Buoy":15,"TwistedFunnel":22,"Pear":0,"Happy Flower":37,"animator:TheMissingPiece":0,"Boot":0,"energizedSpire:DeadBattery":34,"Question Card":43,"MawBank":45,"Calling Bell":0,"Peace Pipe":10,"Sozu":17,"SsserpentHead":19,"Dream Catcher":42,"Shovel":0,"animator:PurgingStone":0,"Ornamental Fan":26,"betterThird:SlimedRelic":4,"animator:LivingPicture":0,"Art of War":24,"Bottled Lightning":37,"Unceasing Top":9,"conspire:Flyswatter":6},{"animator:Buoy":7,"TwistedFunnel":11,"Pear":0,"Happy Flower":18,"animator:TheMissingPiece":0,"Boot":0,"energizedSpire:DeadBattery":16,"Question Card":21,"MawBank":21,"Calling Bell":0,"Peace Pipe":6,"Sozu":8,"SsserpentHead":9,"Dream Catcher":21,"Shovel":0,"animator:PurgingStone":0,"Ornamental Fan":12,"betterThird:SlimedRelic":3,"animator:LivingPicture":0,"Art of War":12,"Bottled Lightning":18,"Unceasing Top":5,"conspire:Flyswatter":3},{"animator:Buoy":22,"TwistedFunnel":46,"Pear":0,"Happy Flower":83,"animator:TheMissingPiece":0,"Boot":0,"energizedSpire:DeadBattery":74,"Question Card":95,"MawBank":95,"Calling Bell":0,"Peace Pipe":19,"Sozu":31,"SsserpentHead":35,"Dream Catcher":95,"Shovel":0,"animator:PurgingStone":0,"Ornamental Fan":52,"betterThird:SlimedRelic":8,"animator:LivingPicture":0,"Art of War":52,"Bottled Lightning":83,"Unceasing Top":14,"conspire:Flyswatter":8}],"Unceasing Top":[45]},"card_choices":[{"not_picked":["animator:MaesHughes","animator:Rider"],"picked":"animator:Tyuule","floor":1.0},{"not_picked":["animator:Guy","animator:Spearman"],"picked":"animator:MetalKnight","floor":2.0},{"not_picked":["animator:Azekura","animator:Emonzaemon"],"picked":"animator:Envy","floor":3.0},{"not_picked":["animator:AcuraAkari","animator:ChaikaBohdan"],"picked":"animator:AcuraTooru","floor":7.0},{"not_picked":["animator:GuildGirl","animator:Tyuule","animator:Kaijin"],"picked":"SKIP","floor":8.0},{"not_picked":["animator:Assassin","animator:DolaRiku"],"picked":"animator:ChaikaTrabant","floor":10.0},{"not_picked":["animator:Konayuki","animator:DolaCouronne"],"picked":"animator:Layla","floor":11.0},{"not_picked":["animator:SwordMaiden","animator:Shiro"],"picked":"animator:Boros","floor":16.0},{"not_picked":["animator:ChaikaBohdan","animator:Guy"],"picked":"animator:Fredrika","floor":18.0},{"not_picked":["animator:Gillette","animator:Illya","animator:Guy"],"picked":"SKIP","floor":20.0},{"not_picked":["animator:LizardPriest","animator:SilverFang","animator:Shion"],"picked":"SKIP","floor":21.0},{"not_picked":["animator:Millim","animator:Illya"],"picked":"animator:AcuraShin","floor":24.0},{"not_picked":["animator:Shizu","animator:GuildGirl"],"picked":"animator:Kaijin+1","floor":28.0},{"not_picked":["animator:Guy+1","animator:DolaRiku"],"picked":"animator:Archer","floor":31.0},{"not_picked":["animator:Konayuki","animator:Assassin+1","animator:DolaRiku+1"],"picked":"SKIP","floor":35.0},{"not_picked":["animator:ChaikaBohdan","animator:Gillette"],"picked":"animator:AcuraTooru","floor":36.0},{"not_picked":["animator:Viivi","animator:Sloth+1","animator:Layla"],"picked":"SKIP","floor":38.0},{"not_picked":["animator:Geryuganshoop+1","animator:Viivi","animator:Hakurou+1"],"picked":"SKIP","floor":39.0},{"not_picked":["animator:Shion","animator:Priestess","animator:GuildGirl+1"],"picked":"SKIP","floor":41.0},{"not_picked":["animator:ChaikaBohdan","animator:Guy","animator:Layla"],"picked":"animator:Viivi","floor":46.0},{"not_picked":["animator:SakuraMatou+1","animator:Emonzaemon+1","animator:ElricEdward","animator:Berserker"],"picked":"SKIP","floor":47.0},{"not_picked":["animator:SakuraMatou+1","animator:Emonzaemon+1","animator:ElricEdward","animator:Berserker"],"picked":"SKIP","floor":47.0},{"not_picked":["animator:Caster","animator:ElricEdward","animator:WinryRockbell+1","animator:Hitei+1"],"picked":"SKIP","floor":48.0},{"not_picked":["animator:SakuraMatou","animator:RinTohsaka","animator:MumenRider"],"picked":"animator:Viivi+1","floor":49}],"player_experience":142351,"relics_obtained":[{"floor":0.0,"key":"Boot"},{"floor":0.0,"key":"Pear"},{"floor":0.0,"key":"Shovel"},{"floor":6.0,"key":"conspire:Flyswatter"},{"floor":9.0,"key":"Unceasing Top"},{"floor":10.0,"key":"Peace Pipe"},{"floor":15.0,"key":"animator:Buoy"},{"floor":24.0,"key":"Art of War"},{"floor":26.0,"key":"Ornamental Fan"},{"floor":42.0,"key":"Dream Catcher"},{"floor":43.0,"key":"Question Card"}],"event_choices":[{"damage_healed":0.0,"max_hp_gain":0.0,"max_hp_loss":0.0,"gold_gain":0.0,"event_name":"betterThird:BetterGoop","player_choice":"Slimed","floor":4.0,"gold_loss":36.0,"damage_taken":11.0},{"damage_healed":19.0,"max_hp_gain":0.0,"max_hp_loss":0.0,"gold_gain":0.0,"event_name":"The Cleric","player_choice":"Healed","floor":14.0,"gold_loss":35.0,"damage_taken":0.0},{"damage_healed":0.0,"max_hp_gain":0.0,"max_hp_loss":0.0,"gold_gain":0.0,"event_name":"FaceTrader","player_choice":"Trade","floor":19.0,"gold_loss":0.0,"damage_taken":0.0,"relics_obtained":["SsserpentHead"]},{"damage_healed":0.0,"max_hp_gain":0.0,"max_hp_loss":0.0,"gold_gain":0.0,"event_name":"Designer","player_choice":"Upgraded Two","floor":29.0,"gold_loss":40.0,"damage_taken":0.0,"cards_upgraded":["animator:Gillette","animator:Strike_Konosuba"]},{"damage_healed":0.0,"max_hp_gain":0.0,"max_hp_loss":0.0,"gold_gain":0.0,"event_name":"WeMeetAgain","player_choice":"Paid Gold","floor":45.0,"gold_loss":52.0,"damage_taken":0.0,"relics_obtained":["MawBank"]}],"is_beta":false,"boss_relics":[{"not_picked":["Tiny House","energizedSpire:MagnifyingGlass"],"picked":"Sozu"},{"not_picked":["animator:RacePiece","Velvet Choker"],"picked":"energizedSpire:DeadBattery"}],"items_purged_floors":[],"is_endless":false,"potions_floor_spawned":[3,10,11,24,27,28,38,39,47],"ascension_level":0}}