{"host":"Qube","time":1609366792,"event":{"mods":["AchievementEnabler","BaseMod","Colored Map","Colored Powertips","Minty Spire (QoL Compilation)","Quick Restart","Random Character Button","StSLib","The Cursed"],"gold_per_floor":[13,33,48,59,78,106,106],"floor_reached":6,"playtime":348,"items_purged":[],"score":85,"play_id":"ef9ed91a-c748-4c2d-9f52-d568a53bf54d","local_time":"20201230141952","is_ascension_mode":true,"campfire_choices":[],"circlet_count":0,"master_deck":["AscendersBane","Strike_G","Strike_G","Strike_G","Strike_G","Strike_G","Defend_G","Defend_G","Defend_G","Defend_G","Defend_G","Survivor","Neutralize","Footwork","Dagger Spray","Skewer","Slice","Dagger Spray"],"relics":["Ring of the Snake","Girya","Omamori"],"acts_visited":["Exordium"],"potions_floor_usage":[6],"damage_taken":[{"damage":2.0,"enemies":"Jaw Worm","floor":1.0,"turns":5.0},{"damage":0.0,"enemies":"Cultist","floor":2.0,"turns":5.0},{"damage":0.0,"enemies":"2 Louse","floor":3.0,"turns":3.0},{"damage":12.0,"enemies":"Large Slime","floor":4.0,"turns":8.0},{"damage":2.0,"enemies":"Blue Slaver","floor":5.0,"turns":6.0},{"damage":16,"enemies":"Gremlin Nob","floor":6,"turns":3}],"seed_played":"-970065847869104882","potions_obtained":[{"floor":1.0,"key":"EssenceOfSteel"},{"floor":3.0,"key":"Strength Potion"},{"floor":5.0,"key":"Dexterity Potion"}],"is_trial":false,"path_per_floor":["M","M","M","M","M","E"],"character_chosen":"THE_SILENT","items_purchased":[],"campfire_rested":0,"item_purchase_floors":[],"current_hp_per_floor":[57,57,57,45,43,27,27],"gold":106,"neow_bonus":"ONE_RARE_RELIC","is_daily":false,"chose_seed":false,"campfire_upgraded":0,"win_rate":0.0,"timestamp":1609366792,"path_taken":["M","M","M","M","M","E"],"items_purchased_type":[],"build_version":"2020-12-18","purchased_purges":0,"victory":false,"max_hp_per_floor":[66,66,66,66,66,66,66],"card_choices":[{"not_picked":["Dodge and Roll","Sucker Punch"],"picked":"Footwork","floor":1.0},{"not_picked":["Skewer","Dagger Throw"],"picked":"Dagger Spray","floor":2.0},{"not_picked":["Dagger Throw","Footwork"],"picked":"Skewer","floor":3.0},{"not_picked":["Flechettes","Prepared"],"picked":"Slice","floor":4.0},{"not_picked":["Predator","Cloak And Dagger"],"picked":"Dagger Spray","floor":5.0},{"not_picked":["Quick Slash","Acrobatics","Setup"],"picked":"SKIP","floor":6}],"player_experience":738666,"relics_obtained":[{"floor":6,"key":"Omamori"}],"event_choices":[],"is_beta":true,"boss_relics":[],"items_purged_floors":[],"is_endless":false,"potions_floor_spawned":[1,3,5],"killed_by":"Gremlin Nob","ascension_level":14}}