{"host":"5w5nlj9te6rhm47m","time":1609352293,"event":{"mods":["BaseMod","Downfall","Hermit","Minty Spire (QoL Compilation)","Replay The Spire","Shop Mod","StSLib","The Bug Knight"],"gold_per_floor":[99,110,110,126,2,2,2,13,48,67,103,103,122,107,124,234,234,159,188,211,211,240,26,49,81,90,90,90,90,125,160,181,295,295,220,240,269,630,651,694,694,728,728,747,791,816,775,809,836,842],"floor_reached":51,"playtime":3596,"items_purged":["Pain"],"score":1281,"play_id":"aed4560c-a2d0-4bb8-a8cb-95f118204c6f","local_time":"20201231021813","is_ascension_mode":true,"campfire_choices":[{"floor":1.0,"key":"RECALL"},{"data":"Slimebound:WasteNot","floor":18.0,"key":"SMITH"},{"data":"Slimebound:SamplingLick","floor":28.0,"key":"SMITH"},{"data":"Slimebound:SelfFormingGoo","floor":35.0,"key":"SMITH"}],"circlet_count":0,"master_deck":["Slimebound:Strike_Slimebound","Slimebound:Strike_Slimebound","Slimebound:Tackle","Slimebound:Defend_Slimebound","Slimebound:Defend_Slimebound+1","Slimebound:Defend_Slimebound+1","Slimebound:Defend_Slimebound","Slimebound:Split","Slimebound:CorrosiveSpit+1","Slimebound:WasteNot+1","Slimebound:ProtectTheBoss","Slimebound:ViciousTackle","Slimebound:GrowthPunch","Slimebound:SamplingLick","Slimebound:SamplingLick","Slimebound:Schlurp","Slimebound:LeechEnergy","Slimebound:SamplingLick+1","Slimebound:GrowthPunch","Slimebound:GoopSpray","Slimebound:SelfFormingGoo+1","Slimebound:SplitBruiser","Slimebound:ProtectTheBoss","Slimebound:LeechEnergy","Slimebound:SamplingLick+1","Slimebound:Grow","Slimebound:Darklings+1","Writhe","Slimebound:AcidTongue+1","Slimebound:MegaLick","Slimebound:Recollect","Slimebound:SlimeSlap","Slimebound:SlimeTap","Slimebound:Nibble+1","Slimebound:HauntingLick+1","Slimebound:Repurpose+1","Slimebound:RainOfGoop+1","Slimebound:MegaLick+1","Slimebound:SplitLeeching+1","Slimebound:LeechingTouch+1","Slimebound:SplitLeeching","Slimebound:Gluttony+1","Slimebound:HauntingLick","Slimebound:HauntingLick","Slimebound:ViciousTackle","Slimebound:LeechingTouch","Slimebound:Schlurp+1"],"relics":["Slimebound:AbsorbEndCombat","WarpedTongs","Gremlin Horn","ReplayTheSpireMod:Ninjato","CeramicFish","WingedGreaves","SlaversCollar","downfall:HeartBlessingRed","Simple Rune","Blue Doll","Pondfish Scales","Bird Faced Urn","War Paint","Painkiller Herb","downfall:HeartBlessingGreen","Old Coin","Ancient Tea Set","Bag of Marbles","Centennial Puzzle","Replay:Bandana","MerchantsRug"],"acts_visited":["Exordium","TheCity","TheBeyond"],"potions_floor_usage":[50,50],"damage_taken":[{"damage":18.0,"enemies":"Jaw Worm","floor":2.0,"turns":5.0},{"damage":13.0,"enemies":"Cultist","floor":4.0,"turns":4.0},{"damage":11.0,"enemies":"downfall:FleeingMerchant","floor":5.0,"turns":4.0},{"damage":3.0,"enemies":"2 Louse","floor":8.0,"turns":3.0},{"damage":4.0,"enemies":"Gremlin Nob","floor":9.0,"turns":3.0},{"damage":5.0,"enemies":"Exordium Wildlife","floor":10.0,"turns":3.0},{"damage":30.0,"enemies":"3 Sentries","floor":11.0,"turns":7.0},{"damage":14.0,"enemies":"Large Slime","floor":13.0,"turns":4.0},{"damage":23.0,"enemies":"downfall:FleeingMerchant","floor":14.0,"turns":4.0},{"damage":12.0,"enemies":"Blue Slaver","floor":15.0,"turns":3.0},{"damage":54.0,"enemies":"downfall:Silent","floor":16.0,"turns":8.0},{"damage":37.0,"enemies":"3 Byrds","floor":19.0,"turns":6.0},{"damage":31.0,"enemies":"Shelled Parasite and Fungi","floor":20.0,"turns":5.0},{"damage":15.0,"enemies":"Snake Plant","floor":22.0,"turns":3.0},{"damage":12.0,"enemies":"downfall:FleeingMerchant","floor":23.0,"turns":4.0},{"damage":41.0,"enemies":"Slavers","floor":25.0,"turns":3.0},{"damage":39.0,"enemies":"Replay:Snechameleon","floor":30.0,"turns":6.0},{"damage":16.0,"enemies":"HollowMod:Nosk","floor":31.0,"turns":6.0},{"damage":33.0,"enemies":"Sentry and Sphere","floor":32.0,"turns":5.0},{"damage":20.0,"enemies":"downfall:Watcher","floor":33.0,"turns":9.0},{"damage":42.0,"enemies":"3 Darklings","floor":36.0,"turns":6.0},{"damage":14.0,"enemies":"Orb Walker","floor":37.0,"turns":3.0},{"damage":50.0,"enemies":"2 Orb Walkers","floor":38.0,"turns":4.0},{"damage":23.0,"enemies":"Maw","floor":39.0,"turns":7.0},{"damage":23.0,"enemies":"Giant Head","floor":40.0,"turns":7.0},{"damage":12.0,"enemies":"HollowMod:StalkingDevout","floor":42.0,"turns":4.0},{"damage":7.0,"enemies":"3 Darklings","floor":44.0,"turns":3.0},{"damage":28.0,"enemies":"Reptomancer","floor":45.0,"turns":4.0},{"damage":12.0,"enemies":"4 Shapes","floor":46.0,"turns":3.0},{"damage":5.0,"enemies":"downfall:FleeingMerchant","floor":47.0,"turns":3.0},{"damage":20,"enemies":"R_Hoarder","floor":48,"turns":4},{"damage":8,"enemies":"Maw","floor":49,"turns":5},{"damage":66,"enemies":"downfall:Defect","floor":50,"turns":8}],"seed_played":"-1847181609582997744","potions_obtained":[{"floor":2.0,"key":"BlessingOfTheForge"},{"floor":4.0,"key":"LifebloodPotion"},{"floor":10.0,"key":"SkillPotion"},{"floor":13.0,"key":"Regen Potion"},{"floor":15.0,"key":"Adrenaline Potion"},{"floor":22.0,"key":"Block Potion"},{"floor":25.0,"key":"AttackPotion"},{"floor":31.0,"key":"DuplicationPotion"},{"floor":32.0,"key":"Block Potion"},{"floor":37.0,"key":"Fire Potion"},{"floor":42.0,"key":"DistilledChaos"},{"floor":44.0,"key":"champ:CounterPotion"},{"floor":46.0,"key":"SkillPotion"}],"is_trial":false,"path_per_floor":["R","M","?","M","$","?","T","M","E","M","E","?","M","$","M","B",null,"R","M","M","?","M","$","T","E","?","?","R","?","E","E","M","B",null,"T","?","?","?","?","E","T","E","?","?","E","?","T","E","?","B",null],"character_chosen":"SLIMEBOUND","items_purchased":["Slimebound:SamplingLick","Slimebound:Grow","Slimebound:Darklings","Replay:Bandana","Slimebound:Gluttony+1","Slimebound:HauntingLick","Slimebound:ViciousTackle","MerchantsRug"],"campfire_rested":0,"item_purchase_floors":[5,23,23,47,47,47,47,47],"current_hp_per_floor":[54,52,52,47,48,48,48,49,54,54,54,51,51,51,54,28,54,54,48,45,45,46,46,46,49,49,49,49,40,41,59,56,59,59,59,59,59,51,59,59,59,59,59,59,59,59,59,59,59,55],"gold":842,"neow_bonus":"THREE_RARE_CARDS","is_daily":false,"chose_seed":false,"campfire_upgraded":3,"win_rate":0.0,"timestamp":1609352293,"path_taken":["R","M","?","M","?","?","T","?","E","M","E","?","M","$","M","BOSS","R","M","M","?","M","$","T","E","?","?","R","?","E","E","M","BOSS","T","?","?","?","?","E","T","E","?","?","E","?","T","E","?","BOSS"],"items_purchased_type":["Card","Card","Card","Relic","Card","Card","Card","Relic"],"build_version":"2020-12-22","purchased_purges":1,"victory":true,"max_hp_per_floor":[54,54,54,54,54,54,54,54,54,54,54,54,54,54,54,54,54,54,54,54,54,54,54,54,54,54,54,54,59,59,59,59,59,59,59,59,59,59,59,59,59,59,59,59,59,59,59,59,59,59],"card_choices":[{"not_picked":["Slimebound:Teamwork","Slimebound:MassFeed"],"picked":"Slimebound:WasteNot","floor":0.0},{"not_picked":["Slimebound:ComboTackle","Slimebound:DisruptingSlam"],"picked":"Slimebound:ProtectTheBoss","floor":2.0},{"not_picked":["Slimebound:SpikyOuterGoop","Slimebound:TongueLash"],"picked":"Slimebound:ViciousTackle","floor":4.0},{"not_picked":["Slimebound:LeechEnergy","Slimebound:LevelUp"],"picked":"Slimebound:GrowthPunch","floor":5.0},{"not_picked":["Slimebound:ComboTackle","Slimebound:FormOfPuddle"],"picked":"Slimebound:Schlurp","floor":8.0},{"not_picked":["Slimebound:SplitAcid","Slimebound:DisruptingSlam"],"picked":"Slimebound:LeechEnergy","floor":9.0},{"not_picked":["Slimebound:RollThrough","Slimebound:Chomp"],"picked":"Slimebound:SamplingLick","floor":10.0},{"not_picked":["Slimebound:RainOfGoop","Slimebound:SelfFormingGoo"],"picked":"Slimebound:GrowthPunch","floor":11.0},{"not_picked":["Slimebound:LivingWall","Slimebound:ViciousTackle"],"picked":"Slimebound:GoopSpray","floor":13.0},{"not_picked":["Slimebound:DisruptingSlam","Slimebound:DivideAndConquer","Slimebound:SamplingLick"],"picked":"SKIP","floor":14.0},{"not_picked":["Slimebound:DivideAndConquer","Slimebound:HungryTackle","Slimebound:SpikyOuterGoop"],"picked":"SKIP","floor":15.0},{"not_picked":["Slimebound:MinionMaster","Slimebound:RallyTheTroops"],"picked":"Slimebound:SelfFormingGoo","floor":16.0},{"not_picked":["Slimebound:SamplingLick","Slimebound:ServeAndProtect+1"],"picked":"Slimebound:SplitBruiser","floor":19.0},{"not_picked":["Slimebound:SlimeSpikes","Slimebound:Replication"],"picked":"Slimebound:ProtectTheBoss","floor":20.0},{"not_picked":["Slimebound:ComboTackle","Slimebound:FlameTackle"],"picked":"Slimebound:LeechEnergy","floor":22.0},{"not_picked":["Slimebound:SplitMire+1","Slimebound:SpikyOuterGoop"],"picked":"Slimebound:SamplingLick+1","floor":23.0},{"not_picked":["Slimebound:RollThrough","Slimebound:MinionMaster","Slimebound:FlameTackle"],"picked":"SKIP","floor":25.0},{"not_picked":["Slimebound:SlimeSpikes","Slimebound:ViciousTackle"],"picked":"Slimebound:AcidTongue+1","floor":30.0},{"not_picked":["Slimebound:LeechingTouch","Slimebound:ViciousTackle"],"picked":"Slimebound:MegaLick","floor":31.0},{"not_picked":["Slimebound:DivideAndConquer","Slimebound:SamplingLick"],"picked":"Slimebound:Recollect","floor":32.0},{"not_picked":["Slimebound:LeechLife","Slimebound:MassFeed"],"picked":"Slimebound:SlimeSlap","floor":33.0},{"not_picked":["Slimebound:LeechEnergy+1","Slimebound:SamplingLick+1"],"picked":"Slimebound:SlimeTap","floor":36.0},{"not_picked":["Slimebound:LeechingTouch","Slimebound:LevelUp+1"],"picked":"Slimebound:Nibble+1","floor":37.0},{"not_picked":["Slimebound:LeadByExample+1","Slimebound:SplitAcid"],"picked":"Slimebound:HauntingLick+1","floor":38.0},{"not_picked":["Slimebound:SlimeSpikes+1","Slimebound:ProtectTheBoss"],"picked":"Slimebound:Repurpose+1","floor":39.0},{"not_picked":["Slimebound:Repurpose+1","Slimebound:SplitMire+1"],"picked":"Slimebound:RainOfGoop+1","floor":40.0},{"not_picked":["Slimebound:ForwardTackle+1","Slimebound:PrepareCrush"],"picked":"Slimebound:MegaLick+1","floor":42.0},{"not_picked":["Slimebound:SamplingLick","Slimebound:SplitAcid"],"picked":"Slimebound:SplitLeeching+1","floor":44.0},{"not_picked":["Slimebound:GoopTackle+1","Slimebound:GoopSpray"],"picked":"Slimebound:LeechingTouch+1","floor":45.0},{"not_picked":["Slimebound:ForwardTackle","Slimebound:SlimeSpikes"],"picked":"Slimebound:SplitLeeching","floor":46.0},{"not_picked":["Slimebound:SlimeSpikes+1","Slimebound:WasteNot"],"picked":"Slimebound:LeechingTouch","floor":48},{"not_picked":["Slimebound:DivideAndConquer","Slimebound:SplitLeeching"],"picked":"Slimebound:Schlurp+1","floor":49}],"player_experience":180952,"relics_obtained":[{"floor":7.0,"key":"Gremlin Horn"},{"floor":9.0,"key":"ReplayTheSpireMod:Ninjato"},{"floor":11.0,"key":"CeramicFish"},{"floor":24.0,"key":"Simple Rune"},{"floor":25.0,"key":"Blue Doll"},{"floor":30.0,"key":"Bird Faced Urn"},{"floor":31.0,"key":"War Paint"},{"floor":38.0,"key":"Old Coin"},{"floor":40.0,"key":"Ancient Tea Set"},{"floor":42.0,"key":"Bag of Marbles"},{"floor":45.0,"key":"Centennial Puzzle"}],"event_choices":[{"damage_healed":0.0,"max_hp_gain":0.0,"max_hp_loss":0.0,"gold_gain":0.0,"event_name":"Accursed Blacksmith","player_choice":"Rummage","floor":3.0,"gold_loss":0.0,"damage_taken":0.0,"relics_obtained":["WarpedTongs"],"cards_obtained":["Pain"]},{"cards_removed":["Slimebound:Strike_Slimebound"],"damage_healed":0.0,"max_hp_gain":0.0,"max_hp_loss":0.0,"gold_gain":0.0,"event_name":"Bonfire Elementals","player_choice":"Offered Basic","floor":6.0,"gold_loss":0.0,"damage_taken":0.0},{"damage_healed":0.0,"max_hp_gain":0.0,"max_hp_loss":0.0,"gold_gain":0.0,"event_name":"Scrap Ooze","player_choice":"Success","floor":12.0,"gold_loss":0.0,"damage_taken":3.0,"relics_obtained":["WingedGreaves"]},{"damage_healed":0.0,"max_hp_gain":0.0,"max_hp_loss":0.0,"gold_gain":0.0,"event_name":"Mysterious Sphere","player_choice":"Fight","floor":38.0,"gold_loss":0.0,"damage_taken":0.0},{"damage_healed":0.0,"max_hp_gain":0.0,"max_hp_loss":0.0,"gold_gain":0.0,"event_name":"Upgrade Shrine","player_choice":"Upgraded","floor":43.0,"gold_loss":0.0,"damage_taken":0.0,"cards_upgraded":["Slimebound:Darklings"]}],"is_beta":false,"boss_relics":[{"not_picked":["Replay:Grab Bag","Kintsugi"],"picked":"SlaversCollar"},{"not_picked":["Replay:Drink Me","Busted Crown"],"picked":"Painkiller Herb"}],"items_purged_floors":[5],"is_endless":false,"potions_floor_spawned":[2,4,10,13,15,16,22,25,31,32,37,42,44,46],"ascension_level":4}}