{"host":"15dd7v8o90xso62x","time":1609371140,"event":{"mods":["BaseMod","Minty Spire (QoL Compilation)","Quick Restart","StSLib","SuperFastMode"],"gold_per_floor":[118,128,144,157,175,175,190,221,244,244,244,264,264,273,273,273,273],"floor_reached":16,"playtime":468,"items_purged":[],"score":208,"play_id":"810915ca-a544-451d-bf4d-dd45fb7d95c2","local_time":"20201231083220","is_ascension_mode":true,"campfire_choices":[{"data":"Shockwave","floor":6,"key":"SMITH"},{"data":"Whirlwind","floor":11,"key":"SMITH"},{"data":"Barricade","floor":13,"key":"SMITH"},{"data":"Second Wind","floor":15,"key":"SMITH"}],"circlet_count":0,"master_deck":["AscendersBane","Strike_R","Strike_R","Strike_R","Defend_R","Defend_R","Defend_R","Defend_R","Bash","Warcry","Whirlwind+1","Shockwave+1","Flex","Barricade+1","Second Wind+1","Corruption"],"relics":["Burning Blood","CeramicFish","Boot"],"acts_visited":[],"potions_floor_usage":[4,8,8,16],"damage_taken":[{"damage":7,"enemies":"Small Slimes","floor":1,"turns":4},{"damage":16,"enemies":"Jaw Worm","floor":2,"turns":6},{"damage":12,"enemies":"Cultist","floor":3,"turns":4},{"damage":5,"enemies":"Gremlin Gang","floor":4,"turns":3},{"damage":18,"enemies":"Blue Slaver","floor":5,"turns":5},{"damage":7,"enemies":"2 Fungi Beasts","floor":7,"turns":4},{"damage":37,"enemies":"3 Sentries","floor":8,"turns":10},{"damage":2,"enemies":"Lots of Slimes","floor":12,"turns":2},{"damage":17,"enemies":"The Guardian","floor":16,"turns":2}],"seed_played":"-8354145091901832189","potions_obtained":[{"floor":3,"key":"Energy Potion"},{"floor":4,"key":"SpeedPotion"},{"floor":7,"key":"Dexterity Potion"},{"floor":8,"key":"Weak Potion"}],"is_trial":false,"path_per_floor":["M","M","M","M","M","R","M","E","T","?","R","M","R","?","R","B"],"character_chosen":"IRONCLAD","items_purchased":[],"campfire_rested":0,"item_purchase_floors":[],"current_hp_per_floor":[67,57,51,52,40,40,39,8,8,8,8,12,12,12,12,0,0],"gold":273,"neow_bonus":"TRANSFORM_CARD","is_daily":false,"chose_seed":false,"campfire_upgraded":4,"win_rate":0.0,"timestamp":1609371140,"path_taken":["M","M","M","M","M","R","M","E","T","?","R","M","R","?","R","BOSS"],"items_purchased_type":[],"build_version":"2020-12-22","purchased_purges":0,"victory":false,"max_hp_per_floor":[75,75,75,75,75,75,75,75,75,75,75,75,75,75,75,75,75],"card_choices":[{"not_picked":["Twin Strike","Warcry"],"picked":"Whirlwind","floor":1},{"not_picked":["Anger","Twin Strike","Searing Blow"],"picked":"SKIP","floor":2},{"not_picked":["Headbutt","Infernal Blade"],"picked":"Shockwave","floor":3},{"not_picked":["Headbutt","Wild Strike"],"picked":"Flex","floor":4},{"not_picked":["Metallicize","Dual Wield"],"picked":"Barricade","floor":5},{"not_picked":["Headbutt","Dropkick"],"picked":"Second Wind","floor":7},{"not_picked":["Warcry","Second Wind","Armaments"],"picked":"SKIP","floor":8},{"not_picked":["Cleave","Body Slam","Sword Boomerang"],"picked":"SKIP","floor":12}],"player_experience":970397,"relics_obtained":[{"floor":8,"key":"CeramicFish"},{"floor":9,"key":"Boot"}],"event_choices":[{"damage_healed":0,"gold_gain":0,"player_choice":"Ignored","damage_taken":0,"max_hp_gain":0,"max_hp_loss":0,"event_name":"Liars Game","floor":10,"gold_loss":0},{"damage_healed":0,"gold_gain":0,"cards_transformed":["Strike_R"],"player_choice":"Change","damage_taken":0,"max_hp_gain":0,"max_hp_loss":0,"event_name":"Living Wall","floor":14,"gold_loss":0,"cards_obtained":["Corruption"]}],"is_beta":false,"boss_relics":[],"items_purged_floors":[],"is_endless":false,"potions_floor_spawned":[3,4,7,8],"killed_by":"The Guardian","ascension_level":20}}