{"host":"28bpuzdckreop5i0","time":1609337338,"event":{"mods":["Act Like it!","Aspiration","BaseMod","Beaked The Cultist","Best Route Mod","BetterRewards","Challenge The Spire","Conspire","Defuse TimeMaze Blight","Downfall","Energized Spire","GifTheSpireLib","Googly Eyes","Hubris","Infinite Spire","Lobotomy","Mimic Mod","Minty Spire (QoL Compilation)","Relic Stats","Shop Mod","Spicy Shops","StSLib","Stuff the Spire","The Awakened One except there are too many feathers","The Construct","The Cursed","The Disciple","The Hierophant","The IronCluck","The Jungle","Thieving Mod","Transform Curses","Wandering Minibosses","slay the spire mod where everything is the same but ironclad has a cowboy hat"],"gold_per_floor":[112,128,24,24,44,44,55,88,88,98,98,109,109,134,134,238,238,254,273,273,273],"floor_reached":20,"playtime":1294,"items_purged":[],"score":186,"play_id":"41f6cac0-f5b8-4c96-ae13-c0d3920d92d7","local_time":"20201230080858","is_ascension_mode":false,"campfire_choices":[{"data":"construct:Zapper","floor":6,"key":"SMITH"},{"floor":11,"key":"REST"},{"floor":13,"key":"REST"},{"floor":15,"key":"REST"}],"circlet_count":0,"master_deck":["construct:Strike_Gold","construct:Strike_Gold","construct:Strike_Gold","construct:Strike_Gold","construct:Strike_Gold","construct:Defend_Gold","construct:Defend_Gold","construct:Defend_Gold","construct:Defend_Gold","construct:Defend_Gold","construct:AttackMode","construct:DefenseMode","construct:Stasis","construct:Autoturret","construct:Analyze","construct:Zapper+1","construct:ModeShift","construct:ModeShift","construct:Zapper","construct:MassProduction","construct:QuickAttack+1","construct:PowerUp+1"],"relics":["construct:Cogwheel","aspiration:Nostalgia","infinitespire:DarkRift","hubris:GlazedTorus","hubris:BottledRain","Gremlin Horn","hubris:TenFootPole","StuffTheSpire:ModemDavis"],"acts_visited":["Exordium","TheCity"],"potions_floor_usage":[8,16,16,19,19],"damage_taken":[{"damage":6,"enemies":"Jaw Worm","floor":1,"turns":2},{"damage":14,"enemies":"Cultist","floor":2,"turns":6},{"damage":1,"enemies":"2 Louse","floor":5,"turns":5},{"damage":23,"enemies":"2 Fungi Beasts","floor":7,"turns":5},{"damage":18,"enemies":"Gremlin Nob","floor":8,"turns":4},{"damage":17,"enemies":"Large Slime","floor":10,"turns":8},{"damage":11,"enemies":"Blue Slaver","floor":12,"turns":3},{"damage":18,"enemies":"3 Sentries","floor":14,"turns":11},{"damage":36,"enemies":"Hexaghost","floor":16,"turns":12},{"damage":40,"enemies":"Chosen","floor":18,"turns":6},{"damage":28,"enemies":"Shell Parasite","floor":19,"turns":9},{"damage":18,"enemies":"Cultist and Chosen","floor":20,"turns":5}],"seed_played":"4009786524224067666","potions_obtained":[{"floor":2,"key":"Swift Potion"},{"floor":5,"key":"SpeedPotion"},{"floor":14,"key":"ColorlessPotion"},{"floor":16,"key":"GamblersBrew"},{"floor":18,"key":"DistilledChaos"}],"is_trial":false,"path_per_floor":["M","M","$","?","M","R","M","E","T","M","R","M","R","E","R","B",null,"M","M","M"],"character_chosen":"THE_CONSTRUCT_MOD","items_purchased":["hubris:GlazedTorus","construct:Analyze"],"campfire_rested":3,"item_purchase_floors":[3,3],"current_hp_per_floor":[79,65,65,65,64,64,41,23,23,6,31,20,45,27,52,26,85,45,17,0,0],"gold":273,"neow_bonus":"NOSTALGIA","is_daily":false,"chose_seed":false,"campfire_upgraded":1,"win_rate":0.0,"timestamp":1609337338,"path_taken":["M","M","$","?","M","R","M","E","T","M","R","M","R","E","R","BOSS","M","M","M"],"items_purchased_type":["Relic","Card"],"build_version":"2020-12-22","purchased_purges":0,"victory":false,"max_hp_per_floor":[85,85,85,85,85,85,85,85,85,85,85,85,85,85,85,85,85,85,85,85,85],"relic_stats":{"Gremlin Horn":[4,4],"counters":[12,76],"obtain_stats":[{"StuffTheSpire:ModemDavis":17,"infinitespire:DarkRift":0,"Gremlin Horn":9,"aspiration:Nostalgia":0,"construct:Cogwheel":0,"hubris:TenFootPole":14,"hubris:GlazedTorus":3,"hubris:BottledRain":8},{"StuffTheSpire:ModemDavis":9,"infinitespire:DarkRift":0,"Gremlin Horn":5,"aspiration:Nostalgia":0,"construct:Cogwheel":0,"hubris:TenFootPole":8,"hubris:GlazedTorus":2,"hubris:BottledRain":5},{"StuffTheSpire:ModemDavis":56,"infinitespire:DarkRift":0,"Gremlin Horn":22,"aspiration:Nostalgia":0,"construct:Cogwheel":0,"hubris:TenFootPole":44,"hubris:GlazedTorus":8,"hubris:BottledRain":22}]},"card_choices":[{"not_picked":["construct:Reinforce","construct:SyphonStrike"],"picked":"construct:Stasis","floor":1},{"not_picked":["construct:Disrupt","construct:CripplingShot"],"picked":"construct:Autoturret","floor":2},{"not_picked":["construct:Disrupt","construct:LaserCore"],"picked":"construct:Zapper","floor":5},{"not_picked":["construct:FocusedBeam","construct:SyphonStrike","construct:Reinforce"],"picked":"SKIP","floor":7},{"not_picked":["construct:ClusterMines","construct:Analyze"],"picked":"construct:ModeShift","floor":8},{"not_picked":["construct:ScrapCannon","construct:ShiftStrike"],"picked":"construct:ModeShift","floor":10},{"not_picked":["construct:FlameCore","construct:OmegaCannon","construct:FierceBash"],"picked":"SKIP","floor":12},{"not_picked":["construct:HeavyBolt","construct:ReactiveShield"],"picked":"construct:Zapper","floor":14},{"not_picked":["construct:SpinDrive","construct:GatlingGun"],"picked":"construct:MassProduction","floor":16},{"not_picked":["construct:GuardCore+1","construct:SuppressiveFire+1"],"picked":"construct:QuickAttack+1","floor":18},{"not_picked":["construct:CriticalHit+1","construct:Reinforce"],"picked":"construct:PowerUp+1","floor":19}],"player_experience":914660,"relics_obtained":[{"floor":8,"key":"hubris:BottledRain"},{"floor":9,"key":"Gremlin Horn"},{"floor":14,"key":"hubris:TenFootPole"}],"event_choices":[{"damage_healed":0,"gold_gain":0,"player_choice":"Disagree","damage_taken":0,"max_hp_gain":0,"max_hp_loss":0,"event_name":"conspire:LoneGhost","floor":4,"gold_loss":0}],"is_beta":false,"boss_relics":[{"not_picked":["Astrolabe","Tiny House"],"picked":"StuffTheSpire:ModemDavis"}],"items_purged_floors":[],"is_endless":false,"potions_floor_spawned":[2,5,7,14,16,18],"killed_by":"Cultist and Chosen","ascension_level":0}}