{"host":"t574sm73kex1j5cr","time":1609362072,"event":{"mods":["BaseMod","Downfall","Duelist Mod","Hubris","Infinite Spire","Minty Spire (QoL Compilation)","Replay The Spire","StSLib","Td1madao Mod","The Animator","The Bug Knight","The Cursed"],"gold_per_floor":[121,46,102,2,28,55,55,55,78,106,106,127,163,163,163,272,272,292,338,356,356,356,400,439,514,537,42,64,113,113,129,129,237,237,277,277,295,356,356,356,378,378,378,378,224,224,224,249,249,273],"floor_reached":51,"playtime":5011,"items_purged":["animator:Strike","animator:Strike"],"score":748,"play_id":"afa85e15-a904-40e2-b9f9-98a4e82a123f","local_time":"20201230160112","is_ascension_mode":false,"campfire_choices":[{"data":"animator:YunYun","floor":11,"key":"SMITH"},{"data":"animator:Emonzaemon","floor":15,"key":"SMITH"},{"data":"animator:Shichika","floor":30,"key":"SMITH"},{"data":"animator:NarberalGamma","floor":32,"key":"SMITH"},{"data":"animator:HigakiRinne","floor":40,"key":"SMITH"},{"data":"animator:Ainz","floor":42,"key":"SMITH"},{"data":"animator:Add","floor":44,"key":"SMITH"},{"floor":49,"key":"DIG"}],"circlet_count":0,"master_deck":["animator:Strike_Konosuba","animator:Defend_Konosuba","animator:Kazuma","animator:Aqua","animator:Emonzaemon+1","animator:YunYun+1","animator:Mitsurugi","animator:Elsword","animator:Emonzaemon+1","animator:Chris+1","animator:Mitsurugi+1","animator:Verdia","animator:Genos+1","animator:Elesis+2","animator:NarberalGamma+1","animator:Entoma+3","animator:Sebas","animator:Aqua","animator:Shichika+1","infinitespire:SevenWalls+1","animator:UneriGinkaku+1","animator:Add+1","animator:Chung","animator:Vanir+1","animator:HighElfArcher+1","animator:Ainz+1","animator:Laby+1","animator:HigakiRinne+1","animator:Raven+1","animator:Megumin+1","animator:Lu+1","animator:Hitei","animator:UneriGinkaku+1"],"relics":["animator:LivingPicture","animator:TheMissingPiece","NeowsBlessing","animator:Hoodie","Molten Egg 2","HollowMod:LifeEnderRelic","animator:RacePiece","Boot","Bag of Preparation","hubris:ToyBattleship","Matryoshka","hubris:BottledRain","hubris:VirtuousBlindfold","Torii","hubris:Towel","Shuriken","InkBottle","Anchor","Lizard Tail"],"acts_visited":["Exordium","TheCity","TheBeyond"],"potions_floor_usage":[13,13,28,33,33,38,38,50,50],"damage_taken":[{"damage":0,"enemies":"Cultist","floor":1,"turns":1},{"damage":0,"enemies":"Small Slimes","floor":5,"turns":1},{"damage":0,"enemies":"Lagavulin","floor":6,"turns":1},{"damage":0,"enemies":"2 Louse","floor":10,"turns":1},{"damage":0,"enemies":"Red Slaver","floor":12,"turns":2},{"damage":11,"enemies":"3 Sentries","floor":13,"turns":3},{"damage":42,"enemies":"Fading Forest","floor":16,"turns":11},{"damage":0,"enemies":"Spheric Guardian","floor":18,"turns":3},{"damage":19,"enemies":"2 Thieves","floor":20,"turns":4},{"damage":26,"enemies":"animator:HornedBat","floor":23,"turns":4},{"damage":0,"enemies":"Centurion and Healer","floor":24,"turns":6},{"damage":0,"enemies":"Shelled Parasite and Fungi","floor":28,"turns":2},{"damage":14,"enemies":"Snake Plant","floor":29,"turns":3},{"damage":0,"enemies":"Cultist and Chosen","floor":31,"turns":4},{"damage":60,"enemies":"Automaton","floor":33,"turns":9},{"damage":5,"enemies":"3 Shapes","floor":35,"turns":4},{"damage":0,"enemies":"Orb Walker","floor":37,"turns":2},{"damage":1,"enemies":"2 Orb Walkers","floor":38,"turns":3},{"damage":0,"enemies":"4 Shapes","floor":41,"turns":3},{"damage":0,"enemies":"Spire Growth","floor":48,"turns":4},{"damage":49,"enemies":"Awakened One","floor":50,"turns":12}],"seed_played":"-8790688141692634789","potions_obtained":[{"floor":5,"key":"Venom Potion"},{"floor":6,"key":"Fire Potion"},{"floor":12,"key":"SneckoOil"},{"floor":20,"key":"Swift Potion"},{"floor":24,"key":"Elixir"},{"floor":29,"key":"PowerPotion"},{"floor":33,"key":"AttackPotion"},{"floor":35,"key":"BlessingOfTheForge"},{"floor":41,"key":"Swift Potion"}],"is_trial":false,"path_per_floor":["M","$","?","$","M","E","$","?","T","M","R","M","E","?","R","B",null,"M","T","M","?","?","E","M","?","T","$","M","M","R","M","R","B",null,"M","?","M","?","?","R","M","R","T","R","$","?","?","M","R","B",null],"character_chosen":"THE_ANIMATOR","items_purchased":["Matryoshka","hubris:BottledRain","Anchor"],"campfire_rested":0,"item_purchase_floors":[27,27,45],"current_hp_per_floor":[66,66,41,41,44,47,47,47,47,50,50,55,47,47,47,18,81,84,84,68,48,85,61,68,60,60,60,68,58,58,67,67,11,97,92,80,85,90,90,90,95,95,95,95,95,95,95,102,102,59],"gold":273,"neow_bonus":"THREE_ENEMY_KILL","is_daily":false,"chose_seed":false,"campfire_upgraded":7,"win_rate":0.0,"timestamp":1609362072,"path_taken":["M","?","?","$","M","E","$","?","T","?","R","M","E","?","R","BOSS","M","?","M","?","?","E","?","?","T","$","M","?","R","M","R","BOSS","M","?","M","?","?","R","M","R","T","R","$","?","?","M","R","BOSS"],"items_purchased_type":["Relic","Relic","Relic"],"build_version":"2020-12-22","purchased_purges":2,"victory":true,"max_hp_per_floor":[66,66,67,67,70,73,73,73,73,76,76,79,80,80,80,81,81,84,84,85,85,85,85,88,88,88,88,92,92,92,97,97,97,97,97,97,102,104,104,104,107,107,107,107,107,107,107,110,110,112],"card_choices":[{"not_picked":["animator:Guy","animator:Cocytus"],"picked":"animator:Emonzaemon","floor":1},{"not_picked":["animator:Gillette","animator:Mitsurugi"],"picked":"animator:YunYun","floor":3},{"not_picked":["animator:TsurugaMeisai","animator:Gillette"],"picked":"animator:Mitsurugi","floor":3},{"not_picked":["animator:Ara","animator:Gillette"],"picked":"animator:Elsword","floor":5},{"not_picked":["animator:LizardPriest","animator:Fredrika"],"picked":"animator:Emonzaemon+1","floor":6},{"not_picked":["animator:Kazuma","animator:Megumin+1"],"picked":"animator:Chris+1","floor":10},{"not_picked":["animator:Evileye","animator:Emonzaemon+1"],"picked":"animator:Mitsurugi+1","floor":12},{"not_picked":["animator:TsurugaMeisai","animator:Elsword+1"],"picked":"animator:Verdia","floor":13},{"not_picked":["animator:Saitama","animator:AcuraShin+1"],"picked":"animator:Elesis+1","floor":16},{"not_picked":["animator:Evileye+1","animator:HighElfArcher+1"],"picked":"animator:Aqua","floor":18},{"not_picked":["animator:Emonzaemon+1","animator:Konayuki"],"picked":"animator:Shichika","floor":20},{"not_picked":["ReplayTheSpireMod:Chaos Vortex","infinitespire:NeuralNetwork"],"picked":"infinitespire:SevenWalls","floor":21},{"not_picked":["animator:PandorasActor","animator:Fredrika"],"picked":"animator:UneriGinkaku+1","floor":23},{"not_picked":["animator:ZankiKiguchi+1","animator:Rena"],"picked":"animator:Add","floor":24},{"not_picked":["animator:YunYun+1","animator:Cocytus+1"],"picked":"animator:Chung","floor":28},{"not_picked":["animator:Kazuma","animator:Aqua"],"picked":"animator:Vanir+1","floor":29},{"not_picked":["animator:Entoma+1","animator:Genos+1"],"picked":"animator:HighElfArcher+1","floor":31},{"not_picked":["animator:ChaikaTrabant+1","animator:Biyorigo"],"picked":"animator:Ainz","floor":33},{"not_picked":["animator:Guy","animator:Lu+1"],"picked":"animator:Laby+1","floor":35},{"not_picked":["animator:Guy+1","animator:Demiurge"],"picked":"animator:Raven+1","floor":37},{"not_picked":["animator:Sonic+1","animator:TsurugaMeisai"],"picked":"animator:Megumin+1","floor":38},{"not_picked":["animator:Geryuganshoop","animator:Elsword+1"],"picked":"animator:Lu+1","floor":41},{"not_picked":["animator:MetalKnight+1","animator:SilverFang"],"picked":"animator:UneriGinkaku+1","floor":48}],"player_experience":117462,"relics_obtained":[{"floor":3,"key":"animator:Hoodie"},{"floor":6,"key":"Molten Egg 2"},{"floor":13,"key":"HollowMod:LifeEnderRelic"},{"floor":19,"key":"Boot"},{"floor":23,"key":"Bag of Preparation"},{"floor":26,"key":"hubris:ToyBattleship"},{"floor":38,"key":"Torii"},{"floor":43,"key":"Shuriken"},{"floor":43,"key":"InkBottle"},{"floor":49,"key":"Lizard Tail"}],"event_choices":[{"cards_removed":["animator:Defend"],"damage_healed":0,"gold_gain":0,"player_choice":"Took Card","damage_taken":0,"max_hp_gain":0,"max_hp_loss":0,"event_name":"NoteForYourself","floor":8,"gold_loss":0,"cards_obtained":["animator:Strike"]},{"damage_healed":0,"gold_gain":0,"player_choice":"2 cards matched","damage_taken":0,"max_hp_gain":0,"max_hp_loss":0,"event_name":"Match and Keep!","floor":14,"gold_loss":0,"cards_obtained":["animator:Shalltear","animator:Genos"]},{"cards_removed":["animator:Shalltear"],"damage_healed":37,"gold_gain":0,"player_choice":"Offered Uncommon","damage_taken":0,"max_hp_gain":0,"max_hp_loss":0,"event_name":"Bonfire Elementals","floor":22,"gold_loss":0},{"damage_healed":0,"gold_gain":75,"player_choice":"Touch","damage_taken":8,"max_hp_gain":0,"max_hp_loss":0,"event_name":"FaceTrader","floor":25,"gold_loss":0},{"damage_healed":0,"gold_gain":0,"player_choice":"Embrace Madness","damage_taken":12,"max_hp_gain":0,"max_hp_loss":0,"event_name":"Winding Halls","floor":36,"gold_loss":0,"cards_obtained":["animator:HigakiRinne"]},{"damage_healed":0,"gold_gain":0,"player_choice":"Fight","damage_taken":0,"max_hp_gain":0,"max_hp_loss":0,"event_name":"Mysterious Sphere","floor":38,"gold_loss":0},{"cards_removed":["animator:Strike"],"damage_healed":0,"gold_gain":0,"player_choice":"Purged","damage_taken":0,"max_hp_gain":0,"max_hp_loss":0,"event_name":"Purifier","floor":47,"gold_loss":0}],"is_beta":false,"boss_relics":[{"not_picked":["Velvet Choker","hubris:ScarierMask"],"picked":"animator:RacePiece"},{"not_picked":["ChewingGum","ReplayTheSpireMod:SealedPack"],"picked":"hubris:VirtuousBlindfold"}],"items_purged_floors":[2,4],"is_endless":false,"potions_floor_spawned":[5,6,12,20,24,29,33,35,41],"ascension_level":0}}