{"host":"sz8c8ni79nvzjmmg","time":1609292179,"event":{"mods":["AchievementEnabler","BaseMod","DeckTracker","Keyboard Shortcuts","Minty Spire (QoL Compilation)","SuperFastMode"],"gold_per_floor":[114,39,58,19,19,45,45,59,59,73,88,88,88,33,33,107,107,123,155,166,166,166,166],"floor_reached":22,"playtime":732,"items_purged":["Strike_B"],"score":418,"play_id":"52760a39-664d-49e3-a6e2-5fb9e1daf33c","local_time":"20201230103619","is_ascension_mode":true,"campfire_choices":[{"data":"Blizzard","floor":7.0,"key":"SMITH"},{"data":"Coolheaded","floor":12.0,"key":"SMITH"},{"data":"Coolheaded","floor":15.0,"key":"SMITH"}],"circlet_count":0,"master_deck":["AscendersBane","Strike_B","Defend_B","Defend_B","Defend_B","Defend_B","Zap+1","Dualcast","Cold Snap","Genetic Algorithm+1","Blizzard+1","Hologram","Chill","Coolheaded+1","Coolheaded+1","Echo Form","Go for the Eyes+1","Compile Driver","Meteor Strike","Chaos"],"relics":["Cracked Core","NeowsBlessing","Gambling Chip","Question Card","Pen Nib","Sozu","Red Mask"],"acts_visited":["Exordium","TheCity"],"potions_floor_usage":[16,18],"damage_taken":[{"damage":0.0,"enemies":"Cultist","floor":1.0,"turns":1.0},{"damage":0.0,"enemies":"2 Louse","floor":3.0,"turns":1.0},{"damage":0.0,"enemies":"Gremlin Nob","floor":6.0,"turns":1.0},{"damage":0.0,"enemies":"Small Slimes","floor":8.0,"turns":3.0},{"damage":5.0,"enemies":"3 Louse","floor":10.0,"turns":4.0},{"damage":2.0,"enemies":"Blue Slaver","floor":11.0,"turns":4.0},{"damage":10,"enemies":"Slime Boss","floor":16,"turns":10},{"damage":18,"enemies":"Shell Parasite","floor":18,"turns":6},{"damage":6,"enemies":"Masked Bandits","floor":19,"turns":4},{"damage":11,"enemies":"2 Thieves","floor":20,"turns":4},{"damage":35,"enemies":"Chosen and Byrds","floor":22,"turns":5}],"seed_played":"2074908265611647842","potions_obtained":[{"floor":3.0,"key":"FocusPotion"},{"floor":8.0,"key":"SmokeBomb"},{"floor":10.0,"key":"SneckoOil"},{"floor":16,"key":"Explosive Potion"}],"is_trial":false,"path_per_floor":["M","$","M","$","?","E","R","M","T","M","M","R","?","$","R","B",null,"M","?","M","?","M"],"character_chosen":"DEFECT","items_purchased":["Blizzard","Coolheaded"],"campfire_rested":0,"item_purchase_floors":[4,14],"current_hp_per_floor":[64,64,64,64,43,43,43,43,43,38,36,36,25,25,25,15,57,39,33,22,22,0,0],"gold":166,"neow_bonus":"THREE_ENEMY_KILL","is_daily":false,"chose_seed":false,"campfire_upgraded":3,"win_rate":0.0,"timestamp":1609292179,"path_taken":["M","$","M","?","?","E","R","M","T","M","M","R","?","$","R","BOSS","M","?","M","?","M"],"items_purchased_type":["Card","Card"],"build_version":"2020-12-22","purchased_purges":1,"victory":false,"max_hp_per_floor":[71,71,71,71,71,71,71,71,71,71,71,71,71,71,71,71,71,71,71,71,71,71,71],"card_choices":[{"not_picked":["Reprogram","Fusion"],"picked":"Cold Snap","floor":1.0},{"not_picked":["Hello World","Auto Shields"],"picked":"Genetic Algorithm","floor":3.0},{"not_picked":["Go for the Eyes","Rip and Tear","Rainbow"],"picked":"SKIP","floor":6.0},{"not_picked":["Rebound","Rip and Tear"],"picked":"Hologram","floor":8.0},{"not_picked":["FTL","Turbo","Undo"],"picked":"Chill","floor":10.0},{"not_picked":["Turbo","Steam","Cold Snap"],"picked":"Coolheaded","floor":11.0},{"not_picked":["Fission","Multi-Cast","Machine Learning"],"picked":"Echo Form","floor":16},{"not_picked":["Hologram","Coolheaded","Barrage"],"picked":"Go for the Eyes+1","floor":18},{"not_picked":["Conserve Battery","Auto Shields","Go for the Eyes"],"picked":"Compile Driver","floor":19},{"not_picked":["Reprogram+1","Barrage","Tempest","Double Energy"],"picked":"SKIP","floor":20}],"player_experience":1216658,"relics_obtained":[{"floor":6.0,"key":"Gambling Chip"},{"floor":9.0,"key":"Question Card"},{"floor":19,"key":"Red Mask"}],"event_choices":[{"damage_healed":0.0,"max_hp_gain":0.0,"max_hp_loss":0.0,"gold_gain":0.0,"event_name":"Shining Light","player_choice":"Entered Light","floor":5.0,"gold_loss":0.0,"damage_taken":21.0,"cards_upgraded":["Genetic Algorithm","Zap"]},{"damage_healed":0.0,"max_hp_gain":0.0,"max_hp_loss":0.0,"gold_gain":0.0,"event_name":"Scrap Ooze","player_choice":"Success","floor":13.0,"gold_loss":0.0,"damage_taken":11.0,"relics_obtained":["Pen Nib"]},{"damage_healed":0,"gold_gain":0,"player_choice":"Fought Bandits","damage_taken":0,"max_hp_gain":0,"max_hp_loss":0,"event_name":"Masked Bandits","floor":19,"gold_loss":0},{"damage_healed":0,"gold_gain":0,"cards_transformed":["Strike_B","Strike_B"],"player_choice":"Became Test Subject","damage_taken":0,"max_hp_gain":0,"max_hp_loss":0,"event_name":"Drug Dealer","floor":21,"gold_loss":0,"cards_obtained":["Meteor Strike","Chaos"]}],"is_beta":false,"boss_relics":[{"not_picked":["Busted Crown","SlaversCollar"],"picked":"Sozu"}],"items_purged_floors":[2],"is_endless":false,"potions_floor_spawned":[3,8,10,16,19],"killed_by":"Chosen and Byrds","ascension_level":20}}