{"host":"kw4o7b3ro2ktmmbe","time":1609326296,"event":{"mods":["BaseMod","ChefMod","Evolution","Minty Spire (QoL Compilation)","StSLib"],"gold_per_floor":[116,128,128,146,146,146,158,158,158,158,175,191,191,141,141,243,243,262,13,23,23,50,50,60,80,80,98,13,31,58,158,158,254,254,272,292,188,201,256,256,256,256,256,269,22,55,67,77,77,77],"floor_reached":51,"playtime":4276,"items_purged":[],"score":666,"play_id":"9eb6a4f5-eafc-46ae-9680-4d290788cde8","local_time":"20201231000456","is_ascension_mode":false,"campfire_choices":[{"data":"chefmod:TodaysSpecial","floor":6.0,"key":"SMITH"},{"data":"chefmod:OldCookbook","floor":8.0,"key":"SMITH"},{"data":"chefmod:QuickThaw","floor":10.0,"key":"SMITH"},{"data":"chefmod:FryPan","floor":13.0,"key":"SMITH"},{"data":"chefmod:Defend","floor":15.0,"key":"SMITH"},{"data":"chefmod:Defend","floor":23,"key":"SMITH"},{"data":"chefmod:Defend","floor":32,"key":"SMITH"},{"floor":40,"key":"RECALL"}],"circlet_count":0,"master_deck":["chefmod:Defend+1","chefmod:Defend+1","chefmod:Defend+1","chefmod:QuickThaw+1","chefmod:TodaysSpecial+1","chefmod:OldCookbook+1","chefmod:FullBurn+1","chefmod:Tenderizer+1","chefmod:ColdSteel+1","Bite+1","Bite+1","Bite+1","Bite+1","Bite+1","chefmod:DimSum+1","chefmod:ColdSteel+1","chefmod:LiquidNitrogen+1","chefmod:BleedOut+1","chefmod:CayenneCloud+1","chefmod:CandyBowl","chefmod:OldCookbook+1","chefmod:DeathByChocolate+1","chefmod:FireUp+1","chefmod:FreshProduce","chefmod:FrozenTuna+1","chefmod:FullBurn+1"],"relics":["EVO:Axolotl","Philosopher\u0027s Stone","Gremlin Horn","Molten Egg 2","Coffee Dripper","Mercury Hourglass","Potion Belt","Bottled Flame","Lantern","Ancient Tea Set","Prayer Wheel","Bottled Lightning","Fusion Hammer","Turnip","White Beast Statue","Ornamental Fan","chefmod:WoodenSpoon"],"acts_visited":["Exordium","TheCity","TheBeyond"],"potions_floor_usage":[29,31,37,39,39,50,50],"damage_taken":[{"damage":0.0,"enemies":"Cultist","floor":1.0,"turns":3.0},{"damage":7.0,"enemies":"Jaw Worm","floor":2.0,"turns":4.0},{"damage":3.0,"enemies":"2 Louse","floor":4.0,"turns":3.0},{"damage":3.0,"enemies":"Looter","floor":7.0,"turns":3.0},{"damage":0.0,"enemies":"Exordium Wildlife","floor":11.0,"turns":5.0},{"damage":0.0,"enemies":"3 Louse","floor":12.0,"turns":1.0},{"damage":2,"enemies":"Slime Boss","floor":16,"turns":6},{"damage":1,"enemies":"Chosen","floor":18,"turns":3},{"damage":9,"enemies":"3 Byrds","floor":20,"turns":3},{"damage":4,"enemies":"Centurion and Healer","floor":24,"turns":4},{"damage":18,"enemies":"Snake Plant","floor":25,"turns":3},{"damage":7,"enemies":"Snecko","floor":27,"turns":4},{"damage":14,"enemies":"Centurion and Healer","floor":29,"turns":3},{"damage":17,"enemies":"Book of Stabbing","floor":30,"turns":4},{"damage":11,"enemies":"Colosseum Slavers","floor":31,"turns":2},{"damage":0,"enemies":"Colosseum Nobs","floor":31,"turns":3},{"damage":13,"enemies":"Automaton","floor":33,"turns":9},{"damage":1,"enemies":"3 Darklings","floor":35,"turns":2},{"damage":6,"enemies":"Orb Walker","floor":36,"turns":2},{"damage":23,"enemies":"Maw","floor":38,"turns":6},{"damage":26,"enemies":"2 Orb Walkers","floor":39,"turns":4},{"damage":6,"enemies":"Transient","floor":44,"turns":5},{"damage":21,"enemies":"Giant Head","floor":46,"turns":7},{"damage":7,"enemies":"Jaw Worm Horde","floor":47,"turns":2},{"damage":0,"enemies":"Sphere and 2 Shapes","floor":48,"turns":2},{"damage":43,"enemies":"Time Eater","floor":50,"turns":7}],"seed_played":"-4729164058881044485","potions_obtained":[{"floor":1.0,"key":"Block Potion"},{"floor":4.0,"key":"chefmod:PotionOfPlenty"},{"floor":7.0,"key":"DistilledChaos"},{"floor":18,"key":"DistilledChaos"},{"floor":30,"key":"Regen Potion"},{"floor":33,"key":"Ancient Potion"},{"floor":36,"key":"FearPotion"},{"floor":38,"key":"Explosive Potion"},{"floor":44,"key":"Swift Potion"},{"floor":46,"key":"Strength Potion"},{"floor":47,"key":"DuplicationPotion"},{"floor":48,"key":"DistilledChaos"}],"is_trial":false,"path_per_floor":["M","M","?","M","?","R","M","R","T","R","M","M","R","?","R","B",null,"M","$","M","?","T","R","M","M","T","M","?","M","E","?","R","B",null,"M","M","$","M","?","R","?","R","T","M","$","E","M","M","R","B",null],"character_chosen":"THE_CHEF","items_purchased":["Mercury Hourglass","Fruit Juice","Ornamental Fan"],"campfire_rested":0,"item_purchase_floors":[19,37,45],"current_hp_per_floor":[76,69,74,71,68,68,65,65,65,65,65,65,65,65,65,63,81,80,80,71,56,56,56,56,44,44,55,55,48,51,56,56,56,56,56,53,58,53,48,48,48,48,48,61,61,52,54,61,61,33],"gold":77,"neow_bonus":"BOSS_RELIC","is_daily":false,"chose_seed":false,"campfire_upgraded":7,"win_rate":0.0,"timestamp":1609326296,"path_taken":["M","M","?","M","?","R","M","R","T","R","M","M","R","?","R","BOSS","M","$","M","?","?","R","M","M","T","M","?","M","E","?","R","BOSS","M","M","$","M","?","R","?","R","T","M","$","E","M","M","R","BOSS"],"items_purchased_type":["Relic","Potion","Relic"],"build_version":"2020-12-22","purchased_purges":0,"victory":true,"max_hp_per_floor":[76,76,81,81,81,81,81,81,81,81,81,81,81,81,81,81,81,81,81,81,56,56,56,56,56,56,56,56,56,56,56,56,56,56,56,56,61,61,61,61,61,61,61,61,61,61,61,61,61,61],"card_choices":[{"not_picked":["chefmod:Julienne","chefmod:ZaruSoba"],"picked":"chefmod:OldCookbook","floor":1.0},{"not_picked":["chefmod:HotSoup","chefmod:FryPan","chefmod:Fillet"],"picked":"SKIP","floor":2.0},{"not_picked":["chefmod:Sorbet","chefmod:Defrost","chefmod:Gelato"],"picked":"SKIP","floor":4.0},{"not_picked":["chefmod:IcePick","chefmod:Defrost","chefmod:Chop"],"picked":"SKIP","floor":7.0},{"not_picked":["chefmod:VegetableTart","chefmod:BaoBuns"],"picked":"chefmod:FullBurn+1","floor":11.0},{"not_picked":["chefmod:FarmersMarket","chefmod:DinoKale","chefmod:Granita"],"picked":"SKIP","floor":12.0},{"not_picked":["chefmod:BananaSplit","chefmod:DeepFreeze"],"picked":"chefmod:Tenderizer+1","floor":16},{"not_picked":["chefmod:ZaruSoba","chefmod:FryPan+1"],"picked":"chefmod:ColdSteel+1","floor":18},{"not_picked":["chefmod:Escargot","chefmod:FryPan+1","chefmod:Ratatouille"],"picked":"SKIP","floor":20},{"not_picked":["chefmod:NewMenu","chefmod:IcePick+1"],"picked":"chefmod:DimSum+1","floor":24},{"not_picked":["chefmod:BaoBuns","chefmod:Gelato","chefmod:Sorbet"],"picked":"SKIP","floor":25},{"not_picked":["chefmod:Granita+1","chefmod:CapreseSalad"],"picked":"chefmod:ColdSteel+1","floor":27},{"not_picked":["chefmod:Sorbet","chefmod:ZaruSoba"],"picked":"chefmod:LiquidNitrogen+1","floor":29},{"not_picked":["chefmod:Sorbet","chefmod:Chop+1"],"picked":"chefmod:BleedOut+1","floor":30},{"not_picked":["chefmod:IcePick+1","chefmod:Fillet+1"],"picked":"chefmod:CayenneCloud+1","floor":31},{"not_picked":["chefmod:TwoForOne","chefmod:Tenderizer+1"],"picked":"chefmod:CandyBowl","floor":33},{"not_picked":["chefmod:FireUp+1","chefmod:Sorbet+1"],"picked":"chefmod:OldCookbook+1","floor":35},{"not_picked":["chefmod:BaoBuns+1","chefmod:ZaruSoba","chefmod:Fillet+1"],"picked":"SKIP","floor":35},{"not_picked":["chefmod:ColdSteel+1","chefmod:FryPan+1"],"picked":"chefmod:DeathByChocolate+1","floor":36},{"not_picked":["chefmod:Fillet+1","chefmod:Cleavers+1"],"picked":"chefmod:FireUp+1","floor":36},{"not_picked":["chefmod:FryPan+1","chefmod:LiquidNitrogen+1"],"picked":"chefmod:FreshProduce","floor":38},{"not_picked":["chefmod:Sorbet","chefmod:IceCreamCone","chefmod:SpaghettiCarbonara"],"picked":"SKIP","floor":38},{"not_picked":["chefmod:SliceAndDice+1","chefmod:CayenneCloud+1"],"picked":"chefmod:FrozenTuna+1","floor":44},{"not_picked":["chefmod:Sorbet","chefmod:Defrost+1","chefmod:Fillet+1"],"picked":"SKIP","floor":44},{"not_picked":["chefmod:FarmersMarket+1","chefmod:Escargot+1","chefmod:FryPan+1"],"picked":"SKIP","floor":46},{"not_picked":["chefmod:Sorbet","chefmod:Gelato","chefmod:HotSoup+1"],"picked":"SKIP","floor":47},{"not_picked":["chefmod:NoSoupForYou","chefmod:ZaruSoba+1","chefmod:Defrost"],"picked":"SKIP","floor":47},{"not_picked":["chefmod:IceCreamCone","chefmod:Flambe+1"],"picked":"chefmod:FullBurn+1","floor":48},{"not_picked":["chefmod:AllYouCanEat","chefmod:Gelato","chefmod:Fillet+1"],"picked":"SKIP","floor":48}],"player_experience":1774490,"relics_obtained":[{"floor":9.0,"key":"Molten Egg 2"},{"floor":22,"key":"Potion Belt"},{"floor":26,"key":"Bottled Flame"},{"floor":30,"key":"Ancient Tea Set"},{"floor":31,"key":"Prayer Wheel"},{"floor":31,"key":"Bottled Lightning"},{"floor":39,"key":"Turnip"},{"floor":43,"key":"White Beast Statue"},{"floor":46,"key":"chefmod:WoodenSpoon"}],"event_choices":[{"damage_healed":0.0,"max_hp_gain":5.0,"max_hp_loss":0.0,"gold_gain":0.0,"event_name":"Big Fish","player_choice":"Donut","floor":3.0,"gold_loss":0.0,"damage_taken":0.0},{"damage_healed":0.0,"max_hp_gain":0.0,"max_hp_loss":0.0,"gold_gain":0.0,"event_name":"Scrap Ooze","player_choice":"Success","floor":5.0,"gold_loss":0.0,"damage_taken":3.0,"relics_obtained":["Gremlin Horn"]},{"cards_removed":["chefmod:Strike"],"damage_healed":0.0,"max_hp_gain":0.0,"max_hp_loss":0.0,"gold_gain":0.0,"event_name":"The Cleric","player_choice":"Card Removal","floor":14.0,"gold_loss":50.0,"damage_taken":0.0},{"damage_healed":0,"gold_gain":0,"player_choice":"Became a vampire","damage_taken":0,"max_hp_gain":0,"max_hp_loss":25,"event_name":"Vampires","floor":21,"gold_loss":0,"cards_obtained":["Bite","Bite","Bite","Bite","Bite"]},{"damage_healed":0,"gold_gain":0,"player_choice":"Obtained Relic","damage_taken":0,"relics_obtained":["Lantern"],"max_hp_gain":0,"max_hp_loss":0,"event_name":"Addict","floor":28,"gold_loss":85},{"damage_healed":0,"gold_gain":0,"player_choice":"Fight","damage_taken":0,"max_hp_gain":0,"max_hp_loss":0,"event_name":"Colosseum","floor":31,"gold_loss":0},{"damage_healed":0,"gold_gain":0,"player_choice":"Fought Nobs","damage_taken":0,"max_hp_gain":0,"max_hp_loss":0,"event_name":"Colosseum","floor":31,"gold_loss":0},{"damage_healed":0,"gold_gain":0,"player_choice":"Fight","damage_taken":0,"max_hp_gain":0,"max_hp_loss":0,"event_name":"Mysterious Sphere","floor":39,"gold_loss":0},{"cards_removed":["chefmod:FryPan"],"damage_healed":0,"gold_gain":0,"player_choice":"Removed Attack","damage_taken":0,"max_hp_gain":0,"max_hp_loss":0,"event_name":"Falling","floor":41,"gold_loss":0}],"is_beta":false,"boss_relics":[{"not_picked":["Black Star","SacredBark"],"picked":"Coffee Dripper"},{"not_picked":["Empty Cage","Snecko Eye"],"picked":"Fusion Hammer"}],"items_purged_floors":[],"is_endless":false,"potions_floor_spawned":[1,4,7,18,30,31,33,36,38,44,46,47,48],"ascension_level":0}}