{"host":"15dd7v8o90xso62x","time":1609325960,"event":{"mods":["BaseMod","Minty Spire (QoL Compilation)","Quick Restart","StSLib","SuperFastMode"],"gold_per_floor":[111,111,111,136,4,4,44,63,133,133,153,174,174,195,195,285,285,310,24,48,71,71,71],"floor_reached":22,"playtime":1016,"items_purged":["Defend_R","Strike_R"],"score":426,"play_id":"e81c7d49-a68e-41e2-8f07-32486b5c2135","local_time":"20201230195920","is_ascension_mode":true,"campfire_choices":[{"data":"Body Slam","floor":6.0,"key":"SMITH"},{"data":"True Grit","floor":13.0,"key":"SMITH"},{"data":"Feel No Pain","floor":15.0,"key":"SMITH"}],"circlet_count":0,"master_deck":["AscendersBane","Strike_R","Strike_R","Strike_R","Defend_R","Defend_R","Defend_R","Bash","Dark Embrace+1","True Grit+1","Whirlwind","Body Slam+1","Battle Trance","Feel No Pain+1","Shrug It Off","Shrug It Off","Impervious","Pommel Strike","Fire Breathing","Finesse","Entrench"],"relics":["Burning Blood","NeowsBlessing","Golden Idol","Orichalcum","Sundial","Runic Cube"],"acts_visited":["Exordium","TheCity"],"potions_floor_usage":[22],"damage_taken":[{"damage":0.0,"enemies":"Cultist","floor":1.0,"turns":1.0},{"damage":0.0,"enemies":"2 Louse","floor":4.0,"turns":1.0},{"damage":0.0,"enemies":"Gremlin Nob","floor":7.0,"turns":1.0},{"damage":12.0,"enemies":"Small Slimes","floor":8.0,"turns":5.0},{"damage":7.0,"enemies":"Exordium Thugs","floor":11.0,"turns":6.0},{"damage":23.0,"enemies":"Large Slime","floor":12.0,"turns":5.0},{"damage":0.0,"enemies":"Gremlin Gang","floor":14.0,"turns":2.0},{"damage":19.0,"enemies":"The Guardian","floor":16.0,"turns":9.0},{"damage":20.0,"enemies":"3 Byrds","floor":18.0,"turns":9.0},{"damage":24.0,"enemies":"2 Thieves","floor":20.0,"turns":5.0},{"damage":11.0,"enemies":"Snake Plant","floor":21.0,"turns":6.0},{"damage":32,"enemies":"Snecko","floor":22,"turns":6}],"seed_played":"3865485839226195825","potions_obtained":[{"floor":8.0,"key":"Dexterity Potion"},{"floor":11.0,"key":"Fire Potion"},{"floor":12.0,"key":"BlessingOfTheForge"},{"floor":14.0,"key":"LiquidBronze"},{"floor":20.0,"key":"AttackPotion"},{"floor":21.0,"key":"FearPotion"}],"is_trial":false,"path_per_floor":["M","?","?","M","$","R","E","M","T","?","M","M","R","M","R","B",null,"M","$","M","M","M"],"character_chosen":"IRONCLAD","items_purchased":["Body Slam","Fire Breathing","Finesse"],"campfire_rested":0,"item_purchase_floors":[5,19,19],"current_hp_per_floor":[74,74,48,54,54,54,60,54,54,54,53,36,36,42,42,29,64,50,50,32,27,0,0],"gold":71,"neow_bonus":"THREE_ENEMY_KILL","is_daily":false,"chose_seed":false,"campfire_upgraded":3,"win_rate":0.0,"timestamp":1609325960,"path_taken":["M","?","?","M","$","R","E","M","T","?","?","M","R","M","R","BOSS","M","$","M","M","M"],"items_purchased_type":["Card","Card","Card"],"build_version":"2020-12-22","purchased_purges":2,"victory":false,"max_hp_per_floor":[75,75,75,75,75,75,75,75,75,75,75,75,75,75,75,75,75,75,75,75,75,75,75],"card_choices":[{"not_picked":["Armaments","Body Slam"],"picked":"Dark Embrace","floor":1.0},{"not_picked":["True Grit","Combust"],"picked":"Whirlwind","floor":4.0},{"not_picked":["Heavy Blade","Headbutt"],"picked":"Battle Trance","floor":7.0},{"not_picked":["Armaments","Rampage"],"picked":"Feel No Pain","floor":8.0},{"not_picked":["Spot Weakness","Clash","Clothesline"],"picked":"SKIP","floor":11.0},{"not_picked":["Headbutt","True Grit"],"picked":"Shrug It Off","floor":12.0},{"not_picked":["Wild Strike","Searing Blow"],"picked":"Shrug It Off","floor":14.0},{"not_picked":["Reaper","Fiend Fire"],"picked":"Impervious","floor":16.0},{"not_picked":["Dark Embrace","Thunderclap+1"],"picked":"Pommel Strike","floor":18.0},{"not_picked":["Clothesline","Bloodletting","True Grit"],"picked":"SKIP","floor":20.0},{"not_picked":["Havoc","Clash"],"picked":"Entrench","floor":21.0}],"player_experience":968185,"relics_obtained":[{"floor":7.0,"key":"Orichalcum"},{"floor":9.0,"key":"Sundial"}],"event_choices":[{"damage_healed":0.0,"max_hp_gain":0.0,"max_hp_loss":0.0,"gold_gain":0.0,"cards_transformed":["Strike_R"],"event_name":"Living Wall","player_choice":"Change","floor":2.0,"gold_loss":0.0,"damage_taken":0.0,"cards_obtained":["True Grit"]},{"damage_healed":0.0,"max_hp_gain":0.0,"max_hp_loss":0.0,"gold_gain":0.0,"event_name":"Golden Idol","player_choice":"Take Damage","floor":3.0,"gold_loss":0.0,"damage_taken":26.0,"relics_obtained":["Golden Idol"]},{"damage_healed":0.0,"max_hp_gain":0.0,"max_hp_loss":0.0,"gold_gain":0.0,"event_name":"Upgrade Shrine","player_choice":"Upgraded","floor":10.0,"gold_loss":0.0,"damage_taken":0.0,"cards_upgraded":["Dark Embrace"]}],"is_beta":false,"boss_relics":[{"not_picked":["Runic Dome","Busted Crown"],"picked":"Runic Cube"}],"items_purged_floors":[5,19],"is_endless":false,"potions_floor_spawned":[8,11,12,14,20,21],"killed_by":"Snecko","ascension_level":20}}