{"host":"bf9sa99gaumonoeu","time":1609372469,"event":{"mods":["AchievementEnabler","BaseMod","Colored Map","Downfall","Friendly Minions","Marisa????????","Minty Spire (QoL Compilation)","Replay The Spire","StSLib","The Cursed","The Disciple","The Servant 0.9.4"],"gold_per_floor":[116,219,144,144,158,158,191,205,205,217,228,228,31,64,64,165,165,180,180,198,212,212,212],"floor_reached":22,"playtime":1875,"items_purged":["Strike_P","Defend_P"],"score":298,"play_id":"f8545171-aa04-496d-8def-39c91b92a89b","local_time":"20201230215429","is_ascension_mode":true,"campfire_choices":[{"data":"BowlingBash","floor":6,"key":"SMITH"},{"data":"Conclude","floor":12,"key":"SMITH"},{"floor":15,"key":"REST"}],"circlet_count":0,"master_deck":["Strike_P","Strike_P","Strike_P","Defend_P","Defend_P","Defend_P","Eruption","Vigilance","BowlingBash+1","Conclude+1","Sanctity","Replay:ManipulateFuture+1","Replay:ManipulateFuture+1","Evaluate","Replay:Cycle","Wireheading","DeusExMachina","Nirvana","RitualDagger","Weave","EmptyMind"],"relics":["PureWater","NeowsBlessing","The Courier","Replay:Bottled Eggs","Anchor","Kunai","Coffee Dripper"],"acts_visited":["Exordium","TheCity"],"potions_floor_usage":[14],"damage_taken":[{"damage":0,"enemies":"2 Louse","floor":1,"turns":1},{"damage":0,"enemies":"Jaw Worm","floor":5,"turns":2},{"damage":0,"enemies":"Lagavulin","floor":7,"turns":1},{"damage":6,"enemies":"Small Slimes","floor":8,"turns":4},{"damage":9,"enemies":"Red Slaver","floor":10,"turns":4},{"damage":0,"enemies":"Blue Slaver","floor":11,"turns":2},{"damage":34,"enemies":"Gremlin Nob","floor":14,"turns":4},{"damage":27,"enemies":"The Guardian","floor":16,"turns":14},{"damage":20,"enemies":"2 Thieves","floor":18,"turns":5},{"damage":16,"enemies":"Chosen","floor":20,"turns":7},{"damage":26,"enemies":"Sentry and Sphere","floor":21,"turns":6},{"damage":16,"enemies":"Snecko","floor":22,"turns":3}],"seed_played":"-8479743707346124343","potions_obtained":[{"floor":1,"key":"FairyPotion"},{"floor":10,"key":"Reflective Coating"},{"floor":11,"key":"Cursed Concoction"},{"floor":14,"key":"Energy Potion"}],"is_trial":false,"path_per_floor":["M","?","$","?","M","R","E","M","T","M","M","R","$","E","R","B",null,"M","?","M","M","M"],"character_chosen":"WATCHER","items_purchased":["Anchor"],"campfire_rested":1,"item_purchase_floors":[13],"current_hp_per_floor":[65,65,65,65,65,65,65,59,59,50,50,50,50,16,37,10,57,37,31,15,14,0,0],"gold":212,"neow_bonus":"THREE_ENEMY_KILL","is_daily":false,"chose_seed":false,"campfire_upgraded":2,"win_rate":0.0,"timestamp":1609372469,"path_taken":["M","?","$","?","M","R","E","M","T","?","M","R","$","E","R","BOSS","M","?","M","M","M"],"items_purchased_type":["Relic"],"build_version":"2020-12-22","purchased_purges":2,"victory":false,"max_hp_per_floor":[72,72,72,72,72,72,72,72,72,72,72,72,72,72,72,72,72,72,72,72,72,72,72],"card_choices":[{"not_picked":["BattleHymn","Sanctity"],"picked":"BowlingBash","floor":1},{"not_picked":["Replay:BluntJabs","Adaptation"],"picked":"Conclude","floor":2},{"not_picked":["CrushJoints","Wallop"],"picked":"Sanctity","floor":2},{"not_picked":["Indignation","FearNoEvil"],"picked":"Replay:ManipulateFuture","floor":2},{"not_picked":["Vengeance","Crescendo"],"picked":"Replay:ManipulateFuture","floor":5},{"not_picked":["Worship","Replay:ManipulateFuture","SandsOfTime"],"picked":"SKIP","floor":7},{"not_picked":["FlyingSleeves","Consecrate"],"picked":"Evaluate","floor":8},{"not_picked":["ForeignInfluence","ClearTheMind"],"picked":"Replay:Cycle","floor":10},{"not_picked":["CutThroughFate","Vault"],"picked":"Wireheading","floor":11},{"not_picked":["TalkToTheHand","ForeignInfluence","Replay:ManipulateFuture"],"picked":"SKIP","floor":14},{"not_picked":["SpiritShield","Omniscience"],"picked":"DeusExMachina","floor":16},{"not_picked":["WaveOfTheHand","DeceiveReality"],"picked":"Nirvana","floor":18},{"not_picked":["EmptyMind","Replay:AtTheReady"],"picked":"Weave","floor":20},{"not_picked":["Wallop","Prostrate"],"picked":"EmptyMind","floor":21}],"player_experience":607399,"relics_obtained":[{"floor":7,"key":"The Courier"},{"floor":9,"key":"Replay:Bottled Eggs"},{"floor":14,"key":"Kunai"}],"event_choices":[{"cards_removed":["ReplayTheSpireMod:Splinters"],"damage_healed":0,"gold_gain":0,"player_choice":"Removed Curses","damage_taken":0,"max_hp_gain":0,"max_hp_loss":0,"event_name":"Fountain of Cleansing","floor":4,"gold_loss":0},{"damage_healed":0,"gold_gain":0,"player_choice":"Joined the Cult","damage_taken":6,"max_hp_gain":0,"max_hp_loss":0,"event_name":"Nest","floor":19,"gold_loss":0,"cards_obtained":["RitualDagger"]}],"is_beta":false,"boss_relics":[{"not_picked":["Empty Cage","Snecko Eye"],"picked":"Coffee Dripper"}],"items_purged_floors":[3,13],"is_endless":false,"potions_floor_spawned":[1,10,11,14,16,20],"killed_by":"Snecko","ascension_level":7}}