{"host":"hn5ue0hgikd0sqnx","time":1609312665,"event":{"mods":["AchievementEnabler","Astrologer","Bard","BaseMod","Colored Map","Conspire","Curses Come First","Downfall","GifTheSpireLib","Gremlin Mod","Hermit","Hubris","Infinite Spire","LagranYue(???·?)","Marisa????????","Mimic Mod","Minty Spire (QoL Compilation)","Potionbrewer","Random Character Mod","Rare Cards Sparkle","Relic Stats","Remilia??????","Replay The Spire","StSLib","Td1madao Mod","The Animator","The Bug Knight","The Construct","The Elementalist","The Gatherer","The Hierophant","The Judge","The Mystic","The Problem Sleuth","The Runesmith","The Senshi","The Servant 0.9.4","The Spell Scribe","The Wild Card","The Witch","TheArtist","TheBandit","TheFirefly","Yuyuko"],"gold_per_floor":[109,109,121,197,197,197,227,227,260,260,273,286,286,305,305,405,405,424,17,33,33,44,44,44,62,62,62,62],"floor_reached":27,"playtime":3487,"items_purged":["elementalist:Prepared_Sand"],"score":263,"play_id":"084bfaa5-6403-43d3-a998-27e546200547","local_time":"20201230011745","is_ascension_mode":false,"campfire_choices":[{"data":"elementalist:Crystal_Chalk","floor":6,"key":"SMITH"},{"data":"elementalist:Concentricity","floor":13,"key":"SMITH"},{"floor":23,"key":"REST"}],"circlet_count":0,"master_deck":["elementalist:Air_Emblem","elementalist:Fire_Emblem","elementalist:Defend_Elemblue+1","elementalist:Defend_Elemblue","elementalist:Defend_Elemblue","elementalist:Defend_Elemblue+1","elementalist:Defend_Elemblue","elementalist:Firestrike","elementalist:Earthstrike","elementalist:Waterstrike","elementalist:Airstrike","elementalist:Crystal_Chalk+1","elementalist:Fission_Lance","elementalist:Blaze","elementalist:Rising_Tides","elementalist:Geomancy","Pot Of Greed+1","Pot Of Greed","elementalist:Confluence","elementalist:Rising_Tides","elementalist:Concentricity+1","elementalist:Wirbelwight","elementalist:Refract","elementalist:Concentricity+1","elementalist:Confluence","elementalist:Flame","elementalist:Stone_to_Mud+1","Pot Of Greed","elementalist:Fission_Lance+1","elementalist:Spout"],"relics":["elementalistmod:MagusStaff","elementalistmod:GreenCirclet","LagranYue:RandomDrawCardRelic","War Paint","LagranYue:ReturningEmperorRelic","Nunchaku","Grinning Jar","construct:WeddingRing","Question Card","hubris:Metronome"],"acts_visited":["Exordium","TheCity"],"potions_floor_usage":[7,18,20,20,22],"damage_taken":[{"damage":1,"enemies":"Jaw Worm","floor":1,"turns":7},{"damage":0,"enemies":"Small Slimes","floor":3,"turns":3},{"damage":13,"enemies":"Gremlin Nob","floor":7,"turns":4},{"damage":0,"enemies":"conspire:RoseBush","floor":9,"turns":5},{"damage":6,"enemies":"conspire:RoseBush","floor":11,"turns":2},{"damage":0,"enemies":"Blue Slaver","floor":12,"turns":4},{"damage":0,"enemies":"Lots of Slimes","floor":14,"turns":2},{"damage":0,"enemies":"Slime Boss","floor":16,"turns":7},{"damage":33,"enemies":"conspire:FuzzyDice","floor":18,"turns":5},{"damage":24,"enemies":"2 Thieves","floor":20,"turns":3},{"damage":10,"enemies":"Shelled Parasite and Fungi","floor":22,"turns":5},{"damage":21,"enemies":"Cultist and Chosen","floor":25,"turns":6},{"damage":7,"enemies":"Centurion and Healer","floor":27,"turns":1}],"seed_played":"4211123576254763268","potions_obtained":[{"floor":4,"key":"Regen Potion"},{"floor":4,"key":"potionbrewer:EndurancePotion"},{"floor":4,"key":"infinitespire:BlackPotion"},{"floor":7,"key":"champ:CounterPotion"},{"floor":16,"key":"champ:CounterPotion"},{"floor":20,"key":"BlessingOfTheForge"}],"is_trial":true,"path_per_floor":["M","?","M","?","?","R","E","T","MIM","?","M","M","R","M","R_BF","B",null,"M","$","M","?","M","R","?","M","T","M"],"character_chosen":"THE_ELEMENTALIST","items_purchased":["elementalist:Confluence","Question Card","elementalist:Flame"],"campfire_rested":1,"item_purchase_floors":[19,19,19],"current_hp_per_floor":[69,69,69,69,69,69,61,61,61,58,52,52,52,52,70,70,70,37,37,13,13,3,24,24,3,3,0,0],"gold":62,"neow_bonus":"","is_daily":false,"chose_seed":false,"campfire_upgraded":2,"win_rate":0.0,"timestamp":1609312665,"path_taken":["M","?","M","?","?","R","E","?","MIM","?","?","M","R","M","R_BF","BOSS","M","$","M","?","M","R","?","M","T","M"],"items_purchased_type":["Card","Relic","Card"],"build_version":"2020-12-22","purchased_purges":1,"victory":false,"max_hp_per_floor":[70,70,70,70,70,70,70,70,70,70,70,70,70,70,70,70,70,70,70,70,70,70,70,70,70,70,70,70],"relic_stats":{"Nunchaku":[7],"counters":[13,54],"War Paint":["elementalist:Defend_Elemblue","elementalist:Defend_Elemblue"],"Question Card":5,"obtain_stats":[{"Nunchaku":9,"hubris:Metronome":26,"construct:WeddingRing":17,"LagranYue:RandomDrawCardRelic":0,"elementalistmod:GreenCirclet":20,"War Paint":7,"Grinning Jar":10,"Question Card":19,"elementalistmod:MagusStaff":0,"elementalistmod:GraduationLetter":0,"LagranYue:ReturningEmperorRelic":8},{"Nunchaku":4,"hubris:Metronome":12,"construct:WeddingRing":8,"LagranYue:RandomDrawCardRelic":0,"elementalistmod:GreenCirclet":10,"War Paint":3,"Grinning Jar":4,"Question Card":9,"elementalistmod:MagusStaff":0,"elementalistmod:GraduationLetter":0,"LagranYue:ReturningEmperorRelic":3},{"Nunchaku":19,"hubris:Metronome":53,"construct:WeddingRing":34,"LagranYue:RandomDrawCardRelic":0,"elementalistmod:GreenCirclet":40,"War Paint":14,"Grinning Jar":19,"Question Card":39,"elementalistmod:MagusStaff":0,"elementalistmod:GraduationLetter":0,"LagranYue:ReturningEmperorRelic":14}]},"card_choices":[{"not_picked":["elementalist:Aegis","elementalist:Emberveil"],"picked":"elementalist:Fission_Lance","floor":1},{"not_picked":["elementalist:Overheat","elementalist:Aegis"],"picked":"elementalist:Prepared_Sand","floor":3},{"not_picked":["elementalist:Emberveil","elementalist:Vaccuum"],"picked":"elementalist:Blaze","floor":4},{"not_picked":["elementalist:Kiln","elementalist:Overheat"],"picked":"elementalist:Rising_Tides","floor":7},{"not_picked":["elementalist:Spark","elementalist:Blaze"],"picked":"elementalist:Geomancy","floor":9},{"not_picked":["elementalist:Sidereal_Form","elementalist:Low_Tides"],"picked":"elementalist:Confluence","floor":11},{"not_picked":["elementalist:Cyclone","elementalist:Vaccuum"],"picked":"elementalist:Rising_Tides","floor":12},{"not_picked":["elementalist:Emberveil","elementalist:Prepared_Sand"],"picked":"elementalist:Wirbelwight","floor":14},{"not_picked":["elementalist:Glaciate","elementalist:Inferno"],"picked":"elementalist:Refract","floor":16},{"not_picked":["elementalist:Flame+1","elementalist:Mage_Hand+1"],"picked":"elementalist:Concentricity+1","floor":18},{"not_picked":["elementalist:Breeze","elementalist:Momentum","elementalist:Confluence"],"picked":"elementalist:Stone_to_Mud+1","floor":20},{"not_picked":["elementalist:Cauterize","elementalist:Vaccuum+1","elementalist:Gaian_Form"],"picked":"elementalist:Fission_Lance+1","floor":22},{"not_picked":["elementalist:Solar_Form+1","elementalist:Ignition+1","elementalist:Geomancy"],"picked":"elementalist:Spout","floor":25}],"player_experience":30531,"relics_obtained":[{"floor":7,"key":"War Paint"},{"floor":8,"key":"LagranYue:ReturningEmperorRelic"},{"floor":9,"key":"Nunchaku"},{"floor":26,"key":"hubris:Metronome"}],"event_choices":[{"damage_healed":0,"gold_gain":0,"player_choice":"Disagree","damage_taken":0,"max_hp_gain":0,"max_hp_loss":0,"event_name":"conspire:LoneGhost","floor":2,"gold_loss":0},{"cards_removed":["elementalist:Strike+Elemblue"],"damage_healed":0,"gold_gain":0,"player_choice":"Purged","damage_taken":0,"max_hp_gain":0,"max_hp_loss":0,"event_name":"Purifier","floor":5,"gold_loss":0},{"damage_healed":0,"gold_gain":0,"player_choice":"Success","damage_taken":3,"relics_obtained":["Grinning Jar"],"max_hp_gain":0,"max_hp_loss":0,"event_name":"Scrap Ooze","floor":10,"gold_loss":0},{"damage_healed":0,"gold_gain":0,"player_choice":"Ignored","damage_taken":0,"max_hp_gain":0,"max_hp_loss":0,"event_name":"Vampires","floor":24,"gold_loss":0}],"is_beta":false,"boss_relics":[{"not_picked":["conspire:RoyalGoblet","infinitespire:Cupcake"],"picked":"construct:WeddingRing"}],"items_purged_floors":[19],"is_endless":false,"potions_floor_spawned":[7,16,20],"killed_by":"Centurion and Healer","ascension_level":0}}