{"host":"7t8rqoeeopyy0nh0","time":1609319759,"event":{"mods":["AchievementEnabler","BaseMod","Better Third Choice","BetterRewards","Colored Map","Colored Powertips","Downfall","Hubris","Infinite Spire","Marisa????????","Minty Spire (QoL Compilation)","Replay The Spire","StSLib","The Animator","The Construct","The Cursed","The Hierophant","The Necromancer"],"gold_per_floor":[118,136,136,211,211,57,77,106,106,131,131,151,151,151,151,248,248,248],"floor_reached":17,"playtime":511,"items_purged":["hubris:Wrath"],"score":395,"play_id":"2561bf21-9e5b-4636-90d8-10123fbf49bd","local_time":"20201230041559","is_ascension_mode":true,"campfire_choices":[{"data":"Inflame","floor":11,"key":"SMITH"},{"data":"Metallicize","floor":15,"key":"SMITH"}],"circlet_count":0,"master_deck":["AscendersBane","Strike_R","Strike_R","Strike_R","Strike_R","Defend_R","Defend_R","Defend_R","Defend_R","Inflame+1","Flame Barrier","Wild Strike","Immolate+1","Clash","Burning Pact","hubris:DuctTapeCard","Metallicize+1","Self Repair+1","Offering"],"relics":["Question Card","ReplayTheSpireMod:CursedCoin","Lee\u0027s Waffle","hubris:DuctTape","Happy Flower","hubris:TenFootPole","Iron Core","infinitespire:Burning Sword"],"acts_visited":["Exordium","TheCity"],"potions_floor_usage":[8,10,10,16],"damage_taken":[{"damage":0,"enemies":"Small Slimes","floor":1,"turns":4},{"damage":4,"enemies":"2 Louse","floor":2,"turns":3},{"damage":6,"enemies":"Cultist","floor":7,"turns":3},{"damage":27,"enemies":"Replay:BlueRogue","floor":8,"turns":6},{"damage":16,"enemies":"Gremlin Nob","floor":10,"turns":3},{"damage":16,"enemies":"Blue Slaver","floor":12,"turns":3},{"damage":39,"enemies":"The Guardian","floor":16,"turns":13}],"seed_played":"-8717122228367627908","potions_obtained":[{"floor":1,"key":"Energy Potion"},{"floor":2,"key":"Fire Potion"},{"floor":8,"key":"hexamod:EctoCoolerPotion"},{"floor":12,"key":"SpeedPotion"}],"is_trial":false,"path_per_floor":["M","M","?","$","?","$","M","E","T","E","R","M","?","$","R","B",null],"character_chosen":"IRONCLAD","items_purchased":["Question Card","Inflame","Flame Barrier","ReplayTheSpireMod:CursedCoin","Lee\u0027s Waffle"],"campfire_rested":0,"item_purchase_floors":[0,0,0,4,6],"current_hp_per_floor":[56,58,58,58,58,87,87,66,66,56,56,46,46,46,46,17,70,70],"gold":248,"neow_bonus":"","is_daily":false,"chose_seed":false,"campfire_upgraded":2,"win_rate":0.0,"timestamp":1609319759,"path_taken":["M","M","?","$","?","$","?","E","T","E","R","M","?","?","R","BOSS"],"items_purchased_type":["Relic","Card","Card","Relic","Relic"],"build_version":"2020-12-22","purchased_purges":1,"victory":false,"max_hp_per_floor":[80,80,80,80,80,87,87,87,87,87,87,87,87,87,87,87,87,87],"card_choices":[{"not_picked":["Anger","Rupture","Iron Wave"],"picked":"Wild Strike","floor":1},{"not_picked":["Wild Strike","Sword Boomerang","Heavy Blade"],"picked":"Immolate","floor":2},{"not_picked":["Havoc","Whirlwind","Heavy Blade"],"picked":"Burning Pact","floor":7},{"not_picked":["Hemogenesis","Warcry","Run Through"],"picked":"Clothesline","floor":8},{"not_picked":["Iron Wave","Feel No Pain","Headbutt","Anger"],"picked":"SKIP","floor":10},{"not_picked":["Flame Barrier","Perfected Strike","Wild Strike"],"picked":"Metallicize","floor":12},{"not_picked":["Brutality","Replay:Many Hands","Demonic Infusion"],"picked":"Offering","floor":16}],"player_experience":383351,"relics_obtained":[{"floor":8,"key":"hubris:DuctTape"},{"floor":9,"key":"Happy Flower"},{"floor":10,"key":"hubris:TenFootPole"}],"event_choices":[{"damage_healed":0,"gold_gain":0,"cards_transformed":["Strike_R"],"player_choice":"Transformed","damage_taken":0,"max_hp_gain":0,"max_hp_loss":0,"event_name":"Transmorgrifier","floor":5,"gold_loss":0,"cards_obtained":["Clash"]}],"is_beta":false,"boss_relics":[{"not_picked":["Replay:Bronze Core","ReplayTheSpireMod:SealedPack"],"picked":"infinitespire:Burning Sword"}],"items_purged_floors":[4],"is_endless":false,"potions_floor_spawned":[1,2,8,12],"ascension_level":10}}