{"host":"a1u4jo6xlg3w0wsm","time":1609327551,"event":{"mods":["BaseMod","Better Third Choice","DeckTracker","Downfall","Hermit","Hubris","Minty Spire (QoL Compilation)","Rare Cards Sparkle","Replay The Spire","StSLib"],"gold_per_floor":[110,130,130,201,214,244,244,31,31,31,31,65,65,76,76,178,278,278,278],"floor_reached":18,"playtime":923,"items_purged":[],"score":185,"play_id":"a6bc3f22-af44-4cbf-b5a6-620a54772749","local_time":"20201231002551","is_ascension_mode":true,"campfire_choices":[{"floor":7,"key":"REST"},{"floor":11,"key":"DIG"},{"floor":13,"key":"DIG"},{"floor":15,"key":"REST"}],"circlet_count":0,"master_deck":["hermit:Strike_Hermit","hermit:Strike_Hermit","hermit:Strike_Hermit","hermit:Strike_Hermit","hermit:Defend_Hermit","hermit:Defend_Hermit","hermit:Defend_Hermit","hermit:Defend_Hermit","hermit:Snapshot","hermit:Covet","hermit:PistolWhip","hermit:Gestalt","Normality","hermit:Vantage","hermit:FlashPowder","hermit:ShadowCloak","hermit:CursedWeapon","hermit:TakeCover","hermit:HeroicBravado","hermit:FromBeyond"],"relics":["hermit:Momento","NeowsBlessing","Ring of Fangs","ReplayTheSpireMod:Ring of Challenge","Shovel","Letter Opener","Bronze Scales","Orichalcum","Darkstone Periapt","Replay:Wanted Poster"],"acts_visited":["Exordium","TheCity"],"potions_floor_usage":[6,14,16],"damage_taken":[{"damage":0,"enemies":"Jaw Worm","floor":1,"turns":1},{"damage":0,"enemies":"Small Slimes","floor":2,"turns":1},{"damage":0,"enemies":"Cultist","floor":5,"turns":1},{"damage":30,"enemies":"3 Sentries","floor":6,"turns":10},{"damage":14,"enemies":"Lagavulin","floor":12,"turns":8},{"damage":4,"enemies":"2 Fungi Beasts","floor":14,"turns":4},{"damage":34,"enemies":"The Guardian","floor":16,"turns":13},{"damage":0,"enemies":"Spheric Guardian","floor":18,"turns":1}],"seed_played":"7389504432981453219","potions_obtained":[{"floor":2,"key":"PowerPotion"},{"floor":14,"key":"SteroidPotion"},{"floor":16,"key":"BlessingOfTheForge"}],"is_trial":false,"path_per_floor":["M","M","?","?","M","E","R","$","T","$","R","E","R","M","R","B",null,"M"],"character_chosen":"HERMIT","items_purchased":["hermit:ShadowCloak","hermit:CursedWeapon","Swift Potion"],"campfire_rested":2,"item_purchase_floors":[8,8,8],"current_hp_per_floor":[75,75,75,75,75,45,67,67,67,67,67,53,53,49,71,37,75,75,75],"gold":278,"neow_bonus":"THREE_ENEMY_KILL","is_daily":false,"chose_seed":false,"campfire_upgraded":0,"win_rate":0.0,"timestamp":1609327551,"path_taken":["M","M","?","?","M","E","R","$","T","?","R","E","R","M","R","BOSS","M"],"items_purchased_type":["Card","Card","Potion"],"build_version":"2020-12-13","purchased_purges":0,"victory":false,"max_hp_per_floor":[75,75,75,75,75,75,75,75,75,75,75,75,75,75,75,75,75,75,75],"card_choices":[{"not_picked":["hermit:Desperado","hermit:Roulette"],"picked":"hermit:PistolWhip","floor":1},{"not_picked":["hermit:SprayPray","hermit:Brawl"],"picked":"hermit:Gestalt","floor":2},{"not_picked":["hermit:Feint","hermit:Coalescence"],"picked":"hermit:Vantage","floor":5},{"not_picked":["hermit:Enervate","hermit:LoneWolf"],"picked":"hermit:FlashPowder","floor":6},{"not_picked":["hermit:Scavenge","hermit:HighCaliber"],"picked":"hermit:TakeCover","floor":12},{"not_picked":["hermit:SprayPray","hermit:Desperado"],"picked":"hermit:HeroicBravado","floor":14},{"not_picked":["hermit:BlackWind","hermit:OverwhelmingPower"],"picked":"hermit:FromBeyond","floor":16}],"player_experience":249914,"relics_obtained":[{"floor":3,"key":"Ring of Fangs"},{"floor":3,"key":"ReplayTheSpireMod:Ring of Challenge"},{"floor":6,"key":"Shovel"},{"floor":9,"key":"Letter Opener"},{"floor":11,"key":"Bronze Scales"},{"floor":12,"key":"Orichalcum"},{"floor":13,"key":"Darkstone Periapt"}],"event_choices":[{"damage_healed":0,"gold_gain":71,"player_choice":"Gained Gold","damage_taken":0,"max_hp_gain":0,"max_hp_loss":0,"event_name":"Golden Wing","floor":4,"gold_loss":0}],"is_beta":false,"boss_relics":[{"not_picked":["hubris:GrandSneckoEye","ChewingGum"],"picked":"Replay:Wanted Poster"}],"items_purged_floors":[],"is_endless":false,"potions_floor_spawned":[2,14,16],"killed_by":"Spheric Guardian","ascension_level":2}}