{"host":"r53pw7z744tg3fxg","time":1609290079,"event":{"mods":["AchievementEnabler","BaseMod","Colored Map","Colored Powertips","Highlight Path","Minty Spire (QoL Compilation)","Quick Restart","Transform Curses"],"gold_per_floor":[118,136,150,130,145,145,178,178,178,210,62,97,112,129,129,228,228,240,8,27,27,27,27,40,75,102,102,135,48,48,58,58,58,58],"floor_reached":33,"playtime":1461,"items_purged":[],"score":498,"play_id":"f0a9d314-89ca-4060-bc5c-84f4e6b29e54","local_time":"20201229180119","is_ascension_mode":true,"campfire_choices":[{"floor":6.0,"key":"REST"},{"data":"Eruption","floor":8.0,"key":"SMITH"},{"floor":15.0,"key":"REST"},{"data":"Establishment","floor":23.0,"key":"SMITH"},{"floor":27.0,"key":"REST"},{"floor":32.0,"key":"REST"}],"circlet_count":0,"master_deck":["AscendersBane","Defend_P","Defend_P","Defend_P","Defend_P+1","Eruption+1","Vigilance","PathToVictory","ThirdEye","SashWhip","ClearTheMind+1","Halt","WheelKick+1","Establishment+1","FollowUp+1","BowlingBash+1","Judgement","FlyingSleeves+1","Discovery","Consecrate+1","ReachHeaven+1","Bite+1","Bite+1","Bite+1","Bite+1","Bite+1","Perseverance+1","InnerPeace+1","CutThroughFate+1","Dramatic Entrance+1","Pray"],"relics":["PureWater","Molten Egg 2","CaptainsWheel","Du-Vu Doll","HandDrill","MealTicket","Black Star","Tiny Chest","Art of War","Regal Pillow","Omamori","War Paint","Enchiridion"],"acts_visited":["Exordium","TheCity"],"potions_floor_usage":[33,33],"damage_taken":[{"damage":6.0,"enemies":"Small Slimes","floor":1.0,"turns":3.0},{"damage":4.0,"enemies":"Cultist","floor":2.0,"turns":5.0},{"damage":2.0,"enemies":"Jaw Worm","floor":3.0,"turns":4.0},{"damage":11.0,"enemies":"Looter","floor":5.0,"turns":4.0},{"damage":19.0,"enemies":"Gremlin Nob","floor":7.0,"turns":4.0},{"damage":19.0,"enemies":"3 Sentries","floor":10.0,"turns":11.0},{"damage":5.0,"enemies":"Lagavulin","floor":12.0,"turns":4.0},{"damage":6.0,"enemies":"2 Fungi Beasts","floor":13.0,"turns":3.0},{"damage":0.0,"enemies":"Exordium Wildlife","floor":14.0,"turns":4.0},{"damage":23.0,"enemies":"Hexaghost","floor":16.0,"turns":7.0},{"damage":0.0,"enemies":"Spheric Guardian","floor":18.0,"turns":1.0},{"damage":8.0,"enemies":"3 Byrds","floor":20.0,"turns":5.0},{"damage":21.0,"enemies":"3 Cultists","floor":24.0,"turns":5.0},{"damage":67.0,"enemies":"Book of Stabbing","floor":25.0,"turns":7.0},{"damage":18.0,"enemies":"Gremlin Leader","floor":28.0,"turns":6.0},{"damage":11.0,"enemies":"Chosen and Byrds","floor":31.0,"turns":4.0},{"damage":105,"enemies":"Champ","floor":33,"turns":11}],"seed_played":"-8475581972843791843","potions_obtained":[{"floor":1.0,"key":"Block Potion"},{"floor":4.0,"key":"EntropicBrew"},{"floor":7.0,"key":"EntropicBrew"},{"floor":20.0,"key":"BottledMiracle"},{"floor":28.0,"key":"LiquidMemories"},{"floor":31.0,"key":"Regen Potion"}],"is_trial":false,"path_per_floor":["M","M","M","?","M","R","E","R","T","E","$","E","M","M","R","B",null,"M","$","M","?","?","R","M","E","T","R","E","$","?","M","R","B"],"character_chosen":"WATCHER","items_purchased":["HandDrill","Blood Vial","Discovery","Dramatic Entrance+1"],"campfire_rested":4,"item_purchase_floors":[11,19,19,29],"current_hp_per_floor":[66,62,60,60,49,72,53,53,53,34,34,29,23,23,46,23,65,65,79,71,71,71,71,62,1,1,39,39,54,38,39,77,0,0],"gold":58,"neow_bonus":"TEN_PERCENT_HP_BONUS","is_daily":false,"chose_seed":false,"campfire_upgraded":2,"win_rate":0.0,"timestamp":1609290079,"path_taken":["M","M","M","?","M","R","E","R","T","E","?","E","M","M","R","BOSS","M","$","M","?","?","R","M","E","T","R","E","$","?","?","R","BOSS"],"items_purchased_type":["Relic","Relic","Card","Card"],"build_version":"2020-12-22","purchased_purges":0,"victory":false,"max_hp_per_floor":[79,79,79,79,79,79,79,79,79,79,79,79,79,79,79,79,79,79,79,79,79,79,79,79,79,79,79,79,79,79,79,79,79,79],"card_choices":[{"not_picked":["Weave","Collect"],"picked":"PathToVictory","floor":1.0},{"not_picked":["Vengeance","WreathOfFlame"],"picked":"ThirdEye","floor":2.0},{"not_picked":["ThirdEye","Evaluate"],"picked":"SashWhip","floor":3.0},{"not_picked":["FlyingSleeves","SpiritShield"],"picked":"ClearTheMind","floor":5.0},{"not_picked":["Crescendo","DevaForm"],"picked":"Halt","floor":7.0},{"not_picked":["Prostrate","Crescendo"],"picked":"WheelKick+1","floor":10.0},{"not_picked":["EmptyBody","LikeWater"],"picked":"Establishment","floor":12.0},{"not_picked":["Wireheading","Evaluate"],"picked":"FollowUp+1","floor":13.0},{"not_picked":["Evaluate","Consecrate+1"],"picked":"BowlingBash+1","floor":14.0},{"not_picked":["Blasphemy","DevaForm"],"picked":"Judgement","floor":16.0},{"not_picked":["ClearTheMind","Nirvana"],"picked":"FlyingSleeves+1","floor":18.0},{"not_picked":["Weave+1","ClearTheMind"],"picked":"Consecrate+1","floor":20.0},{"not_picked":["ThirdEye+1","JustLucky+1"],"picked":"Perseverance+1","floor":24.0},{"not_picked":["Perseverance","MentalFortress"],"picked":"InnerPeace+1","floor":25.0},{"not_picked":["Consecrate+1","Pray"],"picked":"CutThroughFate+1","floor":28.0},{"not_picked":["ThirdEye","ReachHeaven+1"],"picked":"Pray","floor":31.0}],"player_experience":1168393,"relics_obtained":[{"floor":7.0,"key":"Molten Egg 2"},{"floor":9.0,"key":"CaptainsWheel"},{"floor":10.0,"key":"Du-Vu Doll"},{"floor":12.0,"key":"MealTicket"},{"floor":25.0,"key":"Tiny Chest"},{"floor":25.0,"key":"Art of War"},{"floor":26.0,"key":"Regal Pillow"},{"floor":28.0,"key":"Omamori"},{"floor":28.0,"key":"War Paint"},{"floor":30.0,"key":"Enchiridion"}],"event_choices":[{"damage_healed":0.0,"max_hp_gain":0.0,"max_hp_loss":0.0,"gold_gain":0.0,"event_name":"The Woman in Blue","player_choice":"Bought 1 Potion","floor":4.0,"gold_loss":0.0,"damage_taken":0.0},{"damage_healed":0.0,"max_hp_gain":0.0,"max_hp_loss":0.0,"gold_gain":0.0,"event_name":"The Library","player_choice":"Read","floor":21.0,"gold_loss":0.0,"damage_taken":0.0,"cards_obtained":["ReachHeaven"]},{"damage_healed":0.0,"max_hp_gain":0.0,"max_hp_loss":0.0,"gold_gain":0.0,"event_name":"Vampires","player_choice":"Became a vampire (Vial)","floor":22.0,"relics_lost":["Blood Vial"],"gold_loss":0.0,"damage_taken":0.0,"cards_obtained":["Bite","Bite","Bite","Bite","Bite"]},{"damage_healed":0.0,"max_hp_gain":0.0,"max_hp_loss":0.0,"gold_gain":0.0,"event_name":"Cursed Tome","player_choice":"Obtained Book","floor":30.0,"gold_loss":0.0,"damage_taken":16.0}],"is_beta":false,"boss_relics":[{"not_picked":["Busted Crown","HolyWater"],"picked":"Black Star"}],"items_purged_floors":[],"is_endless":false,"potions_floor_spawned":[1,5,7,14,20,28,31],"killed_by":"Champ","ascension_level":11}}