{"host":"«ÔÕ•ª®ø™√Œ¿Ôœ„","time":1609337865,"event":{"mods":["BaseMod","Challenge The Spire","Custom Start","DeckTracker","Minty Spire (QoL Compilation)","Quick Restart","Relic Stats","Replay The Spire","StSLib"],"gold_per_floor":[538,259,287,313,341,341,341,398,424,458,491,491,297,297,329,370,415,457],"floor_reached":19,"playtime":907,"items_purged":["Defend_R"],"score":470,"play_id":"70c44eeb-28e8-41ef-9418-26e58651d82f","local_time":"20201230221745","daily_mods":["challengethespire:Bronze Difficulty","challengethespire:Elite Rush","Uncertain Future"],"is_ascension_mode":false,"campfire_choices":[],"circlet_count":0,"master_deck":["Bash","Shrug It Off+1","Immolate+1","Second Wind","Evolve","Corruption","Limit Break","Battle Trance","Flame Barrier","Sentinel","Flame Barrier","Ghostly Armor","Dropkick","Power Through","Pommel Strike","Shrug It Off","Dark Embrace","Power Through","Shrug It Off","Reaper"],"relics":["Burning Blood","Black Star","Sling","PreservedInsect","Membership Card","Gremlin Food","Mummified Hand","Medical Kit","Bag of Preparation","Iron Hammer","Blue Candle","Blood Vial","Replay:Multitool","Pear","Ancient Tea Set","Pandora\u0027s Box","Boot","ReplayTheSpireMod:Ninjato","Replay:Bottled Eggs","Red Skull","Replay:Baseball","Replay:Wax Seal","Garlic","Philosopher\u0027s Stone","ClockworkSouvenir","Omamori","MawBank","Chameleon Ring","Vajra","HornCleat","Thread and Needle","Replay:Bottled Steam","ReplayTheSpireMod:Spearhead","Bronze Scales"],"acts_visited":["Exordium"],"potions_floor_usage":[],"damage_taken":[{"damage":0,"enemies":"Gremlin Nob","floor":3,"turns":2},{"damage":0,"enemies":"3 Sentries","floor":4,"turns":1},{"damage":8,"enemies":"Lagavulin","floor":5,"turns":3},{"damage":0,"enemies":"Gremlin Nob","floor":8,"turns":2},{"damage":0,"enemies":"Gremlin Leader","floor":9,"turns":1},{"damage":0,"enemies":"Book of Stabbing","floor":10,"turns":3},{"damage":12,"enemies":"Slavers","floor":11,"turns":2},{"damage":0,"enemies":"Nemesis","floor":15,"turns":5},{"damage":32,"enemies":"Reptomancer","floor":16,"turns":5},{"damage":0,"enemies":"Giant Head","floor":17,"turns":3},{"damage":31,"enemies":"Shield and Spear","floor":18,"turns":6}],"seed_played":"6659622014753886558","potions_obtained":[{"floor":4,"key":"AttackPotion"},{"floor":5,"key":"DuplicationPotion"}],"is_trial":true,"path_per_floor":["$","$","E","E","E","T","$","R","E","E","E","T","$","$","E","E","E","E",null],"character_chosen":"IRONCLAD","items_purchased":["Membership Card","Gremlin Food","Mummified Hand","Shrug It Off+1","EntropicBrew","Medical Kit","Bag of Preparation","Iron Hammer","Dark Embrace","ClockworkSouvenir","Omamori"],"campfire_rested":0,"item_purchase_floors":[1,1,1,1,1,2,2,2,13,13,13],"current_hp_per_floor":[80,80,80,80,88,88,88,90,90,90,84,84,84,84,90,64,72,58],"gold":469,"neow_bonus":"","is_daily":false,"chose_seed":false,"campfire_upgraded":0,"win_rate":0.0,"timestamp":1609337865,"path_taken":["$","$","E","E","E","T","$","R","E","E","E","T","$","$","E","E","E","E"],"items_purchased_type":["Relic","Relic","Relic","Card","Potion","Relic","Relic","Relic","Card","Relic","Relic"],"build_version":"2020-12-18","purchased_purges":1,"victory":true,"max_hp_per_floor":[80,80,80,80,90,90,90,90,90,90,90,90,90,90,90,90,90,90],"relic_stats":{"counters":[11,33],"Blue Candle":[0],"PreservedInsect":529,"Bag of Preparation":[22],"Medical Kit":[30],"Boot":[7],"MawBank":48,"Burning Blood":34,"Blood Vial":8,"Mummified Hand":[21],"Bronze Scales":[0],"Pandora\u0027s Box":["Corruption","Limit Break","Battle Trance","Flame Barrier","Sentinel","Flame Barrier","Ghostly Armor","Dropkick"],"Black Star":10,"obtain_stats":[{"Vajra":16,"Bag of Preparation":2,"Replay:Multitool":4,"Sling":0,"Ancient Tea Set":5,"Boot":8,"Burning Blood":0,"ClockworkSouvenir":13,"Blood Vial":4,"Chameleon Ring":15,"HornCleat":16,"Mummified Hand":1,"Philosopher\u0027s Stone":12,"Iron Hammer":2,"Replay:Bottled Eggs":9,"Replay:Wax Seal":11,"Red Skull":10,"Replay:Bottled Steam":17,"Gremlin Food":1,"Pear":5,"ReplayTheSpireMod:Ninjato":9,"Blue Candle":3,"Thread and Needle":17,"PreservedInsect":0,"Omamori":13,"Medical Kit":2,"MawBank":15,"Replay:Baseball":10,"ReplayTheSpireMod:Spearhead":18,"Bronze Scales":18,"Pandora\u0027s Box":6,"Black Star":0,"Garlic":11,"Membership Card":1},{"Vajra":9,"Bag of Preparation":0,"Replay:Multitool":2,"Sling":0,"Ancient Tea Set":3,"Boot":4,"Burning Blood":0,"ClockworkSouvenir":7,"Blood Vial":2,"Chameleon Ring":8,"HornCleat":9,"Mummified Hand":0,"Philosopher\u0027s Stone":7,"Iron Hammer":0,"Replay:Bottled Eggs":5,"Replay:Wax Seal":7,"Red Skull":6,"Replay:Bottled Steam":10,"Gremlin Food":0,"Pear":3,"ReplayTheSpireMod:Ninjato":5,"Blue Candle":1,"Thread and Needle":10,"PreservedInsect":0,"Omamori":7,"Medical Kit":0,"MawBank":8,"Replay:Baseball":6,"ReplayTheSpireMod:Spearhead":11,"Bronze Scales":11,"Pandora\u0027s Box":3,"Black Star":0,"Garlic":7,"Membership Card":0},{"Vajra":24,"Bag of Preparation":0,"Replay:Multitool":3,"Sling":0,"Ancient Tea Set":6,"Boot":8,"Burning Blood":0,"ClockworkSouvenir":14,"Blood Vial":3,"Chameleon Ring":19,"HornCleat":24,"Mummified Hand":0,"Philosopher\u0027s Stone":14,"Iron Hammer":0,"Replay:Bottled Eggs":9,"Replay:Wax Seal":14,"Red Skull":12,"Replay:Bottled Steam":27,"Gremlin Food":0,"Pear":6,"ReplayTheSpireMod:Ninjato":9,"Blue Candle":2,"Thread and Needle":27,"PreservedInsect":0,"Omamori":14,"Medical Kit":0,"MawBank":19,"Replay:Baseball":12,"ReplayTheSpireMod:Spearhead":33,"Bronze Scales":33,"Pandora\u0027s Box":6,"Black Star":0,"Garlic":14,"Membership Card":0}]},"card_choices":[],"player_experience":469396,"relics_obtained":[{"floor":3,"key":"Blue Candle"},{"floor":4,"key":"Blood Vial"},{"floor":4,"key":"Replay:Multitool"},{"floor":5,"key":"Pear"},{"floor":5,"key":"Ancient Tea Set"},{"floor":8,"key":"Boot"},{"floor":9,"key":"ReplayTheSpireMod:Ninjato"},{"floor":9,"key":"Replay:Bottled Eggs"},{"floor":10,"key":"Red Skull"},{"floor":10,"key":"Replay:Baseball"},{"floor":11,"key":"Replay:Wax Seal"},{"floor":11,"key":"Garlic"},{"floor":15,"key":"MawBank"},{"floor":15,"key":"Chameleon Ring"},{"floor":16,"key":"Vajra"},{"floor":16,"key":"HornCleat"},{"floor":17,"key":"Thread and Needle"},{"floor":17,"key":"Replay:Bottled Steam"},{"floor":18,"key":"ReplayTheSpireMod:Spearhead"},{"floor":18,"key":"Bronze Scales"}],"event_choices":[{"damage_healed":0,"gold_gain":0,"player_choice":"Searched \u00272\u0027 times","damage_taken":0,"max_hp_gain":0,"max_hp_loss":0,"event_name":"Dead Adventurer","floor":8,"gold_loss":0}],"is_beta":true,"boss_relics":[{"not_picked":["Electric Blood","SacredBark"],"picked":"Pandora\u0027s Box"},{"not_picked":["Replay:Ancient Bell","Replay:Bronze Core"],"picked":"Philosopher\u0027s Stone"}],"items_purged_floors":[1],"is_endless":false,"potions_floor_spawned":[4,5,9,10,16],"ascension_level":0}}