{"host":"4vb8npmkktyp7aiz","time":1609361606,"event":{"mods":["AchievementEnabler","BaseMod","Downfall","Friendly Minions","Lobotomy","LobotomyExtend","Marisa????????","Minty Spire (QoL Compilation)","Prisma Mod","StSLib","The Animator","Waifu the Spire","slay the spire mod where everything is the same but ironclad has a cowboy hat"],"gold_per_floor":[99,114,564,583,583,603,603,453,479,479,495,510,435,30,48,150,150,150,162,65,65,84,84,84,69,92,154,154,173,173,187,199,294,294,294,317,335,363,129,157,157,157,198,198,212,244,244,236,255,255,255,290,189,189,189,189,189],"floor_reached":55,"playtime":3777,"items_purged":["Slimebound:Icky","Slimebound:Icky"],"score":824,"play_id":"d42317b4-0d67-4332-999b-c670fed1e8f8","local_time":"20201231045326","is_ascension_mode":false,"campfire_choices":[{"floor":1.0,"key":"RECALL"},{"data":"hexamod:FastForward","floor":8.0,"key":"SMITH"},{"data":"1","floor":13.0,"key":"LIFT"},{"data":"2","floor":18.0,"key":"LIFT"},{"floor":28.0,"key":"REST"},{"floor":30.0,"key":"REST"},{"data":"3","floor":35.0,"key":"LIFT"},{"floor":42.0,"key":"REST"},{"floor":44.0,"key":"REST"},{"data":"hexamod:RainOfEmbers","floor":54,"key":"SMITH"}],"circlet_count":1,"master_deck":["hexamod:Strike","hexamod:Strike","hexamod:Strike","hexamod:Strike","hexamod:Defend","hexamod:Defend+1","hexamod:Defend+1","hexamod:Defend","hexamod:Sear+1","hexamod:Float","hexamod:RetreatToShadows","hexamod:FastForward+1","hexamod:TimeWarp","hexamod:ApocalypticArmor","hexamod:NightmareGuise","hexamod:GhostOfSpirePresent","hexamod:SpectersWail+1","hexamod:NightmareGuise","hexamod:ApocalypticArmor","hexamod:EtherealExpedition+1","hexamod:SpectersWail","expansioncontent:Collect+1","hexamod:ApocalypticArmor+1","hexamod:NightmareStrike+1","hexamod:ThermalTransfer+1","hexamod:Rewind","hexamod:SpectersWail+1","hexamod:HexaLevel","hexamod:FlamesFromBeyond+1","hexamod:NightmareStrike","hexamod:RetreatToShadows","hexamod:FastForward+1","hexamod:Firestarter+1","hexamod:HeatMetal+1","hexamod:ApocalypticArmor","hexamod:Hexaguard+1","hexamod:Again","hexamod:AdvancingGuard+1","expansioncontent:DonusPower","hexamod:SoulSteal+1","hexamod:RainOfEmbers+1"],"relics":["hexamod:SpiritBrand","LetterFromLob","downfall:HeartBlessingRed","downfall:HeartBlessingBlue","Girya","downfall:HeartBlessingGreen","Chemical X","Pantograph","Circlet","Bottled Flame","Bag of Preparation","Blood Vial","Anchor","SlaversCollar","hexamod:RecyclingMachine","Bottled Tornado","Peace Pipe","Toy Ornithopter","hexamod:TheBrokenSeal","Torii"],"acts_visited":["Exordium","TheCity","TheBeyond","TheEnding"],"potions_floor_usage":[48,48,48,48,48,48,49,49,50,55,55,55],"damage_taken":[{"damage":5.0,"enemies":"Small Slimes","floor":2.0,"turns":4.0},{"damage":0.0,"enemies":"2 Louse","floor":4.0,"turns":4.0},{"damage":4.0,"enemies":"Cultist","floor":6.0,"turns":4.0},{"damage":26.0,"enemies":"Gremlin Nob","floor":9.0,"turns":4.0},{"damage":6.0,"enemies":"2 Fungi Beasts","floor":11.0,"turns":4.0},{"damage":8.0,"enemies":"Blue Slaver","floor":12.0,"turns":4.0},{"damage":0.0,"enemies":"downfall:FleeingMerchant","floor":14.0,"turns":4.0},{"damage":13.0,"enemies":"Exordium Wildlife","floor":15.0,"turns":5.0},{"damage":11.0,"enemies":"downfall:Ironclad","floor":16.0,"turns":11.0},{"damage":32.0,"enemies":"Spheric Guardian","floor":19.0,"turns":8.0},{"damage":0.0,"enemies":"downfall:FleeingMerchant","floor":20.0,"turns":4.0},{"damage":12.0,"enemies":"Shell Parasite","floor":22.0,"turns":8.0},{"damage":1.0,"enemies":"downfall:FleeingMerchant","floor":25.0,"turns":4.0},{"damage":46.0,"enemies":"Slavers","floor":27.0,"turns":6.0},{"damage":11.0,"enemies":"Centurion and Healer","floor":29.0,"turns":7.0},{"damage":7.0,"enemies":"Cultist and Chosen","floor":31.0,"turns":8.0},{"damage":37.0,"enemies":"Snecko","floor":32.0,"turns":8.0},{"damage":9.0,"enemies":"downfall:Defect","floor":33.0,"turns":11.0},{"damage":6.0,"enemies":"3 Shapes","floor":36.0,"turns":3.0},{"damage":21.0,"enemies":"3 Darklings","floor":37.0,"turns":6.0},{"damage":31.0,"enemies":"Sphere and 2 Shapes","floor":38.0,"turns":7.0},{"damage":13.0,"enemies":"downfall:FleeingMerchant","floor":39.0,"turns":4.0},{"damage":25.0,"enemies":"Maw","floor":40.0,"turns":9.0},{"damage":50.0,"enemies":"Nemesis","floor":43.0,"turns":7.0},{"damage":6.0,"enemies":"3 Darklings","floor":45.0,"turns":5.0},{"damage":13,"enemies":"Reptomancer","floor":46,"turns":7},{"damage":2,"enemies":"downfall:FleeingMerchant","floor":48,"turns":3},{"damage":21,"enemies":"Transient","floor":49,"turns":5},{"damage":88,"enemies":"downfall:Silent","floor":50,"turns":10},{"damage":24,"enemies":"downfall:CharBossMerchant","floor":52,"turns":9},{"damage":111,"enemies":"downfall:NeowBoss","floor":55,"turns":25}],"seed_played":"-2219268694667371231","potions_obtained":[{"floor":2.0,"key":"SteroidPotion"},{"floor":4.0,"key":"Slimebound:ThreeZeroPotion"},{"floor":9.0,"key":"GamblersBrew"},{"floor":11.0,"key":"Strength Potion"},{"floor":12.0,"key":"champ:CounterPotion"},{"floor":14.0,"key":"Fruit Juice"},{"floor":15.0,"key":"Block Potion"},{"floor":22.0,"key":"sneckomod:MuddlingPotion"},{"floor":27.0,"key":"hexamod:InfernoChargePotion"},{"floor":37.0,"key":"LiquidMemories"},{"floor":40.0,"key":"Fire Potion"},{"floor":43.0,"key":"EntropicBrew"},{"floor":45.0,"key":"LiquidBronze"},{"floor":49,"key":"PowerPotion"},{"floor":52,"key":"GamblersBrew"}],"is_trial":false,"path_per_floor":["R","M","?","M","?","M","T","R","E","?","M","M","R","$","M","B",null,"R","M","$","?","M","?","T","$","T","E","R","M","R","M","M","B",null,"R","M","M","M","$","M","T","R","E","R","M","E","?","$","M","B",null,"E","$","R","B"],"character_chosen":"THE_SPIRIT","items_purchased":["Chemical X","Pantograph","expansioncontent:Collect","hexamod:RecyclingMachine","expansioncontent:DonusPower","Ancient Potion","Explosive Potion","ColorlessPotion","Dexterity Potion","hexamod:RainOfEmbers"],"campfire_rested":4,"item_purchase_floors":[14,14,20,39,48,48,48,48,53,53],"current_hp_per_floor":[77,72,72,72,72,68,68,78,52,52,46,38,38,43,30,44,92,92,60,60,60,48,48,48,54,54,8,35,26,53,55,27,52,92,92,92,78,49,38,22,22,49,1,28,24,13,13,50,41,67,102,78,78,78,0,0,0],"gold":189,"neow_bonus":"TEN_PERCENT_HP_BONUS","is_daily":false,"chose_seed":false,"campfire_upgraded":2,"win_rate":0.0,"timestamp":1609361606,"path_taken":["R","M","?","M","?","?","T","R","E","?","M","M","R","$","M","BOSS","R","M","$","?","M","?","T","?","?","E","R","?","R","?","M","BOSS","R","M","M","M","$","M","T","R","E","R","M","E","?","$","M","BOSS","E","$","R","BOSS"],"items_purchased_type":["Relic","Relic","Card","Relic","Card","Potion","Potion","Potion","Potion","Card"],"build_version":"2020-12-22","purchased_purges":2,"victory":false,"max_hp_per_floor":[77,77,77,77,77,77,77,87,87,87,87,87,87,92,92,92,92,92,92,92,92,92,92,92,92,92,92,92,92,92,92,92,92,92,92,92,92,92,92,92,92,92,92,92,92,92,92,92,92,102,102,102,102,102,102,102,102],"card_choices":[{"not_picked":["hexamod:StepThrough","hexamod:GhostShield"],"picked":"hexamod:RetreatToShadows","floor":2.0},{"not_picked":["hexamod:NightmareGuise","hexamod:Again"],"picked":"hexamod:FastForward","floor":4.0},{"not_picked":["hexamod:SpectersWail","hexamod:ShieldOfDarkness"],"picked":"hexamod:ApocalypticArmor","floor":6.0},{"not_picked":["hexamod:InspiringFlames","hexamod:ThermalTransfer"],"picked":"hexamod:NightmareGuise","floor":9.0},{"not_picked":["hexamod:StepThrough","hexamod:PhantomCloak"],"picked":"hexamod:GhostOfSpirePresent","floor":11.0},{"not_picked":["hexamod:Firestarter","hexamod:AdvancingGuard"],"picked":"hexamod:SpectersWail","floor":12.0},{"not_picked":["hexamod:AdvancingGuard","hexamod:PhantomFireball"],"picked":"hexamod:NightmareGuise","floor":14.0},{"not_picked":["hexamod:PowerFromBeyond","hexamod:RadiantFlame"],"picked":"hexamod:ApocalypticArmor","floor":15.0},{"not_picked":["hexamod:TimeOfNeed","hexamod:VolcanoVisage"],"picked":"hexamod:FifthSeal","floor":16.0},{"not_picked":["hexamod:ShieldOfDarkness+1","hexamod:Firestarter"],"picked":"hexamod:EtherealExpedition+1","floor":19.0},{"not_picked":["hexamod:ThirdSeal","hexamod:SecondSeal"],"picked":"hexamod:SixthSeal","floor":20.0},{"not_picked":["hexamod:ShieldOfDarkness","hexamod:FourthSeal"],"picked":"hexamod:SpectersWail","floor":20.0},{"not_picked":["hexamod:SecondSeal","hexamod:SixthSeal"],"picked":"hexamod:FirstSeal","floor":22.0},{"not_picked":["hexamod:SwordOfDarkness","hexamod:HeatShield+1"],"picked":"hexamod:ApocalypticArmor","floor":22.0},{"not_picked":["hexamod:FourthSeal","hexamod:FirstSeal"],"picked":"hexamod:ThirdSeal","floor":25.0},{"not_picked":["hexamod:EmpoweredFlame","hexamod:StepThrough"],"picked":"hexamod:NightmareStrike+1","floor":25.0},{"not_picked":["hexamod:SixthSeal","hexamod:FourthSeal"],"picked":"hexamod:SecondSeal","floor":27.0},{"not_picked":["hexamod:InspiringFlames","hexamod:BurningTouch","hexamod:Firestarter"],"picked":"SKIP","floor":27.0},{"not_picked":["hexamod:AdvancingGuard","hexamod:FourthSeal","hexamod:HeatMetal+1"],"picked":"SKIP","floor":27.0},{"not_picked":["hexamod:SpectralSpark+1","hexamod:GhostShield"],"picked":"hexamod:ThermalTransfer","floor":29.0},{"not_picked":["hexamod:SecondSeal","hexamod:FourthSeal","hexamod:FirstSeal"],"picked":"SKIP","floor":29.0},{"not_picked":["hexamod:EtherealExpedition","hexamod:Haunt","hexamod:SwordOfDarkness"],"picked":"SKIP","floor":29.0},{"not_picked":["hexamod:Firestarter","hexamod:FourthSeal"],"picked":"hexamod:Rewind","floor":31.0},{"not_picked":["hexamod:ThirdSeal","hexamod:FirstSeal","hexamod:SecondSeal"],"picked":"SKIP","floor":31.0},{"not_picked":["hexamod:BacktrackSmack","hexamod:StepThrough"],"picked":"hexamod:SpectersWail","floor":32.0},{"not_picked":["hexamod:FirstSeal","hexamod:SixthSeal","hexamod:FourthSeal"],"picked":"SKIP","floor":32.0},{"not_picked":["hexamod:SecondSeal","hexamod:HauntingEcho","hexamod:SoulSteal+1"],"picked":"SKIP","floor":32.0},{"not_picked":["hexamod:ApocalypseNow","hexamod:VolcanoVisage"],"picked":"hexamod:HexaLevel","floor":33.0},{"not_picked":["hexamod:PowerFromBeyond","hexamod:BurningTouch"],"picked":"hexamod:FlamesFromBeyond","floor":36.0},{"not_picked":["hexamod:SpectralSpark+1","hexamod:NecessarySacrifice"],"picked":"hexamod:NightmareStrike","floor":37.0},{"not_picked":["hexamod:FirstSeal","hexamod:SecondSeal","hexamod:ThirdSeal"],"picked":"SKIP","floor":37.0},{"not_picked":["hexamod:GhostShield","hexamod:HeatShield"],"picked":"hexamod:RetreatToShadows","floor":38.0},{"not_picked":["hexamod:ThirdSeal","hexamod:FirstSeal","hexamod:SecondSeal"],"picked":"SKIP","floor":38.0},{"not_picked":["hexamod:HeatCrush+1","hexamod:HauntingEcho","hexamod:BacktrackSmack+1"],"picked":"SKIP","floor":38.0},{"not_picked":["hexamod:Firestarter","hexamod:RecurringNightmare"],"picked":"hexamod:FastForward+1","floor":39.0},{"not_picked":["hexamod:NecessarySacrifice+1","hexamod:NightmareStrike"],"picked":"hexamod:Firestarter+1","floor":40.0},{"not_picked":["hexamod:ThermalTransfer","hexamod:NightmareGuise"],"picked":"hexamod:HeatMetal+1","floor":40.0},{"not_picked":["hexamod:SecondSeal","hexamod:FourthSeal","hexamod:SixthSeal"],"picked":"SKIP","floor":40.0},{"not_picked":["hexamod:BurningTouch","hexamod:SwordOfDarkness"],"picked":"hexamod:ApocalypticArmor","floor":43.0},{"not_picked":["hexamod:NightmareGuise","hexamod:RainOfEmbers"],"picked":"hexamod:Hexaguard+1","floor":43.0},{"not_picked":["hexamod:SecondSeal","hexamod:SixthSeal","hexamod:ThirdSeal"],"picked":"SKIP","floor":43.0},{"not_picked":["hexamod:BacktrackSmack","hexamod:SwordOfDarkness","hexamod:InspiringFlames"],"picked":"SKIP","floor":45.0},{"not_picked":["hexamod:GhostOfSpirePast","hexamod:ThirdSeal"],"picked":"hexamod:Again","floor":46},{"not_picked":["hexamod:ThirdSeal","hexamod:SixthSeal","hexamod:FourthSeal"],"picked":"SKIP","floor":46},{"not_picked":["hexamod:Firestarter","hexamod:FourthSeal"],"picked":"hexamod:AdvancingGuard+1","floor":48},{"not_picked":["hexamod:ThermalTransfer","hexamod:ThirdSeal","hexamod:Haunt+1"],"picked":"SKIP","floor":48},{"not_picked":["hexamod:ThirdSeal","hexamod:SixthSeal","hexamod:FourthSeal"],"picked":"SKIP","floor":48},{"not_picked":["hexamod:GhostShield+1","hexamod:InspiringFlames+1"],"picked":"hexamod:SoulSteal+1","floor":49},{"not_picked":["hexamod:SwordOfDarkness","hexamod:ThermalTransfer","hexamod:SpectralAdrenaline"],"picked":"SKIP","floor":52}],"player_experience":308999,"relics_obtained":[{"floor":2.0,"key":"LetterFromLob"},{"floor":9.0,"key":"Girya"},{"floor":24.0,"key":"Bottled Flame"},{"floor":26.0,"key":"Bag of Preparation"},{"floor":27.0,"key":"Blood Vial"},{"floor":27.0,"key":"Anchor"},{"floor":41.0,"key":"Bottled Tornado"},{"floor":43.0,"key":"Peace Pipe"},{"floor":46,"key":"Toy Ornithopter"},{"floor":52,"key":"Torii"}],"event_choices":[{"damage_healed":0,"gold_gain":0,"player_choice":"Ignored","damage_taken":0,"max_hp_gain":0,"max_hp_loss":0,"event_name":"Mysterious Sphere","floor":47,"gold_loss":0}],"is_beta":false,"boss_relics":[{"not_picked":["Runic Dome","Velvet Choker"],"picked":"rorgmod:Black Star"},{"not_picked":["Philosopher\u0027s Stone","Fusion Hammer"],"picked":"SlaversCollar"}],"items_purged_floors":[39,48],"is_endless":false,"potions_floor_spawned":[2,4,9,15,16,19,22,27,33,37,40,45,49,52],"killed_by":"downfall:NeowBoss","ascension_level":0}}