{"host":"kh6fvhxn285ncg0o","time":1609324989,"event":{"mods":["Act Like it!","BaseMod","Colored Map","Friendly Minions","Keyboard Shortcuts","Minty Spire (QoL Compilation)","Quick Restart","Relic Stats","StSLib","SuperFastMode"],"gold_per_floor":[112,127,127,52,64,91,102,102,178,213,228,243,243,271,271,345,345,363,363,375,423,423,423],"floor_reached":22,"playtime":511,"items_purged":["Strike_P"],"score":462,"play_id":"72426ae0-e3ec-4c1c-a368-fd6fb186f55f","local_time":"20201230194309","is_ascension_mode":true,"campfire_choices":[{"data":"Eruption","floor":8.0,"key":"SMITH"},{"data":"SignatureMove","floor":13.0,"key":"SMITH"},{"data":"EmptyMind","floor":15.0,"key":"SMITH"}],"circlet_count":0,"master_deck":["AscendersBane","Strike_P","Strike_P","Defend_P","Defend_P","Defend_P","Defend_P","Eruption+1","Vigilance","EmptyMind+1","SignatureMove+1","Ragnarok","Crescendo","ClearTheMind","Indignation"],"relics":["Busted Crown","Ginger","Pear","Tiny Chest","Turnip","Black Star","PreservedInsect"],"acts_visited":["Exordium","TheCity"],"potions_floor_usage":[],"damage_taken":[{"damage":7.0,"enemies":"Cultist","floor":1.0,"turns":3.0},{"damage":20.0,"enemies":"Small Slimes","floor":2.0,"turns":3.0},{"damage":0.0,"enemies":"2 Louse","floor":5.0,"turns":2.0},{"damage":10.0,"enemies":"3 Sentries","floor":6.0,"turns":6.0},{"damage":1.0,"enemies":"Looter","floor":7.0,"turns":4.0},{"damage":16.0,"enemies":"Gremlin Nob","floor":10.0,"turns":3.0},{"damage":1.0,"enemies":"Exordium Wildlife","floor":11.0,"turns":2.0},{"damage":3.0,"enemies":"3 Louse","floor":12.0,"turns":3.0},{"damage":5.0,"enemies":"Lagavulin","floor":14.0,"turns":5.0},{"damage":17.0,"enemies":"Hexaghost","floor":16.0,"turns":5.0},{"damage":31.0,"enemies":"3 Byrds","floor":18.0,"turns":5.0},{"damage":0,"enemies":"Spheric Guardian","floor":20,"turns":3},{"damage":21,"enemies":"Shelled Parasite and Fungi","floor":22,"turns":1}],"seed_played":"-1684696218101967252","potions_obtained":[{"floor":1.0,"key":"SkillPotion"},{"floor":2.0,"key":"CultistPotion"},{"floor":10.0,"key":"Weak Potion"},{"floor":14.0,"key":"Regen Potion"},{"floor":16.0,"key":"ColorlessPotion"}],"is_trial":false,"path_per_floor":["M","M","?","$","M","E","M","R","T","E","M","M","R","E","R","B",null,"M","?","M","T","M"],"character_chosen":"WATCHER","items_purchased":[],"campfire_rested":0,"item_purchase_floors":[],"current_hp_per_floor":[54,34,34,34,34,24,23,23,33,17,16,13,13,8,8,3,59,28,6,6,6,0,0],"gold":423,"neow_bonus":"BOSS_RELIC","is_daily":false,"chose_seed":false,"campfire_upgraded":3,"win_rate":0.0,"timestamp":1609324989,"path_taken":["M","M","?","$","?","E","M","R","T","E","?","?","R","E","R","BOSS","M","?","M","?","M"],"items_purchased_type":[],"build_version":"2020-12-22","purchased_purges":1,"victory":false,"max_hp_per_floor":[68,68,68,68,68,68,68,68,78,78,78,78,78,78,78,78,78,78,83,83,83,83,83],"relic_stats":{"Busted Crown":24,"counters":[13,45],"Tiny Chest":1,"Turnip":[5],"PreservedInsect":0,"Black Star":0,"Ginger":[0],"obtain_stats":[{"Busted Crown":0,"Pear":9,"Tiny Chest":10,"Turnip":14,"PreservedInsect":21,"Black Star":17,"Ginger":6,"PureWater":0},{"Busted Crown":0,"Pear":5,"Tiny Chest":6,"Turnip":9,"PreservedInsect":12,"Black Star":10,"Ginger":4,"PureWater":0},{"Busted Crown":0,"Pear":18,"Tiny Chest":21,"Turnip":31,"PreservedInsect":44,"Black Star":36,"Ginger":14,"PureWater":0}]},"card_choices":[{"not_picked":[],"picked":"EmptyMind","floor":1.0},{"not_picked":[],"picked":"SignatureMove","floor":2.0},{"not_picked":["WreathOfFlame"],"picked":"SKIP","floor":5.0},{"not_picked":["EmptyBody"],"picked":"SKIP","floor":6.0},{"not_picked":[],"picked":"Crescendo","floor":7.0},{"not_picked":[],"picked":"ClearTheMind","floor":10.0},{"not_picked":[],"picked":"Indignation","floor":11.0},{"not_picked":["JustLucky"],"picked":"SKIP","floor":12.0},{"not_picked":["ForeignInfluence"],"picked":"SKIP","floor":14.0},{"not_picked":["Consecrate"],"picked":"SKIP","floor":18.0},{"not_picked":["ClearTheMind"],"picked":"SKIP","floor":20}],"player_experience":3323711,"relics_obtained":[{"floor":6.0,"key":"Ginger"},{"floor":9.0,"key":"Pear"},{"floor":10.0,"key":"Tiny Chest"},{"floor":14.0,"key":"Turnip"},{"floor":21,"key":"PreservedInsect"}],"event_choices":[{"damage_healed":0.0,"max_hp_gain":0.0,"max_hp_loss":0.0,"gold_gain":0.0,"cards_transformed":["Strike_P"],"event_name":"Transmorgrifier","player_choice":"Transformed","floor":3.0,"gold_loss":0.0,"damage_taken":0.0,"cards_obtained":["Ragnarok"]},{"damage_healed":0,"gold_gain":0,"player_choice":"Shed Blood","damage_taken":27,"max_hp_gain":5,"max_hp_loss":0,"event_name":"Forgotten Altar","floor":19,"gold_loss":0}],"is_beta":false,"boss_relics":[{"not_picked":["Calling Bell","Runic Dome"],"picked":"Black Star"}],"items_purged_floors":[4],"is_endless":false,"potions_floor_spawned":[1,2,10,14,16],"killed_by":"Shelled Parasite and Fungi","ascension_level":20}}