{"host":"2no1vwhhkhf0ohz3","time":1609316259,"event":{"mods":["AchievementEnabler","BaseMod","Colored Map","DeckTracker","Keyboard Shortcuts","Minty Spire (QoL Compilation)","Relic Stats","SuperFastMode"],"gold_per_floor":[110,110,110,110,126,126,138,157,157,184,184,200,228,82,82,82,82],"floor_reached":16,"playtime":246,"items_purged":["Defend_P"],"score":116,"play_id":"54643a4a-6fd7-485f-8eb1-93d9578e4d58","local_time":"20201230171739","is_ascension_mode":true,"campfire_choices":[{"data":"Eruption","floor":6,"key":"SMITH"},{"data":"Adaptation","floor":11,"key":"SMITH"},{"floor":15,"key":"REST"}],"circlet_count":0,"master_deck":["Strike_P","Strike_P","Strike_P","Defend_P","Defend_P","Defend_P","Eruption+1","Vigilance","Ragnarok","Adaptation+1","CrushJoints","TalkToTheHand","LessonLearned"],"relics":["PureWater","Strawberry","Bottled Tornado","Damaru","Mercury Hourglass"],"acts_visited":["Exordium"],"potions_floor_usage":[10],"damage_taken":[{"damage":6,"enemies":"2 Louse","floor":1,"turns":2},{"damage":6,"enemies":"Jaw Worm","floor":5,"turns":4},{"damage":0,"enemies":"Cultist","floor":7,"turns":4},{"damage":0,"enemies":"Looter","floor":8,"turns":1},{"damage":16,"enemies":"3 Sentries","floor":10,"turns":5},{"damage":12,"enemies":"Exordium Thugs","floor":12,"turns":3},{"damage":14,"enemies":"Gremlin Nob","floor":13,"turns":3},{"damage":28,"enemies":"The Guardian","floor":16,"turns":8}],"seed_played":"6347818867960348081","potions_obtained":[{"floor":5,"key":"SpeedPotion"},{"floor":7,"key":"Block Potion"}],"is_trial":false,"path_per_floor":["M","?","T","?","M","R","M","M","T","E","R","M","E","$","R","B"],"character_chosen":"WATCHER","items_purchased":["LessonLearned"],"campfire_rested":1,"item_purchase_floors":[14],"current_hp_per_floor":[45,45,52,52,46,46,46,46,46,30,30,18,4,4,27,0,0],"gold":82,"neow_bonus":"THREE_RARE_CARDS","is_daily":false,"chose_seed":false,"campfire_upgraded":2,"win_rate":0.0,"timestamp":1609316259,"path_taken":["M","?","?","?","M","R","M","?","T","E","R","M","E","$","R","BOSS"],"items_purchased_type":["Card"],"build_version":"2020-12-22","purchased_purges":1,"victory":false,"max_hp_per_floor":[72,72,79,79,79,79,79,79,79,79,79,79,79,79,79,79,79],"relic_stats":{"counters":[8,30],"obtain_stats":[{"Strawberry":3,"Damaru":10,"PureWater":0,"Bottled Tornado":9,"Mercury Hourglass":13},{"Strawberry":1,"Damaru":5,"PureWater":0,"Bottled Tornado":4,"Mercury Hourglass":7},{"Strawberry":2,"Damaru":16,"PureWater":0,"Bottled Tornado":11,"Mercury Hourglass":22}],"Mercury Hourglass":[21]},"card_choices":[{"not_picked":["Omniscience","MasterReality"],"picked":"Ragnarok","floor":0},{"not_picked":["CrushJoints","EmptyFist"],"picked":"Adaptation","floor":1},{"not_picked":["FlyingSleeves","Crescendo","Consecrate"],"picked":"SKIP","floor":5},{"not_picked":["DeceiveReality","Protect","SignatureMove"],"picked":"SKIP","floor":7},{"not_picked":["Consecrate","Worship","CutThroughFate"],"picked":"SKIP","floor":8},{"not_picked":["PathToVictory","ThirdEye"],"picked":"CrushJoints","floor":10},{"not_picked":["CrushJoints","PathToVictory","Evaluate"],"picked":"SKIP","floor":12},{"not_picked":["Collect","WindmillStrike"],"picked":"TalkToTheHand","floor":13}],"player_experience":271870,"relics_obtained":[{"floor":3,"key":"Strawberry"},{"floor":9,"key":"Bottled Tornado"},{"floor":10,"key":"Damaru"},{"floor":13,"key":"Mercury Hourglass"}],"event_choices":[{"damage_healed":0,"gold_gain":0,"player_choice":"Ignored","damage_taken":0,"max_hp_gain":0,"max_hp_loss":0,"event_name":"Liars Game","floor":2,"gold_loss":0},{"cards_removed":["Strike_P"],"damage_healed":0,"gold_gain":0,"player_choice":"Offered Basic","damage_taken":0,"max_hp_gain":0,"max_hp_loss":0,"event_name":"Bonfire Elementals","floor":4,"gold_loss":0}],"is_beta":false,"boss_relics":[],"items_purged_floors":[14],"is_endless":false,"potions_floor_spawned":[5,7],"killed_by":"The Guardian","ascension_level":1}}