{"host":"qdfumeom6htv8yxl","time":1609366186,"event":{"mods":["AchievementEnabler","BaseMod","Block Reminder","Minty Spire (QoL Compilation)","Quick Restart","Relic Stats"],"gold_per_floor":[119,136,61,75,89,89,103,103,103,28,178,178,178],"floor_reached":12,"playtime":875,"items_purged":["Strike_G"],"score":126,"play_id":"4f13922f-d318-43fc-beab-65a4823c7e6f","local_time":"20201230160946","is_ascension_mode":true,"campfire_choices":[{"data":"Noxious Fumes","floor":6,"key":"SMITH"},{"data":"Underhanded Strike","floor":8,"key":"SMITH"}],"circlet_count":0,"master_deck":["AscendersBane","Strike_G","Strike_G","Strike_G","Defend_G","Defend_G","Defend_G","Defend_G","Defend_G","Survivor","Neutralize","Dodge and Roll","Noxious Fumes+1","Underhanded Strike+1","Doubt"],"relics":["Snecko Eye","Orichalcum"],"acts_visited":[],"potions_floor_usage":[12],"damage_taken":[{"damage":3,"enemies":"Cultist","floor":1,"turns":6},{"damage":3,"enemies":"2 Louse","floor":2,"turns":4},{"damage":0,"enemies":"Jaw Worm","floor":4,"turns":4},{"damage":10,"enemies":"Blue Slaver","floor":5,"turns":6},{"damage":13,"enemies":"2 Fungi Beasts","floor":7,"turns":5},{"damage":38,"enemies":"Lagavulin","floor":12,"turns":6}],"seed_played":"9067817938388601944","potions_obtained":[{"floor":2,"key":"Dexterity Potion"},{"floor":7,"key":"BlessingOfTheForge"}],"is_trial":false,"path_per_floor":["M","M","?","M","M","R","M","R","T","$","?","E"],"character_chosen":"THE_SILENT","items_purchased":[],"campfire_rested":0,"item_purchase_floors":[],"current_hp_per_floor":[56,53,53,53,43,43,30,30,30,30,30,0,0],"gold":178,"neow_bonus":"BOSS_RELIC","is_daily":false,"chose_seed":false,"campfire_upgraded":2,"win_rate":0.0,"timestamp":1609366186,"path_taken":["M","M","?","M","M","R","M","R","T","$","?","E"],"items_purchased_type":[],"build_version":"2020-12-22","purchased_purges":1,"victory":false,"max_hp_per_floor":[66,66,66,66,66,66,66,66,66,66,66,66,66],"relic_stats":{"counters":[6,31],"Snecko Eye":[51,64,48,45],"Orichalcum":[12],"obtain_stats":[{"Snecko Eye":0,"Orichalcum":9,"Ring of the Snake":0},{"Snecko Eye":0,"Orichalcum":5,"Ring of the Snake":0},{"Snecko Eye":0,"Orichalcum":25,"Ring of the Snake":0}]},"card_choices":[{"not_picked":["Outmaneuver","Blade Dance"],"picked":"Dodge and Roll","floor":1},{"not_picked":["Sucker Punch","Poisoned Stab"],"picked":"Noxious Fumes","floor":2},{"not_picked":["Acrobatics","Deflect","Blade Dance"],"picked":"SKIP","floor":4},{"not_picked":["Distraction","Prepared","Slice"],"picked":"SKIP","floor":5},{"not_picked":["Terror","Dagger Spray"],"picked":"Underhanded Strike","floor":7}],"player_experience":1688357,"relics_obtained":[{"floor":9,"key":"Orichalcum"}],"event_choices":[{"cards_removed":["Strike_G"],"damage_healed":0,"gold_gain":0,"player_choice":"Card Removal","damage_taken":0,"max_hp_gain":0,"max_hp_loss":0,"event_name":"The Cleric","floor":3,"gold_loss":75},{"damage_healed":0,"gold_gain":150,"player_choice":"AGREE","damage_taken":0,"max_hp_gain":0,"max_hp_loss":0,"event_name":"Liars Game","floor":11,"gold_loss":0,"cards_obtained":["Doubt"]}],"is_beta":false,"boss_relics":[],"items_purged_floors":[10],"is_endless":false,"potions_floor_spawned":[2,7],"killed_by":"Lagavulin","ascension_level":16}}