{"host":"cz3p2o9n3b1gdmkz","time":1609315771,"event":{"mods":["AchievementEnabler","BaseMod","CapriCore","GungeonMod","Hermit","Lobotomy","Minty Spire (QoL Compilation)","Replay The Spire","Shop Mod","StSLib","SuperFastMode","The Cursed","The Dragon Tamer","The Gatherer","The Jungle","The Poker Player","The Runesmith"],"gold_per_floor":[411,411,241,241,261,261,288,303,303,328,339,514,514,543,543,643,643,659,690,429,439,288,288,315,315,315,331,356,356,370,370,370,471,471,481,481,495,508,524,524,550,119,119,168,199,199,216,242,242,242,242],"floor_reached":52,"playtime":1749,"items_purged":[],"score":1714,"play_id":"8f87756c-b543-4701-b0ca-e336d0c37a62","local_time":"20201230170931","is_ascension_mode":true,"campfire_choices":[{"data":"TheCursedMod:CircleOfCorruption","floor":6,"key":"SMITH"},{"data":"TheCursedMod:Grudge","floor":13,"key":"SMITH"},{"data":"TheCursedMod:CircleOfWindfury","floor":15,"key":"SMITH"},{"data":"TheCursedMod:CircleOfCorruption","floor":23,"key":"SMITH"},{"data":"TheCursedMod:CircleOfFlame","floor":25,"key":"SMITH"},{"data":"TheCursedMod:SurpriseAttack","floor":32,"key":"SMITH"},{"data":"TheCursedMod:SurpriseAttack","floor":40,"key":"SMITH"},{"data":"TheCursedMod:CircleOfFlame","floor":46,"key":"SMITH"},{"data":"TheCursedMod:Stretching","floor":49,"key":"SMITH"}],"circlet_count":0,"master_deck":["TheCursedMod:Strike_TheCursed+1","TheCursedMod:Strike_TheCursed","TheCursedMod:Strike_TheCursed","TheCursedMod:Strike_TheCursed","TheCursedMod:Defend_TheCursed","TheCursedMod:Defend_TheCursed","TheCursedMod:Defend_TheCursed","TheCursedMod:Defend_TheCursed","TheCursedMod:CursedWand","TheCursedMod:CleanUpWorkshop+1","TheCursedMod:Dregs","TheCursedMod:CircleOfCorruption+1","CommonCold","TheCursedMod:HellfireBreathing+1","TheCursedMod:Stretching+1","TheCursedMod:WearCloak","TheCursedMod:SurpriseAttack+1","TheCursedMod:CircleOfWindfury+1","TheCursedMod:Grudge+1","Doubt","TheCursedMod:CircleOfAbyss+1","TheCursedMod:CircleOfCorruption+1","TheCursedMod:CursedShiv+1","Swift Strike+1","Panache+1","TheCursedMod:StingEye+1","TheCursedMod:SpitefulPray+1","TheCursedMod:CircleOfFlame+1","TheCursedMod:SurpriseAttack+1","TheCursedMod:Stretching","TheCursedMod:NeowsMight+1","TheCursedMod:Stretching+1","TheCursedMod:Torture+1","TheCursedMod:CircleOfFlame+1","TheCursedMod:CircleOfCorruption+1","TheCursedMod:CircleOfFlame+1","TheCursedMod:Stretching","TheCursedMod:Hemoplague+1"],"relics":["TheCursedMod:BlackMagic101","Old Coin","ReplayTheSpireMod:CursedCoin","Golden Egg","Frozen Egg 2","Blood Vial","Kunai","DemoMod:Antibody","Replay:Fungal Core","Red Mask","Sling","Omamori","Boot","DemoMod:GlassGuonStoneRelic","Sundial","Enchiridion","DemoMod:RiddleOfLead","Replay:Bottled Snecko","DemoMod:BigBoy","DollysMirror","Runesmith:Nanobots","Torii","Bottled Lightning","Anchor"],"acts_visited":["Exordium","TheCity","TheBeyond"],"potions_floor_usage":[10,16,22,50,50],"damage_taken":[{"damage":5,"enemies":"Small Slimes","floor":1,"turns":4},{"damage":0,"enemies":"2 Louse","floor":5,"turns":2},{"damage":5,"enemies":"Gremlin Nob","floor":7,"turns":3},{"damage":0,"enemies":"Cultist","floor":8,"turns":2},{"damage":22,"enemies":"Lagavulin","floor":10,"turns":5},{"damage":0,"enemies":"Looter","floor":11,"turns":2},{"damage":2,"enemies":"3 Sentries","floor":14,"turns":4},{"damage":0,"enemies":"Fading Forest","floor":16,"turns":11},{"damage":0,"enemies":"Chosen","floor":18,"turns":3},{"damage":0,"enemies":"Masked Bandits","floor":19,"turns":2},{"damage":0,"enemies":"2 Thieves","floor":21,"turns":1},{"damage":0,"enemies":"Book of Stabbing","floor":24,"turns":1},{"damage":0,"enemies":"Centurion and Healer","floor":27,"turns":1},{"damage":0,"enemies":"Gremlin Leader","floor":28,"turns":2},{"damage":0,"enemies":"Shelled Parasite and Fungi","floor":30,"turns":1},{"damage":0,"enemies":"Automaton","floor":33,"turns":2},{"damage":0,"enemies":"3 Darklings","floor":35,"turns":1},{"damage":0,"enemies":"3 Shapes","floor":37,"turns":1},{"damage":0,"enemies":"Sphere and 2 Shapes","floor":38,"turns":1},{"damage":0,"enemies":"Transient","floor":39,"turns":4},{"damage":0,"enemies":"Reptomancer","floor":41,"turns":1},{"damage":0,"enemies":"2 Orb Walkers","floor":44,"turns":1},{"damage":0,"enemies":"R_Hoarder","floor":45,"turns":2},{"damage":0,"enemies":"Jaw Worm Horde","floor":47,"turns":1},{"damage":0,"enemies":"Reptomancer","floor":48,"turns":1},{"damage":0,"enemies":"Donu and Deca","floor":50,"turns":1}],"seed_played":"-1860591723074701000","potions_obtained":[{"floor":5,"key":"SmokeBomb"},{"floor":7,"key":"PowerPotion"},{"floor":10,"key":"SkillPotion"},{"floor":11,"key":"Dexterity Potion"},{"floor":16,"key":"Elixir"},{"floor":24,"key":"AttackPotion"}],"is_trial":false,"path_per_floor":["M","?","$","?","M","R","E","M","T","E","M","?","R","E","R","B",null,"M","?","$","M","$","R","E","R","T","M","E","?","M","?","R","B",null,"M","?","M","M","M","R","E","$","T","?","E","R","M","E","R","B",null,null],"character_chosen":"THE_CURSED","items_purchased":["ReplayTheSpireMod:CursedCoin","Golden Egg","TheCursedMod:HellfireBreathing+1","Swift Strike","Panache+1","TheCursedMod:StingEye","TheCursedMod:SpitefulPray","Sling","DemoMod:BigBoy","DollysMirror"],"campfire_rested":0,"item_purchase_floors":[3,3,3,20,20,22,22,22,42,42],"current_hp_per_floor":[63,48,48,48,48,48,43,43,43,23,25,25,25,25,25,37,66,68,70,70,72,72,72,74,74,74,75,75,59,61,61,61,65,85,85,85,85,85,85,85,85,85,85,85,85,85,85,85,85,85,85],"gold":242,"neow_bonus":"ONE_RARE_RELIC","is_daily":false,"chose_seed":false,"campfire_upgraded":9,"win_rate":0.0,"timestamp":1609315771,"path_taken":["M","?","$","?","M","R","E","?","T","E","M","?","R","E","R","BOSS","M","?","$","M","$","R","E","R","T","M","E","?","M","?","R","BOSS","M","?","M","?","M","R","E","?","T","?","E","R","M","E","R","BOSS"],"items_purchased_type":["Relic","Relic","Card","Card","Card","Card","Card","Relic","Relic","Relic"],"build_version":"2020-12-22","purchased_purges":0,"victory":true,"max_hp_per_floor":[75,75,75,75,75,75,75,75,75,75,75,75,75,75,75,75,75,75,75,75,75,75,75,75,75,75,75,75,75,75,75,75,75,85,85,85,85,85,85,85,85,85,85,85,85,85,85,85,85,85,85],"card_choices":[{"not_picked":["TheCursedMod:Stigma","TheCursedMod:CircleOfFlame"],"picked":"TheCursedMod:CircleOfCorruption","floor":1},{"not_picked":["TheCursedMod:DemonicPact","TheCursedMod:CircleOfWindfury"],"picked":"TheCursedMod:Stretching","floor":5},{"not_picked":["TheCursedMod:Torture","TheCursedMod:FuryStrike"],"picked":"TheCursedMod:WearCloak","floor":7},{"not_picked":["TheCursedMod:SpreadPlague","TheCursedMod:Hemoplague+1"],"picked":"TheCursedMod:SurpriseAttack","floor":8},{"not_picked":["TheCursedMod:TacticalStrike","TheCursedMod:VitalStrike"],"picked":"TheCursedMod:CircleOfWindfury","floor":10},{"not_picked":["TheCursedMod:AshesToAshes","TheCursedMod:Wield"],"picked":"TheCursedMod:Grudge","floor":11},{"not_picked":["TheCursedMod:PrepareRite","TheCursedMod:CursedMace","TheCursedMod:HellsGateOpen+1"],"picked":"SKIP","floor":14},{"not_picked":["TheCursedMod:UltimatePain","TheCursedMod:AntiAging"],"picked":"TheCursedMod:CircleOfAbyss","floor":16},{"not_picked":["TheCursedMod:AshesToAshes","TheCursedMod:RapidMovement+1"],"picked":"TheCursedMod:CircleOfCorruption","floor":18},{"not_picked":["TheCursedMod:ManaBullet","TheCursedMod:HellsGateOpen+1"],"picked":"TheCursedMod:CursedShiv+1","floor":19},{"not_picked":["TheCursedMod:Mangle","TheCursedMod:RapidMovement","TheCursedMod:HellsGateOpen+1"],"picked":"SKIP","floor":21},{"not_picked":["TheCursedMod:SaltUponWound","TheCursedMod:DemonSword"],"picked":"TheCursedMod:CircleOfFlame","floor":24},{"not_picked":["TheCursedMod:CircleOfFlame+1","TheCursedMod:CircleOfBlood+1"],"picked":"TheCursedMod:SurpriseAttack","floor":27},{"not_picked":["TheCursedMod:RavingStaff","TheCursedMod:CursedSpellbook"],"picked":"TheCursedMod:Stretching","floor":28},{"not_picked":["TheCursedMod:CursedBoomerang+1","TheCursedMod:TroublousMinions","TheCursedMod:DoubleShield+1"],"picked":"SKIP","floor":30},{"not_picked":["TheCursedMod:VoidForm+1","TheCursedMod:ManaCirculation+1"],"picked":"TheCursedMod:NeowsMight","floor":33},{"not_picked":["TheCursedMod:Grudge","TheCursedMod:SoulReap+1"],"picked":"TheCursedMod:Stretching+1","floor":35},{"not_picked":["TheCursedMod:SpitefulStrike","TheCursedMod:EmpowerCircles+1"],"picked":"TheCursedMod:Torture+1","floor":37},{"not_picked":["TheCursedMod:Obscuration","TheCursedMod:CursedBlade","TheCursedMod:VitalStrike"],"picked":"SKIP","floor":38},{"not_picked":["TheCursedMod:Stigma+1","TheCursedMod:RapidMovement+1","TheCursedMod:FuryStrike"],"picked":"SKIP","floor":39},{"not_picked":["TheCursedMod:Evocation","TheCursedMod:CircleOfFocus+1"],"picked":"TheCursedMod:CircleOfFlame+1","floor":41},{"not_picked":["TheCursedMod:FleshFromBone+1","TheCursedMod:WearCloak"],"picked":"TheCursedMod:CircleOfFlame","floor":44},{"not_picked":["TheCursedMod:TacticalStrike+1","TheCursedMod:Evocation+1"],"picked":"TheCursedMod:Stretching","floor":45},{"not_picked":["TheCursedMod:Wield+1","TheCursedMod:TacticalStrike"],"picked":"TheCursedMod:Hemoplague+1","floor":47},{"not_picked":["TheCursedMod:VitalStrike","TheCursedMod:Torture","TheCursedMod:VoidForm+1"],"picked":"SKIP","floor":48}],"player_experience":1063590,"relics_obtained":[{"floor":7,"key":"Frozen Egg 2"},{"floor":9,"key":"Blood Vial"},{"floor":10,"key":"Kunai"},{"floor":14,"key":"DemoMod:Antibody"},{"floor":19,"key":"Red Mask"},{"floor":24,"key":"Omamori"},{"floor":26,"key":"Boot"},{"floor":28,"key":"Sundial"},{"floor":29,"key":"Enchiridion"},{"floor":41,"key":"Replay:Bottled Snecko"},{"floor":43,"key":"Runesmith:Nanobots"},{"floor":44,"key":"Torii"},{"floor":45,"key":"Bottled Lightning"},{"floor":48,"key":"Anchor"}],"event_choices":[{"damage_healed":0,"gold_gain":0,"player_choice":"Entered Light","damage_taken":15,"max_hp_gain":0,"max_hp_loss":0,"event_name":"Shining Light","floor":2,"gold_loss":0,"cards_upgraded":["TheCursedMod:CleanUpWorkshop","TheCursedMod:Strike_TheCursed"]},{"damage_healed":0,"gold_gain":0,"player_choice":"Bought 0 Potions","damage_taken":0,"max_hp_gain":0,"max_hp_loss":0,"event_name":"The Woman in Blue","floor":4,"gold_loss":0},{"damage_healed":0,"gold_gain":175,"player_choice":"AGREE","damage_taken":0,"max_hp_gain":0,"max_hp_loss":0,"event_name":"Liars Game","floor":12,"gold_loss":0,"cards_obtained":["Doubt"]},{"damage_healed":0,"gold_gain":0,"player_choice":"Fought Bandits","damage_taken":0,"max_hp_gain":0,"max_hp_loss":0,"event_name":"Masked Bandits","floor":19,"gold_loss":0},{"damage_healed":0,"gold_gain":0,"player_choice":"Obtained Book","damage_taken":16,"max_hp_gain":0,"max_hp_loss":0,"event_name":"Cursed Tome","floor":29,"gold_loss":0},{"damage_healed":0,"gold_gain":0,"player_choice":"Ignored","damage_taken":0,"max_hp_gain":0,"max_hp_loss":0,"event_name":"Ghosts","floor":31,"gold_loss":0},{"cards_removed":["ReplayTheSpireMod:Doomed"],"damage_healed":0,"gold_gain":0,"player_choice":"Purged","damage_taken":0,"max_hp_gain":0,"max_hp_loss":0,"event_name":"Purifier","floor":36,"gold_loss":0},{"damage_healed":0,"gold_gain":0,"player_choice":"Fight","damage_taken":0,"max_hp_gain":0,"max_hp_loss":0,"event_name":"Mysterious Sphere","floor":44,"gold_loss":0}],"is_beta":false,"boss_relics":[{"not_picked":["Snecko Eye","Runic Pyramid"],"picked":"Replay:Fungal Core"},{"not_picked":["Philosopher\u0027s Stone","Abe\u0027s Treasure"],"picked":"DemoMod:RiddleOfLead"}],"items_purged_floors":[],"is_endless":false,"potions_floor_spawned":[5,7,10,11,16,21,24,28,33,39,45,47],"ascension_level":9}}