{"host":"5fasz840ryq7obdf","time":1609325054,"event":{"mods":["AchievementEnabler","BaseMod","Bestiary","Better Altar","Better Skull","Better Third Choice","BetterRewards","Block Reminder","Colored Powertips","Curses Come First","Highlight Path","Minty Spire (QoL Compilation)","Quick Restart","Rare Cards Sparkle","Relic Sorter","Relic Stats","Shop Mod","Slay-I","Spicy Shops","StSLib","SuperFastMode"],"gold_per_floor":[122,122,131,156,208,257,257,281,281,333,345,357,394,455,467,584,596,667,738,750,786,823,878,890,975,1058,1170,1215,1271,1308,1378,1390,1531,1543,1594,1606,1618,1682,1712,1762,1774,1858,1897,1909,1951,2017,2029,2374,2386,2398,2410,2422,2434,1782,1818,1818],"floor_reached":57,"playtime":4504,"items_purged":["Strike_P","Defend_P"],"score":4037,"play_id":"6f9378dd-ea84-4d11-b72e-5e95b95af13f","local_time":"20201230104414","is_ascension_mode":true,"campfire_choices":[{"floor":7.0,"key":"REST"},{"data":"Eruption","floor":12.0,"key":"SMITH"},{"data":"Strike_P","floor":15.0,"key":"PURGE"},{"data":"Omniscience","floor":32.0,"key":"SMITH"},{"floor":44,"key":"RECALL"},{"data":"Blasphemy","floor":47,"key":"SMITH"},{"data":"Strike_P","floor":49,"key":"PURGE"},{"data":"TalkToTheHand","floor":53,"key":"SMITH"}],"circlet_count":0,"master_deck":["AscendersBane","Strike_P","Defend_P","Defend_P","Defend_P","Eruption+1","Vigilance","EmptyFist","CutThroughFate","Weave","Scrawl","CrushJoints","ThirdEye+1","DeusExMachina","Vault","Tantrum+1","CutThroughFate","DeceiveReality","Establishment","JustLucky","Wallop","Blasphemy+1","FlurryOfBlows","Wireheading","ConjureBlade","WheelKick","EmptyBody","Omniscience+1","Wish+1","Consecrate","EmptyBody+1","CrushJoints","Crescendo+1","TalkToTheHand+1","SandsOfTime+1","Weave+1","DevaForm","Sanctity+1","Madness+1","Madness+1","FlurryOfBlows+1","Wireheading","Nirvana","Wish+1","Deep Breath+1","Swivel+1"],"relics":["PureWater","StoneCalendar","Kunai","Pen Nib","Yang","Membership Card","CeramicFish","Bag of Marbles","Calipers","Potion Belt","FossilizedHelix","Turnip","Peace Pipe","Lizard Tail","Lantern","Ginger","GoldenEye","HandDrill","Orrery","Sling","PreservedInsect","Ancient Tea Set","MawBank","Bag of Preparation","Omamori","Calling Bell","Tiny Chest","White Beast Statue","Gambling Chip","Toxic Egg 2","Bronze Scales","Singing Bowl","HornCleat","Akabeko","Blood Vial","Shuriken","Black Star","Regal Pillow","Toy Ornithopter","Whetstone","StrikeDummy","Happy Flower","War Paint","Art of War","Blue Candle","Damaru","Frozen Eye","CloakClasp","Centennial Puzzle"],"acts_visited":["Exordium","TheCity","TheBeyond","TheEnding"],"potions_floor_usage":[56,56,56],"damage_taken":[{"damage":0.0,"enemies":"2 Louse","floor":1.0,"turns":2.0},{"damage":0.0,"enemies":"Jaw Worm","floor":4.0,"turns":3.0},{"damage":0.0,"enemies":"3 Sentries","floor":6.0,"turns":3.0},{"damage":0.0,"enemies":"Cultist","floor":8.0,"turns":2.0},{"damage":0.0,"enemies":"Lagavulin","floor":10.0,"turns":2.0},{"damage":0.0,"enemies":"Exordium Wildlife","floor":13.0,"turns":1.0},{"damage":0.0,"enemies":"3 Sentries","floor":14.0,"turns":1.0},{"damage":8.0,"enemies":"Hexaghost","floor":16.0,"turns":6.0},{"damage":0.0,"enemies":"2 Thieves","floor":18.0,"turns":1.0},{"damage":2.0,"enemies":"Shell Parasite","floor":19.0,"turns":3.0},{"damage":0.0,"enemies":"Cultist and Chosen","floor":21.0,"turns":5.0},{"damage":0.0,"enemies":"Centurion and Healer","floor":22.0,"turns":2.0},{"damage":0.0,"enemies":"Book of Stabbing","floor":23.0,"turns":2.0},{"damage":0.0,"enemies":"Gremlin Leader","floor":27.0,"turns":5.0},{"damage":0.0,"enemies":"Shelled Parasite and Fungi","floor":28.0,"turns":1.0},{"damage":0.0,"enemies":"Book of Stabbing","floor":29.0,"turns":3.0},{"damage":0.0,"enemies":"3 Cultists","floor":30.0,"turns":3.0},{"damage":0.0,"enemies":"Gremlin Leader","floor":31.0,"turns":3.0},{"damage":0.0,"enemies":"Collector","floor":33.0,"turns":3.0},{"damage":0.0,"enemies":"Orb Walker","floor":35.0,"turns":2.0},{"damage":0,"enemies":"3 Shapes","floor":38,"turns":7},{"damage":0,"enemies":"Reptomancer","floor":40,"turns":4},{"damage":0,"enemies":"Giant Head","floor":42,"turns":4},{"damage":0,"enemies":"Sphere and 2 Shapes","floor":45,"turns":2},{"damage":34,"enemies":"Time Eater","floor":50,"turns":7},{"damage":39,"enemies":"Awakened One","floor":51,"turns":8},{"damage":0,"enemies":"Shield and Spear","floor":55,"turns":3},{"damage":79,"enemies":"The Heart","floor":56,"turns":7}],"seed_played":"3968382400557240609","potions_obtained":[{"floor":8.0,"key":"StancePotion"},{"floor":10.0,"key":"StancePotion"},{"floor":11.0,"key":"Fire Potion"},{"floor":11.0,"key":"Explosive Potion"},{"floor":14.0,"key":"FearPotion"},{"floor":18.0,"key":"DistilledChaos"},{"floor":21.0,"key":"FairyPotion"},{"floor":27.0,"key":"Energy Potion"},{"floor":30.0,"key":"Ambrosia"},{"floor":38,"key":"FairyPotion"},{"floor":40,"key":"Dexterity Potion"}],"is_trial":false,"path_per_floor":["M","?","?","M","T","E","R","M","T","E","?","R","M","E","R","B",null,"M","M","?","M","M","E","?","T","T","E","M","E","M","E","R","B",null,"M","?","$","M","?","E","$","E","T","R","M","T","R","?","R","B","B",null,"R","$","E","B",null],"character_chosen":"WATCHER","items_purchased":["Membership Card","CeramicFish","Bag of Marbles","Calipers","Potion Belt","EmptyFist","Kunai","CutThroughFate","Weave","Scrawl","CrushJoints","ThirdEye","Lantern","Ginger","DeusExMachina","HandDrill","Vault","Orrery","Pen Nib","Yang","Sling","BottledMiracle","Nirvana","Wish+1","War Paint","Art of War","Blue Candle","Damaru","Frozen Eye","Deep Breath+1"],"campfire_rested":1,"item_purchase_floors":[0,0,0,0,0,0,0,0,0,0,0,0,0,0,0,0,0,0,0,0,0,54,54,54,54,54,54,54,54,54],"current_hp_per_floor":[19,19,19,19,19,19,37,37,37,37,37,37,37,37,37,29,54,54,52,52,52,52,52,52,52,52,52,52,52,54,58,58,60,63,66,66,66,66,54,58,58,60,60,60,62,62,62,62,62,30,20,56,56,56,58,16],"gold":1818,"neow_bonus":"","is_daily":false,"chose_seed":false,"campfire_upgraded":4,"win_rate":0.0,"timestamp":1609325054,"path_taken":["M","?","?","?","?","E","R","M","T","E","?","R","M","E","R","BOSS","M","?","?","M","M","E","?","?","T","E","M","E","M","E","R","BOSS","M","?","$","M","?","E","?","E","T","R","M","?","R","?","R","BOSS","BOSS","R","$","E","BOSS"],"items_purchased_type":["Relic","Relic","Relic","Relic","Relic","Card","Relic","Card","Card","Card","Card","Card","Relic","Relic","Card","Relic","Card","Relic","Relic","Relic","Relic","Potion","Card","Card","Relic","Relic","Relic","Relic","Relic","Card"],"build_version":"2020-12-22","purchased_purges":2,"victory":true,"max_hp_per_floor":[68,62,62,62,62,62,62,62,62,62,62,62,62,62,62,62,62,62,62,62,62,62,62,62,62,62,62,62,62,62,64,64,64,64,66,66,66,66,66,68,68,68,68,68,68,68,68,68,68,68,68,68,68,68,68,68],"relic_stats":{"Regal Pillow":0,"Singing Bowl":16,"CeramicFish":432,"StoneCalendar":[36],"Yang":[830],"Bag of Preparation":[116],"CloakClasp":[21],"Ginger":[15],"Whetstone":["Tantrum","Weave"],"Blood Vial":21,"Lizard Tail":0,"Centennial Puzzle":[14],"Gambling Chip":[57],"Tiny Chest":2,"HandDrill":[18],"Kunai":[200],"Happy Flower":[20],"counters":[192,818],"Blue Candle":[1],"Pen Nib":[58],"PreservedInsect":2054,"War Paint":["Vault","Vigilance","Wish","ThirdEye"],"GoldenEye":[449],"MawBank":540,"Peace Pipe":2,"Shuriken":[96],"Bronze Scales":[325],"Turnip":[9],"Black Star":11,"Art of War":[4],"obtain_stats":[{"Whetstone":55,"Ginger":29,"Bottled Tornado":28,"Boot":38,"Sling":4,"Old Coin":47,"Blood Vial":8,"Sundial":10,"MealTicket":6,"HandDrill":0,"Kunai":22,"Pear":54,"Blue Candle":23,"Pen Nib":6,"Akabeko":41,"SlaversCollar":34,"MutagenicStrength":22,"Bird Faced Urn":41,"Pandora\u0027s Box":34,"StrikeDummy":10,"Unceasing Top":43,"Lantern":9,"Regal Pillow":7,"Torii":17,"Singing Bowl":23,"StoneCalendar":0,"Bag of Preparation":55,"Smiling Mask":25,"Ancient Tea Set":17,"Cursed Key":17,"Matryoshka":14,"InkBottle":29,"Potion Belt":40,"Golden Idol":5,"Damaru":26,"Thread and Needle":25,"The Courier":10,"PreservedInsect":25,"Omamori":48,"Frozen Egg 2":48,"GoldenEye":0,"MawBank":9,"Ornamental Fan":31,"Orrery":46,"Turnip":30,"Art of War":25,"Bottled Lightning":45,"Toy Ornithopter":6,"Ice Cream":0,"Calipers":0,"Gremlin Horn":0,"CeramicFish":0,"Vajra":0,"Centennial Puzzle":8,"Lizard Tail":39,"HornCleat":54,"Strawberry":7,"Prayer Wheel":42,"VioletLotus":17,"Toxic Egg 2":23,"Happy Flower":42,"Dead Branch":55,"Oddly Smooth Stone":22,"Letter Opener":44,"War Paint":23,"Question Card":30,"OrangePellets":0,"Bottled Flame":9,"Shuriken":0,"Bronze Scales":9,"Molten Egg 2":0,"Black Star":34,"Meat on the Bone":23,"Darkstone Periapt":44,"Yang":26,"Incense Burner":22,"Juzu Bracelet":39,"CloakClasp":55,"TeardropLocket":0,"Frozen Eye":54,"Dream Catcher":13,"Nunchaku":0,"Mummified Hand":0,"Pantograph":28,"Gambling Chip":17,"Tiny Chest":17,"Red Mask":19,"Runic Pyramid":17,"Orichalcum":4,"White Beast Statue":17,"Mercury Hourglass":21,"Calling Bell":17,"Peace Pipe":21,"Strange Spoon":0,"Anchor":40,"CaptainsWheel":42,"HolyWater":34,"Bag of Marbles":0,"Coffee Dripper":34,"Membership Card":0,"PureWater":0,"FossilizedHelix":0},{"Whetstone":55,"Ginger":150,"Bottled Tornado":44,"Boot":49,"Sling":105,"Old Coin":159,"Blood Vial":36,"Sundial":109,"MealTicket":35,"HandDrill":32,"Kunai":14,"Pear":162,"Blue Candle":86,"Pen Nib":4,"Akabeko":50,"SlaversCollar":47,"MutagenicStrength":40,"Bird Faced Urn":126,"Pandora\u0027s Box":121,"StrikeDummy":6,"Unceasing Top":156,"Lantern":5,"Regal Pillow":107,"Torii":65,"Singing Bowl":115,"StoneCalendar":164,"Bag of Preparation":102,"Smiling Mask":16,"Ancient Tea Set":65,"Cursed Key":82,"Matryoshka":111,"InkBottle":150,"Potion Belt":25,"Golden Idol":59,"Damaru":16,"Thread and Needle":147,"The Courier":37,"PreservedInsect":68,"Omamori":30,"Frozen Egg 2":30,"GoldenEye":103,"MawBank":168,"Ornamental Fan":46,"Orrery":51,"Turnip":18,"Art of War":68,"Bottled Lightning":97,"Toy Ornithopter":60,"Ice Cream":133,"Calipers":164,"Gremlin Horn":0,"CeramicFish":0,"Vajra":0,"Centennial Puzzle":77,"Lizard Tail":154,"HornCleat":162,"Strawberry":136,"Prayer Wheel":26,"VioletLotus":38,"Toxic Egg 2":177,"Happy Flower":26,"Dead Branch":163,"Oddly Smooth Stone":14,"Letter Opener":27,"War Paint":145,"Question Card":120,"OrangePellets":56,"Bottled Flame":108,"Shuriken":56,"Bronze Scales":77,"Molten Egg 2":133,"Black Star":20,"Meat on the Bone":41,"Darkstone Periapt":27,"Yang":116,"Incense Burner":14,"Juzu Bracelet":93,"CloakClasp":191,"TeardropLocket":32,"Frozen Eye":190,"Dream Catcher":9,"Nunchaku":32,"Mummified Hand":103,"Pantograph":87,"Gambling Chip":172,"Tiny Chest":172,"Red Mask":84,"Runic Pyramid":11,"Orichalcum":34,"White Beast Statue":172,"Mercury Hourglass":114,"Calling Bell":65,"Peace Pipe":66,"Strange Spoon":0,"Anchor":25,"CaptainsWheel":156,"HolyWater":90,"Bag of Marbles":0,"Coffee Dripper":151,"Membership Card":0,"PureWater":0,"FossilizedHelix":164},{"Whetstone":255,"Ginger":674,"Bottled Tornado":196,"Boot":225,"Sling":506,"Old Coin":701,"Blood Vial":160,"Sundial":517,"MealTicket":155,"HandDrill":142,"Kunai":41,"Pear":716,"Blue Candle":396,"Pen Nib":9,"Akabeko":231,"SlaversCollar":216,"MutagenicStrength":179,"Bird Faced Urn":577,"Pandora\u0027s Box":555,"StrikeDummy":15,"Unceasing Top":693,"Lantern":11,"Regal Pillow":511,"Torii":303,"Singing Bowl":536,"StoneCalendar":723,"Bag of Preparation":493,"Smiling Mask":48,"Ancient Tea Set":303,"Cursed Key":383,"Matryoshka":523,"InkBottle":674,"Potion Belt":96,"Golden Idol":276,"Damaru":48,"Thread and Needle":667,"The Courier":164,"PreservedInsect":317,"Omamori":126,"Frozen Egg 2":126,"GoldenEye":501,"MawBank":733,"Ornamental Fan":208,"Orrery":233,"Turnip":59,"Art of War":317,"Bottled Lightning":458,"Toy Ornithopter":284,"Ice Cream":628,"Calipers":723,"Gremlin Horn":0,"CeramicFish":0,"Vajra":0,"Centennial Puzzle":363,"Lizard Tail":685,"HornCleat":716,"Strawberry":633,"Prayer Wheel":103,"VioletLotus":169,"Toxic Egg 2":756,"Happy Flower":103,"Dead Branch":717,"Oddly Smooth Stone":41,"Letter Opener":110,"War Paint":655,"Question Card":547,"OrangePellets":263,"Bottled Flame":514,"Shuriken":263,"Bronze Scales":363,"Molten Egg 2":628,"Black Star":74,"Meat on the Bone":184,"Darkstone Periapt":110,"Yang":537,"Incense Burner":41,"Juzu Bracelet":435,"CloakClasp":811,"TeardropLocket":142,"Frozen Eye":808,"Dream Catcher":24,"Nunchaku":142,"Mummified Hand":501,"Pantograph":401,"Gambling Chip":743,"Tiny Chest":743,"Red Mask":390,"Runic Pyramid":32,"Orichalcum":149,"White Beast Statue":743,"Mercury Hourglass":533,"Calling Bell":303,"Peace Pipe":307,"Strange Spoon":0,"Anchor":96,"CaptainsWheel":693,"HolyWater":417,"Bag of Marbles":0,"Coffee Dripper":677,"Membership Card":0,"PureWater":0,"FossilizedHelix":723}],"Toy Ornithopter":15},"card_choices":[{"not_picked":["Crescendo","EmptyFist"],"picked":"Tantrum","floor":0.0},{"not_picked":["WaveOfTheHand","Halt"],"picked":"CutThroughFate","floor":0.0},{"not_picked":["CutThroughFate","ThirdEye"],"picked":"DeceiveReality","floor":0.0},{"not_picked":["FlyingSleeves","FlurryOfBlows"],"picked":"Establishment","floor":0.0},{"not_picked":["FlyingSleeves","BattleHymn"],"picked":"Wallop","floor":1.0},{"not_picked":["SashWhip","Conclude"],"picked":"FlurryOfBlows","floor":4.0},{"not_picked":["Evaluate","Conclude"],"picked":"Wireheading","floor":6.0},{"not_picked":["Conclude","EmptyBody"],"picked":"ConjureBlade","floor":8.0},{"not_picked":["PathToVictory","CrushJoints"],"picked":"WheelKick","floor":10.0},{"not_picked":["FollowUp","Wireheading"],"picked":"EmptyBody","floor":13.0},{"not_picked":["EmptyMind","JustLucky"],"picked":"Omniscience","floor":14.0},{"not_picked":["DeusExMachina","Vault"],"picked":"Wish","floor":16.0},{"not_picked":["EmptyFist","FlyingSleeves"],"picked":"Consecrate","floor":18.0},{"not_picked":["Conclude","CrushJoints"],"picked":"EmptyBody+1","floor":19.0},{"not_picked":["SashWhip","EmptyMind","Study"],"picked":"SKIP","floor":21.0},{"not_picked":["FlyingSleeves","PathToVictory"],"picked":"CrushJoints","floor":22.0},{"not_picked":["BowlingBash","WaveOfTheHand+1","Evaluate+1"],"picked":"SKIP","floor":23.0},{"not_picked":["Fasting2","SandsOfTime"],"picked":"Crescendo+1","floor":27.0},{"not_picked":["Halt+1","Devotion"],"picked":"TalkToTheHand","floor":28.0},{"not_picked":["Vengeance+1","CrushJoints"],"picked":"SandsOfTime+1","floor":29.0},{"not_picked":["Consecrate","LikeWater"],"picked":"Weave","floor":30.0},{"not_picked":["Prostrate+1","JustLucky","SashWhip"],"picked":"Singing Bowl","floor":31.0},{"not_picked":["MasterReality","Devotion"],"picked":"DevaForm","floor":33.0},{"not_picked":["Weave+1","Halt+1","PathToVictory+1"],"picked":"Singing Bowl","floor":35.0},{"not_picked":["Pray+1","EmptyBody+1"],"picked":"Sanctity+1","floor":38},{"not_picked":["WaveOfTheHand+1","BowlingBash+1","CutThroughFate+1"],"picked":"Singing Bowl","floor":40},{"not_picked":["Pray+1","Wireheading"],"picked":"FlurryOfBlows+1","floor":42},{"not_picked":["PathToVictory+1","JustLucky"],"picked":"Wireheading","floor":45},{"not_picked":["FlyingSleeves","PathToVictory+1"],"picked":"Swivel+1","floor":55}],"player_experience":1280554,"relics_obtained":[{"floor":5.0,"key":"PreservedInsect"},{"floor":6.0,"key":"Ancient Tea Set"},{"floor":9.0,"key":"MawBank"},{"floor":10.0,"key":"Bag of Preparation"},{"floor":14.0,"key":"Omamori"},{"floor":17.0,"key":"Tiny Chest"},{"floor":17.0,"key":"White Beast Statue"},{"floor":17.0,"key":"Gambling Chip"},{"floor":23.0,"key":"Toxic Egg 2"},{"floor":25.0,"key":"Singing Bowl"},{"floor":26.0,"key":"HornCleat"},{"floor":27.0,"key":"Akabeko"},{"floor":29.0,"key":"Blood Vial"},{"floor":31.0,"key":"Shuriken"},{"floor":40,"key":"Regal Pillow"},{"floor":40,"key":"Toy Ornithopter"},{"floor":42,"key":"Whetstone"},{"floor":42,"key":"StrikeDummy"},{"floor":46,"key":"Happy Flower"},{"floor":55,"key":"CloakClasp"},{"floor":55,"key":"Centennial Puzzle"}],"event_choices":[{"damage_healed":0.0,"max_hp_gain":0.0,"max_hp_loss":6.0,"gold_gain":0.0,"event_name":"Golden Idol","player_choice":"Lose Max HP","floor":2.0,"gold_loss":0.0,"damage_taken":0.0,"relics_obtained":["Golden Idol"]},{"damage_healed":0.0,"max_hp_gain":0.0,"max_hp_loss":0.0,"gold_gain":0.0,"event_name":"Match and Keep!","player_choice":"1 cards matched","floor":3.0,"gold_loss":0.0,"damage_taken":0.0,"cards_obtained":["Blasphemy"]},{"damage_healed":0.0,"max_hp_gain":0.0,"max_hp_loss":0.0,"gold_gain":0.0,"event_name":"Lab","player_choice":"Got Potions","floor":11.0,"gold_loss":0.0,"damage_taken":0.0},{"damage_healed":0.0,"max_hp_gain":0.0,"max_hp_loss":0.0,"gold_gain":0.0,"event_name":"Vampires","player_choice":"Ignored","floor":20.0,"gold_loss":0.0,"damage_taken":0.0},{"damage_healed":0.0,"max_hp_gain":0.0,"max_hp_loss":0.0,"gold_gain":0.0,"event_name":"Addict","player_choice":"Stole Relic","floor":24.0,"gold_loss":0.0,"damage_taken":0.0,"relics_obtained":["Bronze Scales"],"cards_obtained":["Shame"]},{"damage_healed":0.0,"max_hp_gain":0.0,"max_hp_loss":0.0,"gold_gain":0.0,"event_name":"Tomb of Lord Red Mask","player_choice":"Ignored","floor":36.0,"gold_loss":0.0,"damage_taken":0.0},{"damage_healed":0,"gold_gain":0,"player_choice":"Embrace Madness","damage_taken":12,"max_hp_gain":0,"max_hp_loss":0,"event_name":"Winding Halls","floor":39,"gold_loss":0,"cards_obtained":["Madness","Madness"]},{"damage_healed":0,"gold_gain":333,"player_choice":"Gave Idol","damage_taken":0,"max_hp_gain":0,"max_hp_loss":0,"event_name":"The Moai Head","floor":48,"relics_lost":["Golden Idol"],"gold_loss":0}],"is_beta":false,"boss_relics":[{"not_picked":["Ectoplasm","Empty Cage"],"picked":"Calling Bell"},{"not_picked":["Busted Crown","Pandora\u0027s Box"],"picked":"Black Star"}],"items_purged_floors":[0,54],"is_endless":false,"potions_floor_spawned":[8,10,14,18,19,21,22,23,27,28,29,30,31,33,35,38,40,42,45,55],"ascension_level":20}}