{"host":"g520aj7wy7fyc13m","time":1609330848,"event":{"mods":["2.2 Compatiblity","AlwaysNeverKeys","Aspiration","BaseMod","Better Sensory Stone","Better Third Choice","Colored Powertips","Downfall","Hermit","Jorbs\u0027s Wanderer Trilogy","Minty Spire (QoL Compilation)","Permanent Neow","Quick Restart","Random Character Button","StSLib","The Disciple","The Runesmith","egg"],"gold_per_floor":[99,99,99,99,99,117,117,132,432,432,432,432,442,457,468,468,518,530,550,550],"floor_reached":22,"playtime":888,"items_purged":[],"score":454,"play_id":"655f832b-f4b3-4f41-94bb-a4a00c813565","local_time":"20201230122048","is_ascension_mode":false,"campfire_choices":[{"data":"champ:Execute","floor":3.0,"key":"SMITH"},{"data":"Pummel","floor":4.0,"key":"SMITH"},{"data":"Pummel","floor":6,"key":"SMITH"},{"data":"Pummel","floor":13,"key":"SMITH"}],"circlet_count":0,"master_deck":["Pummel","Pummel+1","Pummel+1","Pummel","Pummel+1"],"relics":["champ:ChampionCrown","Philosopher\u0027s Stone","Philosopher\u0027s Stone","Philosopher\u0027s Stone","Philosopher\u0027s Stone","Philosopher\u0027s Stone","Philosopher\u0027s Stone","Philosopher\u0027s Stone","Philosopher\u0027s Stone","Philosopher\u0027s Stone","Philosopher\u0027s Stone","Philosopher\u0027s Stone","Philosopher\u0027s Stone","Philosopher\u0027s Stone","Philosopher\u0027s Stone","Philosopher\u0027s Stone","Philosopher\u0027s Stone","Philosopher\u0027s Stone","Philosopher\u0027s Stone","Philosopher\u0027s Stone","Philosopher\u0027s Stone","Philosopher\u0027s Stone","Philosopher\u0027s Stone","Philosopher\u0027s Stone","Philosopher\u0027s Stone","Philosopher\u0027s Stone","Philosopher\u0027s Stone","Philosopher\u0027s Stone","Philosopher\u0027s Stone","Philosopher\u0027s Stone","Philosopher\u0027s Stone","Philosopher\u0027s Stone","Philosopher\u0027s Stone","Philosopher\u0027s Stone","Philosopher\u0027s Stone","Philosopher\u0027s Stone","Philosopher\u0027s Stone","Philosopher\u0027s Stone","Philosopher\u0027s Stone","Philosopher\u0027s Stone","Philosopher\u0027s Stone","Philosopher\u0027s Stone","Philosopher\u0027s Stone","Philosopher\u0027s Stone","Philosopher\u0027s Stone","Philosopher\u0027s Stone","Philosopher\u0027s Stone","Philosopher\u0027s Stone","Philosopher\u0027s Stone","Philosopher\u0027s Stone","Philosopher\u0027s Stone","Philosopher\u0027s Stone","Philosopher\u0027s Stone","Philosopher\u0027s Stone","Philosopher\u0027s Stone","Philosopher\u0027s Stone","Philosopher\u0027s Stone","Philosopher\u0027s Stone","Philosopher\u0027s Stone","Philosopher\u0027s Stone","Philosopher\u0027s Stone","Philosopher\u0027s Stone","Philosopher\u0027s Stone","Philosopher\u0027s Stone","Philosopher\u0027s Stone","Philosopher\u0027s Stone","Philosopher\u0027s Stone","Philosopher\u0027s Stone","Philosopher\u0027s Stone","Philosopher\u0027s Stone","Philosopher\u0027s Stone","Philosopher\u0027s Stone","Calipers","MutagenicStrength","MutagenicStrength","MutagenicStrength","MutagenicStrength","MutagenicStrength","MutagenicStrength","MutagenicStrength","MutagenicStrength","MutagenicStrength","MutagenicStrength","MutagenicStrength","MutagenicStrength","MutagenicStrength","MutagenicStrength","MutagenicStrength","MutagenicStrength","MutagenicStrength","MutagenicStrength","MutagenicStrength","MutagenicStrength","MutagenicStrength","MutagenicStrength","InkBottle"],"acts_visited":["Exordium","TheBeyond","TheBeyond","TheBeyond"],"potions_floor_usage":[5,5,5,20,20,20],"damage_taken":[{"damage":0,"enemies":"Orb Walker","floor":7,"turns":1},{"damage":0,"enemies":"Maw","floor":9,"turns":1},{"damage":0,"enemies":"downfall:FleeingMerchant","floor":10,"turns":1},{"damage":0,"enemies":"Nemesis","floor":11,"turns":1},{"damage":0,"enemies":"Spire Growth","floor":14,"turns":1},{"damage":3,"enemies":"Sphere and 2 Shapes","floor":15,"turns":1},{"damage":0,"enemies":"Jaw Worm Horde","floor":16,"turns":1},{"damage":0,"enemies":"Mind Bloom Boss Battle","floor":18,"turns":1},{"damage":0,"enemies":"Spire Growth","floor":19,"turns":1},{"damage":3,"enemies":"4 Shapes","floor":20,"turns":4},{"damage":0,"enemies":"downfall:Silent","floor":21,"turns":1}],"seed_played":"-5656022414307366182","potions_obtained":[{"floor":15,"key":"champ:OpenerPotion"},{"floor":16,"key":"SkillPotion"},{"floor":19,"key":"Block Potion"}],"is_trial":false,"path_per_floor":["R","R","M","R","M","?","M","$","E","T","R","M","M","M","$","?","M","M","B",null],"character_chosen":"THE_CHAMP","items_purchased":[],"campfire_rested":0,"item_purchase_floors":[],"current_hp_per_floor":[90,90,90,90,90,90,90,90,90,90,90,90,90,87,87,87,87,87,84,84],"gold":550,"neow_bonus":"","is_daily":false,"chose_seed":false,"campfire_upgraded":4,"win_rate":0.0,"timestamp":1609330848,"path_taken":["R","R","M","R","M","?","M","?","E","T","R","M","M","?","$","?","M","M","BOSS"],"items_purchased_type":[],"build_version":"2020-12-22","purchased_purges":0,"victory":true,"max_hp_per_floor":[90,90,90,90,90,90,90,90,90,90,90,90,90,90,90,90,90,90,90,90],"card_choices":[{"not_picked":["champ:AdrenalArmor","champ:Shatter+1","champ:Backstep"],"picked":"SKIP","floor":7},{"not_picked":["champ:RecklessLeap","champ:AdrenalArmor+1","champ:ViciousMockery+1"],"picked":"SKIP","floor":9},{"not_picked":["champ:ShieldThrow","champ:RecklessLeap+1","champ:ShieldWall+1"],"picked":"SKIP","floor":10},{"not_picked":["champ:EnGarde+1","champ:Backstep+1","champ:FocusedGladiator+1"],"picked":"SKIP","floor":11},{"not_picked":["champ:BladeFlurry+1","champ:GladiatorsShout","champ:FocusedDefense"],"picked":"SKIP","floor":14},{"not_picked":["champ:RapidStrikes","champ:FocusedGladiator","champ:Backstep+1"],"picked":"SKIP","floor":15},{"not_picked":["champ:BladeFlurry+1","champ:IronFortress+1","champ:BerserkersShout"],"picked":"SKIP","floor":16},{"not_picked":["champ:DefensiveShout","champ:Encircle","champ:Riposte+1"],"picked":"SKIP","floor":19},{"not_picked":["champ:FlashCut","champ:GladiatorsShout+1","champ:GutPunch+1"],"picked":"SKIP","floor":20}],"player_experience":582942,"relics_obtained":[{"floor":12,"key":"InkBottle"}],"event_choices":[],"is_beta":false,"boss_relics":[],"items_purged_floors":[],"is_endless":false,"potions_floor_spawned":[11,14,15,16,19],"ascension_level":0}}