{"host":"ormi09wwzv7sq47a","time":1609350506,"event":{"mods":["2.2 Compatiblity","AchievementEnabler","Act Like it!","BaseMod","Bestiary","Better Altar","Better Note","Better Sensory Stone","Better Skull","Better Third Choice","Better Vampires","BetterRewards","Block Reminder","Card Forge","Colored Map","Colored Powertips","Curses Come First","DeckTracker","Downfall","Highlight Path","Minty Spire (QoL Compilation)","Permanent Neow","Quick Restart","Rare Cards Sparkle","Relic Stats","Shop Mod","StSLib","The Jungle"],"gold_per_floor":[112,37,37,56,72,72,82,110,110,124,274,53,53,87,87,166,166,180,180,180,190,203,203,236,248,260,303,335,347,369,393,405,417,417],"floor_reached":33,"playtime":1540,"items_purged":["Strike_B","Doubt"],"score":734,"play_id":"b399d578-796c-4361-96f4-560d706aa90b","local_time":"20201230154826","is_ascension_mode":true,"campfire_choices":[{"data":"Zap","floor":6.0,"key":"SMITH"},{"floor":15.0,"key":"REST"},{"data":"Electrodynamics","floor":23.0,"key":"SMITH"},{"floor":25.0,"key":"REST"},{"floor":29,"key":"REST"},{"floor":32,"key":"REST"}],"circlet_count":0,"master_deck":["AscendersBane","Strike_B+1","Strike_B+1","Defend_B+1","Defend_B+1","Defend_B+1","Defend_B+1","Zap+1","Dualcast","Turbo","Lockon","Conserve Battery","Cold Snap","Gash","Streamline","Go for the Eyes","Electrodynamics+1","Reinforced Body","Beam Cell+1","Hologram","Conserve Battery+1","Scrape"],"relics":["Cracked Core","Hammer of Thor","Seething Fire","Anvil of the Gods","Bag of Preparation","Singing Bowl","Lizard Tail","Smiling Mask","Orichalcum","Symbiotic Virus","Sozu","Blue Candle","MawBank","Ornamental Fan","Toy Ornithopter"],"acts_visited":["Exordium","TheCity"],"potions_floor_usage":[],"damage_taken":[{"damage":2.0,"enemies":"Jaw Worm","floor":1.0,"turns":4.0},{"damage":0.0,"enemies":"2 Louse","floor":4.0,"turns":2.0},{"damage":5.0,"enemies":"Small Slimes","floor":5.0,"turns":3.0},{"damage":0.0,"enemies":"3 Louse","floor":7.0,"turns":2.0},{"damage":16.0,"enemies":"Lagavulin","floor":8.0,"turns":6.0},{"damage":6.0,"enemies":"Exordium Thugs","floor":10.0,"turns":5.0},{"damage":13.0,"enemies":"3 Sentries","floor":14.0,"turns":8.0},{"damage":16.0,"enemies":"The Guardian","floor":16.0,"turns":10.0},{"damage":0.0,"enemies":"3 Byrds","floor":18.0,"turns":2.0},{"damage":11.0,"enemies":"Shell Parasite","floor":21.0,"turns":4.0},{"damage":2.0,"enemies":"Snake Plant","floor":22.0,"turns":4.0},{"damage":33.0,"enemies":"Book of Stabbing","floor":24.0,"turns":6.0},{"damage":58,"enemies":"Slavers","floor":27,"turns":7},{"damage":14,"enemies":"Sentry and Sphere","floor":28,"turns":4},{"damage":22,"enemies":"Shelled Parasite and Fungi","floor":30,"turns":4},{"damage":15,"enemies":"Snecko","floor":31,"turns":4},{"damage":42,"enemies":"Automaton","floor":33,"turns":8}],"seed_played":"-3153915418295960919","potions_obtained":[{"floor":1.0,"key":"EntropicBrew"}],"is_trial":false,"path_per_floor":["M","?","?","M","M","R","M","E","T","M","?","$","?","E","R","B",null,"M","?","T","M","M","R","E","R","T","E","M","R","M","M","R","B"],"character_chosen":"DEFECT","items_purchased":["Bag of Preparation","Singing Bowl","Turbo","Lockon","Conserve Battery","Cold Snap","Orichalcum"],"campfire_rested":4,"item_purchase_floors":[0,0,0,0,0,0,12],"current_hp_per_floor":[50,50,50,50,45,45,45,31,31,27,27,27,27,16,39,23,65,65,65,65,54,54,54,23,47,47,41,27,51,31,16,41,0,0],"gold":417,"neow_bonus":"","is_daily":false,"chose_seed":false,"campfire_upgraded":2,"win_rate":0.0,"timestamp":1609350506,"path_taken":["M","?","?","M","M","R","M","E","T","M","?","$","?","E","R","BOSS","M","?","?","M","M","R","E","R","T","E","M","R","M","M","R","BOSS"],"items_purchased_type":["Relic","Relic","Card","Card","Card","Card","Relic"],"build_version":"2020-12-22","purchased_purges":2,"victory":false,"max_hp_per_floor":[73,73,73,73,73,73,73,75,75,77,77,77,77,79,79,79,79,79,79,79,79,81,81,83,83,83,83,83,83,85,85,85,85,85],"relic_stats":{"Sozu":4,"Lizard Tail":41,"Singing Bowl":14,"counters":[81,346],"Ornamental Fan":[36],"Blue Candle":[0],"Bag of Preparation":[34],"Orichalcum":[210],"Smiling Mask":50,"MawBank":108,"obtain_stats":[{"Calipers":0,"Gremlin Horn":45,"Vajra":9,"Hammer of Thor":0,"Runic Capacitor":14,"Whetstone":9,"Old Coin":36,"Sozu":17,"Blood Vial":0,"Centennial Puzzle":6,"Lizard Tail":0,"FaceOfCleric":12,"DollysMirror":38,"Strawberry":28,"Toxic Egg 2":26,"betterAltar:BloodRelic":20,"Blue Candle":20,"Oddly Smooth Stone":44,"Question Card":30,"Du-Vu Doll":42,"Bottled Flame":40,"Shuriken":31,"Anvil of the Gods":0,"Bronze Scales":42,"Snecko Eye":34,"Molten Egg 2":26,"Symbiotic Virus":14,"Singing Bowl":0,"Bag of Preparation":0,"Cursed Key":17,"Empty Cage":34,"Smiling Mask":8,"Emotion Chip":26,"Mummified Hand":13,"Cracked Core":0,"Thread and Needle":22,"PreservedInsect":40,"Omamori":38,"Seething Fire":0,"Orichalcum":5,"MawBank":6,"Medical Kit":0,"Mercury Hourglass":12,"DataDisk":8,"Anchor":54,"Ornamental Fan":26,"Art of War":14,"Coffee Dripper":17,"Bottled Lightning":43,"Toy Ornithopter":27},{"Calipers":39,"Gremlin Horn":61,"Vajra":18,"Hammer of Thor":0,"Runic Capacitor":44,"Whetstone":3,"Old Coin":30,"Sozu":22,"Blood Vial":39,"Centennial Puzzle":41,"Lizard Tail":64,"FaceOfCleric":19,"DollysMirror":31,"Strawberry":26,"Toxic Egg 2":12,"betterAltar:BloodRelic":47,"Blue Candle":73,"Oddly Smooth Stone":35,"Question Card":12,"Du-Vu Doll":34,"Bottled Flame":59,"Shuriken":12,"Anvil of the Gods":0,"Bronze Scales":60,"Snecko Eye":29,"Molten Egg 2":26,"Symbiotic Virus":71,"Singing Bowl":64,"Bag of Preparation":0,"Cursed Key":6,"Empty Cage":54,"Smiling Mask":69,"Emotion Chip":49,"Mummified Hand":44,"Cracked Core":0,"Thread and Needle":48,"PreservedInsect":33,"Omamori":31,"Seething Fire":0,"Orichalcum":40,"MawBank":17,"Medical Kit":39,"Mercury Hourglass":4,"DataDisk":42,"Anchor":63,"Ornamental Fan":76,"Art of War":5,"Coffee Dripper":45,"Bottled Lightning":34,"Toy Ornithopter":77},{"Calipers":153,"Gremlin Horn":255,"Vajra":67,"Hammer of Thor":0,"Runic Capacitor":174,"Whetstone":8,"Old Coin":116,"Sozu":80,"Blood Vial":153,"Centennial Puzzle":159,"Lizard Tail":263,"FaceOfCleric":70,"DollysMirror":120,"Strawberry":95,"Toxic Egg 2":46,"betterAltar:BloodRelic":193,"Blue Candle":305,"Oddly Smooth Stone":138,"Question Card":46,"Du-Vu Doll":135,"Bottled Flame":248,"Shuriken":46,"Anvil of the Gods":0,"Bronze Scales":252,"Snecko Eye":113,"Molten Egg 2":95,"Symbiotic Virus":293,"Singing Bowl":263,"Bag of Preparation":0,"Cursed Key":23,"Empty Cage":231,"Smiling Mask":280,"Emotion Chip":205,"Mummified Hand":174,"Cracked Core":0,"Thread and Needle":198,"PreservedInsect":132,"Omamori":120,"Seething Fire":0,"Orichalcum":155,"MawBank":64,"Medical Kit":153,"Mercury Hourglass":10,"DataDisk":168,"Anchor":261,"Ornamental Fan":319,"Art of War":14,"Coffee Dripper":186,"Bottled Lightning":135,"Toy Ornithopter":326}],"Toy Ornithopter":0},"card_choices":[{"not_picked":["Streamline","Consume","Compile Driver"],"picked":"Singing Bowl","floor":1.0},{"not_picked":["Barrage","FTL"],"picked":"Gash","floor":4.0},{"not_picked":["Beam Cell","Static Discharge"],"picked":"Streamline","floor":5.0},{"not_picked":["Sweeping Beam","Barrage"],"picked":"Go for the Eyes","floor":7.0},{"not_picked":["Turbo","Sweeping Beam","Rip and Tear"],"picked":"Singing Bowl","floor":8.0},{"not_picked":["Cold Snap","Leap","Compile Driver"],"picked":"Singing Bowl","floor":10.0},{"not_picked":["Sweeping Beam","Redo","Conserve Battery"],"picked":"Singing Bowl","floor":14.0},{"not_picked":["Biased Cognition","Creative AI"],"picked":"Electrodynamics","floor":16.0},{"not_picked":["Beam Cell+1","Genetic Algorithm"],"picked":"Reinforced Body","floor":18.0},{"not_picked":["Coolheaded","Compile Driver"],"picked":"Beam Cell+1","floor":21.0},{"not_picked":["Hyperbeam","Sweeping Beam","Compile Driver"],"picked":"Singing Bowl","floor":22.0},{"not_picked":["Go for the Eyes","Redo","Sweeping Beam"],"picked":"Singing Bowl","floor":24.0},{"not_picked":["Leap","Barrage"],"picked":"Hologram","floor":27},{"not_picked":["Rip and Tear","Stack"],"picked":"Conserve Battery+1","floor":28},{"not_picked":["Auto Shields","Chill","Stack"],"picked":"Singing Bowl","floor":30},{"not_picked":["Heatsinks","Hello World"],"picked":"Scrape","floor":31}],"player_experience":804490,"relics_obtained":[{"floor":8.0,"key":"Smiling Mask"},{"floor":14.0,"key":"Symbiotic Virus"},{"floor":20.0,"key":"Blue Candle"},{"floor":24.0,"key":"MawBank"},{"floor":26.0,"key":"Ornamental Fan"},{"floor":27,"key":"Toy Ornithopter"}],"event_choices":[{"cards_removed":["Strike_B"],"damage_healed":0.0,"max_hp_gain":0.0,"max_hp_loss":0.0,"gold_gain":0.0,"event_name":"The Cleric","player_choice":"Card Removal","floor":2.0,"gold_loss":75.0,"damage_taken":0.0},{"damage_healed":0.0,"max_hp_gain":1.0,"max_hp_loss":0.0,"gold_gain":0.0,"event_name":"betterThird:BetterGoop","player_choice":"Left","floor":3.0,"gold_loss":0.0,"damage_taken":0.0},{"damage_healed":0.0,"max_hp_gain":0.0,"max_hp_loss":0.0,"gold_gain":150.0,"event_name":"betterThird:BetterSerpent","player_choice":"AGREE","floor":11.0,"gold_loss":0.0,"damage_taken":124.0},{"damage_healed":27.0,"max_hp_gain":0.0,"max_hp_loss":77.0,"gold_gain":0.0,"event_name":"betterThird:BetterShining","player_choice":"Leave","floor":13.0,"gold_loss":0.0,"damage_taken":0.0},{"damage_healed":0.0,"max_hp_gain":0.0,"max_hp_loss":6.0,"gold_gain":0.0,"event_name":"betterThird:BetterWriting","player_choice":"Simplicity","floor":19.0,"gold_loss":0.0,"damage_taken":0.0}],"is_beta":false,"boss_relics":[{"not_picked":["Tiny House","Empty Cage"],"picked":"Sozu"}],"items_purged_floors":[0,12],"is_endless":false,"potions_floor_spawned":[1,4,7,22,27,30,31],"killed_by":"Automaton","ascension_level":17}}