{"host":"q9szs7qndgdlcq24","time":1609287274,"event":{"mods":["AchievementEnabler","BaseMod","Bestiary","Colored Powertips","Minty Spire (QoL Compilation)","StSLib"],"gold_per_floor":[113,130,130,130,205,230,230,244,267,281,294,294,128,144,144,244,244,260,260,260,260],"floor_reached":20,"playtime":951,"items_purged":["Strike_G"],"score":199,"play_id":"e3dc79a2-e336-4c4d-bf72-2b18a8e76415","local_time":"20201230031434","is_ascension_mode":false,"campfire_choices":[{"data":"Backstab","floor":7,"key":"SMITH"},{"floor":15,"key":"REST"}],"circlet_count":0,"master_deck":["Strike_G+1","Strike_G+1","Strike_G+1","Strike_G","Defend_G","Defend_G","Defend_G","Defend_G","Defend_G","Survivor","Neutralize","Backstab+1","Dagger Throw+1","Flechettes","Noxious Fumes","Footwork","Infinite Blades","Noxious Fumes","Quick Slash","Infinite Blades","Burst","Noxious Fumes"],"relics":["Ring of the Snake","NeowsBlessing","Whetstone","MealTicket","Juzu Bracelet"],"acts_visited":["Exordium","TheCity"],"potions_floor_usage":[16,16,16,16,16,16],"damage_taken":[{"damage":0,"enemies":"Jaw Worm","floor":1,"turns":1},{"damage":0,"enemies":"Small Slimes","floor":2,"turns":1},{"damage":0,"enemies":"Gremlin Nob","floor":6,"turns":1},{"damage":0,"enemies":"2 Louse","floor":8,"turns":1},{"damage":4,"enemies":"Large Slime","floor":10,"turns":3},{"damage":0,"enemies":"Looter","floor":11,"turns":2},{"damage":22,"enemies":"Gremlin Gang","floor":14,"turns":4},{"damage":37,"enemies":"The Guardian","floor":16,"turns":12},{"damage":39,"enemies":"Shell Parasite","floor":18,"turns":5},{"damage":35,"enemies":"3 Byrds","floor":20,"turns":2}],"seed_played":"2034977256306695827","potions_obtained":[{"floor":1,"key":"SneckoOil"},{"floor":11,"key":"EntropicBrew"},{"floor":14,"key":"Fire Potion"},{"floor":16,"key":"SpeedPotion"}],"is_trial":false,"path_per_floor":["M","M","?","?","?","E","R","M","T","M","M","?","$","M","R","B",null,"M","?","M"],"character_chosen":"THE_SILENT","items_purchased":["Noxious Fumes","Quick Slash"],"campfire_rested":1,"item_purchase_floors":[13,13],"current_hp_per_floor":[70,70,56,70,59,59,59,59,59,55,55,30,45,23,44,7,70,31,31,0,0],"gold":260,"neow_bonus":"THREE_ENEMY_KILL","is_daily":false,"chose_seed":false,"campfire_upgraded":1,"win_rate":0.0,"timestamp":1609287274,"path_taken":["M","M","?","?","?","E","R","M","T","M","M","?","$","M","R","BOSS","M","?","M"],"items_purchased_type":["Card","Card"],"build_version":"2020-12-22","purchased_purges":1,"victory":false,"max_hp_per_floor":[70,70,70,70,70,70,70,70,70,70,70,70,70,70,70,70,70,70,70,70,70],"card_choices":[{"not_picked":["Underhanded Strike","Expertise"],"picked":"Backstab","floor":1},{"not_picked":["Acrobatics","Deflect"],"picked":"Dagger Throw","floor":2},{"not_picked":["Calculated Gamble","Distraction"],"picked":"Flechettes","floor":6},{"not_picked":["Deadly Poison","Deflect"],"picked":"Noxious Fumes","floor":8},{"not_picked":["Escape Plan","Quick Slash"],"picked":"Footwork","floor":10},{"not_picked":["Doppelganger","Dagger Spray"],"picked":"Infinite Blades","floor":11},{"not_picked":["Masterful Stab","Underhanded Strike"],"picked":"Infinite Blades","floor":14},{"not_picked":["Night Terror","Phantasmal Killer"],"picked":"Burst","floor":16},{"not_picked":["Slice","Dash+1"],"picked":"Noxious Fumes","floor":18}],"player_experience":8048,"relics_obtained":[{"floor":6,"key":"Whetstone"},{"floor":9,"key":"MealTicket"}],"event_choices":[{"damage_healed":0,"gold_gain":0,"player_choice":"Entered Light","damage_taken":14,"max_hp_gain":0,"max_hp_loss":0,"event_name":"Shining Light","floor":3,"gold_loss":0,"cards_upgraded":["Dagger Throw","Strike_G"]},{"damage_healed":23,"gold_gain":0,"player_choice":"Banana","damage_taken":0,"max_hp_gain":0,"max_hp_loss":0,"event_name":"Big Fish","floor":4,"gold_loss":0},{"damage_healed":0,"gold_gain":75,"player_choice":"Gather Gold","damage_taken":11,"max_hp_gain":0,"max_hp_loss":0,"event_name":"World of Goop","floor":5,"gold_loss":0},{"damage_healed":0,"gold_gain":0,"player_choice":"Success","damage_taken":25,"relics_obtained":["Juzu Bracelet"],"max_hp_gain":0,"max_hp_loss":0,"event_name":"Scrap Ooze","floor":12,"gold_loss":0},{"damage_healed":0,"gold_gain":0,"player_choice":"Ignored","damage_taken":0,"max_hp_gain":0,"max_hp_loss":0,"event_name":"NoteForYourself","floor":19,"gold_loss":0}],"is_beta":false,"boss_relics":[{"not_picked":["Cursed Key","Velvet Choker","Ectoplasm"]}],"items_purged_floors":[13],"is_endless":false,"potions_floor_spawned":[1,11,14,16],"killed_by":"3 Byrds","ascension_level":0}}