{"host":"12lnwhc48gjtaggg","time":1609341183,"event":{"mods":["Aspiration","BaseMod","BetterRewards","Gold Saver","GungeonMod","Infinite Spire","Minty Spire (QoL Compilation)","Remove Card Discount Mod","Shop Mod","StSLib","Trackpad","[IsaacMod]????"],"gold_per_floor":[397,416,430,46,63,95,60,60,60,60,79,79,93,106,106,204,204,221,232,232,232,232,232,232,232,232,232,248,268,268,268,268,365,365,377,377,377,390,390,390,401,401,425,441,441,441,499,499,499,499],"floor_reached":51,"playtime":1713,"items_purged":["DemoMod:Strike_Huntress","DemoMod:Strike_Huntress","DemoMod:Strike_Huntress","DemoMod:SniperShot","DemoMod:ManualReload","Bite","Bite","Bandage Up","DemoMod:Elimentaler","Bite","DemoMod:Defend_Huntress","DemoMod:Defend_Huntress"],"score":850,"play_id":"d4079b3d-0d49-4b16-b45a-a0f1e4985c6d","local_time":"20201230151303","is_ascension_mode":false,"campfire_choices":[{"floor":8.0,"key":"REST"},{"floor":10.0,"key":"REST"},{"data":"DemoMod:ShadowBullets","floor":15.0,"key":"SMITH"},{"data":"DemoMod:PotionOfGunFriendShip","floor":23,"key":"SMITH"},{"data":"DemoMod:ChanceBullets","floor":27,"key":"SMITH"},{"data":"DemoMod:DirectionalPad","floor":30,"key":"SMITH"},{"data":"DemoMod:BSG","floor":32,"key":"SMITH"},{"data":"DemoMod:GunShield","floor":40,"key":"SMITH"},{"data":"DemoMod:MegaHand","floor":45,"key":"SMITH"},{"data":"DemoMod:RustySidearm","floor":49,"key":"SMITH"}],"circlet_count":0,"master_deck":["DemoMod:Defend_Huntress","DemoMod:Defend_Huntress","DemoMod:Roll","DemoMod:RustySidearm+1","DemoMod:CrossBow","DemoMod:AWP","DemoMod:StickyCrossBow","DemoMod:DirectionalPad+1","DemoMod:PotionOfGunFriendShip+1","DemoMod:Polaris","DemoMod:ChanceBullets+1","DemoMod:MegaHand+1","DemoMod:ShadowBullets+1","DemoMod:GunShield+1","DemoMod:BSG+1","Bite","Bite","DemoMod:DoubleSwitch+1","Cleave"],"relics":["DemoMod:Dog","HushsDoor","Chaos","infinitespire:BottledMercury","infinitespire:WardingShard","Gremlin Horn","SteamSale","SteamSale","ForgetMeNow","Calipers","DemoMod:GreenGuonStone","Incubus","DemoMod:GlassGuonStoneRelic","Ice Cream","Ginger","Turnip","PrismaticShard","aspiration:HatOfInfinitePower","Incense Burner","Busted Crown","CaptainsWheel","DemoMod:Ammonomicon","DemoMod:MeatBun","trackpad:BottledShadow","Bag of Preparation","Ornamental Fan","Anchor","HowToJump"],"acts_visited":["Exordium","TheCity","TheBeyond"],"potions_floor_usage":[33,33],"damage_taken":[{"damage":6.0,"enemies":"Cultist","floor":1.0,"turns":3.0},{"damage":0.0,"enemies":"2 Louse","floor":2.0,"turns":3.0},{"damage":10.0,"enemies":"Jaw Worm","floor":3.0,"turns":2.0},{"damage":0.0,"enemies":"Exordium Wildlife","floor":5.0,"turns":3.0},{"damage":33.0,"enemies":"Gremlin Nob","floor":6.0,"turns":5.0},{"damage":5.0,"enemies":"3 Louse","floor":11.0,"turns":3.0},{"damage":6.0,"enemies":"Looter","floor":13.0,"turns":2.0},{"damage":0.0,"enemies":"Exordium Thugs","floor":14.0,"turns":5.0},{"damage":23.0,"enemies":"Hexaghost","floor":16.0,"turns":8.0},{"damage":34.0,"enemies":"3 Byrds","floor":18.0,"turns":6.0},{"damage":7,"enemies":"2 Thieves","floor":19,"turns":4},{"damage":0,"enemies":"3 Cultists","floor":28,"turns":4},{"damage":0,"enemies":"Centurion and Healer","floor":29,"turns":3},{"damage":0,"enemies":"Champ","floor":33,"turns":6},{"damage":0,"enemies":"3 Darklings","floor":35,"turns":2},{"damage":0,"enemies":"Orb Walker","floor":38,"turns":1},{"damage":0,"enemies":"Jaw Worm Horde","floor":41,"turns":3},{"damage":0,"enemies":"4 Shapes","floor":44,"turns":1},{"damage":0,"enemies":"Nemesis","floor":47,"turns":3},{"damage":0,"enemies":"Awakened One","floor":50,"turns":4}],"seed_played":"-3695405996685235641","potions_obtained":[{"floor":5.0,"key":"ColorlessPotion"},{"floor":6.0,"key":"LiquidMemories"},{"floor":18.0,"key":"Block Potion"},{"floor":29,"key":"DistilledChaos"},{"floor":33,"key":"Block Potion"},{"floor":41,"key":"Weak Potion"}],"is_trial":false,"path_per_floor":["M","M","M","$","M","E","$","R","T","R","M","$","M","M","R","B",null,"M","M","$","?","?","R","$","?","T","R","M","M","R","?","R","B",null,"M","?","$","M","AVR","R","M","$","T","M","R","$","E","?","R","B",null],"character_chosen":"HUNTRESS","items_purchased":["infinitespire:BottledMercury","DemoMod:SniperShot","Gremlin Horn","Bandage Up","AttackPotion","DemoMod:Polaris","ForgetMeNow","Calipers","DemoMod:GreenGuonStone","DemoMod:ChanceBullets","Ice Cream","Ginger","Turnip","DemoMod:BSG","LiquidMemories","Dexterity Potion","aspiration:HatOfInfinitePower","Incense Burner","Busted Crown","trackpad:BottledShadow","Bag of Preparation"],"campfire_rested":2,"item_purchase_floors":[0,0,4,4,4,7,12,12,12,12,20,20,20,20,20,20,24,24,24,37,37],"current_hp_per_floor":[50,50,40,40,44,15,15,36,36,57,56,56,50,54,54,35,70,52,49,49,49,41,41,41,46,46,46,49,49,49,49,49,49,49,49,47,47,47,47,47,47,47,47,47,47,47,47,47,47,47],"gold":499,"neow_bonus":"","is_daily":false,"chose_seed":false,"campfire_upgraded":8,"win_rate":0.0,"timestamp":1609341183,"path_taken":["M","M","?","$","M","E","$","R","T","R","M","$","M","?","R","BOSS","M","M","$","?","?","R","$","?","T","R","M","M","R","?","R","BOSS","M","?","$","M","AVR","R","M","$","T","?","R","?","E","?","R","BOSS"],"items_purchased_type":["Relic","Card","Relic","Card","Potion","Card","Relic","Relic","Relic","Card","Relic","Relic","Relic","Card","Potion","Potion","Relic","Relic","Relic","Relic","Relic"],"build_version":"2020-12-22","purchased_purges":12,"victory":true,"max_hp_per_floor":[70,70,70,70,70,70,70,70,70,70,70,70,70,70,70,70,70,70,70,70,49,49,49,49,49,49,49,49,49,49,49,49,49,49,49,47,47,47,47,47,47,47,47,47,47,47,47,47,47,47],"card_choices":[{"not_picked":["DemoMod:PotionOfGunFriendShip","DemoMod:EasyReloadBullets"],"picked":"DemoMod:AWP","floor":1.0},{"not_picked":["DemoMod:ConditionalReflex","DemoMod:FeignSurrender","DemoMod:GunstockTap"],"picked":"SKIP","floor":2.0},{"not_picked":["DemoMod:Purify","DemoMod:Ejector"],"picked":"DemoMod:StickyCrossBow","floor":3.0},{"not_picked":["DemoMod:BoxingGlove","DemoMod:CursedBullets"],"picked":"DemoMod:DirectionalPad","floor":5.0},{"not_picked":["DemoMod:BoxingGlove","DemoMod:GunstockTap"],"picked":"DemoMod:PotionOfGunFriendShip","floor":6.0},{"not_picked":["DemoMod:Unmoved","DemoMod:TeaPot","DemoMod:HardPowerCard"],"picked":"SKIP","floor":11.0},{"not_picked":["DemoMod:HardPowerCard","DemoMod:FastSwitch","DemoMod:ConditionalReflex"],"picked":"SKIP","floor":13.0},{"not_picked":["DemoMod:ChanceBullets","DemoMod:FeignSurrender"],"picked":"DemoMod:MegaHand","floor":14.0},{"not_picked":["DemoMod:StickyCrossBow","DemoMod:Slinger"],"picked":"DemoMod:ShadowBullets","floor":14.0},{"not_picked":["DemoMod:BlankBullets","DemoMod:FightSabre"],"picked":"DemoMod:Elimentaler","floor":16.0},{"not_picked":["DemoMod:FastSwitch","DemoMod:MegaHand+1","DemoMod:StickyCrossBow"],"picked":"SKIP","floor":18.0},{"not_picked":["DemoMod:Unmoved","DemoMod:FastSwitch"],"picked":"DemoMod:GunShield","floor":19},{"not_picked":["DemoMod:DirectionalPad","DemoMod:BattleInHaste"],"picked":"DemoMod:DoubleSwitch+1","floor":22},{"not_picked":["Backflip"],"picked":"SKIP","floor":28},{"not_picked":[],"picked":"Cleave","floor":29},{"not_picked":["Streamline+1"],"picked":"SKIP","floor":35},{"not_picked":["Bouncing Flask+1"],"picked":"SKIP","floor":38},{"not_picked":["Dark Shackles+1"],"picked":"SKIP","floor":41},{"not_picked":["All Out Attack+1"],"picked":"SKIP","floor":44},{"not_picked":["Deadly Poison"],"picked":"SKIP","floor":47}],"player_experience":343127,"relics_obtained":[{"floor":6.0,"key":"SteamSale"},{"floor":9.0,"key":"Diplopia"},{"floor":22,"key":"PrismaticShard"},{"floor":26,"key":"CaptainsWheel"},{"floor":43,"key":"Anchor"},{"floor":47,"key":"HowToJump"}],"event_choices":[{"damage_healed":0,"gold_gain":0,"player_choice":"Became a vampire","damage_taken":0,"max_hp_gain":0,"max_hp_loss":21,"event_name":"Vampires","floor":21,"gold_loss":0,"cards_obtained":["Bite","Bite","Bite","Bite","Bite"]},{"damage_healed":0,"gold_gain":0,"player_choice":"Max HP","damage_taken":0,"max_hp_gain":0,"max_hp_loss":2,"event_name":"Winding Halls","floor":36,"gold_loss":0},{"damage_healed":0,"gold_gain":0,"player_choice":"Ignored","damage_taken":0,"max_hp_gain":0,"max_hp_loss":0,"event_name":"Mysterious Sphere","floor":48,"gold_loss":0}],"is_beta":false,"boss_relics":[{"not_picked":["aspiration:ChemicalBlood","Pen Nib"],"picked":"Incubus"},{"not_picked":[]},{"not_picked":["HandDrill","trackpad:ZombieHeart"],"picked":"DemoMod:MeatBun"},{"not_picked":[]}],"items_purged_floors":[20,20,20,24,24,24,24,37,37,37,42,42],"is_endless":false,"potions_floor_spawned":[5,6,11,13,18,29,33,41,47],"ascension_level":0}}