{"host":"ixqzyafodex1tsi5","time":1609308366,"event":{"mods":["AchievementEnabler","Act Like it!","BaseMod","Downfall","Gensokyo","GifTheSpireLib","Lobotomy","LobotomyExtend","Minty Spire (QoL Compilation)","Relic Stats","Replay The Spire","RumiaBox-露米娅的神秘盒子","Spicy Shops","StSLib","【功能Mod】混沌之环修复补丁"],"gold_per_floor":[117,134,152,162,172,172,152,152,177,177,177,177],"floor_reached":11,"playtime":271,"items_purged":[],"score":68,"play_id":"b80cb253-8e5a-4caf-9180-bb94217a04f0","local_time":"20201230140606","is_ascension_mode":true,"campfire_choices":[],"circlet_count":0,"master_deck":["SpecialBullet","SpecialBullet","SpecialBullet","SpecialBullet","SpecialBullet","SpecialBullet","SpecialBullet","SpecialBullet","ExtractionCode","SecurityCode","InformationCode","RedShoes"],"relics":["CogitoBucket","RabbitCall","LetterFromLob","Blood Vial"],"acts_visited":["Exordium"],"potions_floor_usage":[],"damage_taken":[{"damage":6,"enemies":"Cultist","floor":1,"turns":3},{"damage":10,"enemies":"Small Slimes","floor":2,"turns":2},{"damage":5,"enemies":"2 Louse","floor":3,"turns":2},{"damage":10,"enemies":"Looter","floor":4,"turns":2},{"damage":44,"enemies":"Gremlin Gang","floor":5,"turns":4},{"damage":39,"enemies":"3 Sentries","floor":11,"turns":4}],"seed_played":"-6567201958514813920","potions_obtained":[{"floor":7,"key":"Elixir"}],"is_trial":false,"path_per_floor":["M","M","M","M","M","R","?","R","T","$","E"],"character_chosen":"Angela","items_purchased":[],"campfire_rested":0,"item_purchase_floors":[],"current_hp_per_floor":[70,68,70,68,32,32,32,32,32,32,0,0],"gold":177,"neow_bonus":"THREE_CARDS","is_daily":false,"chose_seed":false,"campfire_upgraded":0,"win_rate":0.0,"timestamp":1609308366,"path_taken":["M","M","?","M","M","R","?","R","T","$","E"],"items_purchased_type":[],"build_version":"2020-12-22","purchased_purges":0,"victory":false,"max_hp_per_floor":[70,70,70,70,70,70,70,70,70,70,70,70],"relic_stats":{"Blood Vial":2,"counters":[6,17],"obtain_stats":[{"Blood Vial":9,"RabbitCall":0,"CogitoBucket":0,"LetterFromLob":1},{"Blood Vial":5,"RabbitCall":0,"CogitoBucket":0,"LetterFromLob":1},{"Blood Vial":13,"RabbitCall":0,"CogitoBucket":0,"LetterFromLob":3}]},"card_choices":[{"not_picked":["Wingbeat","Regret_ego"],"picked":"SKIP","floor":1},{"not_picked":["SomewhereSpear","Pleasure"],"picked":"SKIP","floor":1},{"not_picked":["Galaxy","Regret_ego"],"picked":"SKIP","floor":2},{"not_picked":["Noise","Loneliness"],"picked":"SKIP","floor":3},{"not_picked":["RapturousDream","Logging","Lantern"],"picked":"SKIP","floor":4},{"not_picked":["MHz","Yin"],"picked":"RedShoes","floor":5},{"not_picked":["Diffraction","Lantern","Tough"],"picked":"SKIP","floor":5}],"player_experience":149726,"relics_obtained":[{"floor":1,"key":"LetterFromLob"},{"floor":9,"key":"Blood Vial"}],"event_choices":[{"damage_healed":0,"gold_gain":0,"player_choice":"Bought 1 Potion","damage_taken":0,"max_hp_gain":0,"max_hp_loss":0,"event_name":"The Woman in Blue","floor":7,"gold_loss":0}],"is_beta":false,"boss_relics":[],"items_purged_floors":[],"is_endless":false,"potions_floor_spawned":[],"killed_by":"3 Sentries","ascension_level":1}}