{"host":"nzm1i0l8mrsm8hd2","time":1609339527,"event":{"mods":["Act Like it!","Aspiration","BaseMod","Conspire","Gensokyo","Minty Spire (QoL Compilation)","Pale of the Ancients","Quick Restart","RumiaBox-露米娅的神秘盒子","Spicy Shops","StSLib","The Alterego"],"gold_per_floor":[114,23,23,23,35,35,35],"floor_reached":6,"playtime":332,"items_purged":[],"score":68,"play_id":"ba48a712-ed8a-42b8-9004-1d8c15573c73","local_time":"20201230224527","daily_mods":["Heirloom","DeadlyEvents","Elite Swarm"],"is_ascension_mode":true,"campfire_choices":[],"circlet_count":0,"master_deck":["AscendersBane","alterego_mod:Strike","alterego_mod:Strike","alterego_mod:Strike","alterego_mod:Strike","alterego_mod:Defend","alterego_mod:Defend","alterego_mod:Defend","alterego_mod:Defend","alterego_mod:Impale","alterego_mod:BigMeatyClaws","alterego_mod:BrynhildrsRune","alterego_mod:BrynhildrRomantia","alterego_mod:Cooking","Gensokyo:Shovel","alterego_mod:BreastValley"],"relics":["alterego_mod:MasochisticConstitution","conspire:GiftBox","Baka","Mango","Turnip","Turnip","PreservedInsect"],"acts_visited":["Exordium"],"potions_floor_usage":[6],"damage_taken":[{"damage":10,"enemies":"Gensokyo:Python","floor":1,"turns":3},{"damage":74,"enemies":"Gensokyo:3_Fairies","floor":5,"turns":11},{"damage":32,"enemies":"Gensokyo:Cirno","floor":6,"turns":4}],"seed_played":"3423212488948964899","potions_obtained":[{"floor":5,"key":"Explosive Potion"}],"is_trial":true,"path_per_floor":["M","COS","?","?","M","E"],"character_chosen":"The_Alterego","items_purchased":[],"campfire_rested":0,"item_purchase_floors":[],"current_hp_per_floor":[60,60,56,42,29,0,0],"gold":35,"neow_bonus":"","is_daily":false,"chose_seed":false,"campfire_upgraded":0,"win_rate":0.0,"timestamp":1609339527,"path_taken":["M","COS","?","?","M","E"],"items_purchased_type":[],"build_version":"2020-12-22","purchased_purges":0,"victory":false,"max_hp_per_floor":[69,69,69,83,84,84,84],"card_choices":[{"not_picked":["alterego_mod:Alter","alterego_mod:InsideBaseball"],"picked":"alterego_mod:BrynhildrRomantia","floor":0},{"not_picked":["alterego_mod:TrashNCrash","alterego_mod:PresenceConcealment"],"picked":"alterego_mod:Cooking","floor":1},{"not_picked":["alterego_mod:HighServant","alterego_mod:BeGentle"],"picked":"alterego_mod:BreastValley","floor":5}],"player_experience":562534,"relics_obtained":[{"floor":1,"key":"Baka"},{"floor":5,"key":"Turnip"},{"floor":5,"key":"Turnip"}],"event_choices":[{"damage_healed":0,"gold_gain":0,"player_choice":"Leave","damage_taken":0,"max_hp_gain":0,"max_hp_loss":0,"event_name":"conspire:Investor","floor":3,"gold_loss":0}],"is_beta":false,"boss_relics":[],"items_purged_floors":[],"is_endless":false,"potions_floor_spawned":[5],"killed_by":"Gensokyo:Cirno","ascension_level":20}}