{"host":"yer03dsd277nstsn","time":1609313795,"event":{"mods":["BaseMod","Colored Powertips","Minty Spire (QoL Compilation)"],"gold_per_floor":[110,110,123,133,13,13,27,27,27,62,75,89,124,137,137,240,240,256,256,268,268,285,285,285,285],"floor_reached":24,"playtime":1128,"items_purged":["Strike_B"],"score":273,"play_id":"ef2f24f1-8a42-4f75-8a05-bd7729b68ec0","local_time":"20201230013635","is_ascension_mode":true,"campfire_choices":[{"data":"Hologram","floor":6,"key":"SMITH"},{"data":"Dualcast","floor":8,"key":"SMITH"},{"floor":15,"key":"REST"},{"floor":23,"key":"REST"}],"circlet_count":0,"master_deck":["Strike_B","Strike_B","Defend_B","Defend_B","Defend_B","Defend_B","Zap+1","Dualcast+1","Cold Snap","Rebound","Hologram+1","Glacier","Ball Lightning","Streamline","Echo Form","Core Surge","RitualDagger","Ball Lightning+1","Conserve Battery"],"relics":["Cracked Core","Pantograph","Turnip","Blood Vial","Inserter"],"acts_visited":["Exordium","TheCity"],"potions_floor_usage":[16,24,24,24],"damage_taken":[{"damage":14,"enemies":"2 Louse","floor":1,"turns":3},{"damage":0,"enemies":"Cultist","floor":3,"turns":3},{"damage":5,"enemies":"Small Slimes","floor":4,"turns":3},{"damage":26,"enemies":"Gremlin Gang","floor":7,"turns":6},{"damage":4,"enemies":"Gremlin Nob","floor":10,"turns":5},{"damage":0,"enemies":"Looter","floor":11,"turns":3},{"damage":1,"enemies":"Exordium Thugs","floor":12,"turns":3},{"damage":7,"enemies":"3 Sentries","floor":13,"turns":6},{"damage":0,"enemies":"Large Slime","floor":14,"turns":3},{"damage":36,"enemies":"Slime Boss","floor":16,"turns":7},{"damage":9,"enemies":"Spheric Guardian","floor":18,"turns":3},{"damage":34,"enemies":"Shell Parasite","floor":20,"turns":8},{"damage":26,"enemies":"Snake Plant","floor":22,"turns":4},{"damage":31,"enemies":"Book of Stabbing","floor":24,"turns":4}],"seed_played":"-3410672547767627346","potions_obtained":[{"floor":3,"key":"Dexterity Potion"},{"floor":4,"key":"DistilledChaos"},{"floor":10,"key":"AttackPotion"},{"floor":22,"key":"FocusPotion"}],"is_trial":false,"path_per_floor":["M","?","M","M","$","R","M","R","T","E","M","M","E","M","R","B",null,"M","?","M","?","M","R","E"],"character_chosen":"DEFECT","items_purchased":["Hologram"],"campfire_rested":2,"item_purchase_floors":[5],"current_hp_per_floor":[61,61,61,56,56,56,30,30,30,26,26,25,18,20,44,35,70,63,57,25,25,1,25,0,0],"gold":285,"neow_bonus":"TEN_PERCENT_HP_BONUS","is_daily":false,"chose_seed":false,"campfire_upgraded":2,"win_rate":0.0,"timestamp":1609313795,"path_taken":["M","?","M","M","?","R","M","R","T","E","M","M","E","?","R","BOSS","M","?","M","?","M","R","E"],"items_purchased_type":["Card"],"build_version":"2020-12-22","purchased_purges":1,"victory":false,"max_hp_per_floor":[82,82,82,82,82,82,82,82,82,82,82,82,82,82,82,82,82,82,82,82,82,82,82,82,82],"card_choices":[{"not_picked":["Loop","White Noise"],"picked":"Cold Snap","floor":1},{"not_picked":["Turbo","BootSequence"],"picked":"Rebound","floor":3},{"not_picked":["Redo","Beam Cell","FTL"],"picked":"SKIP","floor":4},{"not_picked":["Aggregate","Skim"],"picked":"Glacier","floor":7},{"not_picked":["Rip and Tear","Hologram","Scrape"],"picked":"SKIP","floor":10},{"not_picked":["Blizzard","Rebound"],"picked":"Ball Lightning","floor":11},{"not_picked":["Hello World","Aggregate"],"picked":"Streamline","floor":12},{"not_picked":["Sweeping Beam","Buffer"],"picked":"Echo Form","floor":13},{"not_picked":["Go for the Eyes","Streamline","Reinforced Body"],"picked":"SKIP","floor":14},{"not_picked":["Rainbow","Meteor Strike"],"picked":"Core Surge","floor":16},{"not_picked":["Darkness","Hologram+1","Cold Snap"],"picked":"SKIP","floor":18},{"not_picked":["Doom and Gloom","Go for the Eyes"],"picked":"Ball Lightning+1","floor":20},{"not_picked":["Leap","Turbo"],"picked":"Conserve Battery","floor":22}],"player_experience":396777,"relics_obtained":[{"floor":9,"key":"Pantograph"},{"floor":10,"key":"Turnip"},{"floor":13,"key":"Blood Vial"}],"event_choices":[{"damage_healed":0,"gold_gain":0,"player_choice":"Forge","damage_taken":0,"max_hp_gain":0,"max_hp_loss":0,"event_name":"Accursed Blacksmith","floor":2,"gold_loss":0,"cards_upgraded":["Zap"]},{"damage_healed":0,"gold_gain":0,"player_choice":"Joined the Cult","damage_taken":6,"max_hp_gain":0,"max_hp_loss":0,"event_name":"Nest","floor":19,"gold_loss":0,"cards_obtained":["RitualDagger"]},{"cards_removed":["Strike_B"],"damage_healed":0,"gold_gain":0,"player_choice":"Purged","damage_taken":0,"max_hp_gain":0,"max_hp_loss":0,"event_name":"Purifier","floor":21,"gold_loss":0}],"is_beta":false,"boss_relics":[{"not_picked":["Cursed Key","SlaversCollar"],"picked":"Inserter"}],"items_purged_floors":[5],"is_endless":false,"potions_floor_spawned":[3,4,10,11,22],"killed_by":"Book of Stabbing","ascension_level":6}}