{"host":"adv1uqz3812gqgbw","time":1609357727,"event":{"mods":["BaseMod","Better Note","Colored Powertips","Custom Start","GifTheSpireLib","Hermit","Minty Spire (QoL Compilation)","StSLib","The Runesmith","Uncapped"],"gold_per_floor":[110,60,60,76,95,122,137,155,229,229,243,9,9,9,9,104,104,115,115,144,49,49,49,60,77,77,88,13,29,29,42,42,138,138,150,166,178,30,49,49,49],"floor_reached":40,"playtime":2177,"items_purged":["Decay"],"score":392,"play_id":"027acc9f-b6d6-4bdf-934c-dbcd96e2c95e","local_time":"20201230174847","is_ascension_mode":false,"campfire_choices":[{"data":"Twin Strike","floor":10,"key":"SMITH"},{"data":"Clash","floor":15,"key":"SMITH"},{"data":"Iron Wave","floor":23,"key":"SMITH"},{"floor":32,"key":"REST"}],"circlet_count":0,"master_deck":["Strike_R","Strike_R","Strike_R","Strike_R","Defend_R","Defend_R","Defend_R","Defend_R","Bash+1","Clash+1","Anger","Twin Strike+1","Iron Wave+1","Finesse","Double Energy+1","Pommel Strike+1"],"relics":["Burning Blood","Toy Ornithopter","Sundial","Orichalcum","Ornamental Fan","Runic Pyramid","Red Mask","Self Forming Clay","SacredBark","Lantern"],"acts_visited":["Exordium","TheCity","TheBeyond"],"potions_floor_usage":[11,16,16,18,24,33,37],"damage_taken":[{"damage":11,"enemies":"Jaw Worm","floor":1,"turns":3},{"damage":12,"enemies":"Small Slimes","floor":4,"turns":3},{"damage":1,"enemies":"Cultist","floor":5,"turns":3},{"damage":20,"enemies":"Gremlin Nob","floor":6,"turns":4},{"damage":5,"enemies":"3 Louse","floor":7,"turns":3},{"damage":0,"enemies":"Exordium Wildlife","floor":8,"turns":3},{"damage":0,"enemies":"Large Slime","floor":11,"turns":4},{"damage":12,"enemies":"Slime Boss","floor":16,"turns":7},{"damage":17,"enemies":"2 Thieves","floor":18,"turns":4},{"damage":27,"enemies":"Masked Bandits","floor":20,"turns":5},{"damage":7,"enemies":"Spheric Guardian","floor":24,"turns":4},{"damage":26,"enemies":"Centurion and Healer","floor":25,"turns":6},{"damage":1,"enemies":"Shelled Parasite and Fungi","floor":27,"turns":4},{"damage":9,"enemies":"Sentry and Sphere","floor":29,"turns":5},{"damage":0,"enemies":"Snecko","floor":31,"turns":3},{"damage":69,"enemies":"Automaton","floor":33,"turns":8},{"damage":44,"enemies":"3 Darklings","floor":35,"turns":7},{"damage":32,"enemies":"3 Shapes","floor":36,"turns":5},{"damage":34,"enemies":"Maw","floor":37,"turns":9},{"damage":42,"enemies":"4 Shapes","floor":39,"turns":4},{"damage":30,"enemies":"Reptomancer","floor":40,"turns":2}],"seed_played":"-1202901158830192141","potions_obtained":[{"floor":6,"key":"Strength Potion"},{"floor":8,"key":"ColorlessPotion"},{"floor":11,"key":"Fruit Juice"},{"floor":16,"key":"AttackPotion"},{"floor":24,"key":"Fruit Juice"},{"floor":27,"key":"LiquidBronze"},{"floor":33,"key":"BlessingOfTheForge"},{"floor":35,"key":"ColorlessPotion"}],"is_trial":false,"path_per_floor":["M","?","?","M","M","E","M","M","T","R","M","$","T","$","R","B",null,"M","?","?","$","?","R","M","M","T","M","$","M","$","M","R","B",null,"M","M","M","$","M","E"],"character_chosen":"IRONCLAD","items_purchased":["Finesse","Orichalcum","FairyPotion","Lantern"],"campfire_rested":1,"item_purchase_floors":[12,12,21,38],"current_hp_per_floor":[75,75,75,69,74,60,61,67,67,67,83,83,83,83,83,85,85,79,79,58,58,58,58,67,47,47,52,52,49,49,55,82,24,90,52,26,60,60,24,0,0],"gold":49,"neow_bonus":"TRANSFORM_CARD","is_daily":false,"chose_seed":false,"campfire_upgraded":3,"win_rate":0.0,"timestamp":1609357727,"path_taken":["M","?","?","?","M","E","M","M","T","R","M","$","?","$","R","BOSS","M","?","?","$","?","R","M","M","T","M","?","?","$","M","R","BOSS","M","?","M","$","M","E"],"items_purchased_type":["Card","Relic","Potion","Relic"],"build_version":"2020-12-22","purchased_purges":1,"victory":false,"max_hp_per_floor":[80,80,80,80,80,80,80,80,80,80,85,85,85,85,85,85,85,85,85,85,85,85,85,90,90,90,90,90,90,90,90,90,90,90,90,90,90,90,90,90,90],"card_choices":[{"not_picked":["Havoc","Shrug It Off"],"picked":"Clash","floor":1},{"not_picked":["Second Wind","Headbutt","Perfected Strike"],"picked":"SKIP","floor":4},{"not_picked":["Body Slam","Burning Pact"],"picked":"Anger","floor":5},{"not_picked":["Rampage","Havoc"],"picked":"Twin Strike","floor":6},{"not_picked":["Evolve","Whirlwind","Spot Weakness"],"picked":"SKIP","floor":7},{"not_picked":["Headbutt","Hemokinesis","Iron Wave"],"picked":"SKIP","floor":8},{"not_picked":["Demon Form","Thunderclap"],"picked":"Iron Wave","floor":11},{"not_picked":["Rampage+1","Shrug It Off","Cleave"],"picked":"SKIP","floor":18},{"not_picked":["Feel No Pain","Iron Wave","Searing Blow"],"picked":"SKIP","floor":24},{"not_picked":["Clothesline","Double Tap"],"picked":"Pommel Strike+1","floor":25},{"not_picked":["Body Slam","Pommel Strike","Thunderclap"],"picked":"SKIP","floor":27},{"not_picked":["Iron Wave+1","Flex+1","Pummel"],"picked":"SKIP","floor":29},{"not_picked":["Wild Strike","Thunderclap+1","Headbutt"],"picked":"SKIP","floor":31},{"not_picked":["Body Slam+1","Twin Strike+1","Sword Boomerang+1"],"picked":"SKIP","floor":35},{"not_picked":["Perfected Strike","Whirlwind+1","Clothesline+1"],"picked":"SKIP","floor":36},{"not_picked":["Bloodletting+1","Perfected Strike","Thunderclap+1"],"picked":"SKIP","floor":37},{"not_picked":["Armaments","Heavy Blade","Thunderclap"],"picked":"SKIP","floor":39}],"player_experience":341482,"relics_obtained":[{"floor":6,"key":"Toy Ornithopter"},{"floor":9,"key":"Sundial"},{"floor":13,"key":"Ornamental Fan"},{"floor":20,"key":"Red Mask"},{"floor":26,"key":"Self Forming Clay"}],"event_choices":[{"cards_removed":["Burning Pact"],"damage_healed":0,"gold_gain":0,"player_choice":"Card Removal","damage_taken":0,"max_hp_gain":0,"max_hp_loss":0,"event_name":"The Cleric","floor":2,"gold_loss":50},{"damage_healed":0,"gold_gain":0,"player_choice":"Grow","damage_taken":0,"max_hp_gain":0,"max_hp_loss":0,"event_name":"Living Wall","floor":3,"gold_loss":0,"cards_upgraded":["Bash"]},{"cards_removed":["Clash"],"damage_healed":0,"gold_gain":0,"player_choice":"Take \u0026 Give","damage_taken":0,"max_hp_gain":0,"max_hp_loss":0,"event_name":"betterNote:BetterNote","floor":19,"gold_loss":0,"cards_obtained":["Double Energy"]},{"damage_healed":0,"gold_gain":0,"player_choice":"Fought Bandits","damage_taken":0,"max_hp_gain":0,"max_hp_loss":0,"event_name":"Masked Bandits","floor":20,"gold_loss":0},{"damage_healed":0,"gold_gain":0,"player_choice":"Smashed Altar","damage_taken":0,"max_hp_gain":0,"max_hp_loss":0,"event_name":"Forgotten Altar","floor":22,"gold_loss":0,"cards_obtained":["Decay"]}],"is_beta":false,"boss_relics":[{"not_picked":["Snecko Eye","Pandora\u0027s Box"],"picked":"Runic Pyramid"},{"not_picked":["Runic Dome","Calling Bell"],"picked":"SacredBark"}],"items_purged_floors":[28],"is_endless":false,"potions_floor_spawned":[6,8,11,16,24,27,33,35],"killed_by":"Reptomancer","ascension_level":0}}