{"host":"uua02xqorlefedoe","time":1609323980,"event":{"mods":["AchievementEnabler","BaseMod","Bestiary","Colored Map","DeckTracker","Googly Eyes","Minty Spire (QoL Compilation)","Quick Restart","StSLib"],"gold_per_floor":[99,99,99,99,99,99,99,99,99,99,99,99,99,99,99,99,99,99,99,49,49,49,49,49,49,49,49,49,49,49,49,49,49,49,49,49,49,49,49,49,49,49,49,49,49,49,49,49,49,49,49,49,14,14,14],"floor_reached":54,"playtime":4399,"items_purged":["Strike_G"],"score":1196,"play_id":"cdc1b253-1e02-4359-ae38-3176cf6bb8d0","local_time":"20201230102620","is_ascension_mode":true,"campfire_choices":[{"data":"Poisoned Stab","floor":6.0,"key":"SMITH"},{"data":"Backstab","floor":13.0,"key":"SMITH"},{"data":"Backflip","floor":15.0,"key":"SMITH"},{"data":"Reflex","floor":24.0,"key":"SMITH"},{"data":"Flechettes","floor":32.0,"key":"SMITH"},{"floor":49,"key":"RECALL"},{"data":"Reflex","floor":52,"key":"SMITH"}],"circlet_count":0,"master_deck":["AscendersBane","Strike_G","Defend_G","Defend_G","Defend_G","Defend_G","Survivor","Neutralize","Backstab+1","Sucker Punch","Acrobatics","Poisoned Stab+1","Expertise","Tools of the Trade","Reflex+1","Backflip+1","Corpse Explosion","Slice+1","A Thousand Cuts+1","Die Die Die+1","Flechettes+1","Acrobatics","Concentrate","Backflip","After Image+1","PiercingWail","Reflex+1","Outmaneuver+1","Calculated Gamble","Tools of the Trade+1","Concentrate","Caltrops+1"],"relics":["Ectoplasm","Bird Faced Urn","Blood Vial","Smiling Mask","Vajra","Astrolabe","Anchor","Frozen Egg 2","Nunchaku","Eternal Feather","Sozu","Gambling Chip","Kunai","Pear","Juzu Bracelet"],"acts_visited":["Exordium","TheCity","TheBeyond","TheEnding"],"potions_floor_usage":[50,50],"damage_taken":[{"damage":1.0,"enemies":"Small Slimes","floor":1.0,"turns":5.0},{"damage":1.0,"enemies":"Jaw Worm","floor":3.0,"turns":4.0},{"damage":0.0,"enemies":"Cultist","floor":4.0,"turns":4.0},{"damage":11.0,"enemies":"Lots of Slimes","floor":5.0,"turns":5.0},{"damage":17.0,"enemies":"Lagavulin","floor":7.0,"turns":7.0},{"damage":1.0,"enemies":"Red Slaver","floor":8.0,"turns":2.0},{"damage":7.0,"enemies":"3 Sentries","floor":10.0,"turns":10.0},{"damage":4.0,"enemies":"Exordium Wildlife","floor":11.0,"turns":5.0},{"damage":0.0,"enemies":"3 Louse","floor":14.0,"turns":2.0},{"damage":12.0,"enemies":"The Guardian","floor":16.0,"turns":13.0},{"damage":15.0,"enemies":"Spheric Guardian","floor":18.0,"turns":5.0},{"damage":0.0,"enemies":"Chosen","floor":19.0,"turns":4.0},{"damage":18.0,"enemies":"Snake Plant","floor":21.0,"turns":5.0},{"damage":0.0,"enemies":"3 Cultists","floor":22.0,"turns":3.0},{"damage":22.0,"enemies":"Gremlin Leader","floor":23.0,"turns":6.0},{"damage":22.0,"enemies":"Slavers","floor":25.0,"turns":3.0},{"damage":2.0,"enemies":"Book of Stabbing","floor":27.0,"turns":4.0},{"damage":16.0,"enemies":"Shelled Parasite and Fungi","floor":28.0,"turns":7.0},{"damage":3.0,"enemies":"Gremlin Leader","floor":29.0,"turns":4.0},{"damage":0.0,"enemies":"Chosen and Byrds","floor":30.0,"turns":3.0},{"damage":0.0,"enemies":"3 Cultists","floor":31.0,"turns":2.0},{"damage":33.0,"enemies":"Champ","floor":33.0,"turns":7.0},{"damage":5.0,"enemies":"Orb Walker","floor":35.0,"turns":3.0},{"damage":3.0,"enemies":"3 Shapes","floor":36.0,"turns":4.0},{"damage":37.0,"enemies":"2 Orb Walkers","floor":38.0,"turns":4.0},{"damage":21.0,"enemies":"Spire Growth","floor":40.0,"turns":4.0},{"damage":40.0,"enemies":"Nemesis","floor":41.0,"turns":9.0},{"damage":0.0,"enemies":"Sphere and 2 Shapes","floor":42.0,"turns":3.0},{"damage":18.0,"enemies":"Writhing Mass","floor":44.0,"turns":4.0},{"damage":1.0,"enemies":"Reptomancer","floor":45.0,"turns":5.0},{"damage":17.0,"enemies":"Transient","floor":46.0,"turns":5.0},{"damage":0,"enemies":"Jaw Worm Horde","floor":48,"turns":2},{"damage":73,"enemies":"Time Eater","floor":50,"turns":12},{"damage":76,"enemies":"Shield and Spear","floor":54,"turns":3}],"seed_played":"-7253026268296156142","potions_obtained":[{"floor":1.0,"key":"Fire Potion"},{"floor":4.0,"key":"Strength Potion"},{"floor":10.0,"key":"Block Potion"},{"floor":16.0,"key":"ColorlessPotion"},{"floor":19.0,"key":"FairyPotion"},{"floor":25.0,"key":"LiquidBronze"},{"floor":28.0,"key":"DistilledChaos"},{"floor":31.0,"key":"Regen Potion"}],"is_trial":false,"path_per_floor":["M","?","M","M","M","R","E","M","T","E","M","T","R","M","R","B",null,"M","M","$","M","M","E","R","E","T","E","M","E","M","M","R","B",null,"M","M","$","?","?","M","E","M","T","M","E","M","?","M","R","B",null,"R","$","E"],"character_chosen":"THE_SILENT","items_purchased":["Caltrops+1"],"campfire_rested":0,"item_purchase_floors":[53],"current_hp_per_floor":[62,62,61,61,50,50,33,32,32,27,27,27,27,29,29,21,58,47,53,53,41,45,29,29,13,13,17,7,10,16,20,32,5,54,55,60,60,31,31,18,15,23,33,23,30,21,21,31,49,1,57,75,75,0,0],"gold":14,"neow_bonus":"BOSS_RELIC","is_daily":false,"chose_seed":false,"campfire_upgraded":6,"win_rate":0.0,"timestamp":1609323980,"path_taken":["M","?","M","M","M","R","E","M","T","E","M","?","R","?","R","BOSS","M","M","$","M","M","E","R","E","T","E","M","E","M","M","R","BOSS","M","?","?","?","?","M","E","M","T","?","E","M","?","M","R","BOSS","R","$","E"],"items_purchased_type":["Card"],"build_version":"2020-12-22","purchased_purges":1,"victory":false,"max_hp_per_floor":[70,70,70,70,70,70,70,70,70,70,70,70,70,70,70,70,70,70,70,70,70,70,70,70,70,70,70,70,70,70,70,70,70,70,70,70,70,70,66,66,66,66,76,76,76,76,76,76,76,76,76,76,76,76,76],"card_choices":[{"not_picked":["Reflex","Slice"],"picked":"Backstab","floor":1.0},{"not_picked":["Slice","Tactician"],"picked":"Sucker Punch","floor":3.0},{"not_picked":["Backflip","Sucker Punch"],"picked":"Acrobatics","floor":4.0},{"not_picked":["Caltrops","Backstab"],"picked":"Poisoned Stab","floor":5.0},{"not_picked":["Masterful Stab","Sucker Punch"],"picked":"Expertise","floor":7.0},{"not_picked":["Sucker Punch","Bane","Deadly Poison"],"picked":"SKIP","floor":8.0},{"not_picked":["Dagger Spray","Well Laid Plans"],"picked":"Tools of the Trade","floor":10.0},{"not_picked":["Distraction","Poisoned Stab"],"picked":"Reflex","floor":11.0},{"not_picked":["Dodge and Roll","Acrobatics"],"picked":"Backflip","floor":14.0},{"not_picked":["Bullet Time","Die Die Die"],"picked":"Corpse Explosion","floor":16.0},{"not_picked":["Accuracy","Bane"],"picked":"Flechettes","floor":18.0},{"not_picked":["Deadly Poison+1","Infinite Blades+1","Accuracy"],"picked":"SKIP","floor":19.0},{"not_picked":["Poisoned Stab","Underhanded Strike+1"],"picked":"Acrobatics","floor":21.0},{"not_picked":["Blur","Tools of the Trade","Flying Knee"],"picked":"SKIP","floor":22.0},{"not_picked":["Backflip+1","Crippling Poison"],"picked":"Concentrate","floor":23.0},{"not_picked":["Catalyst","Caltrops+1","Infinite Blades+1"],"picked":"SKIP","floor":25.0},{"not_picked":["Catalyst","Flying Knee+1","Bane"],"picked":"SKIP","floor":27.0},{"not_picked":["Crippling Poison","Flying Knee"],"picked":"Backflip","floor":28.0},{"not_picked":["Choke","Infinite Blades+1","Endless Agony"],"picked":"SKIP","floor":29.0},{"not_picked":["Blade Dance","Heel Hook","Dodge and Roll"],"picked":"SKIP","floor":30.0},{"not_picked":["Dash","Deadly Poison+1","Underhanded Strike"],"picked":"SKIP","floor":31.0},{"not_picked":["Unload","Phantasmal Killer"],"picked":"After Image+1","floor":33.0},{"not_picked":["Blur+1","Finisher+1","Deflect+1"],"picked":"SKIP","floor":35.0},{"not_picked":["Masterful Stab+1","Sucker Punch+1"],"picked":"PiercingWail","floor":36.0},{"not_picked":["PiercingWail+1","Heel Hook+1","Underhanded Strike+1"],"picked":"SKIP","floor":40.0},{"not_picked":["Dagger Spray","Grand Finale"],"picked":"Reflex","floor":41.0},{"not_picked":["Underhanded Strike+1","Dodge and Roll+1","Sucker Punch+1"],"picked":"SKIP","floor":42.0},{"not_picked":["Dodge and Roll+1","Deadly Poison","Quick Slash"],"picked":"SKIP","floor":44.0},{"not_picked":["Acrobatics+1","Dagger Spray+1"],"picked":"Outmaneuver+1","floor":45.0},{"not_picked":["Finisher+1","Slice"],"picked":"Calculated Gamble","floor":46.0},{"not_picked":["Accuracy+1","Skewer","Slice+1"],"picked":"SKIP","floor":48}],"player_experience":511173,"relics_obtained":[{"floor":7.0,"key":"Bird Faced Urn"},{"floor":9.0,"key":"Blood Vial"},{"floor":10.0,"key":"Smiling Mask"},{"floor":12.0,"key":"Vajra"},{"floor":23.0,"key":"Anchor"},{"floor":25.0,"key":"Frozen Egg 2"},{"floor":27.0,"key":"Nunchaku"},{"floor":29.0,"key":"Eternal Feather"},{"floor":38.0,"key":"Gambling Chip"},{"floor":41.0,"key":"Kunai"},{"floor":43.0,"key":"Pear"},{"floor":45.0,"key":"Juzu Bracelet"}],"event_choices":[{"cards_removed":["Strike_G"],"damage_healed":0.0,"max_hp_gain":0.0,"max_hp_loss":0.0,"gold_gain":0.0,"event_name":"Living Wall","player_choice":"Forget","floor":2.0,"gold_loss":0.0,"damage_taken":0.0},{"damage_healed":0.0,"max_hp_gain":0.0,"max_hp_loss":0.0,"gold_gain":0.0,"event_name":"Mysterious Sphere","player_choice":"Fight","floor":38.0,"gold_loss":0.0,"damage_taken":0.0},{"damage_healed":0.0,"max_hp_gain":0.0,"max_hp_loss":4.0,"gold_gain":0.0,"event_name":"Winding Halls","player_choice":"Max HP","floor":39.0,"gold_loss":0.0,"damage_taken":0.0},{"damage_healed":0,"gold_gain":0,"player_choice":"2 cards matched","damage_taken":0,"max_hp_gain":0,"max_hp_loss":0,"event_name":"Match and Keep!","floor":47,"gold_loss":0,"cards_obtained":["Tools of the Trade","Concentrate"]},{"damage_healed":0,"gold_gain":0,"player_choice":"2 cards matched","damage_taken":0,"max_hp_gain":0,"max_hp_loss":0,"event_name":"Match and Keep!","floor":47,"gold_loss":0,"cards_obtained":["Tools of the Trade","Concentrate"]}],"is_beta":false,"boss_relics":[{"not_picked":["Fusion Hammer","WristBlade"],"picked":"Astrolabe"},{"not_picked":["Calling Bell","Snecko Eye"],"picked":"Sozu"}],"items_purged_floors":[20],"is_endless":false,"potions_floor_spawned":[1,4,10,16,19,21,25,28,31,33,38,40,44,46],"killed_by":"Shield and Spear","ascension_level":10}}