{"host":"dk10vuzdqf3wivcv","time":1609339839,"event":{"mods":["Aspiration","Astrologer","BaseMod","Colored Map","Conspire","Friendly Minions","Hubris","Minty Spire (QoL Compilation)","Replay The Spire","StSLib","SuperFastMode","Td1madao Mod","The Animator","The Cursed","The Gatherer","The Hierophant","The Jungle","The Marked","The Servant 0.9.4"],"gold_per_floor":[122,134,134,149,10,50,50,50,74,74,74,74],"floor_reached":11,"playtime":531,"items_purged":[],"score":75,"play_id":"d0e8013c-b922-43f6-a6f3-e13c179c3a9b","local_time":"20201230155039","is_ascension_mode":true,"campfire_choices":[],"circlet_count":0,"master_deck":["animator:HighElfArcher","animator:Strike_Overlord","animator:Defend_Overlord","animator:Strike","animator:Strike","animator:Strike","animator:Defend","animator:Defend","animator:Defend","animator:Cocytus+1","animator:Demiurge","animator:LizardPriest","animator:ItamiYouji","animator:NarberalGamma","ReplayTheSpireMod:IOU","Pain"],"relics":["animator:LivingPicture","animator:TheMissingPiece","animator:PurgingStone","ReplayTheSpireMod:Lightbulb","Juzu Bracelet","hubris:DisguiseKit","WarpedTongs"],"acts_visited":["Exordium"],"potions_floor_usage":[6],"damage_taken":[{"damage":4,"enemies":"Cultist","floor":1,"turns":3},{"damage":4,"enemies":"Small Slimes","floor":2,"turns":5},{"damage":6,"enemies":"Jaw Worm","floor":4,"turns":4},{"damage":14,"enemies":"Lagavulin","floor":6,"turns":6},{"damage":32,"enemies":"Gremlin Nob","floor":11,"turns":4}],"seed_played":"915631237217671228","potions_obtained":[{"floor":4,"key":"PowerPotion"}],"is_trial":false,"path_per_floor":["M","M","?","M","$","E","?","?","T","?","E"],"character_chosen":"THE_ANIMATOR","items_purchased":["animator:ItamiYouji"],"campfire_rested":0,"item_purchase_floors":[5],"current_hp_per_floor":[62,58,58,52,52,38,38,32,32,32,0,0],"gold":74,"neow_bonus":"RANDOM_COMMON_RELIC","is_daily":false,"chose_seed":false,"campfire_upgraded":0,"win_rate":0.0,"timestamp":1609339839,"path_taken":["M","M","?","M","$","E","?","?","T","?","E"],"items_purchased_type":["Card"],"build_version":"2020-12-22","purchased_purges":0,"victory":false,"max_hp_per_floor":[66,66,66,66,66,66,66,66,66,66,66,66],"card_choices":[{"not_picked":["animator:Shichika","animator:WinryRockbell"],"picked":"animator:LizardPriest","floor":1},{"not_picked":["animator:WinryRockbell","animator:Gillette","animator:Yuuichirou"],"picked":"SKIP","floor":2},{"not_picked":["animator:Shigure","animator:DolaSchwi","animator:TsurugaMeisai"],"picked":"SKIP","floor":4},{"not_picked":["animator:Cocytus","animator:PandorasActor"],"picked":"animator:NarberalGamma","floor":6}],"player_experience":125162,"relics_obtained":[{"floor":6,"key":"Juzu Bracelet"}],"event_choices":[{"damage_healed":0,"gold_gain":0,"player_choice":"Upgraded","damage_taken":0,"max_hp_gain":0,"max_hp_loss":0,"event_name":"Upgrade Shrine","floor":3,"gold_loss":0,"cards_upgraded":["animator:Cocytus"]},{"damage_healed":0,"gold_gain":0,"player_choice":"Damaged","damage_taken":6,"max_hp_gain":0,"max_hp_loss":0,"event_name":"Wheel of Change","floor":8,"gold_loss":0},{"damage_healed":0,"gold_gain":0,"player_choice":"Rummage","damage_taken":0,"relics_obtained":["WarpedTongs"],"max_hp_gain":0,"max_hp_loss":0,"event_name":"Accursed Blacksmith","floor":10,"gold_loss":0,"cards_obtained":["Pain"]}],"is_beta":false,"boss_relics":[],"items_purged_floors":[],"is_endless":false,"potions_floor_spawned":[4],"killed_by":"Gremlin Nob","ascension_level":1}}