{"host":"bp2tvobcccy5okxf","time":1609344358,"event":{"mods":["AchievementEnabler","BaseMod","Better Altar","Better Match","Better Note","Better Sensory Stone","Better Skull","Better Third Choice","Card Filter","DeckTracker","Minty Spire (QoL Compilation)","Relic Filter","Remove Card Discount Mod","StSLib"],"gold_per_floor":[215,225,225,225,235,267,280,295,295,306,306,331,331,331,331],"floor_reached":14,"playtime":3539,"items_purged":[],"score":102,"play_id":"c70260b8-3920-401a-ab0b-12a8471e8d5a","local_time":"20201231000558","is_ascension_mode":false,"campfire_choices":[{"floor":11,"key":"REST"}],"circlet_count":0,"master_deck":["Strike_R","Strike_R","Strike_R","Strike_R","Strike_R","Defend_R","Defend_R","Defend_R","Defend_R","Bash","Seeing Red","Ghostly Armor","Body Slam","Fire Breathing+1","Carnage","Seeing Red","Evolve+1"],"relics":["Burning Blood","Frozen Egg 2","Omamori","Mummified Hand","Golden Idol"],"acts_visited":["Exordium"],"potions_floor_usage":[7],"damage_taken":[{"damage":15,"enemies":"Cultist","floor":1,"turns":4},{"damage":1,"enemies":"Jaw Worm","floor":2,"turns":5},{"damage":0,"enemies":"Small Slimes","floor":5,"turns":4},{"damage":48,"enemies":"Gremlin Nob","floor":6,"turns":5},{"damage":20,"enemies":"Gremlin Gang","floor":7,"turns":7},{"damage":12,"enemies":"Large Slime","floor":8,"turns":6},{"damage":15,"enemies":"2 Fungi Beasts","floor":10,"turns":4},{"damage":41,"enemies":"Lagavulin","floor":12,"turns":8},{"damage":14,"enemies":"Gremlin Nob","floor":14,"turns":3}],"seed_played":"-299047310184361747","potions_obtained":[{"floor":1,"key":"SkillPotion"},{"floor":7,"key":"FairyPotion"}],"is_trial":false,"path_per_floor":["M","M","$","?","M","E","M","M","T","M","R","E","?","E"],"character_chosen":"IRONCLAD","items_purchased":[],"campfire_rested":1,"item_purchase_floors":[],"current_hp_per_floor":[71,76,76,76,80,38,24,18,18,9,33,24,24,10,10],"gold":331,"neow_bonus":"HUNDRED_GOLD","is_daily":false,"chose_seed":false,"campfire_upgraded":0,"win_rate":0.0,"timestamp":1609344358,"path_taken":["M","M","?","?","M","E","M","M","T","?","R","E","?","E"],"items_purchased_type":[],"build_version":"2020-12-22","purchased_purges":0,"victory":false,"max_hp_per_floor":[80,80,80,80,80,80,80,80,80,80,80,80,80,80,80],"card_choices":[{"not_picked":["Evolve","Pommel Strike"],"picked":"Seeing Red","floor":1},{"not_picked":["Armaments","Sword Boomerang"],"picked":"Ghostly Armor","floor":2},{"not_picked":["Power Through","Searing Blow","Wild Strike"],"picked":"SKIP","floor":5},{"not_picked":["Clash","Anger"],"picked":"Body Slam","floor":6},{"not_picked":["Warcry","Burning Pact"],"picked":"Fire Breathing+1","floor":7},{"not_picked":["Dropkick","Flame Barrier"],"picked":"Carnage","floor":8},{"not_picked":["Wild Strike","Evolve+1"],"picked":"Seeing Red","floor":10},{"not_picked":["Pommel Strike","Anger"],"picked":"Evolve+1","floor":12}],"player_experience":79990,"relics_obtained":[{"floor":6,"key":"Frozen Egg 2"},{"floor":9,"key":"Omamori"},{"floor":12,"key":"Mummified Hand"}],"event_choices":[{"damage_healed":0,"gold_gain":1,"player_choice":"1","damage_taken":0,"max_hp_gain":0,"max_hp_loss":0,"event_name":"betterStone:BetterStone","floor":4,"gold_loss":0},{"damage_healed":0,"gold_gain":0,"player_choice":"Take Wound","damage_taken":0,"relics_obtained":["Golden Idol"],"max_hp_gain":0,"max_hp_loss":0,"event_name":"Golden Idol","floor":13,"gold_loss":0,"cards_obtained":["Injury"]}],"is_beta":false,"boss_relics":[],"items_purged_floors":[],"is_endless":false,"potions_floor_spawned":[1,7],"killed_by":"Gremlin Nob","ascension_level":0}}