{"host":"ufl0k2so27eic2iy","time":1609332222,"event":{"mods":["BaseMod","Minty Spire (QoL Compilation)","StSLib","The Animator"],"gold_per_floor":[112,132,132,10,23,23,55,55,55,55,69,69,0,28,28,114,114,133,133,151,171,191,191,217,217,217,250,250,8,8,30,30,105,105,115,131,150,168,181,181,216,216,240,272,272,272,298,310,322,334,346,358,2,2,2],"floor_reached":54,"playtime":2836,"items_purged":["animator:Strike","animator:Strike"],"score":1484,"play_id":"30a5db95-c79a-4648-81a5-2f49006bd9a1","local_time":"20201230124342","is_ascension_mode":true,"campfire_choices":[{"data":"animator:ElricEdward","floor":6.0,"key":"SMITH"},{"data":"animator:ElricEdward","floor":8.0,"key":"SMITH"},{"floor":12.0,"key":"REST"},{"data":"animator:ElricAlphonse","floor":15.0,"key":"SMITH"},{"floor":23.0,"key":"REST"},{"floor":25.0,"key":"REST"},{"data":"animator:DolaStephanie","floor":28.0,"key":"SMITH"},{"floor":32.0,"key":"REST"},{"floor":40.0,"key":"RECALL"},{"data":"animator:Pride","floor":42.0,"key":"SMITH"},{"data":"animator:Arpeggio","floor":46.0,"key":"SMITH"},{"data":"animator:Arpeggio","floor":49,"key":"SMITH"},{"data":"animator:PinaCoLada","floor":52,"key":"SMITH"}],"circlet_count":0,"master_deck":["AscendersBane","animator:Strike_FullmetalAlchemist","animator:Defend_FullmetalAlchemist","animator:Defend","animator:Defend","animator:Defend+1","animator:ElricEdward+1","animator:ElricAlphonse+1","animator:YuiTsuruno","animator:ElricAlphonse+1","animator:Jibril","animator:KyokoSakura","animator:ElricEdward+1","animator:Aisha","animator:DolaStephanie+1","animator:Eve","animator:LeleiLaLalena+1","animator:OrikoMikuni","animator:TukaLunaMarceau","animator:Arpeggio+1","animator:Arpeggio+1","animator:Pride+1","animator:PinaCoLada+1","animator:OrikoMikuni","animator:TukaLunaMarceau+1","animator:Chung+1","animator:WinryRockbell","animator:YaoHaDucy+1","animator:Sonic"],"relics":["animator:LivingPicture","animator:TheMissingPiece","animator:Buoy","Letter Opener","Thread and Needle","Black Star","War Paint","Dream Catcher","PreservedInsect","Sundial","WingedGreaves","Meat on the Bone","Enchiridion","Coffee Dripper","Omamori","Boot","Darkstone Periapt","Paper Frog","MawBank","Dead Branch","OrangePellets"],"acts_visited":["Exordium","TheCity","TheBeyond","TheEnding"],"potions_floor_usage":[54],"damage_taken":[{"damage":7.0,"enemies":"Jaw Worm","floor":1.0,"turns":4.0},{"damage":0.0,"enemies":"2 Louse","floor":2.0,"turns":2.0},{"damage":0.0,"enemies":"Cultist","floor":5.0,"turns":3.0},{"damage":25.0,"enemies":"Gremlin Nob","floor":7.0,"turns":4.0},{"damage":2.0,"enemies":"Exordium Wildlife","floor":11.0,"turns":2.0},{"damage":9.0,"enemies":"Lagavulin","floor":14.0,"turns":6.0},{"damage":0.0,"enemies":"The Guardian","floor":16.0,"turns":8.0},{"damage":3.0,"enemies":"Spheric Guardian","floor":18.0,"turns":3.0},{"damage":22.0,"enemies":"2 Thieves","floor":20.0,"turns":3.0},{"damage":3.0,"enemies":"Cultist and Chosen","floor":21.0,"turns":5.0},{"damage":14.0,"enemies":"Centurion and Healer","floor":22.0,"turns":6.0},{"damage":12.0,"enemies":"Gremlin Leader","floor":24.0,"turns":6.0},{"damage":0.0,"enemies":"animator:HornedBat","floor":27.0,"turns":4.0},{"damage":7.0,"enemies":"Shelled Parasite and Fungi","floor":31.0,"turns":4.0},{"damage":13.0,"enemies":"Automaton","floor":33.0,"turns":7.0},{"damage":6.0,"enemies":"3 Shapes","floor":35.0,"turns":4.0},{"damage":24.0,"enemies":"3 Darklings","floor":36.0,"turns":5.0},{"damage":3.0,"enemies":"4 Shapes","floor":37.0,"turns":5.0},{"damage":0.0,"enemies":"Transient","floor":38.0,"turns":5.0},{"damage":20.0,"enemies":"3 Darklings","floor":39.0,"turns":3.0},{"damage":2.0,"enemies":"Giant Head","floor":41.0,"turns":6.0},{"damage":11.0,"enemies":"Nemesis","floor":44.0,"turns":5.0},{"damage":0,"enemies":"Giant Head","floor":47,"turns":7},{"damage":41,"enemies":"Time Eater","floor":50,"turns":9},{"damage":54,"enemies":"Shield and Spear","floor":54,"turns":3}],"seed_played":"1250639994454872747","potions_obtained":[{"floor":11.0,"key":"Energy Potion"},{"floor":14.0,"key":"Ancient Potion"},{"floor":36.0,"key":"SkillPotion"},{"floor":41.0,"key":"Regen Potion"}],"is_trial":false,"path_per_floor":["M","M","?","$","M","R","E","R","T","?","M","R","$","E","R","B",null,"M","?","M","M","M","R","E","R","T","E","R","$","?","M","R","B",null,"M","M","M","M","M","R","E","R","T","E","?","R","E","?","R","B",null,"R","$","E"],"character_chosen":"THE_ANIMATOR","items_purchased":["animator:KyokoSakura","animator:Aisha","Meat on the Bone","OrangePellets","ColorlessPotion","animator:Sonic"],"campfire_rested":4,"item_purchase_floors":[4,13,29,53,53,53],"current_hp_per_floor":[47,47,47,47,47,47,22,22,22,22,20,38,38,29,29,29,52,49,49,27,24,10,28,16,34,34,34,34,34,13,18,36,35,54,48,36,33,34,27,27,37,37,37,40,40,40,40,52,52,23,52,52,52,0,0],"gold":2,"neow_bonus":"THREE_CARDS","is_daily":false,"chose_seed":false,"campfire_upgraded":8,"win_rate":0.0,"timestamp":1609332222,"path_taken":["M","M","?","$","M","R","E","R","T","?","M","R","?","E","R","BOSS","M","?","?","M","M","R","E","R","T","E","R","$","?","M","R","BOSS","M","M","M","M","M","R","E","R","T","E","?","R","E","?","R","BOSS","R","$","E"],"items_purchased_type":["Card","Card","Relic","Relic","Potion","Card"],"build_version":"2020-12-22","purchased_purges":2,"victory":false,"max_hp_per_floor":[60,60,60,60,60,60,60,60,60,60,60,60,60,60,60,60,60,60,60,60,60,60,60,60,60,60,60,60,60,60,60,60,60,60,60,60,60,61,62,62,62,62,62,62,62,62,62,62,62,62,62,62,62,62,62],"card_choices":[{"not_picked":["animator:Chung","animator:MaesHughes"],"picked":"animator:YuiTsuruno","floor":0.0},{"not_picked":["animator:OrikoMikuni","animator:Elsword"],"picked":"animator:ElricAlphonse","floor":1.0},{"not_picked":["animator:YuiTsuruno","animator:AcuraAkari"],"picked":"animator:Jibril","floor":2.0},{"not_picked":["animator:NagisaMomoe","animator:MumenRider","animator:Kuribayashi"],"picked":"SKIP","floor":5.0},{"not_picked":["animator:Scar","animator:ElricAlphonse"],"picked":"animator:ElricEdward","floor":7.0},{"not_picked":["animator:AcuraTooru","animator:Laby","animator:Genos"],"picked":"SKIP","floor":11.0},{"not_picked":["animator:Greed","animator:Guy"],"picked":"animator:DolaStephanie","floor":14.0},{"not_picked":["animator:Greed","animator:Envy"],"picked":"animator:Eve","floor":16.0},{"not_picked":["animator:TukaLunaMarceau","animator:MumenRider"],"picked":"animator:LeleiLaLalena","floor":18.0},{"not_picked":["animator:SayakaMiki","animator:NagisaMomoe"],"picked":"animator:OrikoMikuni","floor":20.0},{"not_picked":["animator:DolaStephanie","animator:ItamiYouji"],"picked":"animator:TukaLunaMarceau","floor":21.0},{"not_picked":["animator:Elsword+1","animator:MamiTomoe+1","animator:KyokoSakura"],"picked":"SKIP","floor":22.0},{"not_picked":["animator:SuzuneAmano","animator:Elesis","animator:Jibril"],"picked":"SKIP","floor":24.0},{"not_picked":["animator:YaoHaDucy","animator:Ara"],"picked":"animator:Arpeggio","floor":25.0},{"not_picked":["animator:Tyuule","animator:TukaLunaMarceau"],"picked":"animator:Arpeggio","floor":27.0},{"not_picked":["animator:ChaikaBohdan","animator:ChlammyZell"],"picked":"animator:Pride","floor":31.0},{"not_picked":["animator:Boros","animator:Shiro"],"picked":"animator:PinaCoLada","floor":33.0},{"not_picked":["animator:Ara+1","animator:OrikoMikuni","animator:ElricAlphonse"],"picked":"SKIP","floor":35.0},{"not_picked":["animator:Ara+1","animator:ElricAlphonse"],"picked":"animator:OrikoMikuni","floor":35.0},{"not_picked":["animator:Add","animator:Tatsumaki"],"picked":"animator:TukaLunaMarceau+1","floor":36.0},{"not_picked":["animator:Jibril+1","animator:ChaikaBohdan"],"picked":"animator:Chung+1","floor":38.0},{"not_picked":["animator:RoryMercury","animator:OrikoMikuni"],"picked":"animator:WinryRockbell","floor":39.0},{"not_picked":["animator:TukaLunaMarceau+1","animator:Father"],"picked":"animator:YaoHaDucy+1","floor":41.0},{"not_picked":["animator:Elsword","animator:YachiyoNanami","animator:NagisaMomoe"],"picked":"SKIP","floor":47}],"player_experience":2380428,"relics_obtained":[{"floor":7.0,"key":"animator:Buoy"},{"floor":9.0,"key":"Letter Opener"},{"floor":14.0,"key":"Thread and Needle"},{"floor":24.0,"key":"War Paint"},{"floor":24.0,"key":"Dream Catcher"},{"floor":26.0,"key":"PreservedInsect"},{"floor":27.0,"key":"Sundial"},{"floor":27.0,"key":"WingedGreaves"},{"floor":30.0,"key":"Enchiridion"},{"floor":41.0,"key":"Omamori"},{"floor":41.0,"key":"Boot"},{"floor":44.0,"key":"Darkstone Periapt"},{"floor":44.0,"key":"Paper Frog"},{"floor":47,"key":"MawBank"},{"floor":47,"key":"Dead Branch"}],"event_choices":[{"cards_removed":["animator:Strike"],"damage_healed":0.0,"max_hp_gain":0.0,"max_hp_loss":0.0,"gold_gain":0.0,"event_name":"Living Wall","player_choice":"Forget","floor":10.0,"gold_loss":0.0,"damage_taken":0.0},{"damage_healed":0.0,"max_hp_gain":0.0,"max_hp_loss":0.0,"gold_gain":0.0,"event_name":"Upgrade Shrine","player_choice":"Upgraded","floor":19.0,"gold_loss":0.0,"damage_taken":0.0,"cards_upgraded":["animator:LeleiLaLalena"]},{"damage_healed":0.0,"max_hp_gain":0.0,"max_hp_loss":0.0,"gold_gain":0.0,"event_name":"Cursed Tome","player_choice":"Obtained Book","floor":30.0,"gold_loss":0.0,"damage_taken":21.0},{"damage_healed":0.0,"max_hp_gain":0.0,"max_hp_loss":0.0,"gold_gain":0.0,"event_name":"Mysterious Sphere","player_choice":"Ignored","floor":45.0,"gold_loss":0.0,"damage_taken":0.0},{"damage_healed":12,"gold_gain":0,"player_choice":"Writhe","damage_taken":0,"max_hp_gain":0,"max_hp_loss":0,"event_name":"Winding Halls","floor":48,"gold_loss":0,"cards_obtained":["Writhe"]}],"is_beta":false,"boss_relics":[{"not_picked":["Busted Crown","Mark of Pain"],"picked":"Black Star"},{"not_picked":["animator:CursedBlade","SacredBark"],"picked":"Coffee Dripper"}],"items_purged_floors":[4,53],"is_endless":false,"potions_floor_spawned":[11,14,18,22,27,36,39,41],"killed_by":"Shield and Spear","ascension_level":15}}