{"host":"nox","time":1609343997,"event":{"mods":["Act Like it!","Aspiration","BaseMod","Better Altar","Better Match","Better Note","Better Sensory Stone","Better Skull","Better Third Choice","BetterRewards","Colored Powertips","Conspire","Energized Spire","GifTheSpireLib","Hubris","Infinite Spire","Minty Spire (QoL Compilation)","Pale of the Ancients","Quick Restart","Rare Cards Sparkle","Replay The Spire","Shop Mod","Spikes Relics","StSLib","Stuff the Spire","SuperFastMode","The Alterego","vexMod"],"gold_per_floor":[111,124,134,134,84,84,97,127,127,138,158,158,158],"floor_reached":12,"playtime":379,"items_purged":[],"score":111,"play_id":"feac2cee-e119-476c-afe8-8e3afe8a152c","local_time":"20201230225957","is_ascension_mode":true,"campfire_choices":[{"data":"Neutralize","floor":6.0,"key":"SMITH"}],"circlet_count":0,"master_deck":["Strike_G","Strike_G","Strike_G","Strike_G","Defend_G","Defend_G","Defend_G","Defend_G","Defend_G","Survivor","Neutralize+1","Flying Knee","Sucker Punch","Venomology","Poisoned Stab","Footwork","Backflip"],"relics":["Painkiller Herb","Girya"],"acts_visited":["Exordium"],"potions_floor_usage":[12],"damage_taken":[{"damage":0.0,"enemies":"Cultist","floor":1.0,"turns":5.0},{"damage":0.0,"enemies":"2 Louse","floor":2.0,"turns":3.0},{"damage":3.0,"enemies":"Jaw Worm","floor":3.0,"turns":4.0},{"damage":3.0,"enemies":"Looter","floor":7.0,"turns":3.0},{"damage":39.0,"enemies":"Lagavulin","floor":8.0,"turns":14.0},{"damage":8.0,"enemies":"2 Fungi Beasts","floor":10.0,"turns":4.0},{"damage":6.0,"enemies":"3 Louse","floor":11.0,"turns":2.0},{"damage":5,"enemies":"3 Sentries","floor":12,"turns":4}],"seed_played":"6015006357373397558","potions_obtained":[{"floor":1.0,"key":"DuplicationPotion"},{"floor":7.0,"key":"CunningPotion"},{"floor":10.0,"key":"SkillPotion"}],"is_trial":false,"path_per_floor":["?","?","?","T","?","T","?","E","T","?","?","E"],"character_chosen":"THE_SILENT","items_purchased":[],"campfire_rested":0,"item_purchase_floors":[],"current_hp_per_floor":[63,63,60,60,60,60,57,18,18,10,4,0,0],"gold":158,"neow_bonus":"BOSS_RELIC","is_daily":false,"chose_seed":false,"campfire_upgraded":1,"win_rate":0.0,"timestamp":1609343997,"path_taken":["?","?","?","T","?","T","?","E","T","?","?","E"],"items_purchased_type":[],"build_version":"2020-11-17","purchased_purges":0,"victory":false,"max_hp_per_floor":[70,70,70,70,70,70,70,70,70,70,70,70,70],"card_choices":[{"not_picked":["Backflip","hubris:TrickCloak","Heel Hook"],"picked":"SKIP","floor":1.0},{"not_picked":["Outmaneuver","Sucker Punch"],"picked":"Flying Knee","floor":2.0},{"not_picked":["Slice","Dagger Throw"],"picked":"Sucker Punch","floor":3.0},{"not_picked":["Sucker Punch","ShadowRift","Venomology"],"picked":"SKIP","floor":7.0},{"not_picked":["Sucker Punch","ShadowRift"],"picked":"Venomology","floor":7.0},{"not_picked":["Tactician","Acrobatics"],"picked":"Poisoned Stab","floor":8.0},{"not_picked":["StuffTheSpire:Incantation","Underhanded Strike"],"picked":"Footwork","floor":10.0},{"not_picked":["ReplayTheSpireMod:Shiv Toss","Deadly Poison"],"picked":"Backflip","floor":11.0}],"player_experience":285074,"relics_obtained":[{"floor":8.0,"key":"Girya"}],"event_choices":[{"cards_removed":["Strike_G"],"damage_healed":0.0,"max_hp_gain":0.0,"max_hp_loss":0.0,"gold_gain":0.0,"event_name":"The Cleric","player_choice":"Card Removal","floor":5.0,"gold_loss":50.0,"damage_taken":0.0}],"is_beta":true,"boss_relics":[],"items_purged_floors":[],"is_endless":false,"potions_floor_spawned":[1,7,10],"killed_by":"3 Sentries","ascension_level":7}}