{"host":"1hv1kueuvc4r3rdp","time":1609316406,"event":{"mods":["AchievementEnabler","BaseMod","DeckTracker","Highlight Path","Minty Spire (QoL Compilation)","Permanent Neow","StSLib"],"gold_per_floor":[214,214,225,237,254,254,287,387,387,398,408,426,426,458,458,561,561,579,594,104,104,118,118,132,132,156,187,14,39,55,55,55,55,55],"floor_reached":33,"playtime":1826,"items_purged":["Strike_B","Strike_B"],"score":444,"play_id":"e1e1cfd6-8b29-477d-94ec-3e11f5ba1ea6","local_time":"20201230022006","is_ascension_mode":true,"campfire_choices":[{"data":"Zap","floor":6,"key":"SMITH"},{"data":"Defragment","floor":13,"key":"SMITH"},{"data":"Sweeping Beam","floor":15,"key":"SMITH"},{"floor":23,"key":"REST"},{"floor":25,"key":"REST"},{"floor":32,"key":"REST"}],"circlet_count":0,"master_deck":["Strike_B","Strike_B","Defend_B","Defend_B","Defend_B","Defend_B","Zap+1","Dualcast","BootSequence","Lockon","Defragment+1","Cold Snap","Sweeping Beam+1","Compile Driver","Capacitor","Leap","Leap","Defragment","Steam Power+1","Double Energy","Skim","Seek","Glacier"],"relics":["Cracked Core","DataDisk","Bottled Tornado","Mango","SlaversCollar","PreservedInsect","Nilry\u0027s Codex","Omamori","Pen Nib","Blood Vial"],"acts_visited":["Exordium","TheCity"],"potions_floor_usage":[16,20,20,22,29,29],"damage_taken":[{"damage":2,"enemies":"2 Louse","floor":1,"turns":3},{"damage":0,"enemies":"Small Slimes","floor":3,"turns":3},{"damage":0,"enemies":"Cultist","floor":4,"turns":2},{"damage":0,"enemies":"Exordium Wildlife","floor":5,"turns":3},{"damage":10,"enemies":"3 Sentries","floor":7,"turns":6},{"damage":3,"enemies":"Blue Slaver","floor":10,"turns":3},{"damage":0,"enemies":"2 Fungi Beasts","floor":11,"turns":3},{"damage":0,"enemies":"Large Slime","floor":12,"turns":4},{"damage":5,"enemies":"Lagavulin","floor":14,"turns":6},{"damage":2,"enemies":"Slime Boss","floor":16,"turns":9},{"damage":16,"enemies":"Spheric Guardian","floor":18,"turns":5},{"damage":17,"enemies":"Shell Parasite","floor":19,"turns":7},{"damage":27,"enemies":"Cultist and Chosen","floor":22,"turns":7},{"damage":31,"enemies":"3 Cultists","floor":24,"turns":5},{"damage":30,"enemies":"Book of Stabbing","floor":27,"turns":5},{"damage":33,"enemies":"Slavers","floor":29,"turns":5},{"damage":16,"enemies":"Snake Plant","floor":30,"turns":5},{"damage":51,"enemies":"Champ","floor":33,"turns":22}],"seed_played":"-4954948763450097277","potions_obtained":[{"floor":1,"key":"FairyPotion"},{"floor":5,"key":"Dexterity Potion"},{"floor":7,"key":"Explosive Potion"},{"floor":10,"key":"Fruit Juice"},{"floor":18,"key":"FocusPotion"},{"floor":22,"key":"Fruit Juice"},{"floor":29,"key":"FearPotion"}],"is_trial":false,"path_per_floor":["M","?","M","M","M","R","E","?","T","M","M","M","R","E","R","B",null,"M","M","$","?","M","R","M","R","T","E","$","E","M","?","R","B"],"character_chosen":"DEFECT","items_purchased":["PreservedInsect","Fruit Juice","Defragment","Regen Potion","Skim"],"campfire_rested":3,"item_purchase_floors":[20,20,20,20,28],"current_hp_per_floor":[66,66,66,66,66,66,56,56,56,53,53,53,53,62,62,60,82,66,49,59,43,31,60,29,58,58,28,28,31,17,17,48,0,0],"gold":55,"neow_bonus":"HUNDRED_GOLD","is_daily":false,"chose_seed":false,"campfire_upgraded":3,"win_rate":0.0,"timestamp":1609316406,"path_taken":["M","?","M","M","M","R","E","?","T","M","M","M","R","E","R","BOSS","M","M","?","?","M","R","M","R","T","E","$","E","M","?","R","BOSS"],"items_purchased_type":["Relic","Potion","Card","Potion","Card"],"build_version":"2020-12-22","purchased_purges":2,"victory":false,"max_hp_per_floor":[75,75,75,75,75,75,75,75,75,75,75,75,75,89,89,89,89,89,89,99,99,99,99,99,99,99,99,99,104,104,104,104,104,104],"card_choices":[{"not_picked":["Consume","Hologram"],"picked":"BootSequence","floor":1},{"not_picked":["Hello World","Steam"],"picked":"Lockon","floor":3},{"not_picked":["Skim","Turbo"],"picked":"Defragment","floor":4},{"not_picked":["Self Repair","Reprogram"],"picked":"Cold Snap","floor":5},{"not_picked":["Leap","Recycle"],"picked":"Sweeping Beam","floor":7},{"not_picked":["Streamline","Double Energy"],"picked":"Compile Driver","floor":10},{"not_picked":["Redo","Gash","Self Repair"],"picked":"SKIP","floor":11},{"not_picked":["Heatsinks","Sweeping Beam"],"picked":"Capacitor","floor":12},{"not_picked":["Doom and Gloom","Rebound"],"picked":"Leap","floor":14},{"not_picked":["Chaos+1","Barrage"],"picked":"Leap","floor":18},{"not_picked":["Leap","Redo","Compile Driver"],"picked":"SKIP","floor":19},{"not_picked":["Compile Driver","Ball Lightning"],"picked":"Steam Power+1","floor":22},{"not_picked":["Steam","Barrage+1"],"picked":"Double Energy","floor":24},{"not_picked":["Loop","Steam Power","Gash"],"picked":"SKIP","floor":27},{"not_picked":["Coolheaded","Barrage"],"picked":"Seek","floor":29},{"not_picked":["Aggregate","BootSequence+1"],"picked":"Glacier","floor":30}],"player_experience":1120638,"relics_obtained":[{"floor":7,"key":"DataDisk"},{"floor":9,"key":"Bottled Tornado"},{"floor":14,"key":"Mango"},{"floor":21,"key":"Nilry\u0027s Codex"},{"floor":26,"key":"Omamori"},{"floor":27,"key":"Pen Nib"},{"floor":29,"key":"Blood Vial"}],"event_choices":[{"damage_healed":0,"gold_gain":0,"player_choice":"Ignored","damage_taken":0,"max_hp_gain":0,"max_hp_loss":0,"event_name":"Golden Wing","floor":2,"gold_loss":0},{"damage_healed":0,"gold_gain":100,"player_choice":"Pray","damage_taken":0,"max_hp_gain":0,"max_hp_loss":0,"event_name":"Golden Shrine","floor":8,"gold_loss":0},{"damage_healed":0,"gold_gain":0,"player_choice":"Obtained Book","damage_taken":16,"max_hp_gain":0,"max_hp_loss":0,"event_name":"Cursed Tome","floor":21,"gold_loss":0},{"damage_healed":0,"gold_gain":0,"player_choice":"Smashed Altar","damage_taken":0,"max_hp_gain":0,"max_hp_loss":0,"event_name":"Forgotten Altar","floor":31,"gold_loss":0,"cards_obtained":["Decay"]}],"is_beta":false,"boss_relics":[{"not_picked":["Cursed Key","Black Star"],"picked":"SlaversCollar"}],"items_purged_floors":[20,28],"is_endless":false,"potions_floor_spawned":[1,5,7,10,18,22,29],"killed_by":"Champ","ascension_level":8}}