{"host":"5gvtsr4efrrdxof8","time":1609344007,"event":{"mods":["BaseMod","Bestiary","Better Altar","Better Match","Better Note","Better Skull","Better Vampires","ChefMod","Colored Powertips","Curses Come First","Downfall","Hermit","Hubris","Jorbs\u0027s Wanderer Trilogy","Luminous","Marisa????????","Minty Spire (QoL Compilation)","Quick Restart","READ ME - Guardian Mod","READ ME - Snecko Mod","Random Character Button","Rare Cards Sparkle","Replay The Spire","Robot Space Explorer","Shade Mod","StSLib","The Animator","The Blackbeard","The Construct","The Cursed","The Disciple","The Hierophant","The Judge","The Jungle","The Marked","The Necromancer","The Poker Player","The Servant 0.9.4","Unceasing Turn Reminder","thorton"],"gold_per_floor":[99,99,99,99,99,99,151,184,212,234,257,289,301,332,355,367,367,367],"floor_reached":16,"playtime":778,"items_purged":[],"score":127,"play_id":"802e5d10-4ad6-4ff6-948d-9a2bc07e27d1","local_time":"20201230160007","is_ascension_mode":false,"campfire_choices":[{"data":"hexamod:Sear","floor":1,"key":"SMITH"},{"floor":6,"key":"RECALL"}],"circlet_count":0,"master_deck":["hexamod:Strike","hexamod:Strike+1","hexamod:Strike","hexamod:Strike","hexamod:Defend+1","hexamod:Defend","hexamod:Defend","hexamod:Defend+1","hexamod:Sear+1","hexamod:Float","hexamod:Again","Regret","Voices","hexamod:GhostOfSpirePresent","hexamod:EtherealExpedition","hexamod:VolcanoVisage","hexamod:SoulSteal","hexamod:GhostOfSpireFuture","hexamod:PhantomCloak","hexamod:GhostOfSpirePresent","hexamod:FourthSeal"],"relics":["hexamod:SpiritBrand","downfall:HeartsMalice","Ring of Misfortune","ReplayTheSpireMod:Ring of Sloth","ReplayTheSpireMod:TigerMarble","MawBank","downfall:BrokenWingStatue"],"acts_visited":["Exordium"],"potions_floor_usage":[16,16],"damage_taken":[{"damage":0,"enemies":"Jaw Worm","floor":2,"turns":1},{"damage":0,"enemies":"2 Louse","floor":5,"turns":1},{"damage":0,"enemies":"Lagavulin","floor":8,"turns":1},{"damage":0,"enemies":"Cultist","floor":9,"turns":3},{"damage":10,"enemies":"Blue Slaver","floor":10,"turns":6},{"damage":9,"enemies":"Large Slime","floor":11,"turns":6},{"damage":0,"enemies":"2 Fungi Beasts","floor":12,"turns":3},{"damage":13,"enemies":"Exordium Thugs","floor":14,"turns":5},{"damage":19,"enemies":"Gremlin Gang","floor":15,"turns":4},{"damage":27,"enemies":"downfall:Silent","floor":16,"turns":4}],"seed_played":"8509999637404686950","potions_obtained":[{"floor":8,"key":"Regen Potion"},{"floor":9,"key":"Reflective Coating"},{"floor":10,"key":"Fire Potion"},{"floor":12,"key":"Energy Potion"}],"is_trial":false,"path_per_floor":["R","M","?","?","M","R","T","E","M","M","M","M","?","M","M","B"],"character_chosen":"THE_SPIRIT","items_purchased":[],"campfire_rested":0,"item_purchase_floors":[],"current_hp_per_floor":[70,70,70,70,70,70,70,70,70,60,51,55,55,42,23,0,0,0],"gold":367,"neow_bonus":"THREE_ENEMY_KILL","is_daily":false,"chose_seed":false,"campfire_upgraded":1,"win_rate":0.0,"timestamp":1609344007,"path_taken":["R","M","?","?","M","R","T","E","M","M","M","M","?","M","M","BOSS"],"items_purchased_type":[],"build_version":"2020-12-22","purchased_purges":0,"victory":false,"max_hp_per_floor":[70,70,70,70,70,70,70,70,70,70,70,70,70,70,70,70,70,70],"card_choices":[{"not_picked":["hexamod:Hexaguard","hexamod:NightmareStrike"],"picked":"hexamod:Again","floor":2},{"not_picked":["hexamod:CatchUp","hexamod:StepThrough"],"picked":"hexamod:GhostOfSpirePresent","floor":5},{"not_picked":["hexamod:GhostShield","hexamod:BurningTouch"],"picked":"hexamod:EtherealExpedition","floor":8},{"not_picked":["hexamod:SwordOfDarkness","hexamod:BurningTouch"],"picked":"hexamod:VolcanoVisage","floor":9},{"not_picked":["hexamod:GhostOfSpirePast","hexamod:NightmareStrike"],"picked":"hexamod:SoulSteal","floor":10},{"not_picked":["hexamod:Rewind","hexamod:GhostLash"],"picked":"hexamod:GhostOfSpireFuture","floor":11},{"not_picked":["hexamod:BurningTouch","hexamod:BacktrackSmack"],"picked":"hexamod:PhantomCloak","floor":12},{"not_picked":["hexamod:HauntingEcho","hexamod:BacktrackSmack"],"picked":"hexamod:GhostOfSpirePresent","floor":14},{"not_picked":["hexamod:ChargedBarrage","hexamod:FastForward"],"picked":"hexamod:FourthSeal","floor":15}],"player_experience":103119,"relics_obtained":[{"floor":4,"key":"Ring of Misfortune"},{"floor":4,"key":"ReplayTheSpireMod:Ring of Sloth"},{"floor":7,"key":"ReplayTheSpireMod:TigerMarble"},{"floor":8,"key":"MawBank"}],"event_choices":[],"is_beta":false,"boss_relics":[],"items_purged_floors":[],"is_endless":false,"potions_floor_spawned":[8,9,10,11,12],"killed_by":"downfall:Silent","ascension_level":0}}