{"host":"ql9d3hodw6ja2r3y","time":1609340413,"event":{"mods":["2.2 Compatiblity","A Magickal Journey","AchievementEnabler","Act Like it!","BaseMod","Beaked The Cultist","Better Altar","Better Match","Better Note","Better Sensory Stone","Better Skull","Better Third Choice","Better Vampires","BetterRewards","CCEM","Challenge The Spire","Colored Powertips","Curses Come First","Displayed Cursed Tome","Downfall","Friendly Minions","GifTheSpireLib","Infinite Spire","Marked Mod","Mimic Mod","Minty Spire (QoL Compilation)","Permanent Neow","Quick Restart","Random Character Button","Rare Cards Sparkle","Relic Sorter","Shade Mod","Somnambulant","Spicy Shops","StSLib","Synergy Search","The Blue Laboratory","The Bug Knight","The Construct","The Cursed","The Disciple","The Forsaken","The Hierophant","The Marked","The Runesmith","The Showman","The Spell Scribe"],"gold_per_floor":[111,111,211,225,225,225,225,225,254,266,305,337,337,364,364,440,440,454,419,145,145,142,130,130,48,88,186,186,290,290,290,290,400,400,509,509,509,534,635,635,563,563],"floor_reached":41,"playtime":2861,"items_purged":[],"score":507,"play_id":"948bd2ef-cd7b-405e-b32e-a9ed159850b7","local_time":"20201230160013","is_ascension_mode":false,"campfire_choices":[{"data":"hierophant:AuricBeam","floor":6.0,"key":"SMITH"},{"floor":8.0,"key":"REST"},{"floor":15.0,"key":"REST"},{"floor":24.0,"key":"REST"},{"data":"hierophant:Punish","floor":28,"key":"SMITH"},{"floor":32,"key":"REST"},{"floor":40,"key":"REST"}],"circlet_count":0,"master_deck":["hierophant:Strike_Hierophant","hierophant:Strike_Hierophant","hierophant:Strike_Hierophant","hierophant:Strike_Hierophant","hierophant:Punish+1","hierophant:Defend_Hierophant","hierophant:Defend_Hierophant","hierophant:Defend_Hierophant","hierophant:Defend_Hierophant","hierophant:ChurchCoffers","hierophant:HolyVerse+1","hierophant:AuricBeam+1","infinitespire:Punishment","hierophant:Doubloon","hierophant:Dazzle","hierophant:WrathOfGod","hierophant:RepressedViolence","hierophant:Doomsaying","hierophant:Exaltation","hierophant:Invocation","hierophant:HammerAndAnvil+1","hierophant:Smite","hierophant:Kindle","hierophant:Purify","hierophant:ThreeLashes","hierophant:OrnateBuckler+1","hierophant:RustyCrate+1","hierophant:Doubloon","hierophant:Doubloon","hierophant:OrnateJavelin","hierophant:BulkyChest","hierophant:PristineSoul","hierophant:HolyVerse+1","hierophant:Batter","hierophant:SolarFlare+1","Writhe","hierophant:Sermon","hierophant:TollTheBells+1"],"relics":["hierophant:PropheticMaskRelic","NeowsBlessing","Regal Pillow","CCEMRelics:GrapeVine","CCEMRelics:TechnogenicHelmet","construct:WeddingRing","Letter Opener","theForsaken:ScaryMask","betterThird:NestCultRelic","Nilry\u0027s Codex","Runesmith:UraniumAnvil","Unceasing Top"],"acts_visited":["Exordium","TheCity","TheBeyond"],"potions_floor_usage":[27,29,33,41],"damage_taken":[{"damage":0.0,"enemies":"2 Louse","floor":1.0,"turns":1.0},{"damage":0.0,"enemies":"Small Slimes","floor":4.0,"turns":1.0},{"damage":0.0,"enemies":"Cultist","floor":9.0,"turns":1.0},{"damage":0.0,"enemies":"Cultist","floor":10.0,"turns":2.0},{"damage":4.0,"enemies":"2 Fungi Beasts","floor":11.0,"turns":7.0},{"damage":21.0,"enemies":"Lagavulin","floor":12.0,"turns":5.0},{"damage":4.0,"enemies":"2 Fungi Beasts","floor":14.0,"turns":3.0},{"damage":37.0,"enemies":"Slime Boss","floor":16.0,"turns":5.0},{"damage":11.0,"enemies":"Chosen","floor":18.0,"turns":2.0},{"damage":0.0,"enemies":"2 Thieves","floor":19.0,"turns":1.0},{"damage":0.0,"enemies":"3 Cultists","floor":22.0,"turns":3.0},{"damage":8.0,"enemies":"Book of Stabbing","floor":23.0,"turns":2.0},{"damage":1,"enemies":"Snake Plant","floor":26,"turns":3},{"damage":14,"enemies":"Snake Plant","floor":27,"turns":3},{"damage":10,"enemies":"Centurion and Healer","floor":29,"turns":3},{"damage":52,"enemies":"Collector","floor":33,"turns":7},{"damage":29,"enemies":"3 Darklings","floor":35,"turns":2},{"damage":17,"enemies":"Mind Bloom Boss Battle","floor":38,"turns":5},{"damage":20,"enemies":"3 Shapes","floor":39,"turns":4},{"damage":91,"enemies":"Nightmare","floor":41,"turns":7}],"seed_played":"5593358759802026165","potions_obtained":[{"floor":12.0,"key":"ColorlessPotion"},{"floor":14.0,"key":"FearPotion"},{"floor":16.0,"key":"blueLaboratory:SavagePotion"},{"floor":18.0,"key":"Block Potion"},{"floor":23.0,"key":"construct:ShiftPotion"},{"floor":27,"key":"blueLaboratory:BubblePotion"},{"floor":29,"key":"Explosive Potion"},{"floor":39,"key":"Ancient Potion"}],"is_trial":false,"path_per_floor":["M","?","?","M","$","R","?","R","MIM","M","MIM","E","?","M","R","B",null,"M","M","$","?","M","E","R","$","MIM","M","R","M","?","?","R","B",null,"M","?","?","?","M","R","NM"],"character_chosen":"HIEROPHANT","items_purchased":["hierophant:Kindle","hierophant:Purify","hierophant:ThreeLashes","hierophant:OrnateJavelin"],"campfire_rested":5,"item_purchase_floors":[20,20,20,25],"current_hp_per_floor":[75,75,75,75,75,75,57,75,75,75,71,50,47,43,75,38,75,64,64,64,64,64,56,75,75,74,60,60,50,50,34,71,19,75,46,46,65,48,28,65,0,0],"gold":563,"neow_bonus":"THREE_ENEMY_KILL","is_daily":false,"chose_seed":false,"campfire_upgraded":2,"win_rate":0.0,"timestamp":1609340413,"path_taken":["M","?","?","?","$","R","?","R","MIM","M","?","E","?","?","R","BOSS","M","M","$","?","M","E","R","?","MIM","M","R","M","?","?","R","BOSS","M","?","?","?","?","R","NM"],"items_purchased_type":["Card","Card","Card","Card"],"build_version":"2020-12-22","purchased_purges":0,"victory":false,"max_hp_per_floor":[75,75,75,75,75,75,75,75,75,75,75,75,75,75,75,75,75,75,75,75,75,75,75,75,75,75,75,75,75,75,75,75,75,75,75,75,75,75,75,75,75,75],"card_choices":[{"not_picked":["hierophant:Purify","hierophant:RustyCrate"],"picked":"hierophant:HolyVerse","floor":1.0},{"not_picked":["hierophant:Racketeering","hierophant:ArchangelShield"],"picked":"hierophant:AuricBeam","floor":4.0},{"not_picked":["infinitespire:TheBestDefense","infinitespire:SealOfDarkness+"],"picked":"infinitespire:Punishment","floor":7.0},{"not_picked":["hierophant:Upheaval","hierophant:RecallFunds"],"picked":"hierophant:Dazzle","floor":9.0},{"not_picked":["hierophant:Remorse","hierophant:HammerAndAnvil"],"picked":"hierophant:WrathOfGod","floor":10.0},{"not_picked":["hierophant:CursedGold","hierophant:HammerAndAnvil"],"picked":"hierophant:RepressedViolence","floor":11.0},{"not_picked":["hierophant:Racketeering","hierophant:FieryStrike"],"picked":"hierophant:Doomsaying","floor":12.0},{"not_picked":["hierophant:Sermon","hierophant:Purify"],"picked":"hierophant:Exaltation","floor":14.0},{"not_picked":["hierophant:Batter","hierophant:Generosity"],"picked":"hierophant:Invocation","floor":16.0},{"not_picked":["hierophant:AuricShield","hierophant:RepressedViolence"],"picked":"hierophant:HammerAndAnvil+1","floor":18.0},{"not_picked":["hierophant:MirrorShield","hierophant:Doubloon"],"picked":"hierophant:Smite","floor":19.0},{"not_picked":["hierophant:MirrorShield","hierophant:FieryStrike+1"],"picked":"hierophant:OrnateBuckler+1","floor":22.0},{"not_picked":["hierophant:SecretStash+1","hierophant:OrnateBuckler"],"picked":"hierophant:RustyCrate+1","floor":23.0},{"not_picked":["hierophant:RustyCrate+1","hierophant:Prophecy"],"picked":"hierophant:BulkyChest","floor":26},{"not_picked":["hierophant:SealAway","hierophant:Rebuild"],"picked":"hierophant:PristineSoul","floor":27},{"not_picked":["hierophant:DisplayOfPower","hierophant:Alms"],"picked":"hierophant:HolyVerse+1","floor":29},{"not_picked":["hierophant:Invocation","hierophant:AuricForm"],"picked":"hierophant:Batter","floor":33},{"not_picked":["hierophant:Charity+1","hierophant:ThreeLashes+1"],"picked":"hierophant:SolarFlare+1","floor":35},{"not_picked":["hierophant:ThreeLashes+1","hierophant:AuricShield"],"picked":"hierophant:Sermon","floor":38},{"not_picked":["hierophant:DisplayOfPower","hierophant:ThreeLashes"],"picked":"hierophant:TollTheBells+1","floor":39}],"player_experience":14653,"relics_obtained":[{"floor":11.0,"key":"Regal Pillow"},{"floor":12.0,"key":"CCEMRelics:GrapeVine"},{"floor":23.0,"key":"Letter Opener"},{"floor":26,"key":"theForsaken:ScaryMask"},{"floor":38,"key":"Unceasing Top"}],"event_choices":[{"damage_healed":0.0,"max_hp_gain":0.0,"max_hp_loss":0.0,"gold_gain":100.0,"event_name":"Golden Shrine","player_choice":"Pray","floor":3.0,"gold_loss":0.0,"damage_taken":0.0},{"damage_healed":0.0,"max_hp_gain":0.0,"max_hp_loss":0.0,"gold_gain":0.0,"event_name":"betterThird:BetterScrap","player_choice":"Relic ","floor":13.0,"gold_loss":0.0,"damage_taken":3.0,"cards_obtained":["Tools of the Trade"]},{"damage_healed":0.0,"max_hp_gain":0.0,"max_hp_loss":0.0,"gold_gain":0.0,"event_name":"betterNote:BetterNote","player_choice":"Ignored","floor":21.0,"gold_loss":0.0,"damage_taken":0.0,"cards_obtained":["DaylightSavings"]},{"damage_healed":0,"gold_gain":0,"player_choice":"Madness","damage_taken":0,"relics_obtained":["betterThird:NestCultRelic"],"max_hp_gain":0,"max_hp_loss":0,"event_name":"betterThird:BetterNest","floor":30,"gold_loss":0},{"damage_healed":0,"gold_gain":0,"player_choice":"Obtained Book","damage_taken":16,"max_hp_gain":0,"max_hp_loss":0,"event_name":"Cursed Tome","floor":31,"gold_loss":0},{"damage_healed":0,"gold_gain":0,"player_choice":"Ignored","damage_taken":0,"max_hp_gain":0,"max_hp_loss":0,"event_name":"Tomb of Lord Red Mask","floor":36,"gold_loss":0},{"damage_healed":19,"gold_gain":0,"player_choice":"Writhe","damage_taken":0,"max_hp_gain":0,"max_hp_loss":0,"event_name":"Winding Halls","floor":37,"gold_loss":0,"cards_obtained":["Writhe"]},{"damage_healed":0,"gold_gain":0,"player_choice":"Fight","damage_taken":0,"max_hp_gain":0,"max_hp_loss":0,"event_name":"MindBloom","floor":38,"gold_loss":0}],"is_beta":false,"boss_relics":[{"not_picked":["Velvet Choker","Empty Cage"],"picked":"construct:WeddingRing"},{"not_picked":["CCEMRelics:TransientCore","theForsaken:PaleLantern"],"picked":"Runesmith:UraniumAnvil"}],"items_purged_floors":[],"is_endless":false,"potions_floor_spawned":[12,14,16,18,23,27,29,39],"killed_by":"Nightmare","ascension_level":0}}