{"host":"9n6i2vl93jt4o42q","time":1609323621,"event":{"mods":["BaseMod","Minty Spire (QoL Compilation)","Relic Stats"],"gold_per_floor":[114,114,28,28,42,42,77,95,95,24,24,41,52,72,72,151,151,171,181,181,181,191,466,501,129,129,161,161,179,179,194,194,194,194],"floor_reached":33,"playtime":1856,"items_purged":["Regret"],"score":560,"play_id":"8d8c3c7f-6400-45c3-b953-941fd84d9840","local_time":"20201230112021","is_ascension_mode":true,"campfire_choices":[{"data":"Immolate","floor":6,"key":"SMITH"},{"floor":11,"key":"DIG"},{"floor":15,"key":"DIG"},{"data":"True Grit","floor":28,"key":"SMITH"},{"data":"Infernal Blade","floor":30,"key":"SMITH"},{"floor":32,"key":"REST"}],"circlet_count":0,"master_deck":["AscendersBane","Strike_R","Strike_R+1","Strike_R+1","Defend_R","Defend_R","Defend_R","Defend_R","Bash+1","Pommel Strike","Immolate+1","Shrug It Off","Thunderclap","Evolve","Shrug It Off","Battle Trance","Sentinel","Impervious","Metallicize+1","True Grit+1","Feel No Pain","Seeing Red","Feel No Pain+1","True Grit","Infernal Blade+1","Dropkick","Shockwave"],"relics":["Burning Blood","Letter Opener","Ancient Tea Set","Whetstone","Shovel","White Beast Statue","Mercury Hourglass","Mark of Pain","Mummified Hand","Orrery","Bottled Flame","Self Forming Clay"],"acts_visited":["Exordium","TheCity"],"potions_floor_usage":[13,16,19,24,27,33],"damage_taken":[{"damage":4,"enemies":"2 Louse","floor":1,"turns":3},{"damage":3,"enemies":"Small Slimes","floor":5,"turns":2},{"damage":12,"enemies":"3 Sentries","floor":7,"turns":4},{"damage":4,"enemies":"Cultist","floor":8,"turns":4},{"damage":0,"enemies":"Gremlin Gang","floor":12,"turns":1},{"damage":0,"enemies":"2 Fungi Beasts","floor":13,"turns":1},{"damage":11,"enemies":"3 Louse","floor":14,"turns":2},{"damage":48,"enemies":"The Guardian","floor":16,"turns":11},{"damage":0,"enemies":"3 Byrds","floor":18,"turns":4},{"damage":6,"enemies":"Spheric Guardian","floor":19,"turns":4},{"damage":9,"enemies":"Snake Plant","floor":22,"turns":4},{"damage":18,"enemies":"Slavers","floor":24,"turns":2},{"damage":28,"enemies":"Gremlin Leader","floor":27,"turns":7},{"damage":4,"enemies":"Snecko","floor":29,"turns":6},{"damage":26,"enemies":"Shelled Parasite and Fungi","floor":31,"turns":7},{"damage":35,"enemies":"Automaton","floor":33,"turns":6}],"seed_played":"1779302852398374188","potions_obtained":[{"floor":7,"key":"BlessingOfTheForge"},{"floor":12,"key":"BloodPotion"},{"floor":13,"key":"LiquidMemories"},{"floor":14,"key":"FairyPotion"},{"floor":16,"key":"Energy Potion"},{"floor":18,"key":"Explosive Potion"},{"floor":19,"key":"Ancient Potion"},{"floor":22,"key":"PowerPotion"},{"floor":24,"key":"Explosive Potion"},{"floor":27,"key":"Dexterity Potion"}],"is_trial":false,"path_per_floor":["M","?","$","?","M","R","E","M","T","?","R","M","M","M","R","B",null,"M","M","?","?","M","?","E","$","T","E","R","M","R","M","R","B"],"character_chosen":"IRONCLAD","items_purchased":["Shrug It Off","Thunderclap","True Grit","Feel No Pain","Orrery"],"campfire_rested":1,"item_purchase_floors":[3,3,25,25,25],"current_hp_per_floor":[70,70,70,35,38,38,32,34,34,34,34,40,61,56,56,14,60,66,66,66,66,63,63,51,51,51,29,29,31,31,11,33,0,0],"gold":194,"neow_bonus":"UPGRADE_CARD","is_daily":false,"chose_seed":false,"campfire_upgraded":3,"win_rate":0.0,"timestamp":1609323621,"path_taken":["M","?","$","?","M","R","E","M","T","?","R","?","?","M","R","BOSS","M","M","?","?","?","?","E","$","T","E","R","M","R","?","R","BOSS"],"items_purchased_type":["Card","Card","Card","Card","Relic"],"build_version":"2020-12-22","purchased_purges":1,"victory":false,"max_hp_per_floor":[75,75,75,75,75,75,75,75,75,75,75,75,75,75,75,75,75,75,75,75,75,75,75,75,75,75,75,75,75,75,75,75,75,75],"relic_stats":{"Shovel":2,"counters":[16,67],"Mummified Hand":[22],"Self Forming Clay":[15],"Letter Opener":[53],"Whetstone":["Strike_R","Strike_R"],"obtain_stats":[{"Bottled Flame":26,"Shovel":10,"Mummified Hand":24,"Self Forming Clay":27,"Orrery":25,"Mark of Pain":17,"Letter Opener":4,"Whetstone":9,"Ancient Tea Set":7,"Burning Blood":0,"White Beast Statue":11,"Mercury Hourglass":15},{"Bottled Flame":12,"Shovel":4,"Mummified Hand":12,"Self Forming Clay":13,"Orrery":12,"Mark of Pain":8,"Letter Opener":1,"Whetstone":4,"Ancient Tea Set":3,"Burning Blood":0,"White Beast Statue":4,"Mercury Hourglass":7},{"Bottled Flame":41,"Shovel":13,"Mummified Hand":41,"Self Forming Clay":48,"Orrery":41,"Mark of Pain":28,"Letter Opener":3,"Whetstone":13,"Ancient Tea Set":9,"Burning Blood":0,"White Beast Statue":13,"Mercury Hourglass":17}],"Burning Blood":90,"Mercury Hourglass":[177]},"card_choices":[{"not_picked":["Whirlwind","Evolve"],"picked":"Pommel Strike","floor":1},{"not_picked":["Sword Boomerang","Perfected Strike"],"picked":"Evolve","floor":5},{"not_picked":["Warcry","Corruption","Clothesline"],"picked":"SKIP","floor":7},{"not_picked":["Shockwave","Havoc"],"picked":"Shrug It Off","floor":8},{"not_picked":["Twin Strike","Havoc"],"picked":"Battle Trance","floor":12},{"not_picked":["Combust","Battle Trance","Rage"],"picked":"SKIP","floor":13},{"not_picked":["Heavy Blade","Havoc"],"picked":"Sentinel","floor":14},{"not_picked":["Demon Form","Brutality"],"picked":"Impervious","floor":16},{"not_picked":["Flex","Clothesline"],"picked":"Metallicize+1","floor":18},{"not_picked":["Shrug It Off","Body Slam","Havoc"],"picked":"SKIP","floor":19},{"not_picked":["Cleave","Pommel Strike","Clash"],"picked":"SKIP","floor":22},{"not_picked":["Uppercut","Heavy Blade+1","Cleave"],"picked":"SKIP","floor":24},{"not_picked":["Pommel Strike","Dual Wield"],"picked":"Seeing Red","floor":25},{"not_picked":["Double Tap","Headbutt"],"picked":"Feel No Pain+1","floor":25},{"not_picked":["Berserk","Heavy Blade"],"picked":"True Grit","floor":25},{"not_picked":["Anger","Warcry"],"picked":"Infernal Blade","floor":25},{"not_picked":["Bloodletting","Rage"],"picked":"Dropkick","floor":25},{"not_picked":["Flex","Headbutt","Body Slam"],"picked":"SKIP","floor":27},{"not_picked":["Anger","Armaments"],"picked":"Shockwave","floor":29},{"not_picked":["Carnage","Clothesline","Anger"],"picked":"SKIP","floor":31}],"player_experience":1966805,"relics_obtained":[{"floor":7,"key":"Ancient Tea Set"},{"floor":9,"key":"Whetstone"},{"floor":11,"key":"White Beast Statue"},{"floor":15,"key":"Mercury Hourglass"},{"floor":24,"key":"Mummified Hand"},{"floor":26,"key":"Bottled Flame"},{"floor":27,"key":"Self Forming Clay"}],"event_choices":[{"damage_healed":0,"gold_gain":0,"cards_transformed":["Strike_R"],"player_choice":"Change","damage_taken":0,"max_hp_gain":0,"max_hp_loss":0,"event_name":"Living Wall","floor":2,"gold_loss":0,"cards_obtained":["Immolate"]},{"damage_healed":0,"gold_gain":0,"player_choice":"Success","damage_taken":35,"relics_obtained":["Letter Opener"],"max_hp_gain":0,"max_hp_loss":0,"event_name":"Scrap Ooze","floor":4,"gold_loss":0},{"damage_healed":0,"gold_gain":0,"player_choice":"Paid Gold","damage_taken":0,"relics_obtained":["Shovel"],"max_hp_gain":0,"max_hp_loss":0,"event_name":"WeMeetAgain","floor":10,"gold_loss":71},{"damage_healed":0,"gold_gain":0,"player_choice":"Ignored","damage_taken":0,"max_hp_gain":0,"max_hp_loss":0,"event_name":"Vampires","floor":20,"gold_loss":0},{"cards_removed":["Strike_R"],"damage_healed":0,"gold_gain":0,"player_choice":"Purged","damage_taken":0,"max_hp_gain":0,"max_hp_loss":0,"event_name":"Purifier","floor":21,"gold_loss":0},{"damage_healed":0,"gold_gain":275,"player_choice":"Desecrate","damage_taken":0,"max_hp_gain":0,"max_hp_loss":0,"event_name":"Golden Shrine","floor":23,"gold_loss":0,"cards_obtained":["Regret"]}],"is_beta":false,"boss_relics":[{"not_picked":["Philosopher\u0027s Stone","Busted Crown"],"picked":"Mark of Pain"}],"items_purged_floors":[25],"is_endless":false,"potions_floor_spawned":[7,12,13,14,16,18,19,22,24,27,29,31],"killed_by":"Automaton","ascension_level":19}}