{"host":"zig6x0mxqzam82fb","time":1609289733,"event":{"mods":["BaseMod","Block Reminder","Colored Map","Colored Powertips","Marisa????????","Minty Spire (QoL Compilation)","Relic Stats","StSLib","The Cursed","The Marked","Waifu the Spire"],"gold_per_floor":[112,112,126,143,163,196,196,44,70,86,86,101,127,127,127,231,231,246,264,277,91,106,106,106,106],"floor_reached":24,"playtime":2009,"items_purged":[],"score":286,"play_id":"5ee2c4f2-81e7-442f-86de-d8877433ae1a","local_time":"20201229195533","is_ascension_mode":true,"campfire_choices":[{"data":"Eruption","floor":7,"key":"SMITH"},{"floor":11,"key":"REST"},{"floor":15,"key":"REST"},{"floor":23,"key":"REST"}],"circlet_count":0,"master_deck":["Strike_P","Defend_P+1","Defend_P","Eruption+1","Vigilance+1","ConjureBlade+1","SandsOfTime+1","Sanctity+1","Tantrum","Consecrate","FlurryOfBlows","ThirdEye","Swivel","Prostrate","Swivel","ConjureBlade+1","MasterReality","Wallop+1","Prostrate","Wireheading","Study","EmptyBody+1"],"relics":["Astrolabe","MealTicket","Toolbox","Damaru","Blood Vial","Empty Cage","Lee\u0027s Waffle"],"acts_visited":["Exordium","TheCity"],"potions_floor_usage":[13,16,18,20],"damage_taken":[{"damage":9,"enemies":"2 Louse","floor":1,"turns":3},{"damage":7,"enemies":"Jaw Worm","floor":3,"turns":2},{"damage":0,"enemies":"Cultist","floor":4,"turns":2},{"damage":17,"enemies":"Exordium Wildlife","floor":5,"turns":4},{"damage":2,"enemies":"3 Sentries","floor":6,"turns":5},{"damage":15,"enemies":"Exordium Thugs","floor":10,"turns":4},{"damage":0,"enemies":"Large Slime","floor":12,"turns":2},{"damage":9,"enemies":"Lagavulin","floor":13,"turns":4},{"damage":0,"enemies":"Slime Boss","floor":16,"turns":5},{"damage":4,"enemies":"Chosen","floor":18,"turns":3},{"damage":53,"enemies":"3 Byrds","floor":19,"turns":6},{"damage":11,"enemies":"Centurion and Healer","floor":20,"turns":4},{"damage":62,"enemies":"Chosen and Byrds","floor":22,"turns":5},{"damage":92,"enemies":"Slavers","floor":24,"turns":4}],"seed_played":"-2582701911311739915","potions_obtained":[{"floor":4,"key":"SteroidPotion"},{"floor":5,"key":"SmokeBomb"},{"floor":6,"key":"EssenceOfSteel"},{"floor":10,"key":"AttackPotion"},{"floor":12,"key":"BottledMiracle"},{"floor":13,"key":"FairyPotion"},{"floor":18,"key":"Energy Potion"}],"is_trial":false,"path_per_floor":["M","?","M","M","M","E","R","$","T","M","R","M","E","?","R","B",null,"M","M","M","$","M","R","E"],"character_chosen":"WATCHER","items_purchased":["Toolbox","Lee\u0027s Waffle","Study"],"campfire_rested":3,"item_purchase_floors":[8,21,21],"current_hp_per_floor":[63,49,42,42,25,23,23,38,38,23,44,44,35,35,56,58,72,68,17,8,79,17,40,0,0],"gold":106,"neow_bonus":"BOSS_RELIC","is_daily":false,"chose_seed":false,"campfire_upgraded":1,"win_rate":0.0,"timestamp":1609289733,"path_taken":["M","?","M","M","M","E","R","$","T","M","R","M","E","?","R","BOSS","M","M","M","?","M","R","E"],"items_purchased_type":["Relic","Relic","Card"],"build_version":"2020-12-22","purchased_purges":0,"victory":false,"max_hp_per_floor":[72,72,72,72,72,72,72,72,72,72,72,72,72,72,72,72,72,72,72,72,79,79,79,79,79],"relic_stats":{"Blood Vial":8,"Lee\u0027s Waffle":56,"counters":[14,53],"Astrolabe":["ConjureBlade","SandsOfTime","Sanctity"],"MealTicket":30,"obtain_stats":[{"Blood Vial":13,"Lee\u0027s Waffle":21,"Astrolabe":0,"Toolbox":8,"Damaru":9,"MealTicket":6,"PureWater":0,"Empty Cage":17},{"Blood Vial":8,"Lee\u0027s Waffle":12,"Astrolabe":0,"Toolbox":5,"Damaru":5,"MealTicket":5,"PureWater":0,"Empty Cage":9},{"Blood Vial":26,"Lee\u0027s Waffle":44,"Astrolabe":0,"Toolbox":16,"Damaru":16,"MealTicket":16,"PureWater":0,"Empty Cage":31}]},"card_choices":[{"not_picked":["ClearTheMind","Adaptation"],"picked":"Tantrum","floor":1},{"not_picked":["BowlingBash","WindmillStrike"],"picked":"Consecrate","floor":3},{"not_picked":["Prostrate","Crescendo"],"picked":"FlurryOfBlows","floor":4},{"not_picked":["Collect","Protect"],"picked":"ThirdEye","floor":5},{"not_picked":["FlyingSleeves","Blasphemy"],"picked":"Swivel","floor":6},{"not_picked":["BowlingBash","JustLucky"],"picked":"Prostrate","floor":10},{"not_picked":["ThirdEye","Study"],"picked":"Swivel","floor":12},{"not_picked":["ClearTheMind","Protect"],"picked":"ConjureBlade","floor":13},{"not_picked":["Ragnarok","Brilliance"],"picked":"MasterReality","floor":16},{"not_picked":["EmptyBody","ThirdEye"],"picked":"Wallop+1","floor":18},{"not_picked":["BattleHymn+1","EmptyBody"],"picked":"Prostrate","floor":19},{"not_picked":["PathToVictory","ReachHeaven"],"picked":"Wireheading","floor":20},{"not_picked":["FlyingSleeves+1","FollowUp"],"picked":"EmptyBody+1","floor":22}],"player_experience":396408,"relics_obtained":[{"floor":6,"key":"MealTicket"},{"floor":9,"key":"Damaru"},{"floor":13,"key":"Blood Vial"}],"event_choices":[{"damage_healed":0,"gold_gain":0,"player_choice":"Entered Light","damage_taken":14,"max_hp_gain":0,"max_hp_loss":0,"event_name":"Shining Light","floor":2,"gold_loss":0,"cards_upgraded":["Defend_P","Vigilance"]},{"damage_healed":0,"gold_gain":0,"player_choice":"Upgraded","damage_taken":0,"max_hp_gain":0,"max_hp_loss":0,"event_name":"Upgrade Shrine","floor":14,"gold_loss":0,"cards_upgraded":["ConjureBlade"]}],"is_beta":false,"boss_relics":[{"not_picked":["SlaversCollar","Coffee Dripper"],"picked":"Empty Cage"}],"items_purged_floors":[],"is_endless":false,"potions_floor_spawned":[4,5,6,10,12,13,18],"killed_by":"Slavers","ascension_level":2}}