{"host":"daa8jqyg4gqfaysm","time":1609341328,"event":{"mods":["BaseMod","Colored Powertips","Minty Spire (QoL Compilation)","StSLib"],"gold_per_floor":[115,115,80,100,100,100,119,119,119,153,205,232,248,12,12,87,87,107,32,48,68,96,96,129,44,44,44,69,69,83,109,109,188,188,208,208,208,220,237,237,251,261,261,261,291,301,301,321,321,321,321,321,321,74,74,74],"floor_reached":55,"playtime":2352,"items_purged":["Strike_R"],"score":1930,"play_id":"0434a61c-ac8e-4870-8901-8a717720afea","local_time":"20201230231528","is_ascension_mode":true,"campfire_choices":[{"data":"Bash","floor":6,"key":"SMITH"},{"floor":8,"key":"REST"},{"data":"True Grit","floor":15,"key":"SMITH"},{"floor":23,"key":"REST"},{"data":"Whirlwind","floor":27,"key":"SMITH"},{"floor":32,"key":"REST"},{"floor":40,"key":"REST"},{"floor":44,"key":"REST"},{"floor":47,"key":"RECALL"},{"floor":49,"key":"REST"},{"floor":53,"key":"REST"}],"circlet_count":0,"master_deck":["AscendersBane","Strike_R+1","Defend_R+1","Defend_R","Defend_R","Bash+1","Battle Trance","Heavy Blade+1","Warcry","Clash","Inflame","Headbutt","True Grit+1","Brutality","Corruption+1","Shockwave+1","Wild Strike+1","Cleave","Shrug It Off+1","Pommel Strike","Whirlwind+1","Shrug It Off+1","Demon Form+1","CurseOfTheBell","Pommel Strike+1","Good Instincts","Disarm","Berserk+1","Disarm"],"relics":["Busted Crown","Vajra","HornCleat","Anchor","Dream Catcher","Astrolabe","Red Mask","Frozen Egg 2","Orichalcum","Gremlin Horn","Nunchaku","Potion Belt","Calling Bell","War Paint","Kunai","Mango","Letter Opener","InkBottle"],"acts_visited":["Exordium","TheCity","TheBeyond","TheEnding"],"potions_floor_usage":[18,24,30,39,48,51,51,51,55],"damage_taken":[{"damage":2,"enemies":"Jaw Worm","floor":1,"turns":3},{"damage":0,"enemies":"Small Slimes","floor":4,"turns":2},{"damage":0,"enemies":"2 Louse","floor":7,"turns":2},{"damage":27,"enemies":"3 Sentries","floor":10,"turns":10},{"damage":0,"enemies":"Gremlin Nob","floor":12,"turns":3},{"damage":0,"enemies":"Looter","floor":13,"turns":2},{"damage":8,"enemies":"Hexaghost","floor":16,"turns":8},{"damage":2,"enemies":"3 Byrds","floor":18,"turns":3},{"damage":6,"enemies":"2 Thieves","floor":20,"turns":4},{"damage":2,"enemies":"Snecko","floor":21,"turns":3},{"damage":12,"enemies":"Masked Bandits","floor":22,"turns":5},{"damage":7,"enemies":"Slavers","floor":24,"turns":4},{"damage":13,"enemies":"Book of Stabbing","floor":28,"turns":4},{"damage":0,"enemies":"Sentry and Sphere","floor":30,"turns":3},{"damage":11,"enemies":"Slavers","floor":31,"turns":3},{"damage":17,"enemies":"Collector","floor":33,"turns":7},{"damage":3,"enemies":"3 Shapes","floor":35,"turns":2},{"damage":3,"enemies":"3 Darklings","floor":38,"turns":4},{"damage":24,"enemies":"Spire Growth","floor":39,"turns":4},{"damage":5,"enemies":"Maw","floor":41,"turns":6},{"damage":18,"enemies":"Sphere and 2 Shapes","floor":42,"turns":6},{"damage":23,"enemies":"Giant Head","floor":45,"turns":6},{"damage":1,"enemies":"4 Shapes","floor":46,"turns":3},{"damage":2,"enemies":"3 Darklings","floor":48,"turns":3},{"damage":50,"enemies":"Donu and Deca","floor":50,"turns":7},{"damage":57,"enemies":"Awakened One","floor":51,"turns":11},{"damage":92,"enemies":"Shield and Spear","floor":55,"turns":6}],"seed_played":"-1719780875091859342","potions_obtained":[{"floor":1,"key":"SpeedPotion"},{"floor":10,"key":"LiquidBronze"},{"floor":16,"key":"SteroidPotion"},{"floor":18,"key":"Swift Potion"},{"floor":24,"key":"Strength Potion"},{"floor":30,"key":"Swift Potion"},{"floor":31,"key":"FairyPotion"},{"floor":33,"key":"Block Potion"},{"floor":38,"key":"GamblersBrew"},{"floor":45,"key":"Swift Potion"},{"floor":46,"key":"PowerPotion"},{"floor":48,"key":"AttackPotion"}],"is_trial":false,"path_per_floor":["M","?","?","M","?","R","M","R","T","E","T","E","M","$","R","B",null,"M","?","M","M","?","R","E","?","T","R","E","?","M","E","R","B",null,"M","?","?","M","M","R","M","M","T","R","E","M","R","M","R","B","B",null,"R","$","E"],"character_chosen":"IRONCLAD","items_purchased":["Inflame","Headbutt","True Grit","DuplicationPotion","DistilledChaos","LiquidBronze"],"campfire_rested":7,"item_purchase_floors":[14,14,14,54,54,54],"current_hp_per_floor":[66,48,66,66,43,43,43,65,65,38,38,38,38,38,38,30,64,62,62,56,54,42,64,57,57,57,57,44,44,44,33,55,38,80,77,77,77,74,50,76,71,53,53,79,56,55,55,53,79,29,1,67,89,89,0,0],"gold":74,"neow_bonus":"BOSS_RELIC","is_daily":false,"chose_seed":false,"campfire_upgraded":3,"win_rate":0.0,"timestamp":1609341328,"path_taken":["M","?","?","M","?","R","M","R","T","E","?","E","?","$","R","BOSS","M","?","M","M","?","R","E","?","T","R","E","?","M","E","R","BOSS","M","?","?","M","M","R","?","M","T","R","E","M","R","M","R","BOSS","BOSS","R","$","E"],"items_purchased_type":["Card","Card","Card","Potion","Potion","Potion"],"build_version":"2020-12-22","purchased_purges":1,"victory":false,"max_hp_per_floor":[75,75,75,75,75,75,75,75,75,75,75,75,75,75,75,75,75,75,75,75,75,75,75,75,75,75,75,75,75,75,75,75,75,89,89,89,89,89,89,89,89,89,89,89,89,89,89,89,89,89,89,89,89,89,89,89],"card_choices":[{"not_picked":[],"picked":"Battle Trance","floor":1},{"not_picked":[],"picked":"Heavy Blade","floor":4},{"not_picked":[],"picked":"Warcry","floor":7},{"not_picked":["Feel No Pain"],"picked":"SKIP","floor":10},{"not_picked":[],"picked":"Clash","floor":12},{"not_picked":["Clash"],"picked":"SKIP","floor":13},{"not_picked":[],"picked":"Brutality","floor":16},{"not_picked":[],"picked":"Cleave","floor":18},{"not_picked":[],"picked":"Shrug It Off","floor":20},{"not_picked":[],"picked":"Pommel Strike","floor":21},{"not_picked":[],"picked":"Whirlwind","floor":22},{"not_picked":["Twin Strike"],"picked":"SKIP","floor":24},{"not_picked":["Power Through"],"picked":"SKIP","floor":28},{"not_picked":["Heavy Blade"],"picked":"SKIP","floor":30},{"not_picked":[],"picked":"Shrug It Off","floor":31},{"not_picked":[],"picked":"Demon Form+1","floor":33},{"not_picked":[],"picked":"Pommel Strike+1","floor":35},{"not_picked":[],"picked":"Good Instincts","floor":36},{"not_picked":["Clothesline"],"picked":"SKIP","floor":38},{"not_picked":["Clash"],"picked":"SKIP","floor":39},{"not_picked":[],"picked":"Disarm","floor":40},{"not_picked":["Carnage"],"picked":"SKIP","floor":41},{"not_picked":["Perfected Strike"],"picked":"SKIP","floor":42},{"not_picked":[],"picked":"Berserk+1","floor":45},{"not_picked":["Evolve+1"],"picked":"SKIP","floor":46},{"not_picked":["Headbutt"],"picked":"SKIP","floor":48},{"not_picked":[],"picked":"Disarm","floor":53}],"player_experience":757555,"relics_obtained":[{"floor":10,"key":"HornCleat"},{"floor":11,"key":"Anchor"},{"floor":12,"key":"Dream Catcher"},{"floor":22,"key":"Red Mask"},{"floor":24,"key":"Frozen Egg 2"},{"floor":26,"key":"Gremlin Horn"},{"floor":28,"key":"Nunchaku"},{"floor":31,"key":"Potion Belt"},{"floor":34,"key":"War Paint"},{"floor":34,"key":"Kunai"},{"floor":34,"key":"Mango"},{"floor":43,"key":"Letter Opener"},{"floor":45,"key":"InkBottle"}],"event_choices":[{"damage_healed":0,"gold_gain":0,"player_choice":"Success","damage_taken":18,"relics_obtained":["Vajra"],"max_hp_gain":0,"max_hp_loss":0,"event_name":"Scrap Ooze","floor":2,"gold_loss":0},{"damage_healed":18,"gold_gain":0,"player_choice":"Healed","damage_taken":0,"max_hp_gain":0,"max_hp_loss":0,"event_name":"The Cleric","floor":3,"gold_loss":35},{"damage_healed":0,"gold_gain":0,"player_choice":"Entered Light","damage_taken":23,"max_hp_gain":0,"max_hp_loss":0,"event_name":"Shining Light","floor":5,"gold_loss":0,"cards_upgraded":["Defend_R","Strike_R"]},{"cards_removed":["Defend_R"],"damage_healed":0,"gold_gain":0,"player_choice":"Gave Gold","damage_taken":0,"max_hp_gain":0,"max_hp_loss":0,"event_name":"Beggar","floor":19,"gold_loss":75},{"damage_healed":0,"gold_gain":0,"player_choice":"Fought Bandits","damage_taken":0,"max_hp_gain":0,"max_hp_loss":0,"event_name":"Masked Bandits","floor":22,"gold_loss":0},{"damage_healed":0,"gold_gain":0,"player_choice":"Obtained Relic","damage_taken":0,"relics_obtained":["Orichalcum"],"max_hp_gain":0,"max_hp_loss":0,"event_name":"Addict","floor":25,"gold_loss":85},{"damage_healed":0,"gold_gain":0,"player_choice":"Ignored","damage_taken":0,"max_hp_gain":0,"max_hp_loss":0,"event_name":"Vampires","floor":29,"gold_loss":0},{"damage_healed":0,"gold_gain":0,"player_choice":"Memory 1","damage_taken":0,"max_hp_gain":0,"max_hp_loss":0,"event_name":"SensoryStone","floor":36,"gold_loss":0},{"damage_healed":0,"gold_gain":0,"player_choice":"Forge","damage_taken":0,"max_hp_gain":0,"max_hp_loss":0,"event_name":"Accursed Blacksmith","floor":37,"gold_loss":0,"cards_upgraded":["Heavy Blade"]}],"is_beta":false,"boss_relics":[{"not_picked":["Runic Dome","Cursed Key"],"picked":"Astrolabe"},{"not_picked":["Sozu","Philosopher\u0027s Stone"],"picked":"Calling Bell"}],"items_purged_floors":[14],"is_endless":false,"potions_floor_spawned":[1,10,16,18,21,24,30,31,33,38,45,46,48],"killed_by":"Shield and Spear","ascension_level":20}}