{"host":"fo1pcjb7ykmk7tjo","time":1609360046,"event":{"mods":["BaseMod","Colored Map","Downfall","Hermit","Hubris","Infinite Spire","Marisa????????","Minty Spire (QoL Compilation)","Replay The Spire","StSLib","The Disciple","The Servant 0.9.4"],"gold_per_floor":[117,132,207,157,171,171,5,5,5,30,30,50,50,69,69,172,172,172,172],"floor_reached":18,"playtime":843,"items_purged":["hermit:Strike_Hermit","hermit:Defend_Hermit"],"score":175,"play_id":"158e6ea8-65ce-4b4f-9a58-2bd941e1301f","local_time":"20201230212726","is_ascension_mode":false,"campfire_choices":[{"data":"hermit:Spite","floor":6,"key":"SMITH"},{"data":"hermit:Combo","floor":13,"key":"SMITH"},{"data":"ReplayTheSpireMod:Chaos Vortex","floor":15,"key":"SMITH"}],"circlet_count":0,"master_deck":["hermit:Strike_Hermit","hermit:Defend_Hermit","hermit:Defend_Hermit","hermit:Defend_Hermit","hermit:Snapshot","hermit:Covet","hermit:Spite+1","hermit:Grudge","hermit:Combo+1","hermit:Vantage","hermit:CalledShot","ReplayTheSpireMod:Chaos Vortex+1","hermit:Dissolve","hermit:CalledShot","hermit:Purgatory"],"relics":["hermit:Momento","Mango","Replay:PocketPolymizer","Odd Mushroom","hubris:KleinBottle","Painkiller Herb"],"acts_visited":["Exordium","TheCity"],"potions_floor_usage":[10,10],"damage_taken":[{"damage":0,"enemies":"2 Louse","floor":1,"turns":2},{"damage":0,"enemies":"Small Slimes","floor":2,"turns":3},{"damage":1,"enemies":"Jaw Worm","floor":5,"turns":3},{"damage":13,"enemies":"The Mushroom Lair","floor":10,"turns":4},{"damage":4,"enemies":"Gremlin Gang","floor":12,"turns":4},{"damage":0,"enemies":"Lots of Slimes","floor":14,"turns":3},{"damage":16,"enemies":"Slime Boss","floor":16,"turns":7},{"damage":0,"enemies":"3 Byrds","floor":18,"turns":1}],"seed_played":"-4805444311982435918","potions_obtained":[{"floor":1,"key":"SkillPotion"},{"floor":5,"key":"Adrenaline Potion"},{"floor":10,"key":"SkillPotion"},{"floor":12,"key":"Elixir"}],"is_trial":false,"path_per_floor":["M","M","?","?","M","R","$","?","T","?","$","M","R","M","R","B",null,"?"],"character_chosen":"HERMIT","items_purchased":["hermit:Combo","hermit:Vantage","hubris:KleinBottle"],"campfire_rested":0,"item_purchase_floors":[7,7,11],"current_hp_per_floor":[89,89,78,78,77,77,77,82,82,69,45,41,41,41,41,25,94,94,94],"gold":172,"neow_bonus":"ONE_RARE_RELIC","is_daily":false,"chose_seed":false,"campfire_upgraded":3,"win_rate":0.0,"timestamp":1609360046,"path_taken":["M","M","?","?","M","R","$","?","T","?","?","?","R","M","R","BOSS","?"],"items_purchased_type":["Card","Card","Relic"],"build_version":"2020-12-22","purchased_purges":2,"victory":false,"max_hp_per_floor":[89,89,89,89,89,89,89,94,94,94,94,94,94,94,94,94,94,94,94],"card_choices":[{"not_picked":["hermit:Quickdraw","hermit:Feint"],"picked":"hermit:Spite","floor":1},{"not_picked":["hermit:NoHoldsBarred","hermit:ItchyTrigger","hermit:LowProfile"],"picked":"SKIP","floor":2},{"not_picked":["hermit:Manifest","hermit:Dive"],"picked":"hermit:Grudge","floor":5},{"not_picked":["hermit:Cheat","hermit:TakeCover"],"picked":"hermit:CalledShot","floor":10},{"not_picked":["infinitespire:FutureSight","Replay:Fractal Strike"],"picked":"ReplayTheSpireMod:Chaos Vortex","floor":11},{"not_picked":["hermit:Quickdraw","hermit:Cheat","hermit:WideOpen"],"picked":"SKIP","floor":12},{"not_picked":["hermit:Feint","hermit:Snipe"],"picked":"hermit:CalledShot","floor":14}],"player_experience":175723,"relics_obtained":[{"floor":9,"key":"Replay:PocketPolymizer"},{"floor":10,"key":"Odd Mushroom"}],"event_choices":[{"damage_healed":0,"gold_gain":75,"player_choice":"Gather Gold","damage_taken":11,"max_hp_gain":0,"max_hp_loss":0,"event_name":"World of Goop","floor":3,"gold_loss":0},{"cards_removed":["hubris:Despair"],"damage_healed":0,"gold_gain":0,"player_choice":"Card Removal","damage_taken":0,"max_hp_gain":0,"max_hp_loss":0,"event_name":"The Cleric","floor":4,"gold_loss":50},{"damage_healed":0,"gold_gain":0,"player_choice":"Donut","damage_taken":0,"max_hp_gain":5,"max_hp_loss":0,"event_name":"Big Fish","floor":8,"gold_loss":0},{"damage_healed":0,"gold_gain":0,"player_choice":"Fought Mushrooms","damage_taken":0,"max_hp_gain":0,"max_hp_loss":0,"event_name":"Mushrooms","floor":10,"gold_loss":0}],"is_beta":false,"boss_relics":[{"not_picked":["Astrolabe","hubris:BlackHole"],"picked":"Painkiller Herb"}],"items_purged_floors":[7,11],"is_endless":false,"potions_floor_spawned":[1,5,10,12],"killed_by":"3 Byrds","ascension_level":0}}