{"host":"cxizwatl5v7zq6a5","time":1609299005,"event":{"mods":["AchievementEnabler","Act Like it!","BaseMod","Colored Map","Colored Powertips","Downfall","Friendly Minions","Gensokyo","Hermit","Hubris","Infinite Spire","Marisa????????","Minty Spire (QoL Compilation)","Quick Restart","READ ME - Guardian Mod","Rare Cards Sparkle","Remilia??????","Replay The Spire","StSLib","The Cursed","The Jungle","The Servant 0.9.4","slay the spire mod where everything is the same but ironclad has a cowboy hat"],"gold_per_floor":[111,111,122,122,136,136,136,136],"floor_reached":7,"playtime":124,"items_purged":[],"score":41,"play_id":"dca7b89a-6543-461e-878f-0787e6bcc68b","local_time":"20201230113005","is_ascension_mode":false,"campfire_choices":[{"data":"Replay:LoomingThreat","floor":6,"key":"SMITH"}],"circlet_count":0,"master_deck":["Strike_P","Strike_P","Strike_P","Strike_P","Defend_P","Defend_P","Defend_P","Defend_P","Eruption","Vigilance","CutThroughFate","Vengeance","Pain","Replay:LoomingThreat+1"],"relics":["PureWater","NeowsBlessing","WarpedTongs"],"acts_visited":["Exordium"],"potions_floor_usage":[],"damage_taken":[{"damage":0,"enemies":"2 Louse","floor":1,"turns":1},{"damage":0,"enemies":"Small Slimes","floor":3,"turns":1},{"damage":0,"enemies":"Cultist","floor":5,"turns":2},{"damage":7,"enemies":"Gremlin Nob","floor":7,"turns":3}],"seed_played":"-4986356524416776076","potions_obtained":[{"floor":1,"key":"SpeedPotion"},{"floor":5,"key":"DuplicationPotion"}],"is_trial":false,"path_per_floor":["M","?","M","?","M","R","E"],"character_chosen":"WATCHER","items_purchased":[],"campfire_rested":0,"item_purchase_floors":[],"current_hp_per_floor":[72,72,72,72,72,72,65,65],"gold":136,"neow_bonus":"THREE_ENEMY_KILL","is_daily":false,"chose_seed":false,"campfire_upgraded":1,"win_rate":0.0,"timestamp":1609299005,"path_taken":["M","?","M","?","?","R","E"],"items_purchased_type":[],"build_version":"2020-12-22","purchased_purges":0,"victory":false,"max_hp_per_floor":[72,72,72,72,72,72,72,72],"card_choices":[{"not_picked":["Replay:BluntJabs","ThirdEye"],"picked":"CutThroughFate","floor":1},{"not_picked":["Replay:BluntJabs","EmptyFist"],"picked":"Vengeance","floor":3},{"not_picked":["InnerPeace","JustLucky"],"picked":"Replay:LoomingThreat","floor":5}],"player_experience":116852,"relics_obtained":[],"event_choices":[{"damage_healed":0,"gold_gain":0,"player_choice":"Rummage","damage_taken":0,"relics_obtained":["WarpedTongs"],"max_hp_gain":0,"max_hp_loss":0,"event_name":"Accursed Blacksmith","floor":4,"gold_loss":0,"cards_obtained":["Pain"]}],"is_beta":false,"boss_relics":[],"items_purged_floors":[],"is_endless":false,"potions_floor_spawned":[1,5],"killed_by":"Gremlin Nob","ascension_level":0}}