{"host":"g75gtovmj0ine2rf","time":1609298806,"event":{"mods":["2.2 Compatiblity","AchievementEnabler","Act Like it!","Aspiration","Astrologer","Bard","BaseMod","Better Match","BetterRewards","CapriCore","Challenge The Spire","ChefMod","Colored Map","Conspire","Elementarium","Energized Spire","Friendly Minions","Gensokyo","Halation","Hallownest","Hermit","HexUI Lib","Highlight Path","Hubris","Infinite Spire","Jedi Mod","Lobotomy","Menagerie","Minty Spire (QoL Compilation)","Puzzle Mod","Quick Restart","Rare Cards Sparkle","Relic Stats","Replay The Spire","Robot Space Explorer","Shade Mod","Shop Mod","Spicy Shops","StSLib","SuperFastMode","The Construct","The Cursed","The Dragon Tamer","The Factory","The Jungle","The Marked","The Runesmith","TheBandit","TheFirefly","TheSwordswoman","TheVacant","Transform Curses","Wandering Minibosses","thorton","vexMod"],"gold_per_floor":[117,92,167,187,199,199,199,199,247,276,288,288,322,332,332,427,427,441,452,452,452],"floor_reached":20,"playtime":1021,"items_purged":[],"score":230,"play_id":"7aaed600-df1f-4d13-87e8-720db2f52ca1","local_time":"20201230142646","is_ascension_mode":true,"campfire_choices":[{"floor":6.0,"key":"REST"},{"data":"RobotSpaceExplorer:Explosion","floor":8.0,"key":"SMITH"},{"floor":12.0,"key":"REST"},{"floor":15.0,"key":"REST"}],"circlet_count":0,"master_deck":["RobotSpaceExplorer:Strike","RobotSpaceExplorer:Strike","RobotSpaceExplorer:Strike","RobotSpaceExplorer:Strike","RobotSpaceExplorer:Defend","RobotSpaceExplorer:Defend","RobotSpaceExplorer:Defend","RobotSpaceExplorer:Defend","RobotSpaceExplorer:Scan","RobotSpaceExplorer:MiniLasers","RobotSpaceExplorer:Explosion+1","RobotSpaceExplorer:DualCore","RobotSpaceExplorer:Fix","RobotSpaceExplorer:ShockMissile","RobotSpaceExplorer:Fix","RobotSpaceExplorer:Exploration","RobotSpaceExplorer:ScrapMissile"],"relics":["RobotSpaceExplorer:RoboCore","Tiny Chest","Onion Ring","Replay:Rubber Ducky","aspiration:DefectSkillbook"],"acts_visited":["Exordium","Exordium"],"potions_floor_usage":[],"damage_taken":[{"damage":2.0,"enemies":"2 Louse","floor":1.0,"turns":3.0},{"damage":1.0,"enemies":"conspire:RoseBush","floor":4.0,"turns":4.0},{"damage":13.0,"enemies":"Jaw Worm","floor":5.0,"turns":5.0},{"damage":0.0,"enemies":"Lagavulin","floor":10.0,"turns":8.0},{"damage":5.0,"enemies":"Looter","floor":11.0,"turns":5.0},{"damage":13.0,"enemies":"Gremlin Nob","floor":13.0,"turns":4.0},{"damage":43.0,"enemies":"Gremlin Gang","floor":14.0,"turns":4.0},{"damage":43.0,"enemies":"The Guardian","floor":16.0,"turns":17.0},{"damage":50.0,"enemies":"Gensokyo:CosmicMonolith","floor":18.0,"turns":7.0},{"damage":19.0,"enemies":"Gensokyo:Chomper","floor":19.0,"turns":4.0},{"damage":39,"enemies":"Gensokyo:Swordslinger","floor":20,"turns":4}],"seed_played":"4865482346608066625","potions_obtained":[{"floor":5.0,"key":"Block Potion"},{"floor":7.0,"key":"LiquidBronze"},{"floor":7.0,"key":"EssenceOfSteel"},{"floor":11.0,"key":"conspire:TimeTravelPotion"},{"floor":13.0,"key":"Doom Potion"}],"is_trial":false,"path_per_floor":["M","?","?","M","M","R","?","R","T","E","M","R","E","M","R","B",null,"M","M","M"],"character_chosen":"RobotSpaceExplorer","items_purchased":[],"campfire_rested":3,"item_purchase_floors":[],"current_hp_per_floor":[52,52,41,40,27,49,49,49,49,53,52,74,73,34,56,21,75,29,18,0,0],"gold":452,"neow_bonus":"THREE_RARE_CARDS","is_daily":false,"chose_seed":false,"campfire_upgraded":1,"win_rate":0.0,"timestamp":1609298806,"path_taken":["M","?","?","?","M","R","?","R","T","E","M","R","E","M","R","BOSS","M","M","?"],"items_purchased_type":[],"build_version":"2020-12-22","purchased_purges":0,"victory":false,"max_hp_per_floor":[75,75,75,75,75,75,75,75,75,75,75,75,75,75,75,75,75,75,75,75,75],"relic_stats":{"counters":[11,65],"Tiny Chest":0,"obtain_stats":[{"aspiration:DefectSkillbook":17,"RobotSpaceExplorer:RoboCore":0,"Tiny Chest":9,"Onion Ring":10,"Replay:Rubber Ducky":13},{"aspiration:DefectSkillbook":8,"RobotSpaceExplorer:RoboCore":0,"Tiny Chest":3,"Onion Ring":4,"Replay:Rubber Ducky":6},{"aspiration:DefectSkillbook":50,"RobotSpaceExplorer:RoboCore":0,"Tiny Chest":12,"Onion Ring":20,"Replay:Rubber Ducky":29}]},"card_choices":[{"not_picked":["RobotSpaceExplorer:Asteroid","RobotSpaceExplorer:Multitool"],"picked":"RobotSpaceExplorer:Explosion","floor":0.0},{"not_picked":["RobotSpaceExplorer:ImprovisedAttack","RobotSpaceExplorer:DoubleBlock"],"picked":"RobotSpaceExplorer:DualCore","floor":1.0},{"not_picked":["RobotSpaceExplorer:Electropulse","RobotSpaceExplorer:SurgingStrike","RobotSpaceExplorer:ShockKick"],"picked":"SKIP","floor":4.0},{"not_picked":["RobotSpaceExplorer:ImprovisedAttack","RobotSpaceExplorer:TurboDodge"],"picked":"RobotSpaceExplorer:Fix","floor":5.0},{"not_picked":["RobotSpaceExplorer:Pulsar","RobotSpaceExplorer:DoubleBlock","RobotSpaceExplorer:MakeshiftVolley"],"picked":"SKIP","floor":10.0},{"not_picked":["RobotSpaceExplorer:ToxicBomb","RobotSpaceExplorer:SurgingShield","RobotSpaceExplorer:FreezeRay"],"picked":"SKIP","floor":11.0},{"not_picked":["RobotSpaceExplorer:ScrapToss","RobotSpaceExplorer:FreezeRay"],"picked":"RobotSpaceExplorer:ShockMissile","floor":13.0},{"not_picked":["RobotSpaceExplorer:LaserBurst","RobotSpaceExplorer:ShovelStrike"],"picked":"RobotSpaceExplorer:Fix","floor":14.0},{"not_picked":["RobotSpaceExplorer:Explosion","RobotSpaceExplorer:Comet"],"picked":"RobotSpaceExplorer:Exploration","floor":16.0},{"not_picked":["Barrage+1","Sweeping Beam","Streamline+1","jedi:BurstLightning"],"picked":"SKIP","floor":18.0},{"not_picked":["Auto Shields+1","Sunder+1","Coolheaded"],"picked":"RobotSpaceExplorer:ScrapMissile","floor":19.0}],"player_experience":1357747,"relics_obtained":[{"floor":9.0,"key":"Tiny Chest"},{"floor":10.0,"key":"Onion Ring"},{"floor":13.0,"key":"Replay:Rubber Ducky"}],"event_choices":[{"damage_healed":0.0,"max_hp_gain":0.0,"max_hp_loss":0.0,"gold_gain":75.0,"event_name":"World of Goop","player_choice":"Gather Gold","floor":3.0,"gold_loss":0.0,"damage_taken":11.0},{"damage_healed":0.0,"max_hp_gain":0.0,"max_hp_loss":0.0,"gold_gain":0.0,"event_name":"Lab","player_choice":"Got Potions","floor":7.0,"gold_loss":0.0,"damage_taken":0.0}],"is_beta":false,"boss_relics":[{"not_picked":["hubris:GrandSneckoEye","vexMod:TanglingVine"],"picked":"aspiration:DefectSkillbook"}],"items_purged_floors":[],"is_endless":false,"potions_floor_spawned":[5,11,13],"killed_by":"Gensokyo:Swordslinger","ascension_level":2}}