{"host":"iha1eel9u3wfm8eh","time":1609341917,"event":{"mods":["AchievementEnabler","Aspiration","BaseMod","Better Altar","Better Match","Better Note","Better Sensory Stone","Better Skull","Better Third Choice","BetterRewards","CCEM","Colored Map","Conspire","Downfall","GifTheSpireLib","Googly Eyes","Halation","Hermit","Highlight Path","Hubris","Infinite Spire","Jedi Mod","Mimic Mod","Minty Spire (QoL Compilation)","Permanent Neow","Replay The Spire","Shade Mod","Shop Mod","Spicy Shops","StSLib","Stuff the Spire","The Jungle","The Mystic","The Witch","Unceasing Turn Reminder","[IsaacMod]????","everything is the same but u backflip on backflip"],"gold_per_floor":[109,34,53,0,0,0,18,18,72,103,119,119,176,1410064107,1410064107,1410064107,1410064107],"floor_reached":16,"playtime":987,"items_purged":["ReplayTheSpireMod:Splinters"],"score":98,"play_id":"7da5c347-d838-4dfb-a2ec-2db5994ec5ea","local_time":"20201230152517","is_ascension_mode":false,"campfire_choices":[{"floor":6,"key":"RECALL"},{"data":"Envenom","floor":8,"key":"SMITH"},{"floor":12,"key":"REST"},{"floor":15,"key":"REST"}],"circlet_count":0,"master_deck":["Strike_G","Strike_G","Strike_G","Strike_G","Strike_G","Defend_G","Defend_G","Defend_G","Defend_G","Defend_G","Survivor","Neutralize","Malaise","Poisoned Stab","Envenom+1","Enlightenment","Infinite Blades","Outmaneuver","Poisoned Stab"],"relics":["Ring of the Snake","HushsDoor","PillsDrop","aspiration:HiddenCompartment","CCEMRelics:JestersCrown","Peace Pipe","InkBottle","GuppysTail","infinitespire:WardingShard","MerchantsRug"],"acts_visited":["Exordium"],"potions_floor_usage":[11,16,16,16],"damage_taken":[{"damage":6,"enemies":"2 Louse","floor":1,"turns":3},{"damage":12,"enemies":"conspire:RoseBush","floor":3,"turns":2},{"damage":6,"enemies":"Cultist","floor":7,"turns":4},{"damage":36,"enemies":"Replay:BlueRogue","floor":10,"turns":7},{"damage":5,"enemies":"2 Fungi Beasts","floor":11,"turns":3},{"damage":73,"enemies":"Fading Forest","floor":16,"turns":11}],"seed_played":"-8659617412860173996","potions_obtained":[{"floor":3,"key":"jedi:wingpotion"},{"floor":7,"key":"ColorlessPotion"},{"floor":13,"key":"Reflective Coating"},{"floor":13,"key":"jedi:tentaclejuice"}],"is_trial":false,"path_per_floor":["M","$","M","?","?","R","M","R","T","E","M","R","?","$","R","B"],"character_chosen":"THE_SILENT","items_purchased":["Toxic Potion","Peace Pipe","InkBottle","GuppysTail","infinitespire:WardingShard","MerchantsRug"],"campfire_rested":2,"item_purchase_floors":[2,14,14,14,14,14],"current_hp_per_floor":[64,64,52,58,58,58,52,52,52,19,14,37,37,37,60,0,0],"gold":1410064107,"neow_bonus":"ONE_RANDOM_RARE_CARD","is_daily":false,"chose_seed":false,"campfire_upgraded":1,"win_rate":0.0,"timestamp":1609341917,"path_taken":["M","$","M","?","?","R","M","R","T","E","M","R","?","$","R","BOSS"],"items_purchased_type":["Potion","Relic","Relic","Relic","Relic","Relic"],"build_version":"2020-12-22","purchased_purges":1,"victory":false,"max_hp_per_floor":[70,70,70,76,76,76,76,76,76,79,79,79,79,79,79,79,79],"card_choices":[{"not_picked":[],"picked":"ChaosCard","floor":0},{"not_picked":["StuffTheSpire:DoubleShiv","Dagger Throw"],"picked":"Poisoned Stab","floor":1},{"not_picked":["StuffTheSpire:ReptileScales","ReplayTheSpireMod:Scrap Shanks"],"picked":"Envenom","floor":3},{"not_picked":["StuffTheSpire:Python","Dodge and Roll"],"picked":"Infinite Blades","floor":7},{"not_picked":["Masterful Stab","Hidden Blade"],"picked":"Outmaneuver","floor":10},{"not_picked":["StuffTheSpire:DoubleShiv","StuffTheSpire:ClusterCrunch"],"picked":"Poisoned Stab","floor":11}],"player_experience":49228,"relics_obtained":[{"floor":10,"key":"aspiration:HiddenCompartment"},{"floor":13,"key":"CCEMRelics:JestersCrown"}],"event_choices":[{"damage_healed":0,"gold_gain":0,"player_choice":"RENOUNCE","damage_taken":53,"max_hp_gain":0,"max_hp_loss":0,"event_name":"betterThird:BetterSerpent","floor":4,"gold_loss":53,"cards_obtained":["Enlightenment"]}],"is_beta":false,"boss_relics":[],"items_purged_floors":[14],"is_endless":false,"potions_floor_spawned":[3,7],"killed_by":"Fading Forest","ascension_level":0}}