{"host":"1eo5f82aifdzd7pr","time":1609363826,"event":{"mods":["AchievementEnabler","BaseMod","Colored Map","Colored Powertips","DeckTracker","Marisa????????","Minty Spire (QoL Compilation)","SuperFastMode","The Servant 0.9.4"],"gold_per_floor":[124,156,156,186,214,214,231,231,231,284,342,342,117,172,172,302,302,302,302,302,302,217,217,217,217,217,217,217,217,217,217,217,217,217,217,18,18,0,0,0,0,0,0,0,0,0,0,0,0,0],"floor_reached":51,"playtime":4048,"items_purged":["Defend_MRS","Strike_MRS"],"score":843,"play_id":"29975c90-a7ed-436b-bc3f-2ac729359c90","local_time":"20201230233026","is_ascension_mode":true,"campfire_choices":[{"data":"WitchOfGreed","floor":6,"key":"SMITH"},{"data":"Acceleration","floor":8,"key":"SMITH"},{"data":"Acceleration","floor":12,"key":"SMITH"},{"data":"PulseMagic","floor":15,"key":"SMITH"},{"data":"MagicChant","floor":25,"key":"SMITH"},{"data":"GalacticHalo","floor":28,"key":"SMITH"},{"data":"AbsoluteMagnitude","floor":32,"key":"SMITH"},{"data":"GalacticHalo","floor":41,"key":"SMITH"},{"data":"UltimateShortwave","floor":46,"key":"SMITH"},{"data":"MagicChant","floor":49,"key":"SMITH"}],"circlet_count":0,"master_deck":["Strike_MRS","Strike_MRS","Defend_MRS","Defend_MRS","Defend_MRS","MasterSpark+1","UpSweep+1","WitchOfGreed+1","PulseMagic+1","Acceleration+1","Acceleration+1","Parasite","Parasite","GalacticHalo+1","EventHorizon","AbsoluteMagnitude+1","GalacticHalo+1","SporeBomb","Necronomicurse","MagicChant+1","BinaryStars","UltimateShortwave+1","ManaConvection+1","Wraith","MagicChant+1"],"relics":["MiniHakkero","StrikeDummy","ShroomBag","Mercury Hourglass","Frozen Eye","Tiny Chest","Ectoplasm","Necronomicon","Letter Opener","Smiling Mask","Anchor","Mango","SlaversCollar","Matryoshka","Red Mask","SproutingBranch","Toy Ornithopter","Frozen Egg 2","Nunchaku","Sundial","Bronze Scales","Gremlin Horn"],"acts_visited":["Exordium","TheCity","TheBeyond"],"potions_floor_usage":[2,5,7,10,10,11,16,19,23,27,29,35,42,50,50],"damage_taken":[{"damage":1,"enemies":"Cultist","floor":1,"turns":3},{"damage":0,"enemies":"Small Slimes","floor":2,"turns":3},{"damage":1,"enemies":"2 Louse","floor":4,"turns":2},{"damage":6,"enemies":"Exordium Wildlife","floor":5,"turns":3},{"damage":0,"enemies":"Large Slime","floor":7,"turns":3},{"damage":10,"enemies":"The Mushroom Lair","floor":10,"turns":4},{"damage":4,"enemies":"3 Sentries","floor":11,"turns":6},{"damage":9,"enemies":"Lagavulin","floor":14,"turns":6},{"damage":26,"enemies":"Hexaghost","floor":16,"turns":6},{"damage":2,"enemies":"Shell Parasite","floor":18,"turns":4},{"damage":8,"enemies":"3 Byrds","floor":19,"turns":5},{"damage":0,"enemies":"Snake Plant","floor":20,"turns":2},{"damage":0,"enemies":"Gremlin Leader","floor":23,"turns":3},{"damage":0,"enemies":"Chosen and Byrds","floor":24,"turns":4},{"damage":1,"enemies":"Centurion and Healer","floor":27,"turns":4},{"damage":0,"enemies":"Snecko","floor":29,"turns":2},{"damage":0,"enemies":"Book of Stabbing","floor":30,"turns":3},{"damage":1,"enemies":"Champ","floor":33,"turns":5},{"damage":20,"enemies":"3 Darklings","floor":35,"turns":7},{"damage":0,"enemies":"Mind Bloom Boss Battle","floor":39,"turns":2},{"damage":0,"enemies":"Giant Head","floor":40,"turns":5},{"damage":16,"enemies":"Reptomancer","floor":42,"turns":4},{"damage":5,"enemies":"Orb Walker","floor":47,"turns":2},{"damage":16,"enemies":"3 Darklings","floor":48,"turns":4},{"damage":28,"enemies":"Time Eater","floor":50,"turns":3}],"seed_played":"-2412287695262870111","potions_obtained":[{"floor":1,"key":"LiquidBronze"},{"floor":2,"key":"Strength Potion"},{"floor":4,"key":"Explosive Potion"},{"floor":5,"key":"ColorlessPotion"},{"floor":7,"key":"BlessingOfTheForge"},{"floor":10,"key":"Explosive Potion"},{"floor":11,"key":"BottledSpark"},{"floor":14,"key":"BlessingOfTheForge"},{"floor":14,"key":"SmokeBomb"},{"floor":16,"key":"SkillPotion"},{"floor":18,"key":"BottledSpark"},{"floor":19,"key":"EssenceOfSteel"},{"floor":19,"key":"Dexterity Potion"},{"floor":24,"key":"Energy Potion"},{"floor":27,"key":"LiquidMemories"},{"floor":29,"key":"Energy Potion"},{"floor":35,"key":"BottledSpark"},{"floor":35,"key":"DistilledChaos"},{"floor":47,"key":"FearPotion"},{"floor":48,"key":"LiquidMemories"}],"is_trial":false,"path_per_floor":["M","M","?","M","M","R","M","R","T","?","E","R","$","E","R","B",null,"M","M","M","?","?","E","M","R","T","M","R","M","E","?","R","B",null,"M","$","T","?","?","E","R","E","T","?","T","R","M","M","R","B",null],"character_chosen":"MARISA","items_purchased":["Frozen Eye","UltimateShortwave"],"campfire_rested":0,"item_purchase_floors":[13,36],"current_hp_per_floor":[74,74,59,58,52,52,52,52,52,42,42,42,42,37,37,15,75,75,69,73,57,57,61,65,65,65,68,68,72,89,89,89,89,89,69,69,69,69,71,89,89,78,78,78,78,78,80,78,78,66],"gold":0,"neow_bonus":"TRANSFORM_CARD","is_daily":false,"chose_seed":false,"campfire_upgraded":10,"win_rate":0.0,"timestamp":1609363826,"path_taken":["M","M","?","M","M","R","M","R","T","?","E","R","$","E","R","BOSS","M","M","M","?","?","E","M","R","T","M","R","M","E","?","R","BOSS","M","$","?","?","?","E","R","E","T","?","?","R","M","?","R","BOSS"],"items_purchased_type":["Relic","Card"],"build_version":"2020-12-22","purchased_purges":2,"victory":true,"max_hp_per_floor":[75,75,75,75,75,75,75,75,75,75,75,75,75,75,75,75,75,75,75,75,75,75,75,75,75,75,75,75,75,89,89,89,89,89,89,89,89,89,89,89,89,89,89,89,89,89,89,89,89,89],"card_choices":[{"not_picked":["Acceleration","GasGiant"],"picked":"PulseMagic","floor":1},{"not_picked":["GravityBeat","UnstableBomb","SporeBomb"],"picked":"SKIP","floor":2},{"not_picked":["FairyDestructionRay","GalacticHalo"],"picked":"Acceleration","floor":4},{"not_picked":["PowerUp","DoubleSpark"],"picked":"Acceleration","floor":5},{"not_picked":["NonDirectionalLaser","BigCrunch","DC"],"picked":"SKIP","floor":7},{"not_picked":["MilkyWay","MagicChant"],"picked":"GalacticHalo","floor":10},{"not_picked":["BlazeAway","SporeBomb","UnstableBomb"],"picked":"SKIP","floor":11},{"not_picked":["SatelliteIllusion","6A"],"picked":"EventHorizon","floor":14},{"not_picked":["FinalSpark","SuperNova"],"picked":"AbsoluteMagnitude","floor":16},{"not_picked":["StarlightTyphoon","UnstableBomb"],"picked":"GalacticHalo","floor":18},{"not_picked":["DoubleSpark+1","GrandCross","DragonMeteor"],"picked":"SKIP","floor":19},{"not_picked":["GrandCross+1","MachineGunSpark"],"picked":"SporeBomb","floor":20},{"not_picked":["MysteriousBeam+1","OrrerysSun+1"],"picked":"MagicChant","floor":23},{"not_picked":["FairyDestructionRay","BlazeAway","OrrerysSun+1"],"picked":"SKIP","floor":24},{"not_picked":["ChargeUpSpray+1","IllusionStar","GravityBeat+1"],"picked":"SKIP","floor":27},{"not_picked":["WitchLeyline","NonDirectionalLaser"],"picked":"BinaryStars","floor":29},{"not_picked":["OneTimeOff","DarkSpark","MilkyWay"],"picked":"SKIP","floor":30},{"not_picked":["NonDirectionalLaser","DoubleSpark","WitchLeyline"],"picked":"SKIP","floor":35},{"not_picked":["MachineGunSpark+1","RefractionSpark"],"picked":"ManaConvection+1","floor":40},{"not_picked":["Occultation","WitchOfGreed+1","StarlightTyphoon+1"],"picked":"SKIP","floor":42},{"not_picked":["UnstableBomb+1","DC+1"],"picked":"MagicChant","floor":47},{"not_picked":["DC+1","6A","WitchLeyline"],"picked":"SKIP","floor":48}],"player_experience":757849,"relics_obtained":[{"floor":9,"key":"StrikeDummy"},{"floor":10,"key":"ShroomBag"},{"floor":11,"key":"Mercury Hourglass"},{"floor":14,"key":"Tiny Chest"},{"floor":21,"key":"Necronomicon"},{"floor":23,"key":"Smiling Mask"},{"floor":26,"key":"Anchor"},{"floor":30,"key":"Mango"},{"floor":37,"key":"Matryoshka"},{"floor":39,"key":"SproutingBranch"},{"floor":40,"key":"Toy Ornithopter"},{"floor":42,"key":"Frozen Egg 2"},{"floor":43,"key":"Nunchaku"},{"floor":43,"key":"Sundial"},{"floor":45,"key":"Bronze Scales"},{"floor":45,"key":"Gremlin Horn"}],"event_choices":[{"damage_healed":0,"gold_gain":0,"player_choice":"Entered Light","damage_taken":15,"max_hp_gain":0,"max_hp_loss":0,"event_name":"Shining Light","floor":3,"gold_loss":0,"cards_upgraded":["MasterSpark","UpSweep"]},{"damage_healed":0,"gold_gain":0,"player_choice":"Fought Mushrooms","damage_taken":0,"max_hp_gain":0,"max_hp_loss":0,"event_name":"Mushrooms_MRS","floor":10,"gold_loss":0},{"damage_healed":0,"gold_gain":0,"player_choice":"Obtained Book","damage_taken":16,"max_hp_gain":0,"max_hp_loss":0,"event_name":"Cursed Tome","floor":21,"gold_loss":0},{"damage_healed":0,"gold_gain":0,"player_choice":"Obtained Relic","damage_taken":0,"relics_obtained":["Letter Opener"],"max_hp_gain":0,"max_hp_loss":0,"event_name":"Addict","floor":22,"gold_loss":85},{"damage_healed":0,"gold_gain":0,"player_choice":"Ignored","damage_taken":0,"max_hp_gain":0,"max_hp_loss":0,"event_name":"The Mausoleum","floor":31,"gold_loss":0},{"damage_healed":0,"gold_gain":0,"player_choice":"Paid","damage_taken":0,"relics_obtained":["Red Mask"],"max_hp_gain":0,"max_hp_loss":0,"event_name":"Tomb of Lord Red Mask","floor":38,"gold_loss":18},{"damage_healed":0,"gold_gain":0,"player_choice":"Fight","damage_taken":0,"max_hp_gain":0,"max_hp_loss":0,"event_name":"MindBloom","floor":39,"gold_loss":0},{"damage_healed":0,"gold_gain":0,"player_choice":"Ignored","damage_taken":0,"max_hp_gain":0,"max_hp_loss":0,"event_name":"OrinTheCat","floor":44,"gold_loss":0}],"is_beta":false,"boss_relics":[{"not_picked":["Calling Bell","Velvet Choker"],"picked":"Ectoplasm"},{"not_picked":["Black Star","Busted Crown"],"picked":"SlaversCollar"}],"items_purged_floors":[13,36],"is_endless":false,"potions_floor_spawned":[4,5,7,14,19,24,27,29,35,40,48],"ascension_level":1}}