{"host":"ne0yiqbtx1vmhgo0","time":1609340294,"event":{"mods":["BaseMod","Minty Spire (QoL Compilation)","Replay The Spire","Shop Mod","StSLib","The Bug Knight","The Cursed","The Runesmith","The Servant 0.9.4","UnlockEverythingMod"],"gold_per_floor":[115,125,50,70,70,105,124,124,124],"floor_reached":8,"playtime":765,"items_purged":["Runesmith:Strike_RS"],"score":83,"play_id":"93799ede-f1dc-461d-8c4b-01f37cf7a315","local_time":"20201230225814","is_ascension_mode":false,"campfire_choices":[],"circlet_count":0,"master_deck":["Runesmith:Strike_RS","Runesmith:Strike_RS","Runesmith:Strike_RS","Runesmith:Defend_RS","Runesmith:Defend_RS","Runesmith:Defend_RS","Runesmith:Defend_RS","Runesmith:CraftFirestone","Runesmith:Fortify","Runesmith:PerfectChisel","Runesmith:CraftMagma","Runesmith:CraftSpiculum","Runesmith:CreatorForm"],"relics":["Runesmith:BrokenRuby","ReplayFunnel"],"acts_visited":["Exordium"],"potions_floor_usage":[],"damage_taken":[{"damage":0,"enemies":"Cultist","floor":1,"turns":4},{"damage":11,"enemies":"Jaw Worm","floor":2,"turns":4},{"damage":0,"enemies":"2 Louse","floor":4,"turns":4},{"damage":0,"enemies":"Replay:BlueRogue","floor":6,"turns":8},{"damage":5,"enemies":"2 Fungi Beasts","floor":7,"turns":4},{"damage":71,"enemies":"Gremlin Nob","floor":8,"turns":5}],"seed_played":"-3685783001985875619","potions_obtained":[{"floor":2,"key":"Adrenaline Potion"},{"floor":4,"key":"LiquidBronze"}],"is_trial":false,"path_per_floor":["M","M","$","M","T","E","M","E"],"character_chosen":"RUNESMITH_CLASS","items_purchased":[],"campfire_rested":0,"item_purchase_floors":[],"current_hp_per_floor":[77,66,66,66,66,66,61,0,0],"gold":124,"neow_bonus":"TEN_PERCENT_HP_BONUS","is_daily":false,"chose_seed":false,"campfire_upgraded":0,"win_rate":0.0,"timestamp":1609340294,"path_taken":["M","M","?","M","?","E","?","E"],"items_purchased_type":[],"build_version":"2020-12-22","purchased_purges":1,"victory":false,"max_hp_per_floor":[77,77,77,77,77,77,77,77,77],"card_choices":[{"not_picked":["Runesmith:HammerThrow","Runesmith:EnergizedChisel"],"picked":"Runesmith:PerfectChisel","floor":1},{"not_picked":["Runesmith:HeatExchange","Runesmith:NegativeSpace"],"picked":"Runesmith:CraftMagma","floor":2},{"not_picked":["Runesmith:Grindstone","Runesmith:RuneHurl"],"picked":"Runesmith:CraftSpiculum","floor":4},{"not_picked":["Runesmith:CraftProtectio","Runesmith:Electrocute","Runesmith:CraftVitae"],"picked":"SKIP","floor":6},{"not_picked":["Runesmith:UnstableHammer","Runesmith:Augment"],"picked":"Runesmith:CreatorForm","floor":7}],"player_experience":4794,"relics_obtained":[{"floor":6,"key":"ReplayFunnel"}],"event_choices":[],"is_beta":false,"boss_relics":[],"items_purged_floors":[3],"is_endless":false,"potions_floor_spawned":[2,4],"killed_by":"Gremlin Nob","ascension_level":0}}