{"host":"vddkjx04kiwje1tk","time":1609333920,"event":{"mods":["AchievementEnabler","BaseMod","Colored Map","Minty Spire (QoL Compilation)","Quick Restart","SuperFastMode"],"gold_per_floor":[115,115,115,115,125,155,155,184,208,237,266,294,317,340,352,465,477,477],"floor_reached":17,"playtime":249,"items_purged":[],"score":243,"play_id":"e1589760-7f9d-4254-a84b-be41c9a2b5b7","local_time":"20201230221200","is_ascension_mode":true,"campfire_choices":[{"data":"Neutralize","floor":7,"key":"SMITH"},{"floor":15,"key":"REST"}],"circlet_count":0,"master_deck":["Strike_G","Strike_G+1","Strike_G","Strike_G+1","Strike_G","Defend_G","Defend_G","Defend_G","Defend_G","Survivor","Neutralize+1","Backstab","Cloak And Dagger","Infinite Blades","Blade Dance","Cloak And Dagger","Storm of Steel"],"relics":["Ring of the Snake","NeowsBlessing","Strawberry","Boot","MawBank","Sozu"],"acts_visited":["Exordium","TheCity"],"potions_floor_usage":[16,16,16],"damage_taken":[{"damage":0,"enemies":"Cultist","floor":1,"turns":1},{"damage":0,"enemies":"Jaw Worm","floor":5,"turns":1},{"damage":0,"enemies":"Lagavulin","floor":6,"turns":1},{"damage":20,"enemies":"Gremlin Nob","floor":8,"turns":4},{"damage":0,"enemies":"2 Louse","floor":10,"turns":1},{"damage":1,"enemies":"Blue Slaver","floor":11,"turns":2},{"damage":2,"enemies":"Lots of Slimes","floor":12,"turns":5},{"damage":12,"enemies":"Exordium Wildlife","floor":13,"turns":5},{"damage":9,"enemies":"Blue Slaver","floor":14,"turns":3},{"damage":19,"enemies":"Hexaghost","floor":16,"turns":7}],"seed_played":"4382986717392980974","potions_obtained":[{"floor":1,"key":"CultistPotion"},{"floor":5,"key":"SpeedPotion"},{"floor":6,"key":"Fire Potion"},{"floor":16,"key":"FairyPotion"}],"is_trial":false,"path_per_floor":["M","?","?","?","M","E","R","E","T","M","M","M","M","M","R","B",null],"character_chosen":"THE_SILENT","items_purchased":[],"campfire_rested":1,"item_purchase_floors":[],"current_hp_per_floor":[70,75,68,53,53,60,60,40,40,40,39,37,25,16,40,21,67,67],"gold":477,"neow_bonus":"THREE_ENEMY_KILL","is_daily":false,"chose_seed":false,"campfire_upgraded":1,"win_rate":0.0,"timestamp":1609333920,"path_taken":["M","?","?","?","M","E","R","E","T","M","M","M","M","M","R","BOSS"],"items_purchased_type":[],"build_version":"2020-12-22","purchased_purges":0,"victory":false,"max_hp_per_floor":[70,75,75,75,75,82,82,82,82,82,82,82,82,82,82,82,82,82],"card_choices":[{"not_picked":["Dash","Flechettes","Heel Hook"],"picked":"SKIP","floor":1},{"not_picked":["Slice","Reflex","Skewer"],"picked":"SKIP","floor":5},{"not_picked":["Eviscerate","Dodge and Roll"],"picked":"Backstab","floor":6},{"not_picked":["Phantasmal Killer","Dodge and Roll"],"picked":"Cloak And Dagger","floor":8},{"not_picked":["Slice","Sucker Punch","Concentrate"],"picked":"SKIP","floor":10},{"not_picked":["Distraction","PiercingWail"],"picked":"Infinite Blades","floor":11},{"not_picked":["Slice","Flying Knee","Well Laid Plans"],"picked":"SKIP","floor":12},{"not_picked":["Outmaneuver","All Out Attack"],"picked":"Blade Dance","floor":13},{"not_picked":["Prepared","PiercingWail"],"picked":"Cloak And Dagger","floor":14},{"not_picked":["Burst","Corpse Explosion"],"picked":"Storm of Steel","floor":16}],"player_experience":243830,"relics_obtained":[{"floor":6,"key":"Strawberry"},{"floor":8,"key":"Boot"},{"floor":9,"key":"MawBank"}],"event_choices":[{"damage_healed":0,"gold_gain":0,"player_choice":"Donut","damage_taken":0,"max_hp_gain":5,"max_hp_loss":0,"event_name":"Big Fish","floor":2,"gold_loss":0},{"cards_removed":["Defend_G"],"damage_healed":0,"gold_gain":0,"player_choice":"Card Removal","damage_taken":7,"max_hp_gain":0,"max_hp_loss":0,"event_name":"Golden Wing","floor":3,"gold_loss":0},{"damage_healed":0,"gold_gain":0,"player_choice":"Entered Light","damage_taken":15,"max_hp_gain":0,"max_hp_loss":0,"event_name":"Shining Light","floor":4,"gold_loss":0,"cards_upgraded":["Strike_G","Strike_G"]}],"is_beta":false,"boss_relics":[{"not_picked":["Cursed Key","Coffee Dripper"],"picked":"Sozu"}],"items_purged_floors":[],"is_endless":false,"potions_floor_spawned":[1,5,6,12,13,16],"ascension_level":5}}