{"host":"qiqz0nmt5d7mxurh","time":1609331190,"event":{"mods":["Act Like it!","BaseMod","Colored Powertips","Koishi","Marisa????????","Minty Spire (QoL Compilation)","Quick Restart","StSLib","The Administrix","The Servant 0.9.4"],"gold_per_floor":[113,113,130,130,28,54,71,100,123,48,48,48,48,48,48,125,125,138,45,45,62,62,87,2,14,60,110,136,136,148,158,158,235,235,247,264,122,122,45,73,73,101,149,149,149,180,180,191,191,191,191,191,191,23,50,50,50],"floor_reached":56,"playtime":2306,"items_purged":["Strike_G","All Out Attack"],"score":2054,"play_id":"205c6d64-b959-4d2e-b402-249abeeb6ed0","local_time":"20201230225630","is_ascension_mode":true,"campfire_choices":[{"data":"Accuracy","floor":12.0,"key":"SMITH"},{"data":"Neutralize","floor":15.0,"key":"SMITH"},{"data":"Well Laid Plans","floor":29.0,"key":"SMITH"},{"floor":32.0,"key":"REST"},{"floor":41.0,"key":"RECALL"},{"data":"Calculated Gamble","floor":44.0,"key":"SMITH"},{"floor":49.0,"key":"REST"},{"data":"Finisher","floor":53.0,"key":"SMITH"}],"circlet_count":0,"master_deck":["AscendersBane","Strike_G+1","Defend_G","Defend_G","Defend_G","Defend_G","Defend_G","Survivor","Neutralize+1","Blade Dance","Calculated Gamble","Venomology","Accuracy+1","Backflip","Prepared","Tactician","Blade Dance","Envenom","Escape Plan+1","Well Laid Plans+1","PiercingWail","Blade Dance","After Image","Finisher+1","Leg Sweep","After Image","Well Laid Plans","Infinite Blades","Leg Sweep","Catalyst","Calculated Gamble+1","Accuracy+1","Caltrops+1"],"relics":["Ring of the Snake","NeowsBlessing","Juzu Bracelet","Snake Skull","Vajra","Philosopher\u0027s Stone","Tough Bandages","Regal Pillow","Anchor","WristBlade","Bag of Preparation","Frozen Egg 2","Bird Faced Urn","DollysMirror","Sundial"],"acts_visited":["Exordium","TheCity","TheBeyond","TheEnding"],"potions_floor_usage":[56,56],"damage_taken":[{"damage":0.0,"enemies":"Cultist","floor":1.0,"turns":1.0},{"damage":0.0,"enemies":"Small Slimes","floor":3.0,"turns":1.0},{"damage":0.0,"enemies":"3 Sentries","floor":6.0,"turns":1.0},{"damage":0.0,"enemies":"2 Louse","floor":7.0,"turns":3.0},{"damage":12.0,"enemies":"Gremlin Nob","floor":8.0,"turns":3.0},{"damage":7.0,"enemies":"Hexaghost","floor":16.0,"turns":8.0},{"damage":0.0,"enemies":"Chosen","floor":18.0,"turns":3.0},{"damage":7.0,"enemies":"Shell Parasite","floor":21.0,"turns":5.0},{"damage":0.0,"enemies":"Gremlin Leader","floor":23.0,"turns":7.0},{"damage":14.0,"enemies":"Centurion and Healer","floor":25.0,"turns":6.0},{"damage":0.0,"enemies":"Slavers","floor":28.0,"turns":5.0},{"damage":24.0,"enemies":"Snecko","floor":30.0,"turns":6.0},{"damage":0.0,"enemies":"Snake Plant","floor":31.0,"turns":4.0},{"damage":8.0,"enemies":"Champ","floor":33.0,"turns":9.0},{"damage":0.0,"enemies":"Orb Walker","floor":35.0,"turns":1.0},{"damage":3.0,"enemies":"3 Shapes","floor":36.0,"turns":5.0},{"damage":12.0,"enemies":"Giant Head","floor":40.0,"turns":6.0},{"damage":1.0,"enemies":"Nemesis","floor":42.0,"turns":7.0},{"damage":10.0,"enemies":"Giant Head","floor":46.0,"turns":7.0},{"damage":6.0,"enemies":"Transient","floor":48.0,"turns":6.0},{"damage":31.0,"enemies":"Donu and Deca","floor":50.0,"turns":9.0},{"damage":14.0,"enemies":"Time Eater","floor":51.0,"turns":6.0},{"damage":56,"enemies":"Shield and Spear","floor":55,"turns":7},{"damage":41,"enemies":"The Heart","floor":56,"turns":2}],"seed_played":"4172209180567882312","potions_obtained":[{"floor":3.0,"key":"ColorlessPotion"},{"floor":8.0,"key":"Swift Potion"},{"floor":16.0,"key":"Poison Potion"},{"floor":25.0,"key":"PowerPotion"},{"floor":28.0,"key":"PowerPotion"},{"floor":36.0,"key":"Swift Potion"},{"floor":48.0,"key":"Poison Potion"},{"floor":55,"key":"CultistPotion"}],"is_trial":false,"path_per_floor":["M","?","M","?","$","E","M","E","T","$","?","R","?","$","R","B",null,"M","$","?","M","?","E","$","M","T","?","E","R","M","M","R","B",null,"M","M","$","?","$","E","R","E","T","R","?","E","?","M","R","B","B",null,"R","$","E","B"],"character_chosen":"THE_SILENT","items_purchased":["Accuracy","Backflip","Well Laid Plans","PiercingWail","Finisher","Infinite Blades","Leg Sweep","DollysMirror"],"campfire_rested":2,"item_purchase_floors":[5,5,19,19,24,37,39,54],"current_hp_per_floor":[59,39,39,39,39,39,39,27,27,27,32,32,32,32,32,25,60,60,60,40,33,33,33,33,34,34,34,34,34,10,10,47,39,67,67,64,64,64,64,52,52,51,51,51,51,41,41,47,72,49,49,66,66,66,20,0,0],"gold":50,"neow_bonus":"THREE_ENEMY_KILL","is_daily":false,"chose_seed":false,"campfire_upgraded":5,"win_rate":0.0,"timestamp":1609331190,"path_taken":["M","?","M","?","$","E","M","E","T","$","?","R","?","?","R","BOSS","M","$","?","M","?","E","$","M","T","?","E","R","M","M","R","BOSS","M","M","$","?","?","E","R","E","T","R","?","E","?","M","R","BOSS","BOSS","R","$","E","BOSS"],"items_purchased_type":["Card","Card","Card","Card","Card","Card","Card","Relic"],"build_version":"2020-12-22","purchased_purges":2,"victory":false,"max_hp_per_floor":[66,66,66,66,66,66,66,66,66,66,71,71,71,71,71,71,71,71,71,76,76,76,76,76,76,76,76,76,76,76,76,76,76,76,76,76,76,76,76,76,76,76,76,76,76,76,72,72,72,72,72,72,72,72,72,72,72],"card_choices":[{"not_picked":["PiercingWail","Dodge and Roll"],"picked":"Blade Dance","floor":1.0},{"not_picked":["Deflect","Endless Agony"],"picked":"Calculated Gamble","floor":3.0},{"not_picked":["Grand Finale","Dash"],"picked":"Prepared","floor":6.0},{"not_picked":["Acrobatics","Flying Knee"],"picked":"Tactician","floor":7.0},{"not_picked":["Dagger Throw","Reflex"],"picked":"Blade Dance","floor":8.0},{"not_picked":["Venomology","Grand Finale"],"picked":"Envenom","floor":16.0},{"not_picked":["Bane","Setup"],"picked":"Escape Plan+1","floor":18.0},{"not_picked":["Dodge and Roll","PiercingWail"],"picked":"Blade Dance","floor":21.0},{"not_picked":["Deadly Poison+1","Deflect","Bane"],"picked":"SKIP","floor":23.0},{"not_picked":["Dagger Spray","Bane","Dodge and Roll"],"picked":"SKIP","floor":25.0},{"not_picked":["Poisoned Stab","Eviscerate"],"picked":"Endless Agony+1","floor":28.0},{"not_picked":["Predator","Blade Dance"],"picked":"Leg Sweep","floor":30.0},{"not_picked":["Slice","Escape Plan","Finisher"],"picked":"SKIP","floor":31.0},{"not_picked":["Grand Finale","Adrenaline"],"picked":"After Image","floor":33.0},{"not_picked":["Quick Slash","Dagger Spray"],"picked":"Well Laid Plans","floor":35.0},{"not_picked":["Backstab+1","Outmaneuver","Deflect"],"picked":"SKIP","floor":36.0},{"not_picked":["Dash","Sucker Punch"],"picked":"Catalyst","floor":40.0},{"not_picked":["Calculated Gamble","Bullet Time","Riddle With Holes"],"picked":"SKIP","floor":42.0},{"not_picked":["Bullet Time","Riddle With Holes"],"picked":"Calculated Gamble","floor":42.0},{"not_picked":["Backflip","Acrobatics","Dagger Throw"],"picked":"SKIP","floor":46.0},{"not_picked":["Backflip+1","Bouncing Flask","Eviscerate"],"picked":"SKIP","floor":48.0},{"not_picked":["Bane+1","Caltrops+1","Deflect"],"picked":"SKIP","floor":55},{"not_picked":["Bane+1","Deflect"],"picked":"Caltrops+1","floor":55}],"player_experience":1285934,"relics_obtained":[{"floor":6.0,"key":"Juzu Bracelet"},{"floor":8.0,"key":"Snake Skull"},{"floor":9.0,"key":"Vajra"},{"floor":23.0,"key":"Tough Bandages"},{"floor":26.0,"key":"Regal Pillow"},{"floor":28.0,"key":"Anchor"},{"floor":40.0,"key":"Bag of Preparation"},{"floor":42.0,"key":"Frozen Egg 2"},{"floor":46.0,"key":"Bird Faced Urn"},{"floor":55,"key":"Sundial"}],"event_choices":[{"damage_healed":0.0,"max_hp_gain":0.0,"max_hp_loss":0.0,"gold_gain":0.0,"event_name":"Shining Light","player_choice":"Entered Light","floor":2.0,"gold_loss":0.0,"damage_taken":20.0,"cards_upgraded":["Strike_G","Strike_G"]},{"damage_healed":0.0,"max_hp_gain":0.0,"max_hp_loss":0.0,"gold_gain":0.0,"cards_transformed":["Strike_G"],"event_name":"Transmorgrifier","player_choice":"Transformed","floor":4.0,"gold_loss":0.0,"damage_taken":0.0,"cards_obtained":["Venomology"]},{"damage_healed":0.0,"max_hp_gain":5.0,"max_hp_loss":0.0,"gold_gain":0.0,"event_name":"Big Fish","player_choice":"Donut","floor":11.0,"gold_loss":0.0,"damage_taken":0.0},{"damage_healed":0.0,"max_hp_gain":0.0,"max_hp_loss":0.0,"gold_gain":0.0,"cards_transformed":["Strike_G"],"event_name":"Transmorgrifier","player_choice":"Transformed","floor":13.0,"gold_loss":0.0,"damage_taken":0.0,"cards_obtained":["All Out Attack"]},{"damage_healed":0.0,"max_hp_gain":5.0,"max_hp_loss":0.0,"gold_gain":0.0,"event_name":"Forgotten Altar","player_choice":"Shed Blood","floor":20.0,"gold_loss":0.0,"damage_taken":25.0},{"damage_healed":0.0,"max_hp_gain":0.0,"max_hp_loss":0.0,"gold_gain":0.0,"event_name":"Match and Keep!","player_choice":"1 cards matched","floor":22.0,"gold_loss":0.0,"damage_taken":0.0,"cards_obtained":["After Image"]},{"damage_healed":0.0,"max_hp_gain":0.0,"max_hp_loss":0.0,"gold_gain":50.0,"event_name":"Nest","player_choice":"Stole From Cult","floor":27.0,"gold_loss":0.0,"damage_taken":0.0},{"cards_removed":["Endless Agony"],"damage_healed":0.0,"max_hp_gain":0.0,"max_hp_loss":0.0,"gold_gain":0.0,"event_name":"Purifier","player_choice":"Purged","floor":38.0,"gold_loss":0.0,"damage_taken":0.0},{"cards_removed":["Strike_G"],"damage_healed":0.0,"max_hp_gain":0.0,"max_hp_loss":0.0,"gold_gain":0.0,"event_name":"Falling","player_choice":"Removed Attack","floor":45.0,"gold_loss":0.0,"damage_taken":0.0},{"damage_healed":0.0,"max_hp_gain":0.0,"max_hp_loss":4.0,"gold_gain":0.0,"event_name":"Winding Halls","player_choice":"Max HP","floor":47.0,"gold_loss":0.0,"damage_taken":0.0}],"is_beta":false,"boss_relics":[{"not_picked":["Tiny House","Pandora\u0027s Box"],"picked":"Philosopher\u0027s Stone"},{"not_picked":["Velvet Choker","Sozu"],"picked":"WristBlade"}],"items_purged_floors":[10,37],"is_endless":false,"potions_floor_spawned":[3,8,16,25,28,35,36,48,55],"killed_by":"The Heart","ascension_level":20}}