{"host":"tq7pufgtqftqw8yr","time":1609318689,"event":{"mods":["BaseMod","Downfall","Minty Spire (QoL Compilation)","StSLib"],"gold_per_floor":[99,118,118,130,143,53,135,235,247,262,280,313,313,379,397,502,502,502,516,535,303,323,373,373,423,473,540,540,573,573,586,598,702,702,702,702],"floor_reached":34,"playtime":3392,"items_purged":["Guardian:Strike_Guardian"],"score":403,"play_id":"01e6ce3d-3ae8-4492-ac06-8a423822ae52","local_time":"20201230165809","is_ascension_mode":false,"campfire_choices":[{"data":"Guardian:TwinSlam","floor":1,"key":"SMITH"},{"floor":13,"key":"REST"},{"data":"Guardian:CurlUp","floor":18,"key":"SMITH"},{"floor":28,"key":"REST"},{"data":"Guardian:BaubleBeam","floor":30,"key":"SMITH"}],"circlet_count":0,"master_deck":["Guardian:CurlUp+1","Guardian:TwinSlam+1","Guardian:ChargeCore","Guardian:TemporalStrike","Guardian:BaubleBeam+1","Guardian:WalkerClaw","Guardian:Repulse","Guardian:ChargeCore","Guardian:Gem_Blue","Guardian:PrimingBeam+1","Shame","Writhe","Guardian:TwinSlam+1","Guardian:FloatingOrbs","Guardian:Gem_Orange","Guardian:CrystalBeam","Guardian:AncientConstruct","Guardian:Recover","Guardian:Emergency","Guardian:ConstructionForm","Guardian:TemporalStrike","Guardian:Gem_Crimson"],"relics":["Guardian:ModeShifterPlus","Letter Opener","downfall:CloakOfManyFaces","CultistMask","FaceOfCleric","NlothsMask","GremlinMask","SsserpentHead","Art of War","Toolbox","Pantograph","Pen Nib","Omamori","Pandora\u0027s Box"],"acts_visited":["Exordium","TheCity","TheBeyond"],"potions_floor_usage":[8,8,9,16,20,32,33,33],"damage_taken":[{"damage":0,"enemies":"Small Slimes","floor":2,"turns":3},{"damage":1,"enemies":"Cultist","floor":4,"turns":3},{"damage":0,"enemies":"2 Louse","floor":5,"turns":2},{"damage":6,"enemies":"downfall:FleeingMerchant","floor":6,"turns":4},{"damage":30,"enemies":"downfall:FaceTrader","floor":8,"turns":12},{"damage":0,"enemies":"Lots of Slimes","floor":9,"turns":1},{"damage":7,"enemies":"Blue Slaver","floor":10,"turns":3},{"damage":0,"enemies":"2 Fungi Beasts","floor":11,"turns":2},{"damage":31,"enemies":"Lagavulin","floor":12,"turns":6},{"damage":0,"enemies":"Large Slime","floor":14,"turns":4},{"damage":8,"enemies":"Red Slaver","floor":15,"turns":3},{"damage":32,"enemies":"downfall:Watcher","floor":16,"turns":9},{"damage":9,"enemies":"Shell Parasite","floor":19,"turns":5},{"damage":4,"enemies":"Spheric Guardian","floor":20,"turns":4},{"damage":9,"enemies":"downfall:FleeingMerchant","floor":21,"turns":4},{"damage":5,"enemies":"Snecko","floor":22,"turns":3},{"damage":23,"enemies":"Snake Plant","floor":27,"turns":4},{"damage":4,"enemies":"Book of Stabbing","floor":29,"turns":4},{"damage":8,"enemies":"Centurion and Healer","floor":31,"turns":4},{"damage":9,"enemies":"Snecko","floor":32,"turns":4},{"damage":94,"enemies":"downfall:Ironclad","floor":33,"turns":10}],"seed_played":"3607406532504787892","potions_obtained":[{"floor":2,"key":"champ:CounterPotion"},{"floor":5,"key":"LiquidMemories"},{"floor":8,"key":"Explosive Potion"},{"floor":12,"key":"SkillPotion"},{"floor":16,"key":"LiquidMemories"},{"floor":22,"key":"SneckoOil"},{"floor":31,"key":"Regen Potion"},{"floor":33,"key":"Strength Potion"}],"is_trial":false,"path_per_floor":["R","M","?","M","M","$","T","?","M","M","M","E","R","M","M","B",null,"R","M","M","$","M","?","T","?","?","M","R","E","R","M","M","B",null],"character_chosen":"GUARDIAN","items_purchased":["Toolbox","Guardian:BlockOnCardUsePotion"],"campfire_rested":2,"item_purchase_floors":[21,21],"current_hp_per_floor":[88,88,88,87,87,81,81,51,52,46,47,17,44,45,38,7,95,95,87,84,76,72,72,72,72,72,50,80,77,77,70,74,6,104,104,104],"gold":702,"neow_bonus":"TEN_PERCENT_HP_BONUS","is_daily":false,"chose_seed":false,"campfire_upgraded":3,"win_rate":0.0,"timestamp":1609318689,"path_taken":["R","M","?","?","M","$","T","?","M","M","M","E","R","?","M","BOSS","R","M","M","$","M","?","T","?","?","?","R","E","R","M","M","BOSS"],"items_purchased_type":["Relic","Potion"],"build_version":"2020-12-22","purchased_purges":1,"victory":false,"max_hp_per_floor":[88,88,88,88,88,88,88,88,89,90,91,92,92,93,94,95,95,95,96,97,98,99,99,99,99,99,100,100,101,101,102,103,104,104,104,104],"card_choices":[{"not_picked":["Guardian:RefractedBeam","Guardian:Gem_Green"],"picked":"Guardian:Gem_Crimson","floor":2},{"not_picked":["Guardian:PiercingHide","Guardian:DonusPower"],"picked":"Guardian:ChargeCore","floor":4},{"not_picked":["Guardian:Gem_Red","Guardian:Gem_Blue"],"picked":"Guardian:TemporalStrike","floor":5},{"not_picked":["Guardian:Gem_Red","Guardian:Gem_Cyan"],"picked":"Guardian:BaubleBeam","floor":6},{"not_picked":["Guardian:Incinerate","Guardian:PrimingBeam"],"picked":"Guardian:WalkerClaw","floor":8},{"not_picked":["Guardian:CrystalBeam","Guardian:RefractedBeam"],"picked":"Guardian:Repulse","floor":9},{"not_picked":["Guardian:VentSteam","Guardian:TemporalStrike"],"picked":"Guardian:Gem_Red","floor":10},{"not_picked":["Guardian:Gem_Lightblue","Guardian:TemporalShield"],"picked":"Guardian:ChargeCore","floor":11},{"not_picked":["Guardian:Gem_Green","Guardian:Preprogram","Guardian:Recover"],"picked":"SKIP","floor":12},{"not_picked":["Guardian:Harden","Guardian:SphericShield","Guardian:WalkerClaw"],"picked":"SKIP","floor":14},{"not_picked":["Guardian:VentSteam","Guardian:Incinerate","Guardian:Recover"],"picked":"SKIP","floor":15},{"not_picked":["Guardian:StasisField","Guardian:ConstructionForm"],"picked":"Guardian:Gem_Orange","floor":16},{"not_picked":["Guardian:CrystalBeam+1","Guardian:Recover"],"picked":"Guardian:Gem_Lightblue","floor":19},{"not_picked":["Guardian:Gem_Cyan","Guardian:PiercingHide","Guardian:RollAttack+1"],"picked":"SKIP","floor":20},{"not_picked":["Guardian:TimeBomb+1","Guardian:TimeSifter"],"picked":"Guardian:Gem_Blue","floor":21},{"not_picked":["Guardian:CrystalBeam","Guardian:ShieldCharger+1"],"picked":"Guardian:PrimingBeam+1","floor":22},{"not_picked":["Guardian:GuardianWhirl","Guardian:WalkerClaw","Guardian:Reroute"],"picked":"SKIP","floor":27},{"not_picked":["Guardian:CrystalBeam","Guardian:RevengeProtocol","Guardian:Gem_Lightblue"],"picked":"SKIP","floor":29},{"not_picked":["Guardian:Incinerate","Guardian:Gem_Lightblue","Guardian:Recover+1"],"picked":"SKIP","floor":31},{"not_picked":["Guardian:ChargeCore","Guardian:Recover"],"picked":"Guardian:FloatingOrbs","floor":32},{"not_picked":["Guardian:SphericShield","Guardian:BaubleBeam"],"picked":"Guardian:Gem_Orange","floor":33}],"player_experience":760956,"relics_obtained":[{"floor":7,"key":"Letter Opener"},{"floor":8,"key":"downfall:CloakOfManyFaces"},{"floor":12,"key":"Art of War"},{"floor":29,"key":"Omamori"}],"event_choices":[{"damage_healed":0,"gold_gain":0,"player_choice":"Stole Relic","damage_taken":0,"relics_obtained":["Pantograph"],"max_hp_gain":0,"max_hp_loss":0,"event_name":"Addict","floor":23,"gold_loss":0,"cards_obtained":["Shame"]},{"damage_healed":0,"gold_gain":0,"player_choice":"Copied","damage_taken":0,"max_hp_gain":0,"max_hp_loss":0,"event_name":"Duplicator","floor":26,"gold_loss":0,"cards_obtained":["Guardian:TwinSlam"]}],"is_beta":false,"boss_relics":[{"not_picked":["Cursed Key","Fusion Hammer"],"picked":"Guardian:ModeShifterPlus"},{"not_picked":["Runic Dome","Runic Pyramid"],"picked":"Pandora\u0027s Box"}],"items_purged_floors":[6],"is_endless":false,"potions_floor_spawned":[2,5,8,12,16,22,31,33],"ascension_level":0}}