{"host":"cgaibh95wzkurumv","time":1609365250,"event":{"mods":["BaseMod","Minty Spire (QoL Compilation)","Replay The Spire","StSLib","The Runesmith"],"gold_per_floor":[114,129,144,159,9,9,39,39,39,39,39],"floor_reached":10,"playtime":605,"items_purged":[],"score":68,"play_id":"3fc56e96-c737-400c-8a39-8301281a42af","local_time":"20201230185410","daily_mods":["Cursed Run","Diverse","DeadlyEvents"],"is_ascension_mode":false,"campfire_choices":[{"data":"Rage","floor":6,"key":"SMITH"},{"data":"Neutralize","floor":8,"key":"SMITH"}],"circlet_count":0,"master_deck":["Strike_G","Strike_G","Strike_G","Strike_G","Strike_G","Defend_G","Defend_G","Defend_G","Defend_G","Defend_G","Survivor","Neutralize+1","Shrug It Off","Outmaneuver","Rage+1","Doubt"],"relics":["Cursed Key","Darkstone Periapt","Du-Vu Doll","ReplayTheSpireMod:TigerMarble","Replay:Bottled Steam","Tingsha"],"acts_visited":["Exordium"],"potions_floor_usage":[10],"damage_taken":[{"damage":0,"enemies":"Cultist","floor":1,"turns":4},{"damage":0,"enemies":"Small Slimes","floor":2,"turns":3},{"damage":4,"enemies":"Jaw Worm","floor":3,"turns":4},{"damage":13,"enemies":"Exordium Thugs","floor":4,"turns":13},{"damage":10,"enemies":"3 Sentries","floor":7,"turns":10},{"damage":63,"enemies":"Gremlin Nob","floor":10,"turns":7}],"seed_played":"9091901603564859836","potions_obtained":[{"floor":4,"key":"LifebloodPotion"}],"is_trial":false,"path_per_floor":["M","M","M","M","$","R","E","R","T","E"],"character_chosen":"THE_SILENT","items_purchased":["ReplayTheSpireMod:TigerMarble"],"campfire_rested":0,"item_purchase_floors":[5],"current_hp_per_floor":[70,70,66,53,53,53,43,43,49,0,0],"gold":39,"neow_bonus":"","is_daily":true,"chose_seed":false,"campfire_upgraded":2,"win_rate":0.0,"timestamp":1609365250,"path_taken":["M","M","?","?","$","R","?","R","T","E"],"items_purchased_type":["Relic"],"build_version":"2020-12-22","purchased_purges":0,"victory":false,"max_hp_per_floor":[70,70,70,70,70,70,70,70,76,76,76],"card_choices":[{"not_picked":["Runesmith:CraftMagma","Stack"],"picked":"Shrug It Off","floor":1},{"not_picked":["Replay:AtTheReady","Abandon"],"picked":"Outmaneuver","floor":2},{"not_picked":["Run Through","Rip and Tear"],"picked":"Rage","floor":3},{"not_picked":["BasicCrystalCard","Prepared","Redo"],"picked":"SKIP","floor":4},{"not_picked":["Deadly Poison","Flechettes","BasicCrystalCard"],"picked":"SKIP","floor":7}],"player_experience":255104,"relics_obtained":[{"floor":7,"key":"Replay:Bottled Steam"},{"floor":9,"key":"Tingsha"}],"event_choices":[],"is_beta":false,"boss_relics":[],"items_purged_floors":[],"is_endless":false,"potions_floor_spawned":[4],"killed_by":"Gremlin Nob","ascension_level":0}}