{"host":"nv0c20v7c30k7ue5","time":1609290837,"event":{"mods":["2.2 Compatiblity","BaseMod","Best Route Mod","Bestiary","Colored Map","Colored Powertips","Downfall","Highlight Path","Minty Spire (QoL Compilation)","Relic Stats","StSLib","The IronCluck","Unceasing Turn Reminder","everything is the same but u backflip on backflip"],"gold_per_floor":[99,112,131,144,144,144,144,144,29,63,63,74,107,107,120,120,120,120],"floor_reached":16,"playtime":957,"items_purged":[],"score":116,"play_id":"f0416b3c-f753-4c70-8067-3880ac58970f","local_time":"20201229171357","is_ascension_mode":true,"campfire_choices":[{"data":"champ:Taunt","floor":1,"key":"SMITH"},{"data":"champ:ViciousMockery","floor":6,"key":"SMITH"}],"circlet_count":0,"master_deck":["champ:Strike","champ:Strike","champ:Strike","champ:Strike","champ:Defend","champ:Defend","champ:Defend","champ:Defend","champ:Execute+1","champ:Taunt+1","champ:CrookedStrike","champ:ShieldWall","champ:ViciousMockery+1","Guardian:Aged","Parasite","champ:GutPunch","champ:FanOfKnives+1","champ:Haymaker","champ:DefensiveShout","champ:BladeFlurry","champ:Lariat","champ:GladiatorsShout"],"relics":["Cursed Key","PreservedInsect","Du-Vu Doll","Whetstone","Frozen Egg 2"],"acts_visited":["Exordium"],"potions_floor_usage":[16,16],"damage_taken":[{"damage":6,"enemies":"2 Louse","floor":2,"turns":3},{"damage":11,"enemies":"Jaw Worm","floor":3,"turns":3},{"damage":15,"enemies":"Small Slimes","floor":4,"turns":3},{"damage":10,"enemies":"downfall:FleeingMerchant","floor":9,"turns":4},{"damage":20,"enemies":"3 Sentries","floor":10,"turns":5},{"damage":18,"enemies":"2 Fungi Beasts","floor":12,"turns":3},{"damage":39,"enemies":"Lagavulin","floor":13,"turns":4},{"damage":17,"enemies":"Red Slaver","floor":15,"turns":3},{"damage":18,"enemies":"downfall:Silent","floor":16,"turns":2}],"seed_played":"304662899437801761","potions_obtained":[{"floor":3,"key":"DuplicationPotion"},{"floor":4,"key":"GamblersBrew"},{"floor":12,"key":"champ:OpenerPotion"}],"is_trial":false,"path_per_floor":["R","M","M","M","?","R","T","?","$","E","?","M","E","?","M","B"],"character_chosen":"THE_CHAMP","items_purchased":["champ:FanOfKnives","champ:Haymaker"],"campfire_rested":0,"item_purchase_floors":[9,9],"current_hp_per_floor":[90,89,83,73,61,61,61,83,83,71,71,61,30,30,16,0,0,0],"gold":120,"neow_bonus":"BOSS_RELIC","is_daily":false,"chose_seed":false,"campfire_upgraded":2,"win_rate":0.0,"timestamp":1609290837,"path_taken":["R","M","M","M","?","R","T","?","?","E","?","M","E","?","M","BOSS"],"items_purchased_type":["Card","Card"],"build_version":"2020-12-22","purchased_purges":0,"victory":false,"max_hp_per_floor":[90,90,90,90,90,90,90,90,90,90,90,90,90,90,90,90,90,90],"relic_stats":{"counters":[9,30],"PreservedInsect":159,"Whetstone":["champ:Execute","champ:FanOfKnives"],"Cursed Key":1,"obtain_stats":[{"Du-Vu Doll":7,"champ:ChampionCrown":0,"PreservedInsect":5,"Whetstone":10,"Frozen Egg 2":13,"Cursed Key":0},{"Du-Vu Doll":3,"champ:ChampionCrown":0,"PreservedInsect":3,"Whetstone":5,"Frozen Egg 2":7,"Cursed Key":0},{"Du-Vu Doll":9,"champ:ChampionCrown":0,"PreservedInsect":9,"Whetstone":18,"Frozen Egg 2":25,"Cursed Key":0}]},"card_choices":[{"not_picked":["champ:BladeFlurry","champ:FlashCut"],"picked":"champ:CrookedStrike","floor":2},{"not_picked":["champ:StanceDance","champ:BringItOn"],"picked":"champ:ShieldWall","floor":3},{"not_picked":["champ:EndlessRage","champ:CrookedStrike"],"picked":"champ:ViciousMockery","floor":4},{"not_picked":["champ:Encircle","champ:Circumvent"],"picked":"champ:GutPunch","floor":9},{"not_picked":["champ:FanOfKnives","champ:HeavySlash"],"picked":"champ:DefensiveShout","floor":10},{"not_picked":["champ:RecklessLeap","champ:BringItOn"],"picked":"champ:BladeFlurry","floor":12},{"not_picked":["champ:IronFortress+1","champ:BladeFlurry"],"picked":"champ:Lariat","floor":13},{"not_picked":["champ:Backstep","champ:BerserkersShout"],"picked":"champ:GladiatorsShout","floor":15}],"player_experience":122583,"relics_obtained":[{"floor":7,"key":"Du-Vu Doll"},{"floor":10,"key":"Whetstone"},{"floor":13,"key":"Frozen Egg 2"}],"event_choices":[{"damage_healed":0,"gold_gain":0,"player_choice":"Success","damage_taken":12,"relics_obtained":["PreservedInsect"],"max_hp_gain":0,"max_hp_loss":0,"event_name":"Scrap Ooze","floor":5,"gold_loss":0},{"damage_healed":22,"gold_gain":0,"player_choice":"Healed and dodged fight","damage_taken":0,"max_hp_gain":0,"max_hp_loss":0,"event_name":"Mushrooms","floor":8,"gold_loss":0,"cards_obtained":["Parasite"]}],"is_beta":false,"boss_relics":[],"items_purged_floors":[],"is_endless":false,"potions_floor_spawned":[3,4,12,13],"killed_by":"downfall:Silent","ascension_level":1}}