{"host":"vfjw5z5u57sxa51v","time":1609358978,"event":{"mods":["AchievementEnabler","Act Like it!","Aspiration","BaseMod","Better Altar","Better Match","Better Note","Better Sensory Stone","Better Skull","Better Synergies","Better Third Choice","BetterRewards","CCEM","Colored Map","Conspire","Downfall","Duelist Mod","Ekko","GifTheSpireLib","GungeonMod","Halation","Hallownest","Highlight Path","Hubris","Hunter ??","Infinite Spire","Jedi Mod","Minty Spire (QoL Compilation)","Permanent Neow","Replay The Spire","Shade Mod","Shop Mod","Spicy Shops","StSLib","Stuff the Spire","The Bug Knight","The Death Knight","The Mystic","The Necromancer","The Runesmith","The Servant 0.9.4","Unceasing Turn Reminder","everything is the same but u backflip on backflip"],"gold_per_floor":[244,244,214,226,238,238,238],"floor_reached":6,"playtime":367,"items_purged":[],"score":36,"play_id":"de546aeb-52eb-4926-b9e3-140ba73e0c35","local_time":"20201230210938","is_ascension_mode":false,"campfire_choices":[],"circlet_count":0,"master_deck":["theDuelist:CastleWalls","theDuelist:CastleWalls","theDuelist:MangaRyuRan","theDuelist:Sparks","theDuelist:Sparks","theDuelist:Sparks","theDuelist:ToonAncientGear","theDuelist:ToonMermaid","theDuelist:ToonSummonedSkull","theDuelist:ToonWorld","theDuelist:ToonAncientGear","theDuelist:SwordsConcealing"],"relics":["theDuelist:MillenniumPuzzle","theDuelist:CardPoolRelic","theDuelist:CardPoolBasicRelic","theDuelist:BoosterPackPoolRelic","theDuelist:CardPoolAddRelic","theDuelist:CardPoolMinusRelic","theDuelist:CardPoolSaveRelic","theDuelist:CardPoolOptionsRelic"],"acts_visited":["Exordium"],"potions_floor_usage":[],"damage_taken":[{"damage":4,"enemies":"2 Louse","floor":1,"turns":3},{"damage":6,"enemies":"Cultist","floor":4,"turns":4},{"damage":7,"enemies":"Small Slimes","floor":5,"turns":4},{"damage":7,"enemies":"Replay:BlueRogue","floor":6,"turns":3}],"seed_played":"191852113058439793","potions_obtained":[{"floor":3,"key":"Cursed Concoction"},{"floor":3,"key":"SmokeBomb"}],"is_trial":false,"path_per_floor":["M","?","?","M","M","E"],"character_chosen":"THE_DUELIST","items_purchased":[],"campfire_rested":0,"item_purchase_floors":[],"current_hp_per_floor":[76,76,76,70,63,56,56],"gold":238,"neow_bonus":"HUNDRED_GOLD","is_daily":false,"chose_seed":false,"campfire_upgraded":0,"win_rate":0.0,"timestamp":1609358978,"path_taken":["M","?","?","M","?","E"],"items_purchased_type":[],"build_version":"2020-12-22","purchased_purges":0,"victory":false,"max_hp_per_floor":[80,80,80,80,80,80,80],"card_choices":[{"not_picked":["theDuelist:RedEyesToon","theDuelist:ToonBarrelDragon","theDuelist:SpellShatteringArrow","theDuelist:FlyingSaucer"],"picked":"theDuelist:ToonAncientGear","floor":1},{"not_picked":["theDuelist:WormWarlord","theDuelist:PurplePainOni","theDuelist:BattleOx","theDuelist:HeavyStorm","theDuelist:PreventRat"],"picked":"SKIP","floor":4},{"not_picked":["theDuelist:ToonDarkMagician","theDuelist:TributeDoomed","theDuelist:ToonSummonedSkull","theDuelist:ToonRollback"],"picked":"theDuelist:SwordsConcealing","floor":5}],"player_experience":55814,"relics_obtained":[],"event_choices":[{"damage_healed":0,"gold_gain":0,"player_choice":"Bought 2 Potions","damage_taken":0,"max_hp_gain":0,"max_hp_loss":0,"event_name":"The Woman in Blue","floor":3,"gold_loss":0}],"is_beta":false,"boss_relics":[],"items_purged_floors":[],"is_endless":false,"potions_floor_spawned":[],"killed_by":"Replay:BlueRogue","ascension_level":0}}