{"host":"sc0o2qwpf9j16a4i","time":1609364907,"event":{"mods":["AchievementEnabler","BaseMod","BetterRewards","Block Reminder","Colored Map","Colored Powertips","Custom Start","Highlight Path","Minty Spire (QoL Compilation)","Relic Stats"],"gold_per_floor":[118,129,129,143,31,31,62,82,82,98,125,125,136,155,155,232,232,248,64,83,133,133,133,133],"floor_reached":23,"playtime":623,"items_purged":["Strike_R","Strike_R"],"score":411,"play_id":"771c9239-2076-4f5b-b35c-83e918ee2008","local_time":"20201230234827","is_ascension_mode":true,"campfire_choices":[{"data":"Whirlwind","floor":6,"key":"SMITH"},{"floor":15,"key":"REST"}],"circlet_count":0,"master_deck":["AscendersBane","Defend_R","Defend_R","Defend_R","Bash+1","Anger","Whirlwind+1","Shockwave","Flame Barrier","Reaper","Thunderclap","Shockwave","Battle Trance","Reaper","Feel No Pain+1","Armaments","Bite","Bite","Bite","Bite","Bite"],"relics":["Empty Cage","Frozen Egg 2","PreservedInsect","Runic Pyramid"],"acts_visited":["Exordium","TheCity"],"potions_floor_usage":[14,16,23],"damage_taken":[{"damage":9,"enemies":"Small Slimes","floor":1,"turns":5},{"damage":6,"enemies":"Cultist","floor":2,"turns":3},{"damage":2,"enemies":"Jaw Worm","floor":4,"turns":3},{"damage":24,"enemies":"Gremlin Nob","floor":7,"turns":4},{"damage":8,"enemies":"Large Slime","floor":8,"turns":4},{"damage":8,"enemies":"Red Slaver","floor":10,"turns":5},{"damage":5,"enemies":"Exordium Thugs","floor":13,"turns":5},{"damage":11,"enemies":"Looter","floor":14,"turns":3},{"damage":23,"enemies":"Slime Boss","floor":16,"turns":6},{"damage":26,"enemies":"Chosen","floor":18,"turns":7},{"damage":35,"enemies":"Spheric Guardian","floor":20,"turns":8},{"damage":37,"enemies":"Book of Stabbing","floor":23,"turns":4}],"seed_played":"-777420333177137587","potions_obtained":[{"floor":4,"key":"Weak Potion"},{"floor":7,"key":"CultistPotion"},{"floor":18,"key":"Strength Potion"},{"floor":20,"key":"BloodPotion"}],"is_trial":false,"path_per_floor":["M","M","?","M","$","R","E","M","T","M","T","?","M","M","R","B",null,"M","$","M","?","?","E"],"character_chosen":"IRONCLAD","items_purchased":["Shockwave","Feel No Pain+1"],"campfire_rested":1,"item_purchase_floors":[5,19],"current_hp_per_floor":[59,53,53,51,51,51,27,19,19,17,17,17,12,7,29,16,60,44,44,15,15,15,0,0],"gold":133,"neow_bonus":"BOSS_RELIC","is_daily":false,"chose_seed":false,"campfire_upgraded":1,"win_rate":0.0,"timestamp":1609364907,"path_taken":["M","M","?","?","?","R","E","M","T","M","?","?","?","M","R","BOSS","M","$","M","?","?","E"],"items_purchased_type":["Card","Card"],"build_version":"2020-12-22","purchased_purges":2,"victory":false,"max_hp_per_floor":[75,75,75,75,75,75,75,75,75,75,75,75,75,75,75,75,75,75,75,75,75,52,52,52],"relic_stats":{"counters":[12,57],"PreservedInsect":43,"obtain_stats":[{"PreservedInsect":11,"Frozen Egg 2":7,"Empty Cage":0,"Burning Blood":0,"Runic Pyramid":17},{"PreservedInsect":6,"Frozen Egg 2":4,"Empty Cage":0,"Burning Blood":0,"Runic Pyramid":9},{"PreservedInsect":24,"Frozen Egg 2":15,"Empty Cage":0,"Burning Blood":0,"Runic Pyramid":38}]},"card_choices":[{"not_picked":["Disarm","Entrench"],"picked":"Anger","floor":1},{"not_picked":["Fire Breathing","Clash"],"picked":"Whirlwind","floor":2},{"not_picked":["Havoc","Anger","Perfected Strike"],"picked":"SKIP","floor":4},{"not_picked":["Hemokinesis","Flex"],"picked":"Flame Barrier","floor":7},{"not_picked":["Fire Breathing+1","Havoc"],"picked":"Reaper","floor":8},{"not_picked":["Iron Wave","Havoc"],"picked":"Thunderclap","floor":10},{"not_picked":["Fiend Fire","Clothesline"],"picked":"Shockwave","floor":13},{"not_picked":["Perfected Strike","True Grit"],"picked":"Battle Trance","floor":14},{"not_picked":["Corruption+1","Limit Break"],"picked":"Reaper","floor":16},{"not_picked":["Flex+1","Fire Breathing+1","Twin Strike"],"picked":"SKIP","floor":18},{"not_picked":["Clothesline","Headbutt"],"picked":"Armaments","floor":20}],"player_experience":456609,"relics_obtained":[{"floor":7,"key":"Frozen Egg 2"},{"floor":11,"key":"PreservedInsect"}],"event_choices":[{"damage_healed":0,"gold_gain":0,"player_choice":"Upgraded","damage_taken":0,"max_hp_gain":0,"max_hp_loss":0,"event_name":"Upgrade Shrine","floor":3,"gold_loss":0,"cards_upgraded":["Bash"]},{"cards_removed":["Strike_R"],"damage_healed":0,"gold_gain":0,"player_choice":"Offered Basic","damage_taken":0,"max_hp_gain":0,"max_hp_loss":0,"event_name":"Bonfire Elementals","floor":12,"gold_loss":0},{"damage_healed":0,"gold_gain":50,"player_choice":"Stole From Cult","damage_taken":0,"max_hp_gain":0,"max_hp_loss":0,"event_name":"Nest","floor":21,"gold_loss":0},{"damage_healed":0,"gold_gain":0,"player_choice":"Became a vampire","damage_taken":0,"max_hp_gain":0,"max_hp_loss":23,"event_name":"Vampires","floor":22,"gold_loss":0,"cards_obtained":["Bite","Bite","Bite","Bite","Bite"]}],"is_beta":false,"boss_relics":[{"not_picked":["Ectoplasm","SlaversCollar"],"picked":"Runic Pyramid"}],"items_purged_floors":[5,19],"is_endless":false,"potions_floor_spawned":[4,7,18,20],"killed_by":"Book of Stabbing","ascension_level":20}}