{"host":"Nexxot","time":1609362886,"event":{"mods":["AchievementEnabler","BaseMod","Colored Map","Downfall","Highlight Path","Jorbs\u0027s Wanderer Trilogy","Minty Spire (QoL Compilation)","Relic Stats","StSLib"],"gold_per_floor":[99,109,124,142,155,182,232,246,246,246,263,280,295,309,329,428,428,428,44,54,54,65,85,164,264,189,216,235,160,160,174,189,189,189],"floor_reached":33,"playtime":2089,"items_purged":[],"score":352,"play_id":"320dd58f-d098-405d-8f1c-c0ec1a6a9a93","local_time":"20201230221446","is_ascension_mode":false,"campfire_choices":[{"data":"sneckomod:Unknown","floor":1,"key":"SMITH"},{"data":"sneckomod:UnknownRareAttack","floor":10,"key":"SMITH"},{"data":"sneckomod:Nope","floor":18,"key":"SMITH"},{"floor":26,"key":"REST"},{"floor":29,"key":"RECALL"}],"circlet_count":0,"master_deck":["sneckomod:TailWhip","sneckomod:SnekBite","sneckomod:Unknown+1","sneckomod:Unknown+1","sneckomod:DiceCrush+1","sneckomod:Nope+1","sneckomod:WideSting","sneckomod:UnknownUncommonSkill","sneckomod:SerpentMind","sneckomod:DiceBlock","expansioncontent:Torchfire","sneckomod:UnknownRareAttack+1","sneckomod:QuickMove","sneckomod:UnknownVulnerable","sneckomod:UnknownClassPURPLE","sneckomod:TrashToTreasure","sneckomod:SerpentIdol","sneckomod:MorePower","sneckomod:UnknownClassBLUE+1","sneckomod:QuickBite","sneckomod:UnknownX","sneckomod:QuickMove","sneckomod:SlitherStrike","sneckomod:Unknown0Cost","sneckomod:Unknown1Cost+1","sneckomod:QuickBite","sneckomod:SoulDraw","sneckomod:UnknownUncommonPower","expansioncontent:QuickStudy","sneckomod:DiceBoulder","sneckomod:UnknownRareAttack+1","sneckomod:MasterEye","sneckomod:UnknownClassSLIMEBOUND+1","sneckomod:UnknownColorless+1","sneckomod:UnknownBlock+1","sneckomod:UnknownEthereal+1","sneckomod:UnknownClassCULL_RED_COLOR+1","sneckomod:Unknown3Cost+1","sneckomod:UnknownX+1","sneckomod:Unknown1Cost+1","sneckomod:SoulCleanse+1","sneckomod:UnknownUncommonPower"],"relics":["sneckomod:SneckoSoul","Shuriken","Pandora\u0027s Box","HornCleat","Shovel","Toxic Egg 2","downfall:HeartBlessingBlue","Orichalcum","downfall:HeartBlessingGreen"],"acts_visited":["Exordium","TheCity"],"potions_floor_usage":[16,16,22,25,27,33],"damage_taken":[{"damage":0,"enemies":"Cultist","floor":2,"turns":3},{"damage":1,"enemies":"Jaw Worm","floor":3,"turns":4},{"damage":4,"enemies":"2 Louse","floor":4,"turns":3},{"damage":13,"enemies":"Gremlin Gang","floor":5,"turns":3},{"damage":21,"enemies":"Gremlin Nob","floor":6,"turns":3},{"damage":11,"enemies":"Exordium Wildlife","floor":8,"turns":2},{"damage":1,"enemies":"3 Louse","floor":11,"turns":4},{"damage":0,"enemies":"Gremlin Gang","floor":12,"turns":1},{"damage":0,"enemies":"2 Fungi Beasts","floor":13,"turns":3},{"damage":4,"enemies":"Blue Slaver","floor":14,"turns":3},{"damage":6,"enemies":"Exordium Wildlife","floor":15,"turns":3},{"damage":13,"enemies":"downfall:Silent","floor":16,"turns":6},{"damage":2,"enemies":"downfall:FleeingMerchant","floor":19,"turns":4},{"damage":15,"enemies":"Shell Parasite","floor":20,"turns":5},{"damage":10,"enemies":"Chosen","floor":22,"turns":4},{"damage":9,"enemies":"Snecko","floor":23,"turns":4},{"damage":29,"enemies":"downfall:Defect","floor":25,"turns":5},{"damage":38,"enemies":"Book of Stabbing","floor":27,"turns":7},{"damage":10,"enemies":"Centurion and Healer","floor":28,"turns":5},{"damage":28,"enemies":"Sentry and Sphere","floor":31,"turns":6},{"damage":0,"enemies":"Snake Plant","floor":32,"turns":3},{"damage":31,"enemies":"downfall:Ironclad","floor":33,"turns":4}],"seed_played":"-645765789191259767","potions_obtained":[{"floor":2,"key":"Guardian:BlockOnCardUsePotion"},{"floor":6,"key":"BlessingOfTheForge"},{"floor":11,"key":"Strength Potion"},{"floor":12,"key":"Ancient Potion"},{"floor":15,"key":"EssenceOfSteel"},{"floor":20,"key":"Dexterity Potion"},{"floor":21,"key":"CultistPotion"},{"floor":28,"key":"Guardian:BlockOnCardUsePotion"},{"floor":32,"key":"Strength Potion"}],"is_trial":false,"path_per_floor":["R","M","M","M","M","E","T","M","?","R","M","M","M","M","M","B",null,"R","$","M","?","M","M","T","?","R","E","M","R","?","M","M","B"],"character_chosen":"THE_SNECKO","items_purchased":["sneckomod:SoulDraw","sneckomod:UnknownUncommonPower","expansioncontent:QuickStudy","sneckomod:DiceBoulder"],"campfire_rested":1,"item_purchase_floors":[19,19,19,19],"current_hp_per_floor":[99,99,100,96,84,63,63,52,53,53,52,53,54,50,44,31,108,108,108,94,94,84,76,76,49,96,64,56,56,48,21,22,0,0],"gold":189,"neow_bonus":"TEN_PERCENT_HP_BONUS","is_daily":false,"chose_seed":false,"campfire_upgraded":3,"win_rate":0.0,"timestamp":1609362886,"path_taken":["R","?","M","M","M","E","T","M","?","R","M","M","?","M","M","BOSS","R","$","M","?","M","M","T","?","R","E","M","R","?","?","M","BOSS"],"items_purchased_type":["Card","Card","Card","Card"],"build_version":"2020-12-18","purchased_purges":0,"victory":false,"max_hp_per_floor":[99,99,101,101,102,102,102,102,103,103,103,104,105,105,105,105,108,108,110,111,111,111,112,112,114,124,126,128,128,128,129,130,130,130],"relic_stats":{"Shovel":0,"counters":[22,85],"Shuriken":[20],"Pandora\u0027s Box":["sneckomod:UnknownClassBLUE","sneckomod:QuickBite","sneckomod:UnknownX","sneckomod:QuickMove","sneckomod:SlitherStrike","sneckomod:Unknown0Cost"],"Orichalcum":[36],"obtain_stats":[{"HornCleat":24,"Shovel":25,"Shuriken":6,"downfall:HeartBlessingBlue":26,"Pandora\u0027s Box":17,"downfall:HeartBlessingGreen":29,"Toxic Egg 2":25,"Orichalcum":27,"sneckomod:SneckoSoul":0},{"HornCleat":16,"Shovel":17,"Shuriken":5,"downfall:HeartBlessingBlue":17,"Pandora\u0027s Box":12,"downfall:HeartBlessingGreen":19,"Toxic Egg 2":17,"Orichalcum":18,"sneckomod:SneckoSoul":0},{"HornCleat":55,"Shovel":60,"Shuriken":16,"downfall:HeartBlessingBlue":60,"Pandora\u0027s Box":38,"downfall:HeartBlessingGreen":72,"Toxic Egg 2":60,"Orichalcum":67,"sneckomod:SneckoSoul":0}]},"card_choices":[{"not_picked":["sneckomod:Unknown1Cost","sneckomod:UnknownBlock"],"picked":"sneckomod:DiceCrush","floor":2},{"not_picked":["sneckomod:SnekBeam","sneckomod:UnknownVulnerable"],"picked":"sneckomod:Nope","floor":3},{"not_picked":["sneckomod:UnknownClassSLIMEBOUND","sneckomod:ImprovisedGuard"],"picked":"sneckomod:WideSting","floor":4},{"not_picked":["sneckomod:SoulCleanse","sneckomod:DiceBlock"],"picked":"sneckomod:UnknownUncommonSkill","floor":5},{"not_picked":["sneckomod:UnknownClassGUARDIAN","sneckomod:UnknownStrike"],"picked":"sneckomod:SerpentMind","floor":6},{"not_picked":["sneckomod:UnknownUncommonSkill","sneckomod:UnknownClassTHE_CHAMP_GRAY"],"picked":"sneckomod:DiceBlock","floor":8},{"not_picked":["sneckomod:UnknownClassBLUE","sneckomod:ImprovisedAttack"],"picked":"sneckomod:QuickMove","floor":11},{"not_picked":["sneckomod:WideSting","sneckomod:ImprovisedAttack"],"picked":"sneckomod:UnknownVulnerable","floor":12},{"not_picked":["sneckomod:UnknownUncommonSkill","sneckomod:UnknownClassGUARDIAN"],"picked":"sneckomod:UnknownClassPURPLE","floor":13},{"not_picked":["sneckomod:UnknownStrike","sneckomod:DiceBlock"],"picked":"sneckomod:TrashToTreasure","floor":14},{"not_picked":["sneckomod:QuickMove","sneckomod:UnknownCommonSkill"],"picked":"sneckomod:SerpentIdol","floor":15},{"not_picked":["sneckomod:SerpentMind","sneckomod:DangerNoodle"],"picked":"sneckomod:MorePower","floor":16},{"not_picked":["sneckomod:UnknownCommonSkill+1","sneckomod:UnknownBlock+1"],"picked":"sneckomod:Unknown1Cost+1","floor":19},{"not_picked":["sneckomod:UnknownClassRED","sneckomod:RainOfDice"],"picked":"sneckomod:QuickBite","floor":19},{"not_picked":["sneckomod:UnknownUncommonPower+1","sneckomod:Unknown3Cost+1"],"picked":"sneckomod:UnknownRareAttack+1","floor":20},{"not_picked":["sneckomod:UnknownCommonSkill","sneckomod:QuickBite","sneckomod:SerpentIdol"],"picked":"SKIP","floor":20},{"not_picked":["sneckomod:UnknownBlock","sneckomod:Nope"],"picked":"sneckomod:MasterEye","floor":22},{"not_picked":["sneckomod:UnknownRareAttack+1","sneckomod:UnknownStrike+1"],"picked":"sneckomod:UnknownClassSLIMEBOUND+1","floor":23},{"not_picked":["sneckomod:DiceCrush","sneckomod:Unknown2Cost","sneckomod:UnknownClassSLIMEBOUND"],"picked":"SKIP","floor":23},{"not_picked":["sneckomod:UnknownWeak+1","sneckomod:UnknownClassCULL_RED_COLOR+1"],"picked":"sneckomod:UnknownColorless+1","floor":25},{"not_picked":["sneckomod:DiceCrush+1","sneckomod:UnknownRareAttack"],"picked":"sneckomod:UnknownBlock+1","floor":25},{"not_picked":["sneckomod:UnknownCommonAttack+1","sneckomod:UnknownBlock+1"],"picked":"sneckomod:UnknownEthereal+1","floor":27},{"not_picked":["sneckomod:UnknownStrike","sneckomod:SoulDraw+1"],"picked":"sneckomod:UnknownClassCULL_RED_COLOR+1","floor":27},{"not_picked":["sneckomod:UnknownEthereal+1","sneckomod:UnknownUncommonAttack+1"],"picked":"sneckomod:Unknown3Cost+1","floor":28},{"not_picked":["sneckomod:IronFang","sneckomod:QuickBite"],"picked":"sneckomod:UnknownX+1","floor":28},{"not_picked":["sneckomod:UnknownClassGUARDIAN+1","sneckomod:Unknown2Cost+1"],"picked":"sneckomod:Unknown1Cost+1","floor":31},{"not_picked":["sneckomod:UnknownClassCULL_RED_COLOR+1","sneckomod:UnknownClassHEXA_GHOST_PURPLE+1"],"picked":"sneckomod:SoulCleanse+1","floor":31},{"not_picked":["sneckomod:Unknown1Cost+1","sneckomod:Unknown2Cost+1"],"picked":"sneckomod:UnknownUncommonPower","floor":32}],"player_experience":378043,"relics_obtained":[{"floor":6,"key":"Shuriken"},{"floor":24,"key":"HornCleat"},{"floor":25,"key":"Shovel"},{"floor":25,"key":"Toxic Egg 2"},{"floor":27,"key":"Orichalcum"}],"event_choices":[],"is_beta":true,"boss_relics":[{"not_picked":["sneckomod:SuperSneckoSoul","Cursed Key"],"picked":"Pandora\u0027s Box"}],"items_purged_floors":[],"is_endless":false,"potions_floor_spawned":[2,6,11,12,15,20,28,32],"killed_by":"downfall:Ironclad","ascension_level":0}}