{"host":"8nqgve6y8ahjd8xo","time":1609330681,"event":{"mods":["ATMod(阿瑾Mod)","AchievementEnabler","BaseMod","Better Vampires","Better-Laid Plans","Colored Map","Colored Powertips","Minty Spire (QoL Compilation)","MostiFishMod","Quick Restart","Red Circlet Mod","Replay The Spire","RumiaBox-露米娅的神秘盒子","Ryuuou龙王","Shop Mod","StSLib","TestMod","Uncapped","Waifu the Spire","[IsaacMod]以撒尖塔","[功能]功能增强和修复MOD","vexMod","【功能Mod】Neow奖励","【功能Mod】混沌之环修复补丁","【遗物Mod】死灵法师NEW","【遗物Mod】简单游戏","【遗物卡牌】REMEMod","没有小屋子和绿帽子啦","篝火指南"],"gold_per_floor":[113,126,51,51,69,69,95,138,138,149,188,188,248,248,248,352,352,387,387,387,398,232,283,283,334,360,411,453,465,270,310,310,410,410,454,498,549,244,262,262,318,156,156,172,172,32,78,139,139,169,169],"floor_reached":52,"playtime":8568,"items_purged":["Defend_P","Defend_P","Strike_P","Strike_P","Strike_P"],"score":2539,"play_id":"3378d114-fd5c-4bab-80a8-54b69dbc811e","local_time":"20201230201801","is_ascension_mode":true,"campfire_choices":[{"data":"Eruption","floor":6.0,"key":"SMITH"},{"data":"Limit Break","floor":15.0,"key":"SMITH"},{"data":"Vault","floor":32.0,"key":"SMITH"},{"data":"Ragnarok","floor":40.0,"key":"SMITH"},{"data":"EmptyMind","floor":45.0,"key":"SMITH"},{"data":"Scrawl","floor":49,"key":"SMITH"},{"data":"Fasting2","floor":49,"key":"SMITH"}],"circlet_count":0,"master_deck":["AscendersBane","Strike_P","Defend_P+1","Eruption+1","Vigilance","BettingIsNotGood+1","AT_ShrugMaster","Limit Break+1","EmptyMind+1","Wallop","Wish+1","Adaptation","Vault+1","MentalFortress+1","BowlingBash","TalkToTheHand","Ragnarok+1","ConjureBlade","MostiFishMod:KamiSmash+1","AT_ChampionStep+1","Fasting2+1","WaveOfTheHand+1","Scrawl+1"],"relics":["EasyRelic","HushsDoor","testmod-TestBox","DaveBox","AT_ATBox","REME_ComplimentaryCards","TheBible","testmod-BlackFramedGlasses","CombinedTypeHook","Transparent","SynthV:TestCard","Happy Flower","AT_DeathDance","ReplayTheSpireMod:Ring of Collecting","AT_ChloranthyRing","Replay:Bronze Core","DeathBook","Potion Belt","HornCleat","Ring of Hypnosis","Lantern","D6","Membership Card","testmod-Fanaticism","GuppysHead","testmod-ArcanaOfDestiny","Mummified Hand","Chemical X","testmod-TurbochargingSystem","BelialBook","vexMod:PaidLearning","Ring of Peace","Replay:Arrowhead","Eternal Feather"],"acts_visited":["Exordium","TheCity","TheBeyond"],"potions_floor_usage":[],"damage_taken":[{"damage":6.0,"enemies":"Jaw Worm","floor":1.0,"turns":1.0},{"damage":12.0,"enemies":"Cultist","floor":2.0,"turns":2.0},{"damage":6.0,"enemies":"2 Louse","floor":5.0,"turns":1.0},{"damage":6.0,"enemies":"3 Sentries","floor":7.0,"turns":1.0},{"damage":12.0,"enemies":"Large Slime","floor":8.0,"turns":2.0},{"damage":6.0,"enemies":"2 Fungi Beasts","floor":10.0,"turns":1.0},{"damage":6.0,"enemies":"3 Louse","floor":11.0,"turns":1.0},{"damage":12.0,"enemies":"Lagavulin","floor":13.0,"turns":2.0},{"damage":34.0,"enemies":"Slime Boss","floor":16.0,"turns":4.0},{"damage":12.0,"enemies":"Chosen","floor":18.0,"turns":2.0},{"damage":19.0,"enemies":"Shell Parasite","floor":21.0,"turns":2.0},{"damage":44.0,"enemies":"Book of Stabbing","floor":23.0,"turns":3.0},{"damage":18.0,"enemies":"Slavers","floor":25.0,"turns":3.0},{"damage":18.0,"enemies":"Gremlin Leader","floor":27.0,"turns":3.0},{"damage":6.0,"enemies":"Snake Plant","floor":28.0,"turns":1.0},{"damage":6.0,"enemies":"Cultist and Chosen","floor":29.0,"turns":3.0},{"damage":12.0,"enemies":"Centurion and Healer","floor":31.0,"turns":2.0},{"damage":18.0,"enemies":"Automaton","floor":33.0,"turns":3.0},{"damage":5.0,"enemies":"3 Shapes","floor":35.0,"turns":2.0},{"damage":10.0,"enemies":"Orb Walker","floor":36.0,"turns":2.0},{"damage":10.0,"enemies":"Maw","floor":39.0,"turns":2.0},{"damage":15.0,"enemies":"R_Hoarder","floor":41.0,"turns":3.0},{"damage":0.0,"enemies":"Jaw Worm Horde","floor":44.0,"turns":1.0},{"damage":5,"enemies":"3 Darklings","floor":47,"turns":2},{"damage":33,"enemies":"Nemesis","floor":48,"turns":3},{"damage":17,"enemies":"Awakened One","floor":50,"turns":3},{"damage":23,"enemies":"Time Eater","floor":51,"turns":3}],"seed_played":"-3780228357588550845","potions_obtained":[{"floor":1.0,"key":"CultistPotion"},{"floor":5.0,"key":"AttackPotion"},{"floor":23.0,"key":"BlessingOfTheForge"},{"floor":23.0,"key":"PowerPotion"}],"is_trial":false,"path_per_floor":["M","M","?","?","M","R","E","M","T","M","M","?","E","?","R","B",null,"M","?","?","M","$","E","?","E","T","E","M","M","$","M","R","B",null,"M","M","?","$","M","R","E","$","T","M","R","$","M","E","R","B","B",null],"character_chosen":"WATCHER","items_purchased":["DeathBook","Potion Belt","Membership Card","TalkToTheHand","GuppysHead","Mummified Hand","Chemical X","testmod-TurbochargingSystem","vexMod:PaidLearning","Replay:Arrowhead","Fasting2"],"campfire_rested":0,"item_purchase_floors":[17,22,30,30,34,38,38,38,42,46,46],"current_hp_per_floor":[68,68,68,48,68,68,68,68,68,68,68,68,68,73,73,73,63,63,48,39,68,68,68,53,68,68,68,68,68,68,68,68,68,53,53,53,53,53,53,53,53,53,53,53,53,53,53,53,53,53,53],"gold":169,"neow_bonus":"BOSS_RELIC","is_daily":false,"chose_seed":false,"campfire_upgraded":7,"win_rate":0.0,"timestamp":1609330681,"path_taken":["M","M","?","?","?","R","E","M","T","M","M","?","E","?","R","BOSS","M","?","?","?","$","E","?","E","T","E","M","M","$","M","R","BOSS","M","M","?","$","M","R","E","$","T","M","R","?","M","E","R","BOSS","BOSS"],"items_purchased_type":["Relic","Relic","Relic","Card","Relic","Relic","Relic","Relic","Relic","Relic","Card"],"build_version":"2020-12-22","purchased_purges":5,"victory":true,"max_hp_per_floor":[68,68,68,68,68,68,68,68,68,68,68,68,68,73,73,73,63,63,63,68,68,68,68,68,68,68,68,68,68,68,68,68,68,53,53,53,53,53,53,53,53,53,53,53,53,53,53,53,53,53,53],"card_choices":[{"not_picked":[],"picked":"BettingIsNotGood","floor":0.0},{"not_picked":["ClearTheMind","ThirdEye"],"picked":"EmptyMind","floor":1.0},{"not_picked":["Wireheading","AT_RealFormLess","WreathOfFlame","MostiFishMod:Nomercy"],"picked":"Wallop","floor":2.0},{"not_picked":["Prostrate","ThirdEye","Pray","ForeignInfluence","Replay:BluntJabs"],"picked":"SKIP","floor":5.0},{"not_picked":["EmptyFist","FearNoEvil","MostiFishMod:Clarity","Replay:ManipulateFuture"],"picked":"Wish","floor":7.0},{"not_picked":["WheelKick","Wireheading","Replay:BluntJabs","FollowUp"],"picked":"Bomb","floor":8.0},{"not_picked":["ClearTheMind","MostiFishMod:FlowState","Meditate","EmptyFist","FlyingSleeves"],"picked":"SKIP","floor":10.0},{"not_picked":["ClearTheMind","Replay:ManipulateFuture","BattleHymn","Vengeance"],"picked":"Adaptation","floor":11.0},{"not_picked":["WindmillStrike","Perseverance","Vengeance","Prostrate","LikeWater"],"picked":"SKIP","floor":13.0},{"not_picked":["MostiFishMod:DustFall","Devotion","Alpha","ConjureBlade"],"picked":"Vault","floor":16.0},{"not_picked":["PathToVictory","Halt","MostiFishMod:LegendTransform","CrushJoints","Prostrate"],"picked":"SKIP","floor":18.0},{"not_picked":["Evaluate","SashWhip","MostiFishMod:LegendTransform","FlyingSleeves","Consecrate"],"picked":"SKIP","floor":21.0},{"not_picked":["REME_Repentance","FlyingSleeves","SashWhip","JustLucky+1","MostiFishMod:Clarity"],"picked":"SKIP","floor":23.0},{"not_picked":["DeceiveReality","Replay:ManipulateFuture","FlyingSleeves","WreathOfFlame"],"picked":"MentalFortress+1","floor":25.0},{"not_picked":["Wallop","Replay:BluntJabs+1","FearNoEvil","JustLucky","Consecrate"],"picked":"SKIP","floor":27.0},{"not_picked":["Replay:Battleflow","PathToVictory","Perseverance","ThirdEye"],"picked":"BowlingBash","floor":28.0},{"not_picked":["CrushJoints","Evaluate","MostiFishMod:FlowState","Wireheading","Replay:ManipulateFuture+1"],"picked":"SKIP","floor":29.0},{"not_picked":["Replay:Cycle","MentalFortress","Evaluate","Replay:BluntJabs+1","Consecrate"],"picked":"SKIP","floor":31.0},{"not_picked":["MostiFishMod:Adaptation","MasterReality","Replay:AllIn","Judgement"],"picked":"Ragnarok","floor":33.0},{"not_picked":["FlyingSleeves","Replay:AtTheReady","AT_RealFormLess","FlurryOfBlows","ClearTheMind"],"picked":"SKIP","floor":35.0},{"not_picked":["ReachHeaven+1","Protect","CrushJoints","Worship+1"],"picked":"ConjureBlade","floor":36.0},{"not_picked":["Protect","Halt","FollowUp","Replay:Cycle","AT_SoftenMuscles"],"picked":"SKIP","floor":39.0},{"not_picked":["Wallop+1","SashWhip","PathToVictory+1","Vengeance"],"picked":"MostiFishMod:KamiSmash","floor":41.0},{"not_picked":["FlyingSleeves","CarveReality","CrushJoints+1","Wireheading"],"picked":"AT_ChampionStep+1","floor":44.0},{"not_picked":["ClearTheMind+1","WheelKick+1","AT_ChampionStep","Evaluate+1"],"picked":"WaveOfTheHand+1","floor":47},{"not_picked":["Nirvana+1","JustLucky","CarveReality","Replay:AtTheReady"],"picked":"Scrawl","floor":48}],"player_experience":1324672,"relics_obtained":[{"floor":1.0,"key":"SynthV:TestCard"},{"floor":7.0,"key":"Happy Flower"},{"floor":9.0,"key":"AT_DeathDance"},{"floor":12.0,"key":"ReplayTheSpireMod:Ring of Collecting"},{"floor":13.0,"key":"AT_ChloranthyRing"},{"floor":23.0,"key":"HornCleat"},{"floor":26.0,"key":"Ring of Hypnosis"},{"floor":26.0,"key":"Lantern"},{"floor":27.0,"key":"D6"},{"floor":37.0,"key":"testmod-ArcanaOfDestiny"},{"floor":41.0,"key":"BelialBook"},{"floor":43.0,"key":"Ring of Peace"},{"floor":48,"key":"Eternal Feather"}],"event_choices":[{"cards_removed":["Defend_P"],"damage_healed":0.0,"max_hp_gain":0.0,"max_hp_loss":0.0,"gold_gain":0.0,"event_name":"The Cleric","player_choice":"Card Removal","floor":3.0,"gold_loss":75.0,"damage_taken":0.0},{"damage_healed":0.0,"max_hp_gain":0.0,"max_hp_loss":0.0,"gold_gain":0.0,"event_name":"Shining Light","player_choice":"Entered Light","floor":4.0,"gold_loss":0.0,"damage_taken":20.0,"cards_upgraded":["Defend_P","BettingIsNotGood"]},{"damage_healed":0.0,"max_hp_gain":5.0,"max_hp_loss":0.0,"gold_gain":0.0,"event_name":"Big Fish","player_choice":"Donut","floor":14.0,"gold_loss":0.0,"damage_taken":0.0},{"damage_healed":0.0,"max_hp_gain":5.0,"max_hp_loss":0.0,"gold_gain":0.0,"event_name":"Forgotten Altar","player_choice":"Shed Blood","floor":20.0,"gold_loss":0.0,"damage_taken":22.0}],"is_beta":false,"boss_relics":[{"not_picked":["OneHitWonderSystem","SacredBark"],"picked":"Replay:Bronze Core"},{"not_picked":[]},{"not_picked":["FixedStarFall","Painkiller Herb"],"picked":"testmod-Fanaticism"},{"not_picked":[]}],"items_purged_floors":[22,30,34,38,42],"is_endless":false,"potions_floor_spawned":[1,2,2,5,7,7,10,10,11,11,11,16,16,16,18,21,21,23,23,25,25,27,27,29,29,31,31,35,35,36,36,39,44,47,48],"ascension_level":20}}