{"host":"h4lp0eeso8a0ssq0","time":1609297321,"event":{"mods":["2.2 Compatiblity","AchievementEnabler","Astrologer","BaseMod","CapriCore","Colored Map","Downfall","Hermit","Lobotomy","Marisa£¨Ùöéë¡¡Øª×âÞÞ£©","Minty Spire (QoL Compilation)","StSLib","SuperFastMode","The Cursed","The Hierophant","The Immortal"],"gold_per_floor":[110,35,50,50,50,81,81,115,115,143,171,185,208,228,228,228,228],"floor_reached":16,"playtime":743,"items_purged":["hierophant:Strike_Hierophant"],"score":147,"play_id":"aacc7d67-5713-4b70-abb7-e97b86f2cacc","local_time":"20201230120201","is_ascension_mode":false,"campfire_choices":[{"data":"hierophant:RepressedViolence","floor":15,"key":"SMITH"}],"circlet_count":0,"master_deck":["hierophant:Strike_Hierophant","hierophant:Strike_Hierophant","hierophant:Punish","hierophant:Defend_Hierophant","hierophant:Defend_Hierophant","hierophant:Defend_Hierophant","hierophant:Defend_Hierophant","hierophant:ChurchCoffers","hierophant:MorningPrayer","hierophant:Repentance","hierophant:OrnateJavelin","hierophant:Alms","hierophant:Repentance","hierophant:Zeal","hierophant:RepressedViolence+1","hierophant:Empathy"],"relics":["hierophant:PropheticMaskRelic","NeowsBlessing","Meat on the Bone","Golden Idol","Frozen Egg 2","Lantern","Shovel"],"acts_visited":["Exordium"],"potions_floor_usage":[8,12],"damage_taken":[{"damage":0,"enemies":"Cultist","floor":1,"turns":1},{"damage":0,"enemies":"Small Slimes","floor":3,"turns":2},{"damage":0,"enemies":"Lagavulin","floor":6,"turns":2},{"damage":34,"enemies":"Gremlin Nob","floor":8,"turns":4},{"damage":0,"enemies":"2 Louse","floor":10,"turns":2},{"damage":25,"enemies":"3 Sentries","floor":11,"turns":10},{"damage":4,"enemies":"2 Fungi Beasts","floor":12,"turns":3},{"damage":14,"enemies":"Exordium Thugs","floor":13,"turns":5},{"damage":0,"enemies":"Lots of Slimes","floor":14,"turns":2},{"damage":35,"enemies":"Slime Boss","floor":16,"turns":5}],"seed_played":"-5386896112713276345","potions_obtained":[{"floor":6,"key":"AttackPotion"},{"floor":8,"key":"LiquidMemories"},{"floor":11,"key":"Regen Potion"}],"is_trial":false,"path_per_floor":["M","$","M","?","?","E","?","E","T","M","E","M","M","M","R","B"],"character_chosen":"HIEROPHANT","items_purchased":[],"campfire_rested":0,"item_purchase_floors":[],"current_hp_per_floor":[75,75,75,75,80,80,74,40,40,40,27,47,45,45,45,10,10],"gold":228,"neow_bonus":"THREE_ENEMY_KILL","is_daily":false,"chose_seed":false,"campfire_upgraded":1,"win_rate":0.0,"timestamp":1609297321,"path_taken":["M","?","M","?","?","E","?","E","T","M","E","M","M","M","R","BOSS"],"items_purchased_type":[],"build_version":"2020-12-22","purchased_purges":1,"victory":false,"max_hp_per_floor":[75,75,75,75,80,80,74,74,74,74,74,74,74,74,74,74,74],"card_choices":[{"not_picked":["hierophant:RustyCrate","hierophant:Smite"],"picked":"hierophant:MorningPrayer","floor":1},{"not_picked":["hierophant:AuricBeam","hierophant:Smite"],"picked":"hierophant:Repentance","floor":3},{"not_picked":["hierophant:HammerAndAnvil","hierophant:FlamingChariot"],"picked":"hierophant:Alms","floor":6},{"not_picked":["hierophant:Flagellation","hierophant:ArchangelShield+1"],"picked":"hierophant:Repentance","floor":8},{"not_picked":["hierophant:WrathOfGod","hierophant:AuricBeam"],"picked":"hierophant:Zeal","floor":10},{"not_picked":["hierophant:Bribe","hierophant:Sermon","hierophant:DisplayOfPower"],"picked":"SKIP","floor":11},{"not_picked":["hierophant:Smite","hierophant:DisplayOfPower"],"picked":"hierophant:RepressedViolence","floor":12},{"not_picked":["hierophant:PristineSoul","hierophant:Rebuild"],"picked":"hierophant:Empathy","floor":13},{"not_picked":["hierophant:Shelter","hierophant:AuricForm+1","hierophant:PassingBell"],"picked":"SKIP","floor":14}],"player_experience":44468,"relics_obtained":[{"floor":6,"key":"Meat on the Bone"},{"floor":8,"key":"Frozen Egg 2"},{"floor":9,"key":"Lantern"},{"floor":11,"key":"Shovel"}],"event_choices":[{"damage_healed":0,"gold_gain":0,"cards_transformed":["hierophant:Strike_Hierophant"],"player_choice":"Change","damage_taken":0,"max_hp_gain":0,"max_hp_loss":0,"event_name":"Living Wall","floor":4,"gold_loss":0,"cards_obtained":["hierophant:OrnateJavelin"]},{"damage_healed":0,"gold_gain":0,"player_choice":"Donut","damage_taken":0,"max_hp_gain":5,"max_hp_loss":0,"event_name":"Big Fish","floor":5,"gold_loss":0},{"damage_healed":0,"gold_gain":0,"player_choice":"Lose Max HP","damage_taken":0,"relics_obtained":["Golden Idol"],"max_hp_gain":0,"max_hp_loss":6,"event_name":"Golden Idol","floor":7,"gold_loss":0}],"is_beta":false,"boss_relics":[],"items_purged_floors":[2],"is_endless":false,"potions_floor_spawned":[6,8,11],"killed_by":"Slime Boss","ascension_level":0}}