{"host":"f5uumzf5hfexzk8l","time":1609310804,"event":{"mods":["AchievementEnabler","BaseMod","Colored Map","Googly Eyes","Highlight Path","Minty Spire (QoL Compilation)","Permanent Neow","StSLib","SuperFastMode","Unceasing Turn Reminder","everything is the same but u backflip on backflip"],"gold_per_floor":[116,127,140,152,166,201,220,250,250,250,250,250,175,196,196,315,315,339,339,357,375,398,398,418,418,466,466,466,466],"floor_reached":28,"playtime":1601,"items_purged":["Strike_B"],"score":293,"play_id":"f7672121-aea8-45f3-8bb4-1267352e481e","local_time":"20201229224644","is_ascension_mode":true,"campfire_choices":[{"floor":10,"key":"REST"},{"data":"Genetic Algorithm","floor":12,"key":"SMITH"},{"floor":15,"key":"REST"},{"floor":23,"key":"REST"},{"data":"RitualDagger","floor":25,"key":"SMITH"},{"data":"Zap","floor":27,"key":"SMITH"}],"circlet_count":0,"master_deck":["Strike_B","Defend_B","Defend_B","Defend_B","Defend_B","Zap+1","Dualcast","Ball Lightning","Rip and Tear","Genetic Algorithm+1","Conserve Battery","Doom and Gloom","Coolheaded","Seek","Glacier","RitualDagger+1","FTL"],"relics":["Cracked Core","Bag of Preparation","Boot","Calipers","DataDisk","Golden Idol","Empty Cage","Blood Vial"],"acts_visited":["Exordium","TheCity"],"potions_floor_usage":[8,8,8,22],"damage_taken":[{"damage":2.0,"enemies":"Jaw Worm","floor":1.0,"turns":3.0},{"damage":7.0,"enemies":"Small Slimes","floor":2.0,"turns":3.0},{"damage":0.0,"enemies":"2 Louse","floor":3.0,"turns":1.0},{"damage":6.0,"enemies":"Blue Slaver","floor":4.0,"turns":3.0},{"damage":9.0,"enemies":"Exordium Thugs","floor":5.0,"turns":3.0},{"damage":24,"enemies":"Lagavulin","floor":6,"turns":5},{"damage":9,"enemies":"Gremlin Gang","floor":7,"turns":4},{"damage":3,"enemies":"3 Sentries","floor":8,"turns":2},{"damage":6,"enemies":"Looter","floor":14,"turns":3},{"damage":9,"enemies":"The Guardian","floor":16,"turns":10},{"damage":23,"enemies":"2 Thieves","floor":18,"turns":3},{"damage":0,"enemies":"Spheric Guardian","floor":20,"turns":3},{"damage":16,"enemies":"Cultist and Chosen","floor":21,"turns":8},{"damage":0,"enemies":"3 Cultists","floor":22,"turns":6},{"damage":9,"enemies":"Snake Plant","floor":24,"turns":6},{"damage":34,"enemies":"Book of Stabbing","floor":28,"turns":5}],"seed_played":"-4251645310168825669","potions_obtained":[{"floor":1.0,"key":"LiquidMemories"},{"floor":6,"key":"EssenceOfSteel"},{"floor":7,"key":"LiquidMemories"},{"floor":14,"key":"SmokeBomb"},{"floor":16,"key":"LiquidBronze"},{"floor":18,"key":"SkillPotion"},{"floor":22,"key":"LiquidMemories"}],"is_trial":false,"path_per_floor":["M","M","M","M","M","E","M","E","T","R","?","R","$","M","R","B",null,"M","?","M","M","M","R","M","R","T","R","E"],"character_chosen":"DEFECT","items_purchased":[],"campfire_rested":3,"item_purchase_floors":[],"current_hp_per_floor":[73,66,66,60,51,27,18,15,15,37,19,19,19,13,35,26,63,40,34,34,18,18,40,31,31,31,31,0,0],"gold":466,"neow_bonus":"RANDOM_COMMON_RELIC","is_daily":false,"chose_seed":false,"campfire_upgraded":3,"win_rate":0.0,"timestamp":1609310804,"path_taken":["M","M","M","M","M","E","M","E","T","R","?","R","$","M","R","BOSS","M","?","M","M","M","R","M","R","T","R","E"],"items_purchased_type":[],"build_version":"2020-12-22","purchased_purges":1,"victory":false,"max_hp_per_floor":[75,75,75,75,75,75,75,75,75,75,75,75,75,75,75,75,75,75,75,75,75,75,75,75,75,75,75,75,75],"card_choices":[{"not_picked":["Beam Cell","Fusion"],"picked":"Ball Lightning","floor":1.0},{"not_picked":["Hologram","Steam","Go for the Eyes"],"picked":"SKIP","floor":2.0},{"not_picked":["Streamline","Turbo","Fusion"],"picked":"SKIP","floor":3.0},{"not_picked":["Streamline","Gash"],"picked":"Rip and Tear","floor":4.0},{"not_picked":["Capacitor","Sunder"],"picked":"Genetic Algorithm","floor":5.0},{"not_picked":["Undo","Steam"],"picked":"Conserve Battery","floor":6},{"not_picked":["Beam Cell","Redo"],"picked":"Doom and Gloom","floor":7},{"not_picked":["Biased Cognition","Beam Cell"],"picked":"Coolheaded","floor":8},{"not_picked":["Compile Driver","Steam","Conserve Battery"],"picked":"SKIP","floor":14},{"not_picked":["Creative AI","Core Surge"],"picked":"Seek","floor":16},{"not_picked":["Hologram","Barrage+1"],"picked":"Glacier","floor":18},{"not_picked":["Beam Cell","Sunder"],"picked":"FTL","floor":20},{"not_picked":["Conserve Battery","Barrage","Gash"],"picked":"SKIP","floor":21},{"not_picked":["Barrage","Ball Lightning","Sweeping Beam"],"picked":"SKIP","floor":22},{"not_picked":["White Noise","Blizzard","Rip and Tear"],"picked":"SKIP","floor":24}],"player_experience":340883,"relics_obtained":[{"floor":6,"key":"Boot"},{"floor":8,"key":"Calipers"},{"floor":9,"key":"DataDisk"},{"floor":26,"key":"Blood Vial"}],"event_choices":[{"damage_healed":0,"gold_gain":0,"player_choice":"Take Damage","damage_taken":18,"relics_obtained":["Golden Idol"],"max_hp_gain":0,"max_hp_loss":0,"event_name":"Golden Idol","floor":11,"gold_loss":0},{"damage_healed":0,"gold_gain":0,"player_choice":"Joined the Cult","damage_taken":6,"max_hp_gain":0,"max_hp_loss":0,"event_name":"Nest","floor":19,"gold_loss":0,"cards_obtained":["RitualDagger"]}],"is_beta":false,"boss_relics":[{"not_picked":["SacredBark","Ectoplasm"],"picked":"Empty Cage"}],"items_purged_floors":[13],"is_endless":false,"potions_floor_spawned":[1,6,7,14,16,18,22],"killed_by":"Book of Stabbing","ascension_level":5}}