{"host":"c59zqhrgluvxuu0k","time":1609366481,"event":{"mods":["BaseMod","Better Altar","Better Third Choice","BetterRewards","Colored Map","Colored Powertips","Curses Come First","Downfall","Duelist Mod","Friendly Minions","Hermit","Hubris","Minty Spire (QoL Compilation)","Replay The Spire","Shop Mod","Spicy Shops","StSLib","The Administrix","The Blackbeard","The Cursed","The Death Knight","The Dragon Tamer","The Druid","The Jungle","The Marked","The Runesmith","The Wild Card"],"gold_per_floor":[99,113,129,129,144,162,188,188,288,304,314,329,359,359,369,469,469,469,53,68,68,81,108,108,33,47,81,98,130,156,176,195,294,294,144,164,2,2,28,28,28,48,77,95,108,108,108,108,124,124],"floor_reached":51,"playtime":6456,"items_purged":[],"score":863,"play_id":"4cf1750d-1bca-4832-b430-48abae2c152a","local_time":"20201230151441","is_ascension_mode":false,"campfire_choices":[{"data":"Slimebound:Split","floor":1.0,"key":"SMITH"},{"data":"Slimebound:SamplingLick","floor":8.0,"key":"SMITH"},{"data":"Slimebound:MegaLick","floor":18.0,"key":"SMITH"},{"floor":25.0,"key":"RECALL"},{"data":"Slimebound:Overexert","floor":35.0,"key":"SMITH"},{"data":"Slimebound:Recollect","floor":40.0,"key":"SMITH"},{"floor":47.0,"key":"REST"}],"circlet_count":0,"master_deck":["Slimebound:Strike_Slimebound+1","Slimebound:Strike_Slimebound+1","Slimebound:Strike_Slimebound+1","Slimebound:Tackle+1","Slimebound:Defend_Slimebound+1","Slimebound:Defend_Slimebound+1","Slimebound:Defend_Slimebound+1","Slimebound:Split+1","Slimebound:CorrosiveSpit+1","Slimebound:LeechLife+1","Slimebound:SpikyOuterGoop+1","Slimebound:SplitSpecialist+1","Slimebound:SamplingLick+1","Slimebound:Gluttony+1","Slimebound:SplitAcid+1","Slimebound:LeechEnergy+1","Slimebound:MegaLick+1","Slimebound:TagTeam+1","Slimebound:SplitLeeching+1","Slimebound:HauntingLick+1","Slimebound:LevelUp+1","Slimebound:SpikyOuterGoop+1","Slimebound:SlimeTap+1","Slimebound:AcidTongue+1","Slimebound:Prepare+1","Slimebound:Overexert+1","Slimebound:SplitMire+1","Slimebound:GrowthPunch+1","Slimebound:OozeBath+1","Slimebound:SplitMire+1","hubris:DuctTapeCard","Slimebound:Repurpose+1"],"relics":["Slimebound:AbsorbEndCombat","Whetstone","WingedGreaves","Empty Cage","Strange Spoon","Replay:Ringing Soul","Blue Candle","Orichalcum","HornCleat","Replay:Rubber Ducky","Slimebound:TarBlob","Anchor","Ancient Tea Set","hubris:DisguiseKit","Replay:Bottled Steam","hubris:DuctTape","Shuriken","hubris:SphereOfDissonance","hubris:HerbalPaste","Meat on the Bone","Sling","Replay:Accelerometer"],"acts_visited":["Exordium","TheCity","TheBeyond"],"potions_floor_usage":[50],"damage_taken":[{"damage":14.0,"enemies":"2 Louse","floor":2.0,"turns":2.0},{"damage":9.0,"enemies":"Cultist","floor":3.0,"turns":4.0},{"damage":27.0,"enemies":"Small Slimes","floor":5.0,"turns":3.0},{"damage":20.0,"enemies":"Exordium Wildlife","floor":6.0,"turns":5.0},{"damage":24.0,"enemies":"Gremlin Gang","floor":10.0,"turns":4.0},{"damage":26.0,"enemies":"2 Fungi Beasts","floor":11.0,"turns":3.0},{"damage":27.0,"enemies":"Exordium Wildlife","floor":12.0,"turns":5.0},{"damage":25.0,"enemies":"Lagavulin","floor":13.0,"turns":5.0},{"damage":23.0,"enemies":"Large Slime","floor":15.0,"turns":4.0},{"damage":41.0,"enemies":"downfall:Silent","floor":16.0,"turns":7.0},{"damage":15.0,"enemies":"downfall:FleeingMerchant","floor":19.0,"turns":4.0},{"damage":36.0,"enemies":"3 Byrds","floor":20.0,"turns":4.0},{"damage":31.0,"enemies":"Snake Plant","floor":22.0,"turns":4.0},{"damage":34.0,"enemies":"theDuelist:KaibaA2","floor":23.0,"turns":4.0},{"damage":14.0,"enemies":"Cultist and Chosen","floor":26.0,"turns":3.0},{"damage":37.0,"enemies":"Gremlin Leader","floor":27.0,"turns":4.0},{"damage":15.0,"enemies":"Sentry and Sphere","floor":28.0,"turns":4.0},{"damage":16.0,"enemies":"theDuelist:KaibaA2","floor":29.0,"turns":4.0},{"damage":30.0,"enemies":"Book of Stabbing","floor":30.0,"turns":5.0},{"damage":20.0,"enemies":"Centurion and Healer","floor":31.0,"turns":4.0},{"damage":16.0,"enemies":"Snecko","floor":32.0,"turns":5.0},{"damage":43.0,"enemies":"downfall:Watcher","floor":33.0,"turns":8.0},{"damage":6.0,"enemies":"Orb Walker","floor":36.0,"turns":3.0},{"damage":18.0,"enemies":"downfall:FleeingMerchant","floor":37.0,"turns":4.0},{"damage":18.0,"enemies":"3 Darklings","floor":42.0,"turns":3.0},{"damage":42.0,"enemies":"R_Hoarder","floor":43.0,"turns":6.0},{"damage":42.0,"enemies":"Transient","floor":44.0,"turns":5.0},{"damage":24.0,"enemies":"Writhing Mass","floor":45.0,"turns":4.0},{"damage":36,"enemies":"Spire Growth","floor":49,"turns":4},{"damage":36,"enemies":"downfall:Defect","floor":50,"turns":5}],"seed_played":"-8429987433833663687","potions_obtained":[{"floor":5.0,"key":"Slimebound:SlimedPotion"},{"floor":6.0,"key":"GamblersBrew"},{"floor":10.0,"key":"Ancient Potion"},{"floor":11.0,"key":"Weak Potion"},{"floor":13.0,"key":"EssenceOfSteel"},{"floor":16.0,"key":"SteroidPotion"},{"floor":20.0,"key":"GamblersBrew"},{"floor":23.0,"key":"Explosive Potion"},{"floor":28.0,"key":"LiquidBronze"},{"floor":30.0,"key":"Adrenaline Potion"},{"floor":32.0,"key":"Fire Potion"},{"floor":42.0,"key":"BlessingOfTheForge"},{"floor":44.0,"key":"Block Potion"},{"floor":45.0,"key":"sneckomod:MuddlingPotion"}],"is_trial":false,"path_per_floor":["R","M","M","?","M","M","T","R","?","M","M","M","E","?","M","B",null,"R","$","M","?","M","E","T","R","M","E","M","E","E","M","M","B",null,"R","M","$","?","?","R","T","M","E","M","M","$","R","?","M","B",null],"character_chosen":"SLIMEBOUND","items_purchased":["Strange Spoon","Replay:Ringing Soul","Anchor","hubris:DuctTape","Shuriken","hubris:SphereOfDissonance","hubris:HerbalPaste","Meat on the Bone","SkillPotion","Sling","Replay:Accelerometer"],"campfire_rested":1,"item_purchase_floors":[19,19,37,46,46,46,46,46,46,46,46],"current_hp_per_floor":[60,54,60,60,45,51,51,51,51,55,60,60,60,60,60,60,60,60,60,54,54,66,66,66,76,79,66,82,85,88,91,91,94,94,94,94,97,68,68,68,68,79,94,103,106,6,38,38,90,112],"gold":124,"neow_bonus":"ONE_RANDOM_RARE_CARD","is_daily":false,"chose_seed":false,"campfire_upgraded":5,"win_rate":0.0,"timestamp":1609366481,"path_taken":["R","M","M","?","M","M","T","R","?","M","M","M","E","?","M","BOSS","R","$","M","?","M","E","T","R","M","E","M","E","E","M","M","BOSS","R","?","$","?","?","R","T","M","E","M","M","?","R","?","M","BOSS"],"items_purchased_type":["Relic","Relic","Relic","Relic","Relic","Relic","Relic","Relic","Potion","Relic","Relic"],"build_version":"2020-12-22","purchased_purges":0,"victory":true,"max_hp_per_floor":[60,60,60,60,60,60,60,60,60,60,60,60,60,60,60,60,60,60,60,63,63,66,66,66,76,79,79,82,85,88,91,91,94,94,94,94,97,97,97,97,97,100,103,103,106,109,109,109,112,112],"card_choices":[{"not_picked":["Slimebound:FinishingTackle","Slimebound:SplitBruiser"],"picked":"Slimebound:SpikyOuterGoop","floor":2.0},{"not_picked":["Slimebound:GoopTackle","Slimebound:RejuvenatingLick"],"picked":"Slimebound:SplitSpecialist","floor":3.0},{"not_picked":["Slimebound:SplitBruiser","Slimebound:RollThrough"],"picked":"Slimebound:SamplingLick","floor":5.0},{"not_picked":["Slimebound:Schlurp","Slimebound:SamplingLick"],"picked":"Slimebound:Gluttony","floor":6.0},{"not_picked":["Slimebound:Schlurp","Slimebound:CheckThePlaybook"],"picked":"Slimebound:SplitAcid","floor":10.0},{"not_picked":["Slimebound:ForwardTackle","Slimebound:PressTheAttack","Slimebound:FormOfPuddle"],"picked":"SKIP","floor":11.0},{"not_picked":["Slimebound:SlimeSpikes","Slimebound:RollThrough"],"picked":"Slimebound:LeechEnergy","floor":12.0},{"not_picked":["Slimebound:SlimeSlap","Slimebound:SlimeSpikes"],"picked":"Slimebound:Recollect","floor":13.0},{"not_picked":["Slimebound:GoopSpray","Slimebound:SplitMire"],"picked":"Slimebound:MegaLick","floor":15.0},{"not_picked":["Slimebound:MinionMaster","Slimebound:CheckThePlaybook"],"picked":"Slimebound:TagTeam","floor":16.0},{"not_picked":["Slimebound:FlameTackle","Slimebound:ComboTackle"],"picked":"Slimebound:SplitLeeching","floor":19.0},{"not_picked":["Slimebound:Prepare+1","Slimebound:Equalize"],"picked":"Slimebound:HauntingLick+1","floor":20.0},{"not_picked":["Slimebound:Repurpose","Slimebound:RejuvenatingLick"],"picked":"Slimebound:LevelUp+1","floor":22.0},{"not_picked":["Slimebound:PrepareCrush","Slimebound:Equalize","Slimebound:SlimeBrawl"],"picked":"SKIP","floor":23.0},{"not_picked":["Slimebound:ViciousTackle","Slimebound:Schlurp+1"],"picked":"Slimebound:SpikyOuterGoop","floor":26.0},{"not_picked":["Slimebound:LeechingTouch+1","Slimebound:Grow","Slimebound:Schlurp"],"picked":"SKIP","floor":27.0},{"not_picked":["Slimebound:Grow","Slimebound:ViciousTackle+1"],"picked":"Slimebound:SlimeTap+1","floor":28.0},{"not_picked":["Slimebound:SplitLeeching","Slimebound:FormOfPuddle"],"picked":"Slimebound:AcidTongue","floor":29.0},{"not_picked":["Slimebound:ProtectTheBoss","Slimebound:ComboTackle"],"picked":"Slimebound:Prepare","floor":30.0},{"not_picked":["Slimebound:SamplingLick","Slimebound:SplitMire"],"picked":"Slimebound:TongueLash","floor":31.0},{"not_picked":["Slimebound:ViciousTackle","Slimebound:Chomp","Slimebound:SplitMire"],"picked":"SKIP","floor":32.0},{"not_picked":["Slimebound:OneTwoCombo","Slimebound:Teamwork"],"picked":"Slimebound:Overexert","floor":33.0},{"not_picked":["Slimebound:Schlurp+1","Slimebound:Chomp+1","Slimebound:GoopSpray"],"picked":"SKIP","floor":36.0},{"not_picked":["Slimebound:Schlurp","Slimebound:RollThrough"],"picked":"Slimebound:SplitMire+1","floor":37.0},{"not_picked":["Slimebound:FinishingTackle","Slimebound:GoopSpray+1","Runesmith:CraftReservo"],"picked":"Slimebound:GrowthPunch","floor":42.0},{"not_picked":["Slimebound:LeechEnergy+1","Slimebound:ComboTackle+1","Runesmith:CraftMagma"],"picked":"Slimebound:OozeBath","floor":43.0},{"not_picked":["Slimebound:RollThrough","Slimebound:HungryTackle","Slimebound:LeechEnergy","Runesmith:Firewall"],"picked":"SKIP","floor":44.0},{"not_picked":["Slimebound:LeechEnergy+1","Slimebound:GoopSpray","Runesmith:LightningRod"],"picked":"Slimebound:SplitMire+1","floor":45.0},{"not_picked":["Slimebound:Equalize+1","Slimebound:TagTeam","Runesmith:CraftMagma"],"picked":"Slimebound:Repurpose+1","floor":49}],"player_experience":2202664,"relics_obtained":[{"floor":7.0,"key":"Whetstone"},{"floor":13.0,"key":"WingedGreaves"},{"floor":23.0,"key":"Blue Candle"},{"floor":27.0,"key":"Orichalcum"},{"floor":29.0,"key":"HornCleat"},{"floor":30.0,"key":"Replay:Rubber Ducky"},{"floor":39.0,"key":"Ancient Tea Set"},{"floor":41.0,"key":"hubris:DisguiseKit"},{"floor":43.0,"key":"Replay:Bottled Steam"}],"event_choices":[{"damage_healed":0.0,"max_hp_gain":0.0,"max_hp_loss":0.0,"gold_gain":0.0,"event_name":"Accursed Blacksmith","player_choice":"Forge","floor":21.0,"gold_loss":0.0,"damage_taken":0.0,"cards_upgraded":["Slimebound:TagTeam"]}],"is_beta":false,"boss_relics":[{"not_picked":["Tiny House","Sozu"],"picked":"Empty Cage"},{"not_picked":["Calling Bell","hubris:Stopwatch"],"picked":"Slimebound:TarBlob"}],"items_purged_floors":[],"is_endless":false,"potions_floor_spawned":[5,6,10,11,13,16,20,23,28,30,32,42,44,45],"ascension_level":0}}