{"host":"0cgp910o8339lr91","time":1609302711,"event":{"mods":["BaseMod","Colored Map","Filter the Spire","Minty Spire (QoL Compilation)","Relic Stats","Slay-I","ojb\u0027s Better Paths Mod","ojb\u0027s Info Mod"],"gold_per_floor":[109,109,109,109,128,158,173,173,173,98,117,134,159,159,159,250,250,269,269,368,368,268,312,4,35,35,66,93,129,159,171,183,286,298,324,336,3,3,16,16,52,52,76,90,124,147,185,203,203,203,203,203,6,42,42],"floor_reached":56,"playtime":8397,"items_purged":["Regret","Pain","Shame","Apotheosis+1"],"score":2565,"play_id":"d8eb2599-de5b-4ac1-911e-d0bcc83ba01e","local_time":"20201230053151","is_ascension_mode":true,"campfire_choices":[{"data":"Vault","floor":8.0,"key":"SMITH"},{"floor":15.0,"key":"DIG"},{"floor":32.0,"key":"DIG"},{"floor":40.0,"key":"DIG"},{"floor":42.0,"key":"DIG"},{"floor":49.0,"key":"RECALL"},{"floor":52.0,"key":"DIG"}],"circlet_count":0,"master_deck":["AscendersBane","Eruption+1","Vigilance+1","WheelKick+1","Omniscience+1","Vault+1","Adaptation+1","Swivel+1","FollowUp+1","Brilliance+1","CarveReality+1","ThirdEye+1","LikeWater+1","Wallop+1","Wireheading+1","Wallop+1","Establishment+1","Tantrum+1","Omniscience+1","Protect+1","Worship+1","JustLucky+1","Omniscience+1","Protect+1","Vault+1","Adaptation+1","TalkToTheHand+1","TalkToTheHand","WindmillStrike","Omniscience","InnerPeace"],"relics":["Pandora\u0027s Box","Regal Pillow","GoldenEye","Eternal Feather","Pocketwatch","Shovel","Golden Idol","TungstenRod","Black Star","Akabeko","WarpedTongs","Pen Nib","Anchor","Membership Card","Frozen Egg 2","InkBottle","Meat on the Bone","MawBank","Ice Cream","Singing Bowl","Runic Pyramid","Mark of the Bloom","Medical Kit","Omamori","Mercury Hourglass","Ancient Tea Set","Boot","Bronze Scales","PreservedInsect","Oddly Smooth Stone","CloakClasp","Centennial Puzzle","Juzu Bracelet","Pantograph","Vajra","Blue Candle","TeardropLocket"],"acts_visited":["Exordium","TheCity","TheBeyond","TheEnding"],"potions_floor_usage":[55],"damage_taken":[{"damage":4.0,"enemies":"Small Slimes","floor":1.0,"turns":4.0},{"damage":14.0,"enemies":"Jaw Worm","floor":5.0,"turns":3.0},{"damage":17.0,"enemies":"3 Sentries","floor":6.0,"turns":5.0},{"damage":2.0,"enemies":"Cultist","floor":7.0,"turns":2.0},{"damage":0.0,"enemies":"Gremlin Gang","floor":11.0,"turns":4.0},{"damage":3.0,"enemies":"Looter","floor":12.0,"turns":3.0},{"damage":0.0,"enemies":"Gremlin Nob","floor":13.0,"turns":3.0},{"damage":0.0,"enemies":"The Guardian","floor":16.0,"turns":7.0},{"damage":14.0,"enemies":"2 Thieves","floor":18.0,"turns":5.0},{"damage":27.0,"enemies":"Slavers","floor":23.0,"turns":6.0},{"damage":0.0,"enemies":"Gremlin Leader","floor":25.0,"turns":6.0},{"damage":11.0,"enemies":"Slavers","floor":27.0,"turns":5.0},{"damage":1.0,"enemies":"Chosen","floor":28.0,"turns":3.0},{"damage":0.0,"enemies":"Snake Plant","floor":29.0,"turns":2.0},{"damage":5.0,"enemies":"Centurion and Healer","floor":30.0,"turns":8.0},{"damage":0.0,"enemies":"Automaton","floor":33.0,"turns":5.0},{"damage":14.0,"enemies":"Orb Walker","floor":35.0,"turns":4.0},{"damage":0.0,"enemies":"3 Darklings","floor":39.0,"turns":5.0},{"damage":12.0,"enemies":"Giant Head","floor":41.0,"turns":7.0},{"damage":0.0,"enemies":"Writhing Mass","floor":44.0,"turns":5.0},{"damage":0.0,"enemies":"Reptomancer","floor":45.0,"turns":3.0},{"damage":0.0,"enemies":"Maw","floor":46.0,"turns":6.0},{"damage":0.0,"enemies":"Nemesis","floor":47.0,"turns":5.0},{"damage":0.0,"enemies":"Transient","floor":48.0,"turns":5.0},{"damage":0.0,"enemies":"Donu and Deca","floor":50.0,"turns":7.0},{"damage":0.0,"enemies":"Shield and Spear","floor":54.0,"turns":2.0},{"damage":0,"enemies":"The Heart","floor":55,"turns":8}],"seed_played":"-7009609057413473476","potions_obtained":[{"floor":1.0,"key":"EssenceOfSteel"},{"floor":6.0,"key":"BottledMiracle"},{"floor":7.0,"key":"Ambrosia"},{"floor":13.0,"key":"Fire Potion"},{"floor":27.0,"key":"Regen Potion"},{"floor":29.0,"key":"Explosive Potion"},{"floor":30.0,"key":"LiquidMemories"},{"floor":39.0,"key":"SteroidPotion"},{"floor":45.0,"key":"DistilledChaos"},{"floor":48.0,"key":"PowerPotion"}],"is_trial":false,"path_per_floor":["M","?","T","?","M","E","M","R","T","$","M","M","E","?","R","B",null,"M","?","?","?","$","E","$","E","T","E","M","M","M","?","R","B",null,"M","?","$","?","M","R","E","R","T","M","E","M","E","M","R","B",null,"R","$","E","B",null],"character_chosen":"WATCHER","items_purchased":["Membership Card","Apotheosis","Medical Kit","Omamori","Mercury Hourglass","Vajra","Omniscience","FairyPotion"],"campfire_rested":0,"item_purchase_floors":[24,24,37,37,37,53,53,53],"current_hp_per_floor":[57,57,57,57,43,26,24,33,33,33,33,30,30,30,39,39,57,43,43,43,43,43,16,16,16,16,17,28,40,35,35,47,47,59,45,45,45,45,45,45,33,33,33,33,33,33,33,33,33,33,33,33,33,33,33],"gold":42,"neow_bonus":"BOSS_RELIC","is_daily":false,"chose_seed":false,"campfire_upgraded":1,"win_rate":0.0,"timestamp":1609302711,"path_taken":["M","?","?","?","?","E","?","R","T","$","M","M","E","?","R","BOSS","M","?","?","?","$","E","$","E","T","E","M","?","M","?","R","BOSS","M","?","$","?","M","R","E","R","T","M","E","?","E","M","R","BOSS","R","$","E","BOSS"],"items_purchased_type":["Relic","Card","Relic","Relic","Relic","Relic","Card","Potion"],"build_version":"2020-12-22","purchased_purges":4,"victory":true,"max_hp_per_floor":[68,68,68,68,68,68,68,68,68,68,68,68,68,63,63,63,63,63,63,63,63,63,63,63,63,63,63,63,63,63,63,63,63,63,63,63,63,63,63,63,65,65,65,67,67,67,69,69,69,69,69,69,69,69,69],"relic_stats":{"Regal Pillow":0,"Mark of the Bloom":202,"Singing Bowl":6,"CloakClasp":[177],"Juzu Bracelet":0,"Boot":[48],"Centennial Puzzle":[0],"Shovel":5,"Pantograph":0,"InkBottle":[37],"counters":[27,128],"Golden Idol":158,"Blue Candle":[1],"Eternal Feather":30,"Pen Nib":[18],"PreservedInsect":190,"GoldenEye":[103],"MawBank":120,"Medical Kit":[6],"WarpedTongs":[39],"Mercury Hourglass":[190],"Bronze Scales":[100],"Pandora\u0027s Box":["WheelKick","Omniscience","Vault","Adaptation","Swivel","FollowUp","Brilliance","CarveReality"],"Black Star":7,"obtain_stats":[{"Ice Cream":27,"Regal Pillow":2,"Mark of the Bloom":36,"Singing Bowl":32,"Vajra":53,"CloakClasp":45,"Juzu Bracelet":47,"TeardropLocket":54,"Ancient Tea Set":40,"Boot":41,"Centennial Puzzle":47,"Shovel":13,"Pantograph":52,"InkBottle":25,"Runic Pyramid":34,"Golden Idol":14,"Blue Candle":54,"Oddly Smooth Stone":45,"Eternal Feather":6,"Pen Nib":23,"PreservedInsect":42,"Omamori":37,"Frozen Egg 2":25,"GoldenEye":3,"MawBank":27,"Medical Kit":37,"Akabeko":19,"WarpedTongs":21,"Mercury Hourglass":37,"Anchor":23,"Bronze Scales":41,"Pandora\u0027s Box":0,"Black Star":17,"Membership Card":24,"PureWater":0,"TungstenRod":15,"Pocketwatch":9,"Meat on the Bone":26},{"Ice Cream":12,"Regal Pillow":1,"Mark of the Bloom":17,"Singing Bowl":15,"Vajra":25,"CloakClasp":21,"Juzu Bracelet":23,"TeardropLocket":26,"Ancient Tea Set":18,"Boot":19,"Centennial Puzzle":23,"Shovel":7,"Pantograph":25,"InkBottle":11,"Runic Pyramid":16,"Golden Idol":7,"Blue Candle":26,"Oddly Smooth Stone":21,"Eternal Feather":3,"Pen Nib":10,"PreservedInsect":19,"Omamori":17,"Frozen Egg 2":11,"GoldenEye":1,"MawBank":12,"Medical Kit":17,"Akabeko":9,"WarpedTongs":9,"Mercury Hourglass":17,"Anchor":10,"Bronze Scales":19,"Pandora\u0027s Box":0,"Black Star":8,"Membership Card":10,"PureWater":0,"TungstenRod":7,"Pocketwatch":4,"Meat on the Bone":11},{"Ice Cream":53,"Regal Pillow":4,"Mark of the Bloom":75,"Singing Bowl":66,"Vajra":118,"CloakClasp":95,"Juzu Bracelet":106,"TeardropLocket":120,"Ancient Tea Set":80,"Boot":87,"Centennial Puzzle":106,"Shovel":24,"Pantograph":118,"InkBottle":48,"Runic Pyramid":71,"Golden Idol":24,"Blue Candle":120,"Oddly Smooth Stone":95,"Eternal Feather":12,"Pen Nib":42,"PreservedInsect":87,"Omamori":75,"Frozen Egg 2":48,"GoldenEye":4,"MawBank":53,"Medical Kit":75,"Akabeko":36,"WarpedTongs":36,"Mercury Hourglass":75,"Anchor":42,"Bronze Scales":87,"Pandora\u0027s Box":0,"Black Star":31,"Membership Card":42,"PureWater":0,"TungstenRod":24,"Pocketwatch":14,"Meat on the Bone":48}],"TungstenRod":27,"Pocketwatch":[118],"Meat on the Bone":36},"card_choices":[{"not_picked":["Pray","Prostrate"],"picked":"ThirdEye","floor":1.0},{"not_picked":["InnerPeace","CutThroughFate"],"picked":"Wallop","floor":5.0},{"not_picked":["SashWhip","CrushJoints"],"picked":"Wireheading","floor":6.0},{"not_picked":["BowlingBash","Vengeance","FearNoEvil"],"picked":"SKIP","floor":7.0},{"not_picked":["FlurryOfBlows","Halt","FollowUp"],"picked":"SKIP","floor":11.0},{"not_picked":["DeceiveReality","Halt"],"picked":"Wallop","floor":12.0},{"not_picked":["EmptyBody","FlurryOfBlows","Collect"],"picked":"SKIP","floor":13.0},{"not_picked":["Scrawl","DeusExMachina"],"picked":"Establishment","floor":16.0},{"not_picked":["ThirdEye+1","EmptyFist"],"picked":"Tantrum","floor":18.0},{"not_picked":["EmptyFist","ThirdEye"],"picked":"Omniscience","floor":23.0},{"not_picked":["EmptyBody","Evaluate"],"picked":"Protect","floor":25.0},{"not_picked":["FearNoEvil","EmptyBody"],"picked":"Worship","floor":27.0},{"not_picked":["SashWhip","FearNoEvil","Alpha"],"picked":"SKIP","floor":28.0},{"not_picked":["Crescendo","EmptyBody","Consecrate"],"picked":"SKIP","floor":29.0},{"not_picked":["FlyingSleeves","CrushJoints"],"picked":"JustLucky","floor":30.0},{"not_picked":["LessonLearned","Ragnarok"],"picked":"Omniscience","floor":33.0},{"not_picked":["ThirdEye","Consecrate+1"],"picked":"Protect+1","floor":35.0},{"not_picked":["ClearTheMind","Conclude"],"picked":"Adaptation+1","floor":39.0},{"not_picked":["Adaptation+1","Sanctity","Protect"],"picked":"Singing Bowl","floor":41.0},{"not_picked":["DeceiveReality+1","FlurryOfBlows","Indignation"],"picked":"Singing Bowl","floor":44.0},{"not_picked":["EmptyMind","Scrawl"],"picked":"TalkToTheHand+1","floor":45.0},{"not_picked":["JustLucky+1","Consecrate"],"picked":"TalkToTheHand","floor":46.0},{"not_picked":["SashWhip","Prostrate","Consecrate"],"picked":"Singing Bowl","floor":47.0},{"not_picked":["WheelKick","WreathOfFlame+1"],"picked":"WindmillStrike","floor":48.0},{"not_picked":["WindmillStrike+1","FollowUp"],"picked":"InnerPeace","floor":54.0}],"player_experience":1194735,"relics_obtained":[{"floor":3.0,"key":"GoldenEye"},{"floor":6.0,"key":"Eternal Feather"},{"floor":9.0,"key":"Pocketwatch"},{"floor":13.0,"key":"Shovel"},{"floor":15.0,"key":"TungstenRod"},{"floor":23.0,"key":"Pen Nib"},{"floor":23.0,"key":"Anchor"},{"floor":25.0,"key":"Frozen Egg 2"},{"floor":25.0,"key":"InkBottle"},{"floor":26.0,"key":"Meat on the Bone"},{"floor":27.0,"key":"MawBank"},{"floor":27.0,"key":"Ice Cream"},{"floor":32.0,"key":"Singing Bowl"},{"floor":40.0,"key":"Ancient Tea Set"},{"floor":41.0,"key":"Boot"},{"floor":41.0,"key":"Bronze Scales"},{"floor":42.0,"key":"PreservedInsect"},{"floor":45.0,"key":"Oddly Smooth Stone"},{"floor":45.0,"key":"CloakClasp"},{"floor":47.0,"key":"Centennial Puzzle"},{"floor":47.0,"key":"Juzu Bracelet"},{"floor":52.0,"key":"Pantograph"},{"floor":54.0,"key":"Blue Candle"},{"floor":54.0,"key":"TeardropLocket"}],"event_choices":[{"damage_healed":0.0,"max_hp_gain":0.0,"max_hp_loss":0.0,"gold_gain":0.0,"event_name":"Big Fish","player_choice":"Box","floor":2.0,"gold_loss":0.0,"damage_taken":0.0,"relics_obtained":["Regal Pillow"],"cards_obtained":["Regret"]},{"damage_healed":0.0,"max_hp_gain":0.0,"max_hp_loss":0.0,"gold_gain":0.0,"event_name":"Match and Keep!","player_choice":"1 cards matched","floor":4.0,"gold_loss":0.0,"damage_taken":0.0,"cards_obtained":["LikeWater"]},{"damage_healed":0.0,"max_hp_gain":0.0,"max_hp_loss":5.0,"gold_gain":0.0,"event_name":"Golden Idol","player_choice":"Lose Max HP","floor":14.0,"gold_loss":0.0,"damage_taken":0.0,"relics_obtained":["Golden Idol"]},{"damage_healed":0.0,"max_hp_gain":0.0,"max_hp_loss":0.0,"gold_gain":0.0,"event_name":"Addict","player_choice":"Stole Relic","floor":19.0,"gold_loss":0.0,"damage_taken":0.0,"relics_obtained":["Akabeko"],"cards_obtained":["Shame"]},{"damage_healed":0.0,"max_hp_gain":0.0,"max_hp_loss":0.0,"gold_gain":99.0,"event_name":"Nest","player_choice":"Stole From Cult","floor":20.0,"gold_loss":0.0,"damage_taken":0.0},{"damage_healed":0.0,"max_hp_gain":0.0,"max_hp_loss":0.0,"gold_gain":0.0,"event_name":"Accursed Blacksmith","player_choice":"Rummage","floor":21.0,"gold_loss":0.0,"damage_taken":0.0,"relics_obtained":["WarpedTongs"],"cards_obtained":["Pain"]},{"damage_healed":0.0,"max_hp_gain":0.0,"max_hp_loss":0.0,"gold_gain":0.0,"event_name":"Vampires","player_choice":"Ignored","floor":31.0,"gold_loss":0.0,"damage_taken":0.0},{"damage_healed":0.0,"max_hp_gain":0.0,"max_hp_loss":0.0,"gold_gain":0.0,"event_name":"MindBloom","player_choice":"Upgrade","floor":36.0,"gold_loss":0.0,"damage_taken":0.0,"cards_upgraded":["Eruption","Vigilance","WheelKick","Omniscience","Adaptation","Swivel","FollowUp","Brilliance","CarveReality","ThirdEye","LikeWater","Wallop","Wireheading","Wallop","Establishment","Tantrum","Omniscience","Apotheosis","Protect","Worship","JustLucky","Omniscience"],"relics_obtained":["Mark of the Bloom"]},{"damage_healed":0.0,"max_hp_gain":0.0,"max_hp_loss":0.0,"gold_gain":0.0,"event_name":"Duplicator","player_choice":"Copied","floor":38.0,"gold_loss":0.0,"damage_taken":0.0,"cards_obtained":["Vault"]}],"is_beta":false,"boss_relics":[{"not_picked":["SacredBark","Velvet Choker"],"picked":"Black Star"},{"not_picked":["Philosopher\u0027s Stone","Calling Bell"],"picked":"Runic Pyramid"}],"items_purged_floors":[10,22,24,37],"is_endless":false,"potions_floor_spawned":[1,6,7,13,27,29,30,39,45,46,48],"ascension_level":14}}