{"host":"873t0y8ybyo38pfq","time":1609368413,"event":{"mods":["BaseMod","Bestiary","Colored Map","Colored Powertips","Highlight Path","Minty Spire (QoL Compilation)","Quick Restart","RNG Fix","Rare Cards Sparkle","Relic Stats","StSLib"],"gold_per_floor":[109,119,136,58,76,106,106,121,121,121,121,121],"floor_reached":11,"playtime":397,"items_purged":[],"score":90,"play_id":"e418118f-233a-45c5-959a-d26db5c52a95","local_time":"20201230174653","is_ascension_mode":true,"campfire_choices":[{"data":"Creative AI","floor":7,"key":"SMITH"},{"floor":10,"key":"REST"}],"circlet_count":0,"master_deck":["Strike_B","Strike_B","Strike_B","Strike_B","Defend_B","Defend_B","Defend_B","Defend_B","Zap","Dualcast","Skim","Ball Lightning","Redo","Loop","Hologram","Creative AI+1","Self Repair"],"relics":["Cracked Core","NeowsBlessing","Ginger","Emotion Chip"],"acts_visited":["Exordium"],"potions_floor_usage":[6,6],"damage_taken":[{"damage":0,"enemies":"2 Louse","floor":1,"turns":1},{"damage":0,"enemies":"Jaw Worm","floor":2,"turns":1},{"damage":0,"enemies":"Small Slimes","floor":3,"turns":1},{"damage":20,"enemies":"Exordium Wildlife","floor":5,"turns":4},{"damage":12,"enemies":"Gremlin Nob","floor":6,"turns":3},{"damage":30,"enemies":"3 Louse","floor":8,"turns":4},{"damage":50,"enemies":"Lagavulin","floor":11,"turns":7}],"seed_played":"-25555558423338044","potions_obtained":[{"floor":3,"key":"DuplicationPotion"},{"floor":5,"key":"Strength Potion"}],"is_trial":false,"path_per_floor":["M","M","M","$","M","E","R","M","T","R","E"],"character_chosen":"DEFECT","items_purchased":["Loop"],"campfire_rested":1,"item_purchase_floors":[4],"current_hp_per_floor":[75,75,75,75,55,43,43,13,13,35,0,0],"gold":121,"neow_bonus":"THREE_ENEMY_KILL","is_daily":false,"chose_seed":false,"campfire_upgraded":1,"win_rate":0.0,"timestamp":1609368413,"path_taken":["M","M","M","$","M","E","R","M","T","R","E"],"items_purchased_type":["Card"],"build_version":"2020-12-22","purchased_purges":0,"victory":false,"max_hp_per_floor":[75,75,75,75,75,75,75,75,75,75,75,75],"relic_stats":{"Emotion Chip":[3,3,0,0,0],"counters":[7,21],"Ginger":[2],"obtain_stats":[{"Emotion Chip":9,"NeowsBlessing":0,"Ginger":6,"Cracked Core":0},{"Emotion Chip":6,"NeowsBlessing":0,"Ginger":5,"Cracked Core":0},{"Emotion Chip":14,"NeowsBlessing":0,"Ginger":10,"Cracked Core":0}]},"card_choices":[{"not_picked":["Stack","Recycle"],"picked":"Skim","floor":1},{"not_picked":["Gash","Go for the Eyes"],"picked":"Ball Lightning","floor":2},{"not_picked":["Hologram","Scrape"],"picked":"Redo","floor":3},{"not_picked":["Sweeping Beam","Rebound"],"picked":"Hologram","floor":5},{"not_picked":["Redo","Go for the Eyes"],"picked":"Creative AI","floor":6},{"not_picked":["Reinforced Body","Sweeping Beam"],"picked":"Self Repair","floor":8}],"player_experience":1436283,"relics_obtained":[{"floor":6,"key":"Ginger"},{"floor":9,"key":"Emotion Chip"}],"event_choices":[],"is_beta":false,"boss_relics":[],"items_purged_floors":[],"is_endless":false,"potions_floor_spawned":[3,5],"killed_by":"Lagavulin","ascension_level":4}}