{"host":"toh0bbw446wnuexf","time":1609364494,"event":{"mods":["BaseMod","Downfall","Hermit","Minty Spire (QoL Compilation)","Random Character Button","StSLib"],"gold_per_floor":[99,110,128,144,144,144,191,191,211,196,213,213,213,313,331,433,433,433,449,449,449,449],"floor_reached":20,"playtime":1274,"items_purged":[],"score":172,"play_id":"1fc1eb65-090e-4699-a57c-451171eb9f04","local_time":"20201231104134","is_ascension_mode":true,"campfire_choices":[{"data":"hexamod:Float","floor":1,"key":"SMITH"},{"data":"hexamod:EmpoweredFlame","floor":6,"key":"SMITH"},{"data":"hexamod:Strike","floor":8,"key":"SMITH"},{"data":"hexamod:CatchUp","floor":13,"key":"SMITH"},{"data":"hexamod:TimeWarp","floor":18,"key":"SMITH"}],"circlet_count":0,"master_deck":["hexamod:Strike+1","hexamod:Strike","hexamod:Strike","hexamod:Strike","hexamod:Defend","hexamod:Defend","hexamod:Defend","hexamod:Defend","hexamod:Float+1","hexamod:EmpoweredFlame+1","hexamod:CatchUp+1","hexamod:TimeWarp+1"],"relics":["hexamod:SpiritBrand","Bronze Scales","hexamod:IceCube"],"acts_visited":["Exordium","TheCity"],"potions_floor_usage":[],"damage_taken":[{"damage":0,"enemies":"Cultist","floor":2,"turns":3},{"damage":1,"enemies":"Jaw Worm","floor":3,"turns":4},{"damage":1,"enemies":"2 Louse","floor":4,"turns":3},{"damage":0,"enemies":"Exordium Wildlife","floor":9,"turns":3},{"damage":0,"enemies":"downfall:FleeingMerchant","floor":10,"turns":4},{"damage":7,"enemies":"Red Slaver","floor":11,"turns":3},{"damage":1,"enemies":"Blue Slaver","floor":15,"turns":3},{"damage":41,"enemies":"downfall:Ironclad","floor":16,"turns":8},{"damage":12,"enemies":"3 Byrds","floor":19,"turns":5},{"damage":80,"enemies":"Colosseum Nobs","floor":20,"turns":5}],"seed_played":"-8358943099240251055","potions_obtained":[{"floor":11,"key":"SteroidPotion"},{"floor":15,"key":"Strength Potion"},{"floor":16,"key":"hexamod:InfernoChargePotion"}],"is_trial":false,"path_per_floor":["R","M","M","M","?","R","T","R","M","$","M","?","R","?","M","B",null,"R","M","?"],"character_chosen":"THE_SPIRIT","items_purchased":[],"campfire_rested":0,"item_purchase_floors":[],"current_hp_per_floor":[70,70,69,68,68,68,68,68,68,68,61,66,66,66,65,24,75,75,63,0,0,0],"gold":449,"neow_bonus":"REMOVE_CARD","is_daily":false,"chose_seed":false,"campfire_upgraded":5,"win_rate":0.0,"timestamp":1609364494,"path_taken":["R","M","M","M","?","R","T","R","M","$","M","?","R","?","M","BOSS","R","M","?"],"items_purchased_type":[],"build_version":"2020-12-22","purchased_purges":0,"victory":false,"max_hp_per_floor":[70,70,70,70,70,70,70,70,70,70,70,75,75,75,75,75,75,75,75,75,75,75],"card_choices":[{"not_picked":["hexamod:GhostLash","hexamod:ShieldOfDarkness"],"picked":"hexamod:EmpoweredFlame","floor":2},{"not_picked":["hexamod:SkipABeat","hexamod:SuperheatedStrike","hexamod:NightmareStrike"],"picked":"SKIP","floor":3},{"not_picked":["hexamod:Rewind","hexamod:SpectralSpark","hexamod:DynamicBlow"],"picked":"SKIP","floor":4},{"not_picked":["hexamod:NightmareGuise","hexamod:NightmareStrike"],"picked":"hexamod:CatchUp","floor":9},{"not_picked":["hexamod:ShieldOfDarkness","hexamod:HeatShield","hexamod:RecurringNightmare"],"picked":"SKIP","floor":10},{"not_picked":["hexamod:BurningTouch","hexamod:NightmareStrike","hexamod:GhostLash"],"picked":"SKIP","floor":11},{"not_picked":["hexamod:Haunt","hexamod:BurningTouch","hexamod:SecondSeal"],"picked":"SKIP","floor":15},{"not_picked":["hexamod:Toasty","hexamod:SearingWound"],"picked":"hexamod:TimeWarp","floor":16},{"not_picked":["hexamod:InspiringFlames","hexamod:AdvancingGuard+1","hexamod:Hexaguard+1"],"picked":"SKIP","floor":19}],"player_experience":571842,"relics_obtained":[{"floor":7,"key":"Bronze Scales"}],"event_choices":[{"damage_healed":0,"gold_gain":0,"player_choice":"Donut","damage_taken":0,"max_hp_gain":5,"max_hp_loss":0,"event_name":"Big Fish","floor":12,"gold_loss":0}],"is_beta":false,"boss_relics":[{"not_picked":["Sozu","Pandora\u0027s Box"],"picked":"hexamod:IceCube"}],"items_purged_floors":[],"is_endless":false,"potions_floor_spawned":[11,15,16],"killed_by":"Colosseum Nobs","ascension_level":1}}