{"host":"dcj2yvrgcvh5dl2s","time":1609297418,"event":{"mods":["BaseMod","Better Note","Block Reminder","Colored Powertips","DeckTracker","Minty Spire (QoL Compilation)","Quick Restart","Rare Cards Sparkle","Relic Stats","StSLib"],"gold_per_floor":[113,132,73,73,83,83,83],"floor_reached":6,"playtime":334,"items_purged":[],"score":68,"play_id":"35dce3f6-4c75-4f8f-a1b6-6d8c3d556aa6","local_time":"20201230130338","is_ascension_mode":true,"campfire_choices":[],"circlet_count":0,"master_deck":["AscendersBane","Strike_R","Strike_R","Strike_R","Strike_R","Strike_R","Defend_R","Defend_R","Defend_R","Defend_R","Bash","Entrench","Shrug It Off","Heavy Blade","Flex"],"relics":["Burning Blood","Toy Ornithopter","Thread and Needle"],"acts_visited":["Exordium"],"potions_floor_usage":[5],"damage_taken":[{"damage":0,"enemies":"Small Slimes","floor":1,"turns":5},{"damage":10,"enemies":"2 Louse","floor":2,"turns":5},{"damage":10,"enemies":"Cultist","floor":5,"turns":4},{"damage":65,"enemies":"Lagavulin","floor":6,"turns":8}],"seed_played":"6471536763717983258","potions_obtained":[{"floor":1,"key":"GamblersBrew"}],"is_trial":false,"path_per_floor":["M","M","$","?","M","E"],"character_chosen":"IRONCLAD","items_purchased":["Heavy Blade"],"campfire_rested":0,"item_purchase_floors":[3],"current_hp_per_floor":[74,70,70,52,53,0,0],"gold":83,"neow_bonus":"RANDOM_COMMON_RELIC","is_daily":false,"chose_seed":false,"campfire_upgraded":0,"win_rate":0.0,"timestamp":1609297418,"path_taken":["M","M","$","?","M","E"],"items_purchased_type":["Card"],"build_version":"2020-12-22","purchased_purges":0,"victory":false,"max_hp_per_floor":[75,75,75,75,75,75,75],"relic_stats":{"counters":[4,22],"obtain_stats":[{"Thread and Needle":4,"Burning Blood":0,"Toy Ornithopter":0},{"Thread and Needle":2,"Burning Blood":0,"Toy Ornithopter":0},{"Thread and Needle":10,"Burning Blood":0,"Toy Ornithopter":0}],"Burning Blood":18,"Toy Ornithopter":5},"card_choices":[{"not_picked":["Dark Embrace","Twin Strike"],"picked":"Entrench","floor":1},{"not_picked":["Clash","Dropkick"],"picked":"Shrug It Off","floor":2},{"not_picked":["Ghostly Armor","Dropkick"],"picked":"Flex","floor":5}],"player_experience":2105967,"relics_obtained":[],"event_choices":[{"damage_healed":0,"gold_gain":0,"player_choice":"Success","damage_taken":18,"relics_obtained":["Thread and Needle"],"max_hp_gain":0,"max_hp_loss":0,"event_name":"Scrap Ooze","floor":4,"gold_loss":0}],"is_beta":false,"boss_relics":[],"items_purged_floors":[],"is_endless":false,"potions_floor_spawned":[1],"killed_by":"Lagavulin","ascension_level":18}}