{"host":"sc0o2qwpf9j16a4i","time":1609335292,"event":{"mods":["AchievementEnabler","BaseMod","BetterRewards","Block Reminder","Colored Map","Colored Powertips","Custom Start","Highlight Path","Minty Spire (QoL Compilation)","Relic Stats"],"gold_per_floor":[110,128,146,146,71,71,105,105,105,117,144,175,187,214,226,312,324,356,381,408,420,432,432],"floor_reached":22,"playtime":989,"items_purged":["Strike_G"],"score":626,"play_id":"4af8a3ff-70ff-4f87-b737-4a1c36e2f929","local_time":"20201230153452","is_ascension_mode":true,"campfire_choices":[{"data":"Noxious Fumes","floor":6,"key":"SMITH"},{"data":"Catalyst","floor":8,"key":"SMITH"},{"floor":15,"key":"REST"}],"circlet_count":0,"master_deck":["AscendersBane","Strike_G","Strike_G","Strike_G","Strike_G","Defend_G","Defend_G","Defend_G","Survivor","Neutralize","Noxious Fumes+1","PiercingWail","Footwork","Leg Sweep","Catalyst+1","Bane","Sucker Punch","Corpse Explosion","Dodge and Roll"],"relics":["Ring of the Snake","Matryoshka","Snake Skull","MawBank","Calipers","Snecko Eye"],"acts_visited":["Exordium","TheCity"],"potions_floor_usage":[7,16,18],"damage_taken":[{"damage":1,"enemies":"Small Slimes","floor":1,"turns":4},{"damage":4,"enemies":"Cultist","floor":2,"turns":4},{"damage":0,"enemies":"Jaw Worm","floor":3,"turns":7},{"damage":6,"enemies":"3 Sentries","floor":7,"turns":8},{"damage":9,"enemies":"Exordium Wildlife","floor":11,"turns":4},{"damage":14,"enemies":"3 Louse","floor":12,"turns":6},{"damage":1,"enemies":"Exordium Thugs","floor":14,"turns":6},{"damage":14,"enemies":"The Guardian","floor":16,"turns":9},{"damage":6,"enemies":"3 Byrds","floor":18,"turns":2},{"damage":12,"enemies":"Chosen","floor":19,"turns":4},{"damage":10,"enemies":"3 Cultists","floor":20,"turns":3},{"damage":31,"enemies":"Sentry and Sphere","floor":22,"turns":3}],"seed_played":"-3781744196781480030","potions_obtained":[{"floor":1,"key":"Swift Potion"},{"floor":3,"key":"Weak Potion"},{"floor":12,"key":"LiquidMemories"},{"floor":16,"key":"LiquidMemories"}],"is_trial":false,"path_per_floor":["M","M","M","?","?","R","E","R","T","$","M","M","?","M","R","B",null,"M","M","M","$","M"],"character_chosen":"THE_SILENT","items_purchased":["Noxious Fumes","PiercingWail"],"campfire_rested":1,"item_purchase_floors":[0,0],"current_hp_per_floor":[58,54,54,47,47,47,41,41,41,41,32,18,18,17,36,22,55,49,37,27,27,0,0],"gold":432,"neow_bonus":"","is_daily":false,"chose_seed":false,"campfire_upgraded":2,"win_rate":0.0,"timestamp":1609335292,"path_taken":["M","M","M","?","?","R","E","R","T","$","M","M","?","?","R","BOSS","M","?","M","$","M"],"items_purchased_type":["Card","Card"],"build_version":"2020-12-22","purchased_purges":1,"victory":false,"max_hp_per_floor":[66,66,66,66,66,66,66,66,66,66,66,66,66,66,66,66,66,66,66,66,66,66,66],"relic_stats":{"counters":[20,102],"Snecko Eye":[16,20,26,24],"Snake Skull":[38],"MawBank":156,"obtain_stats":[{"Busted Crown":0,"Matryoshka":7,"Calipers":13,"Snecko Eye":17,"Tiny Chest":12,"Snake Skull":9,"Toxic Egg 2":9,"Odd Mushroom":10,"MawBank":9,"Ring of the Snake":0},{"Busted Crown":0,"Matryoshka":12,"Calipers":14,"Snecko Eye":16,"Tiny Chest":6,"Snake Skull":12,"Toxic Egg 2":5,"Odd Mushroom":6,"MawBank":12,"Ring of the Snake":0},{"Busted Crown":0,"Matryoshka":65,"Calipers":75,"Snecko Eye":90,"Tiny Chest":28,"Snake Skull":65,"Toxic Egg 2":23,"Odd Mushroom":28,"MawBank":65,"Ring of the Snake":0}],"Ring of the Snake":[24]},"card_choices":[{"not_picked":["Expertise","Outmaneuver"],"picked":"Footwork","floor":1},{"not_picked":["Underhanded Strike","Acrobatics","Blade Dance"],"picked":"SKIP","floor":2},{"not_picked":["Dagger Throw","Eviscerate"],"picked":"Leg Sweep","floor":3},{"not_picked":["Endless Agony","Flying Knee"],"picked":"Catalyst","floor":7},{"not_picked":["Slice","Backflip","Cloak And Dagger"],"picked":"SKIP","floor":11},{"not_picked":["Night Terror","Acrobatics"],"picked":"Bane","floor":12},{"not_picked":["PiercingWail","Quick Slash"],"picked":"Sucker Punch","floor":14},{"not_picked":["Tools of the Trade","Die Die Die"],"picked":"Corpse Explosion","floor":16},{"not_picked":["Distraction","Masterful Stab","Outmaneuver"],"picked":"SKIP","floor":18},{"not_picked":["Slice","Dagger Spray+1"],"picked":"Dodge and Roll","floor":19},{"not_picked":["Cloak And Dagger+1","Endless Agony","Escape Plan"],"picked":"SKIP","floor":20}],"player_experience":444613,"relics_obtained":[{"floor":7,"key":"Matryoshka"},{"floor":9,"key":"Snake Skull"},{"floor":9,"key":"MawBank"}],"event_choices":[{"cards_removed":["Defend_G"],"damage_healed":0,"gold_gain":0,"player_choice":"Card Removal","damage_taken":7,"max_hp_gain":0,"max_hp_loss":0,"event_name":"Golden Wing","floor":4,"gold_loss":0},{"cards_removed":["Defend_G"],"damage_healed":0,"gold_gain":0,"player_choice":"Card Removal","damage_taken":0,"max_hp_gain":0,"max_hp_loss":0,"event_name":"The Cleric","floor":5,"gold_loss":75},{"damage_healed":0,"gold_gain":0,"player_choice":"Gave Potion","damage_taken":0,"relics_obtained":["Calipers"],"max_hp_gain":0,"max_hp_loss":0,"event_name":"WeMeetAgain","floor":13,"gold_loss":0}],"is_beta":false,"boss_relics":[{"not_picked":["SlaversCollar","Tiny House"],"picked":"Snecko Eye"}],"items_purged_floors":[0],"is_endless":false,"potions_floor_spawned":[1,3,12,16],"killed_by":"Sentry and Sphere","ascension_level":20}}