{"host":"1v94wza6sq30pv3l","time":1609310511,"event":{"mods":["AchievementEnabler","BaseMod","Highlight Path","Minty Spire (QoL Compilation)"],"gold_per_floor":[111,111,111,129,129,129,156,187,187,187,216,55,72,72,72,176,226,238,255,255,115,125,125,154,154,154,189,189,214,233,233,233,329,329,341,341,123,139,158,158,189,208,208,227,227,227,227,237,237,237,237],"floor_reached":50,"playtime":5046,"items_purged":["Defend_P","Strike_P","Strike_P"],"score":647,"play_id":"cc083c02-57c6-42d8-b939-b79ae908f22e","local_time":"20201230014151","is_ascension_mode":true,"campfire_choices":[{"data":"Eruption","floor":6,"key":"SMITH"},{"data":"MentalFortress","floor":10,"key":"SMITH"},{"floor":15,"key":"REST"},{"data":"BattleHymn","floor":23,"key":"SMITH"},{"data":"FlyingSleeves","floor":25,"key":"SMITH"},{"floor":28,"key":"REST"},{"floor":32,"key":"REST"},{"floor":40,"key":"REST"},{"floor":47,"key":"REST"},{"floor":49,"key":"RECALL"}],"circlet_count":0,"master_deck":["Strike_P","Defend_P","Defend_P","Eruption+1","Vigilance","Crescendo+1","FollowUp","MentalFortress+1","Meditate","SashWhip","Perseverance","JustLucky","FlyingSleeves+1","Devotion","FlyingSleeves","FollowUp+1","DeceiveReality","BattleHymn+1","CutThroughFate","Prostrate+1","Protect","Alpha","Tantrum","EmptyFist","FlurryOfBlows","LikeWater+1","Ragnarok","FlurryOfBlows+1","Consecrate+1","Halt","WindmillStrike+1"],"relics":["PureWater","Incense Burner","Odd Mushroom","Ancient Tea Set","Regal Pillow","Omamori","Tiny House","The Courier","Mummified Hand","Prayer Wheel","Happy Flower","Bottled Lightning","Busted Crown","Orichalcum","Bottled Tornado"],"acts_visited":["Exordium","TheCity","TheBeyond"],"potions_floor_usage":[11,16,22,24,29,35,35,41,42,46,46],"damage_taken":[{"damage":0,"enemies":"Cultist","floor":1,"turns":6},{"damage":1,"enemies":"Jaw Worm","floor":4,"turns":6},{"damage":5,"enemies":"The Mushroom Lair","floor":7,"turns":3},{"damage":6,"enemies":"Lagavulin","floor":8,"turns":5},{"damage":5,"enemies":"Gremlin Nob","floor":11,"turns":3},{"damage":0,"enemies":"Small Slimes","floor":13,"turns":3},{"damage":0,"enemies":"Slime Boss","floor":16,"turns":8},{"damage":1,"enemies":"Spheric Guardian","floor":18,"turns":3},{"damage":0,"enemies":"Chosen","floor":19,"turns":4},{"damage":2,"enemies":"Centurion and Healer","floor":22,"turns":5},{"damage":16,"enemies":"Book of Stabbing","floor":24,"turns":4},{"damage":22,"enemies":"Gremlin Leader","floor":27,"turns":5},{"damage":21,"enemies":"Book of Stabbing","floor":29,"turns":4},{"damage":25,"enemies":"Snake Plant","floor":30,"turns":6},{"damage":31,"enemies":"Collector","floor":33,"turns":8},{"damage":18,"enemies":"3 Shapes","floor":35,"turns":3},{"damage":31,"enemies":"3 Darklings","floor":38,"turns":4},{"damage":14,"enemies":"Spire Growth","floor":39,"turns":4},{"damage":17,"enemies":"Giant Head","floor":41,"turns":7},{"damage":16,"enemies":"Writhing Mass","floor":42,"turns":5},{"damage":10,"enemies":"Maw","floor":44,"turns":6},{"damage":1,"enemies":"Nemesis","floor":46,"turns":3},{"damage":0,"enemies":"3 Darklings","floor":48,"turns":3},{"damage":56,"enemies":"Donu and Deca","floor":50,"turns":3}],"seed_played":"-1945485195082353661","potions_obtained":[{"floor":7,"key":"ColorlessPotion"},{"floor":11,"key":"BlessingOfTheForge"},{"floor":13,"key":"SmokeBomb"},{"floor":16,"key":"ColorlessPotion"},{"floor":17,"key":"Strength Potion"},{"floor":24,"key":"LiquidBronze"},{"floor":30,"key":"Explosive Potion"},{"floor":33,"key":"LiquidBronze"},{"floor":38,"key":"DuplicationPotion"},{"floor":39,"key":"EssenceOfSteel"},{"floor":44,"key":"SkillPotion"}],"is_trial":false,"path_per_floor":["M","?","?","M","?","R","?","E","T","R","E","$","M","$","R","B",null,"M","M","?","$","M","R","E","R","T","E","R","E","M","T","R","B",null,"M","?","$","M","M","R","E","M","T","M","?","E","R","M","R","B"],"character_chosen":"WATCHER","items_purchased":["Perseverance","JustLucky","BattleHymn","Orichalcum"],"campfire_rested":5,"item_purchase_floors":[12,12,21,37],"current_hp_per_floor":[79,72,72,71,64,64,59,53,53,53,48,48,48,48,79,79,84,83,83,83,83,81,81,65,65,65,43,83,62,37,37,77,46,84,66,66,66,35,21,61,44,28,28,18,18,17,56,56,56,0,0],"gold":237,"neow_bonus":"TEN_PERCENT_HP_BONUS","is_daily":false,"chose_seed":false,"campfire_upgraded":4,"win_rate":0.0,"timestamp":1609310511,"path_taken":["M","?","?","?","?","R","?","E","T","R","E","$","M","?","R","BOSS","M","M","?","$","M","R","E","R","T","E","R","E","M","?","R","BOSS","M","?","$","?","M","R","E","M","T","M","?","E","R","M","R","BOSS"],"items_purchased_type":["Card","Card","Card","Relic"],"build_version":"2020-12-22","purchased_purges":3,"victory":false,"max_hp_per_floor":[79,79,79,79,79,79,79,79,79,79,79,79,79,79,79,79,84,84,84,84,84,84,84,84,84,84,84,84,84,84,84,84,84,84,84,84,84,84,84,84,84,84,84,84,80,80,80,80,80,80,80],"card_choices":[{"not_picked":["FlurryOfBlows","Evaluate"],"picked":"Crescendo","floor":1},{"not_picked":["CrushJoints","PathToVictory"],"picked":"FollowUp","floor":4},{"not_picked":["CutThroughFate","Collect"],"picked":"MentalFortress","floor":7},{"not_picked":["Establishment","MentalFortress"],"picked":"Meditate","floor":8},{"not_picked":["FearNoEvil","WreathOfFlame"],"picked":"SashWhip","floor":11},{"not_picked":["Halt","EmptyBody"],"picked":"FlyingSleeves","floor":13},{"not_picked":["Alpha","Brilliance"],"picked":"Devotion","floor":16},{"not_picked":["Indignation","SashWhip"],"picked":"FlyingSleeves","floor":17},{"not_picked":["Prostrate","Meditate"],"picked":"FollowUp+1","floor":18},{"not_picked":["SashWhip","JustLucky"],"picked":"DeceiveReality","floor":19},{"not_picked":["LikeWater","FollowUp"],"picked":"CutThroughFate","floor":22},{"not_picked":["Conclude","Consecrate"],"picked":"Prostrate+1","floor":24},{"not_picked":["ForeignInfluence","FearNoEvil"],"picked":"Protect","floor":27},{"not_picked":["CutThroughFate","SashWhip"],"picked":"Alpha","floor":29},{"not_picked":["PathToVictory","Consecrate"],"picked":"Tantrum","floor":30},{"not_picked":["FollowUp","Indignation+1"],"picked":"EmptyFist","floor":30},{"not_picked":[],"picked":"FlurryOfBlows","floor":35},{"not_picked":[],"picked":"LikeWater+1","floor":35},{"not_picked":["CrushJoints+1"],"picked":"SKIP","floor":38},{"not_picked":["Protect"],"picked":"SKIP","floor":38},{"not_picked":[],"picked":"FlurryOfBlows+1","floor":39},{"not_picked":["Wallop+1"],"picked":"SKIP","floor":39},{"not_picked":["FlyingSleeves"],"picked":"SKIP","floor":41},{"not_picked":[],"picked":"Consecrate+1","floor":42},{"not_picked":["FlyingSleeves+1"],"picked":"SKIP","floor":42},{"not_picked":[],"picked":"Halt","floor":44},{"not_picked":["Meditate"],"picked":"SKIP","floor":44},{"not_picked":[],"picked":"WindmillStrike+1","floor":48},{"not_picked":["Swivel+1"],"picked":"SKIP","floor":48}],"player_experience":78691,"relics_obtained":[{"floor":7,"key":"Odd Mushroom"},{"floor":8,"key":"Ancient Tea Set"},{"floor":9,"key":"Regal Pillow"},{"floor":11,"key":"Omamori"},{"floor":24,"key":"The Courier"},{"floor":26,"key":"Mummified Hand"},{"floor":27,"key":"Prayer Wheel"},{"floor":29,"key":"Happy Flower"},{"floor":31,"key":"Bottled Lightning"},{"floor":41,"key":"Bottled Tornado"}],"event_choices":[{"cards_removed":["Defend_P"],"damage_healed":0,"gold_gain":0,"player_choice":"Card Removal","damage_taken":7,"max_hp_gain":0,"max_hp_loss":0,"event_name":"Golden Wing","floor":2,"gold_loss":0},{"damage_healed":0,"gold_gain":0,"player_choice":"Ignored","damage_taken":0,"max_hp_gain":0,"max_hp_loss":0,"event_name":"Liars Game","floor":3,"gold_loss":0},{"damage_healed":0,"gold_gain":0,"player_choice":"Success","damage_taken":7,"relics_obtained":["Incense Burner"],"max_hp_gain":0,"max_hp_loss":0,"event_name":"Scrap Ooze","floor":5,"gold_loss":0},{"damage_healed":0,"gold_gain":0,"player_choice":"Fought Mushrooms","damage_taken":0,"max_hp_gain":0,"max_hp_loss":0,"event_name":"Mushrooms","floor":7,"gold_loss":0},{"damage_healed":0,"gold_gain":0,"player_choice":"Ignored","damage_taken":0,"max_hp_gain":0,"max_hp_loss":0,"event_name":"Ghosts","floor":20,"gold_loss":0},{"damage_healed":0,"gold_gain":0,"cards_transformed":["Strike_P"],"player_choice":"Transformed","damage_taken":0,"max_hp_gain":0,"max_hp_loss":0,"event_name":"Transmorgrifier","floor":36,"gold_loss":0,"cards_obtained":["Ragnarok"]},{"damage_healed":0,"gold_gain":0,"player_choice":"Max HP","damage_taken":0,"max_hp_gain":0,"max_hp_loss":4,"event_name":"Winding Halls","floor":45,"gold_loss":0}],"is_beta":false,"boss_relics":[{"not_picked":["Cursed Key","Astrolabe"],"picked":"Tiny House"},{"not_picked":["Empty Cage","Philosopher\u0027s Stone"],"picked":"Busted Crown"}],"items_purged_floors":[12,21,37],"is_endless":false,"potions_floor_spawned":[7,11,13,16,24,30,33,38,39,44,46],"killed_by":"Donu and Deca","ascension_level":1}}