{"host":"kdt6w7ix8lwe69i9","time":1609337290,"event":{"mods":["Bartender","BaseMod","ChefMod","Downfall","Fiend Mod","Jorbs\u0027s Wanderer Trilogy","Minty Spire (QoL Compilation)","Reimu（博丽灵梦）","Robot Space Explorer","StSLib","The Cursed","The Disciple","The Dragon Tamer","The Druid","The Elementalist","The Forsaken","The Gatherer","The Judge","The Marked","TheBandit"],"gold_per_floor":[13,13,13,32,44,59,59,90,90,90,19,46,56,76,76,76,76],"floor_reached":16,"playtime":1958,"items_purged":[],"score":112,"play_id":"10c69f2c-901c-4a7d-9b17-1dd9dbe86dcb","local_time":"20201230090810","is_ascension_mode":false,"campfire_choices":[{"floor":15,"key":"REST"}],"circlet_count":0,"master_deck":["chefmod:Strike","chefmod:Strike","chefmod:Strike","chefmod:Strike","chefmod:Defend","chefmod:Defend","chefmod:Defend","chefmod:QuickThaw","chefmod:TodaysSpecial","chefmod:CuttingBoard+1","chefmod:FreezeSolid","chefmod:Omelette","chefmod:Granita","chefmod:HotSoup","chefmod:Leftovers","chefmod:OldCookbook","chefmod:FireUp","chefmod:Gelato"],"relics":["chefmod:TrustyPot","Choco_Feather","FaceOfCleric","Ice Cream","Incense Burner","Gambling Chip"],"acts_visited":["Exordium"],"potions_floor_usage":[8,16],"damage_taken":[{"damage":0,"enemies":"2 Louse","floor":1,"turns":2},{"damage":7,"enemies":"Small Slimes","floor":4,"turns":4},{"damage":2,"enemies":"Cultist","floor":5,"turns":4},{"damage":3,"enemies":"Exordium Thugs","floor":6,"turns":4},{"damage":11,"enemies":"Lagavulin","floor":8,"turns":6},{"damage":35,"enemies":"Gremlin Nob","floor":12,"turns":4},{"damage":6,"enemies":"Exordium Wildlife","floor":13,"turns":4},{"damage":4,"enemies":"Lots of Slimes","floor":14,"turns":5},{"damage":42,"enemies":"Hexaghost","floor":16,"turns":14}],"seed_played":"-747404737562043957","potions_obtained":[{"floor":1,"key":"FearPotion"},{"floor":13,"key":"GrandPatriotsElixir:ReiMu"}],"is_trial":false,"path_per_floor":["M","?","?","M","M","M","$","E","T","?","$","E","M","M","R","B"],"character_chosen":"THE_CHEF","items_purchased":["chefmod:Leftovers"],"campfire_rested":1,"item_purchase_floors":[11],"current_hp_per_floor":[76,76,76,70,69,67,67,57,57,57,57,23,18,15,39,0,0],"gold":76,"neow_bonus":"ONE_RARE_RELIC","is_daily":false,"chose_seed":false,"campfire_upgraded":0,"win_rate":0.0,"timestamp":1609337290,"path_taken":["M","?","?","M","?","M","?","E","T","?","$","E","?","M","R","BOSS"],"items_purchased_type":["Card"],"build_version":"2020-12-22","purchased_purges":0,"victory":false,"max_hp_per_floor":[76,76,76,77,78,79,79,80,80,80,80,81,82,83,83,83,83],"card_choices":[{"not_picked":["chefmod:Escargot","chefmod:PotatoGratin"],"picked":"chefmod:CuttingBoard","floor":1},{"not_picked":["chefmod:FryPan","chefmod:GroceryDelivery"],"picked":"chefmod:FreezeSolid","floor":4},{"not_picked":["chefmod:Sorbet","chefmod:Defrost"],"picked":"chefmod:Omelette","floor":5},{"not_picked":["chefmod:FireUp","chefmod:DinoKale"],"picked":"chefmod:Granita","floor":6},{"not_picked":["chefmod:IceCreamCone","chefmod:DinoKale"],"picked":"chefmod:HotSoup","floor":8},{"not_picked":["chefmod:Chop","chefmod:Sorbet"],"picked":"chefmod:OldCookbook","floor":12},{"not_picked":["chefmod:QuickChop","chefmod:Sorbet"],"picked":"chefmod:FireUp","floor":13},{"not_picked":["chefmod:VegetableTart","chefmod:AllYouCanEat"],"picked":"chefmod:Gelato","floor":14}],"player_experience":1643015,"relics_obtained":[{"floor":8,"key":"Ice Cream"},{"floor":9,"key":"Incense Burner"},{"floor":12,"key":"Gambling Chip"}],"event_choices":[{"damage_healed":0,"gold_gain":0,"player_choice":"Grow","damage_taken":0,"max_hp_gain":0,"max_hp_loss":0,"event_name":"Living Wall","floor":2,"gold_loss":0,"cards_upgraded":["chefmod:CuttingBoard"]},{"damage_healed":0,"gold_gain":0,"player_choice":"Trade","damage_taken":0,"relics_obtained":["FaceOfCleric"],"max_hp_gain":0,"max_hp_loss":0,"event_name":"FaceTrader","floor":3,"gold_loss":0},{"cards_removed":["chefmod:Strike"],"damage_healed":0,"gold_gain":0,"player_choice":"Card Removal","damage_taken":0,"max_hp_gain":0,"max_hp_loss":0,"event_name":"Wheel of Change","floor":10,"gold_loss":0}],"is_beta":false,"boss_relics":[],"items_purged_floors":[],"is_endless":false,"potions_floor_spawned":[1,13],"killed_by":"Hexaghost","ascension_level":0}}