{"host":"a1u4jo6xlg3w0wsm","time":1609326268,"event":{"mods":["BaseMod","Better Third Choice","DeckTracker","Downfall","Hermit","Hubris","Minty Spire (QoL Compilation)","Rare Cards Sparkle","Replay The Spire","StSLib"],"gold_per_floor":[119,129,189,189,30,30,62,76,99,99,129,139,165,178,178,278,278,292,292,292],"floor_reached":19,"playtime":1239,"items_purged":[],"score":206,"play_id":"64bf0789-f565-4137-bbc2-850433a958b0","local_time":"20201231000428","is_ascension_mode":true,"campfire_choices":[{"data":"hermit:GoldenBullet","floor":6,"key":"SMITH"},{"floor":10,"key":"REST"},{"floor":15,"key":"REST"}],"circlet_count":0,"master_deck":["hermit:Strike_Hermit","hermit:Strike_Hermit","hermit:Strike_Hermit","hermit:Strike_Hermit","hermit:Defend_Hermit","hermit:Defend_Hermit","hermit:Defend_Hermit","hermit:Defend_Hermit","hermit:Snapshot","hermit:Covet","hermit:CalledShot","hermit:ShadowCloak","hermit:TrackingShot","hermit:FatalDesire","hermit:Manifest","hermit:Snipe","hermit:Misfire","hermit:EyeOfTheStorm","hermit:HeroicBravado","hermit:Vantage+1","hermit:FromBeyond+1","hermit:Coalescence+1","hermit:Desperado"],"relics":["hermit:Momento","Pen Nib","Blue Doll","Shuriken","Bag of Preparation","Astrolabe"],"acts_visited":["Exordium","TheCity"],"potions_floor_usage":[7,7,13,13,18,19],"damage_taken":[{"damage":6,"enemies":"2 Louse","floor":1,"turns":3},{"damage":18,"enemies":"Jaw Worm","floor":2,"turns":4},{"damage":22,"enemies":"3 Sentries","floor":7,"turns":6},{"damage":10,"enemies":"Small Slimes","floor":8,"turns":4},{"damage":1,"enemies":"Gremlin Nob","floor":11,"turns":3},{"damage":6,"enemies":"Looter","floor":12,"turns":4},{"damage":11,"enemies":"Lagavulin","floor":13,"turns":5},{"damage":0,"enemies":"Large Slime","floor":14,"turns":3},{"damage":49,"enemies":"The Guardian","floor":16,"turns":9},{"damage":21,"enemies":"Spheric Guardian","floor":18,"turns":6},{"damage":22,"enemies":"Shell Parasite","floor":19,"turns":4}],"seed_played":"-2940294633743609302","potions_obtained":[{"floor":2,"key":"Regen Potion"},{"floor":7,"key":"Strength Potion"},{"floor":12,"key":"Weak Potion"},{"floor":16,"key":"Regen Potion"},{"floor":18,"key":"PowerPotion"}],"is_trial":false,"path_per_floor":["M","M","?","?","$","R","E","M","T","R","E","M","E","M","R","B",null,"M","M"],"character_chosen":"HERMIT","items_purchased":["hermit:ShadowCloak","Explosive Potion","hermit:TrackingShot"],"campfire_rested":2,"item_purchase_floors":[5,5,5],"current_hp_per_floor":[69,51,51,51,51,51,44,34,34,56,55,49,38,38,60,11,75,63,41,41],"gold":292,"neow_bonus":"THREE_CARDS","is_daily":false,"chose_seed":false,"campfire_upgraded":1,"win_rate":0.0,"timestamp":1609326268,"path_taken":["M","M","?","?","$","R","E","M","T","R","E","M","E","M","R","BOSS","M","M"],"items_purchased_type":["Card","Potion","Card"],"build_version":"2020-12-13","purchased_purges":0,"victory":false,"max_hp_per_floor":[75,75,75,75,75,75,75,75,75,75,75,75,75,75,75,75,75,75,75,75],"card_choices":[{"not_picked":["hermit:Vantage","hermit:Grudge"],"picked":"hermit:CalledShot","floor":0},{"not_picked":["hermit:Manifest","hermit:Ricochet"],"picked":"hermit:GoldenBullet","floor":1},{"not_picked":["hermit:Coalescence","hermit:LuckOfTheDraw"],"picked":"hermit:Roulette","floor":2},{"not_picked":["hermit:Snipe","hermit:Dive"],"picked":"hermit:FatalDesire","floor":7},{"not_picked":["hermit:Glare","hermit:Deadeye"],"picked":"hermit:Manifest","floor":8},{"not_picked":["hermit:Misfire","hermit:LuckOfTheDraw"],"picked":"hermit:Snipe","floor":11},{"not_picked":["hermit:WideOpen","hermit:EternalForm"],"picked":"hermit:Misfire","floor":12},{"not_picked":["hermit:Manifest","hermit:WideOpen","hermit:Dive"],"picked":"SKIP","floor":13},{"not_picked":["hermit:GoldenBullet","hermit:Malice"],"picked":"hermit:EyeOfTheStorm","floor":14},{"not_picked":["hermit:Purgatory","hermit:Dissolve"],"picked":"hermit:HeroicBravado","floor":16},{"not_picked":["hermit:BodyArmor","hermit:Vantage"],"picked":"hermit:Desperado","floor":18}],"player_experience":248375,"relics_obtained":[{"floor":7,"key":"Pen Nib"},{"floor":9,"key":"Blue Doll"},{"floor":11,"key":"Shuriken"},{"floor":13,"key":"Bag of Preparation"}],"event_choices":[{"damage_healed":0,"gold_gain":60,"player_choice":"Gained Gold","damage_taken":0,"max_hp_gain":0,"max_hp_loss":0,"event_name":"Golden Wing","floor":3,"gold_loss":0},{"damage_healed":51,"gold_gain":0,"player_choice":"Leave","damage_taken":0,"max_hp_gain":0,"max_hp_loss":75,"event_name":"betterThird:BetterShining","floor":4,"gold_loss":0}],"is_beta":false,"boss_relics":[{"not_picked":["hubris:TerracottaHorce","hermit:ClaspedLocket"],"picked":"Astrolabe"}],"items_purged_floors":[],"is_endless":false,"potions_floor_spawned":[2,7,12,16,18],"killed_by":"Shell Parasite","ascension_level":2}}