{"host":"qxeepl7ydvsgmfdb","time":1609310828,"event":{"mods":["AchievementEnabler","BaseMod","Colored Powertips","Minty Spire (QoL Compilation)","Quick Restart","slay the spire mod where everything is the same but ironclad has a cowboy hat"],"gold_per_floor":[118,37,37,112,112,112,132,132,132,132,167,187,203,217,217,312,312,330,330,348,364,364,364,382,402,448,113,131,107,107,141,141,141,141],"floor_reached":33,"playtime":2898,"items_purged":[],"score":380,"play_id":"18554cb0-4dd0-4088-b4a0-654f3a073ae3","local_time":"20201230014708","is_ascension_mode":true,"campfire_choices":[{"data":"Neutralize","floor":6.0,"key":"SMITH"},{"data":"Dagger Spray","floor":8.0,"key":"SMITH"},{"floor":10.0,"key":"REST"},{"data":"Backstab","floor":15.0,"key":"SMITH"},{"floor":23,"key":"REST"},{"floor":32,"key":"REST"}],"circlet_count":0,"master_deck":["Strike_G+1","Strike_G+1","Strike_G","Strike_G","Strike_G","Defend_G","Defend_G","Defend_G","Defend_G","Defend_G","Survivor","Neutralize+1","Bandage Up+1","Dagger Spray+1","Deadly Poison","Blade Dance","Backstab+1","Noxious Fumes","Slice","Sucker Punch+1","Caltrops+1","Backflip","Dramatic Entrance","Cloak And Dagger+1","Deadly Poison"],"relics":["Ring of the Snake","NeowsBlessing","Ninja Scroll","Question Card","Enchiridion","MealTicket","Pantograph","CaptainsWheel"],"acts_visited":["Exordium","TheCity"],"potions_floor_usage":[16,16,24,28,31,33,33],"damage_taken":[{"damage":0.0,"enemies":"2 Louse","floor":1.0,"turns":1.0},{"damage":0.0,"enemies":"Jaw Worm","floor":7.0,"turns":1.0},{"damage":0.0,"enemies":"Lagavulin","floor":11.0,"turns":1.0},{"damage":0.0,"enemies":"Small Slimes","floor":12.0,"turns":2.0},{"damage":4.0,"enemies":"Exordium Wildlife","floor":13.0,"turns":2.0},{"damage":0.0,"enemies":"Large Slime","floor":14.0,"turns":4.0},{"damage":36,"enemies":"Hexaghost","floor":16,"turns":10},{"damage":24,"enemies":"3 Byrds","floor":18,"turns":6},{"damage":14,"enemies":"Shell Parasite","floor":20,"turns":4},{"damage":15,"enemies":"Centurion and Healer","floor":21,"turns":7},{"damage":4,"enemies":"Snecko","floor":24,"turns":5},{"damage":5,"enemies":"Snake Plant","floor":25,"turns":4},{"damage":8,"enemies":"Cultist and Chosen","floor":28,"turns":4},{"damage":57,"enemies":"Gremlin Leader","floor":31,"turns":5},{"damage":95,"enemies":"Collector","floor":33,"turns":6}],"seed_played":"6308070097632321778","potions_obtained":[{"floor":11.0,"key":"Strength Potion"},{"floor":12.0,"key":"SteroidPotion"},{"floor":14.0,"key":"PowerPotion"},{"floor":18,"key":"Regen Potion"},{"floor":20,"key":"Block Potion"},{"floor":25,"key":"Dexterity Potion"},{"floor":28,"key":"Weak Potion"}],"is_trial":false,"path_per_floor":["M","$","?","?","?","R","M","R","T","R","E","M","M","M","R","B",null,"M","?","M","M","?","R","M","M","T","$","M","$","?","E","R","B"],"character_chosen":"THE_SILENT","items_purchased":["Bandage Up","Pantograph","Dramatic Entrance","Deadly Poison"],"campfire_rested":3,"item_purchase_floors":[2,27,27,29],"current_hp_per_floor":[63,63,49,38,38,38,38,38,38,59,59,59,61,67,67,37,62,44,80,72,63,47,71,73,74,74,80,72,80,80,23,47,0,0],"gold":141,"neow_bonus":"THREE_ENEMY_KILL","is_daily":false,"chose_seed":false,"campfire_upgraded":3,"win_rate":0.0,"timestamp":1609310828,"path_taken":["M","$","?","?","?","R","?","R","T","R","E","M","M","M","R","BOSS","M","?","M","?","?","R","M","M","T","$","M","$","?","E","R","BOSS"],"items_purchased_type":["Card","Relic","Card","Card"],"build_version":"2020-12-22","purchased_purges":0,"victory":false,"max_hp_per_floor":[70,70,70,70,70,70,70,70,70,70,70,70,70,70,70,70,70,70,80,80,80,80,80,80,80,80,80,80,80,80,80,80,80,80],"card_choices":[{"not_picked":["PiercingWail","Finisher","Eviscerate"],"picked":"SKIP","floor":1.0},{"not_picked":["Blade Dance","Flying Knee"],"picked":"Dagger Spray","floor":7.0},{"not_picked":["Sucker Punch","Infinite Blades"],"picked":"Deadly Poison","floor":11.0},{"not_picked":["Dodge and Roll","Masterful Stab","Underhanded Strike"],"picked":"Blade Dance","floor":12.0},{"not_picked":["Wraith Form v2","Flying Knee","Flechettes","Prepared"],"picked":"SKIP","floor":13.0},{"not_picked":["Prepared","Flying Knee","Cloak And Dagger"],"picked":"Backstab","floor":14.0},{"not_picked":["Night Terror","Corpse Explosion","Phantasmal Killer"],"picked":"Venomology","floor":16},{"not_picked":["Flying Knee","Bane","Flechettes"],"picked":"Noxious Fumes","floor":18},{"not_picked":["Outmaneuver+1","Choke","Leg Sweep"],"picked":"Slice","floor":20},{"not_picked":["Setup","Dagger Throw","Underhanded Strike"],"picked":"Sucker Punch+1","floor":21},{"not_picked":["Outmaneuver","Footwork+1","Predator+1"],"picked":"Caltrops+1","floor":24},{"not_picked":["Sucker Punch","Dagger Throw","Underhanded Strike"],"picked":"Backflip","floor":25},{"not_picked":["Phantasmal Killer","Flying Knee","Sucker Punch"],"picked":"Cloak And Dagger+1","floor":28},{"not_picked":["Acrobatics","Expertise+1","Deadly Poison+1","Outmaneuver"],"picked":"SKIP","floor":31}],"player_experience":314776,"relics_obtained":[{"floor":9.0,"key":"Ninja Scroll"},{"floor":11.0,"key":"Question Card"},{"floor":22,"key":"Enchiridion"},{"floor":26,"key":"MealTicket"},{"floor":31,"key":"CaptainsWheel"}],"event_choices":[{"damage_healed":0.0,"max_hp_gain":0.0,"max_hp_loss":0.0,"gold_gain":0.0,"event_name":"Shining Light","player_choice":"Entered Light","floor":3.0,"gold_loss":0.0,"damage_taken":14.0,"cards_upgraded":["Strike_G","Strike_G"]},{"damage_healed":0.0,"max_hp_gain":0.0,"max_hp_loss":0.0,"gold_gain":75.0,"event_name":"World of Goop","player_choice":"Gather Gold","floor":4.0,"gold_loss":0.0,"damage_taken":11.0},{"damage_healed":0.0,"max_hp_gain":0.0,"max_hp_loss":0.0,"gold_gain":0.0,"event_name":"Living Wall","player_choice":"Grow","floor":5.0,"gold_loss":0.0,"damage_taken":0.0,"cards_upgraded":["Bandage Up"]},{"cards_removed":["Venomology"],"damage_healed":26,"gold_gain":0,"player_choice":"Offered Rare","damage_taken":0,"max_hp_gain":10,"max_hp_loss":0,"event_name":"Bonfire Elementals","floor":19,"gold_loss":0},{"damage_healed":0,"gold_gain":0,"player_choice":"Obtained Book","damage_taken":16,"max_hp_gain":0,"max_hp_loss":0,"event_name":"Cursed Tome","floor":22,"gold_loss":0},{"damage_healed":0,"gold_gain":0,"player_choice":"Full Heal","damage_taken":0,"max_hp_gain":0,"max_hp_loss":0,"event_name":"Wheel of Change","floor":30,"gold_loss":0}],"is_beta":false,"boss_relics":[{"not_picked":["Cursed Key","Busted Crown","Velvet Choker"]}],"items_purged_floors":[],"is_endless":false,"potions_floor_spawned":[11,12,14,18,20,25,28],"killed_by":"Collector","ascension_level":6}}