{"host":"5gc11emcm5chfr5t","time":1609355907,"event":{"mods":["2.2 Compatiblity","AchievementEnabler","BaseMod","Bestiary","Better Note","Colored Map","Colored Powertips","Downfall","Googly Eyes","Minty Spire (QoL Compilation)","Rare Cards Sparkle","StSLib"],"gold_per_floor":[99,99,99,99,99,134,134,134,134],"floor_reached":8,"playtime":176,"items_purged":[],"score":100,"play_id":"d1eeda2c-0ec0-4153-82e9-a931bdebcf0b","local_time":"20201230141827","is_ascension_mode":true,"campfire_choices":[{"floor":1,"key":"RECALL"}],"circlet_count":0,"master_deck":["AscendersBane","sneckomod:Strike","sneckomod:Strike","sneckomod:Strike","sneckomod:Defend","sneckomod:Defend","sneckomod:Defend","sneckomod:TailWhip+1","sneckomod:SnekBite","sneckomod:Unknown","sneckomod:Unknown","sneckomod:Unknown2Cost","sneckomod:RainOfDice","sneckomod:UnknownClassPURPLE","sneckomod:Rotation"],"relics":["sneckomod:SneckoSoul","downfall:HeartsMalice","Turnip","The Courier"],"acts_visited":["Exordium"],"potions_floor_usage":[8],"damage_taken":[{"damage":0,"enemies":"Cultist","floor":2,"turns":1},{"damage":0,"enemies":"Small Slimes","floor":4,"turns":1},{"damage":0,"enemies":"2 Louse","floor":5,"turns":1},{"damage":57,"enemies":"3 Sentries","floor":6,"turns":10},{"damage":46,"enemies":"Gremlin Nob","floor":8,"turns":4}],"seed_played":"7496922185672965066","potions_obtained":[{"floor":6,"key":"hexamod:EctoCoolerPotion"}],"is_trial":false,"path_per_floor":["R","M","?","M","M","E","T","E"],"character_chosen":"THE_SNECKO","items_purchased":[],"campfire_rested":0,"item_purchase_floors":[],"current_hp_per_floor":[75,76,76,76,77,25,25,0,0],"gold":134,"neow_bonus":"THREE_ENEMY_KILL","is_daily":false,"chose_seed":false,"campfire_upgraded":0,"win_rate":0.0,"timestamp":1609355907,"path_taken":["R","?","?","?","M","E","T","E"],"items_purchased_type":[],"build_version":"2020-12-22","purchased_purges":0,"victory":false,"max_hp_per_floor":[83,84,84,84,85,85,85,85,85],"card_choices":[{"not_picked":["sneckomod:UnknownStrike","sneckomod:SoulDraw"],"picked":"sneckomod:Unknown2Cost","floor":2},{"not_picked":["sneckomod:DiceBlock","sneckomod:UnknownX"],"picked":"sneckomod:RainOfDice","floor":4},{"not_picked":["sneckomod:UnknownUncommonAttack","sneckomod:UnknownCommonAttack"],"picked":"sneckomod:UnknownClassPURPLE","floor":5},{"not_picked":["sneckomod:Unknown1Cost","sneckomod:SnekBeam"],"picked":"sneckomod:Rotation","floor":6}],"player_experience":505915,"relics_obtained":[{"floor":6,"key":"Turnip"},{"floor":7,"key":"The Courier"}],"event_choices":[{"damage_healed":0,"gold_gain":0,"player_choice":"Upgraded","damage_taken":0,"max_hp_gain":0,"max_hp_loss":0,"event_name":"Upgrade Shrine","floor":3,"gold_loss":0,"cards_upgraded":["sneckomod:TailWhip"]}],"is_beta":false,"boss_relics":[],"items_purged_floors":[],"is_endless":false,"potions_floor_spawned":[6],"killed_by":"Gremlin Nob","ascension_level":20}}