{"host":"A Jargain","time":1609321633,"event":{"mods":["Act Like it!","Aspiration","BaseMod","Downfall","Halation","Hubris","Infinite Spire","Marisa????????","Minty Spire (QoL Compilation)","Replay The Spire","StSLib","The Servant 0.9.4","Waifu the Spire"],"gold_per_floor":[114,214,224,130,147,175,175,175,175,175,211,232,232,246,246,375,375,397,427,427,442,462,462,462],"floor_reached":23,"playtime":1651,"items_purged":[],"score":291,"play_id":"bd3f28ee-f462-453d-98ef-f4d45493768a","local_time":"20201230204713","is_ascension_mode":true,"campfire_choices":[{"floor":7,"key":"REST"},{"floor":13,"key":"REST"},{"floor":15,"key":"REST"}],"circlet_count":0,"master_deck":["Strike_S","Strike_S","Strike_S","Strike_S","Defend_S","Defend_S","Defend_S","Defend_S","KidneyShot","Exchange","Ricochet","InstantArmor","Ricochet","Rearm","Defy","Luminosity","KidneyShot","FanOfKnives","Comet","Defy","ForgedInTime","Revamp+1","FastForward","Dilation","Ricochet+1"],"relics":["Uniform","NeowsBlessing","hubris:Towel","Kunai","aspiration:ChemicalBlood","Nloth\u0027s Gift"],"acts_visited":["Exordium","TheCity"],"potions_floor_usage":[12,16,16,18,21,21,22,22,22],"damage_taken":[{"damage":0,"enemies":"2 Louse","floor":1,"turns":1},{"damage":0,"enemies":"Cultist","floor":3,"turns":1},{"damage":0,"enemies":"Small Slimes","floor":5,"turns":1},{"damage":44,"enemies":"Lagavulin","floor":6,"turns":10},{"damage":7,"enemies":"3 Sentries","floor":11,"turns":7},{"damage":4,"enemies":"Red Slaver","floor":12,"turns":2},{"damage":0,"enemies":"Looter","floor":14,"turns":3},{"damage":0,"enemies":"The Guardian","floor":16,"turns":16},{"damage":1,"enemies":"Chosen","floor":18,"turns":7},{"damage":13,"enemies":"3 Byrds","floor":19,"turns":5},{"damage":8,"enemies":"Centurion and Healer","floor":21,"turns":10},{"damage":31,"enemies":"Snecko","floor":22,"turns":10},{"damage":12,"enemies":"Gremlin Leader","floor":23,"turns":1}],"seed_played":"7066928637144115755","potions_obtained":[{"floor":3,"key":"Swift Potion"},{"floor":6,"key":"FearPotion"},{"floor":12,"key":"Fire Potion"},{"floor":16,"key":"Block Potion"},{"floor":18,"key":"Venom Potion"},{"floor":19,"key":"Block Potion"}],"is_trial":false,"path_per_floor":["M","?","M","$","M","E","R","?","T","?","E","M","R","M","R","B",null,"M","M","?","M","M","E"],"character_chosen":"THE_SERVANT","items_purchased":["Ricochet","Rearm"],"campfire_rested":3,"item_purchase_floors":[4,4],"current_hp_per_floor":[65,65,65,65,65,21,40,40,40,40,33,29,48,48,65,65,65,64,51,51,43,12,0,0],"gold":462,"neow_bonus":"THREE_ENEMY_KILL","is_daily":false,"chose_seed":false,"campfire_upgraded":0,"win_rate":0.0,"timestamp":1609321633,"path_taken":["M","?","?","$","M","E","R","?","T","?","E","?","R","M","R","BOSS","M","M","?","M","?","E"],"items_purchased_type":["Card","Card"],"build_version":"2020-12-18","purchased_purges":0,"victory":false,"max_hp_per_floor":[65,65,65,65,65,65,65,65,65,65,65,65,65,65,65,65,65,65,65,65,65,65,65,65],"card_choices":[{"not_picked":["Gouge","Contraction"],"picked":"Ricochet","floor":1},{"not_picked":["DoubleEdge","Alleviate"],"picked":"InstantArmor","floor":3},{"not_picked":["Unruled","FastForward"],"picked":"Defy","floor":5},{"not_picked":["Deadline","Gouge"],"picked":"Luminosity","floor":6},{"not_picked":["BestPractice","ShatteredReality"],"picked":"FanOfKnives","floor":11},{"not_picked":["Revamp","Unruled"],"picked":"Comet","floor":12},{"not_picked":["TimeTheft","FastForward"],"picked":"Defy","floor":14},{"not_picked":["Duplication","Dilation"],"picked":"ForgedInTime","floor":16},{"not_picked":["Potential","ShiftingGears"],"picked":"Revamp+1","floor":18},{"not_picked":["Unruled+1","Replace+1"],"picked":"FastForward","floor":19},{"not_picked":["Potential+1","Advance"],"picked":"Dilation","floor":21},{"not_picked":["Moondial","BottledTime"],"picked":"Ricochet+1","floor":22}],"player_experience":272319,"relics_obtained":[{"floor":6,"key":"halation:IllGainedPizza"},{"floor":9,"key":"Kunai"},{"floor":11,"key":"aspiration:ChemicalBlood"}],"event_choices":[{"damage_healed":0,"gold_gain":100,"player_choice":"Gold","damage_taken":0,"max_hp_gain":0,"max_hp_loss":0,"event_name":"Wheel of Change","floor":2,"gold_loss":0},{"damage_healed":0,"gold_gain":0,"player_choice":"1 cards matched","damage_taken":0,"max_hp_gain":0,"max_hp_loss":0,"event_name":"Match and Keep!","floor":10,"gold_loss":0,"cards_obtained":["KidneyShot"]},{"damage_healed":0,"gold_gain":0,"player_choice":"Traded Relic","damage_taken":0,"relics_obtained":["Nloth\u0027s Gift"],"max_hp_gain":0,"max_hp_loss":0,"event_name":"N\u0027loth","floor":20,"relics_lost":["halation:IllGainedPizza"],"gold_loss":0}],"is_beta":true,"boss_relics":[{"not_picked":["halation:CatFaceCupcake","hubris:CrackedHourglass","aspiration:RunicSpoon"]}],"items_purged_floors":[],"is_endless":false,"potions_floor_spawned":[3,6,12,16,18,19],"killed_by":"Gremlin Leader","ascension_level":3}}