{"host":"qnxnem68q7ulahas","time":1609340503,"event":{"mods":["ATMod(阿瑾Mod)","Act Like it!","BaseMod","Challenge The Spire","Decade(王小明)","GungeonMod","Highlight Path","Minty Spire (QoL Compilation)","Replay The Spire","RumiaBox-露米娅的神秘盒子","SOS（斯巴达之子）","Spicy Shops","StSLib","[IsaacMod]以撒尖塔","【功能Mod】混沌之环修复补丁","【遗物卡牌】REMEMod"],"gold_per_floor":[29,29,92,92,167,167,229,54,79,79,160,240,240,318,318,462,462,800,445,445,445,506,565,240,318,399,488,512,227,207,214,214,214,214,343,343,367,385,416,416,95,118,156,156,156,286,286,316,358,389,472,495,495,495,221,335,335,89,179,227],"floor_reached":56,"playtime":2942,"items_purged":["Defend_Dante","Defend_Dante","Defend_Dante","Pain","Defend_Dante","Attack_a+1","Attack_a+1"],"score":2996,"play_id":"ec8ba519-6a9f-445e-8cad-9e6b19ec1404","local_time":"20201230230143","is_ascension_mode":true,"campfire_choices":[{"data":"Provocation","floor":6,"key":"SMITH"},{"data":"Attack_b","floor":10,"key":"SMITH"},{"data":"Swordmaster","floor":13,"key":"SMITH"},{"data":"Enemystep","floor":15,"key":"SMITH"},{"data":"Gilgamesh","floor":32,"key":"SMITH"},{"floor":34,"key":"DIG"},{"data":"Trickster","floor":53,"key":"SMITH"},{"floor":52,"key":"RECALL"},{"data":"Royaldefend","floor":52,"key":"SMITH"}],"circlet_count":0,"master_deck":["AscendersBane","Attack_b+1","Provocation+1","Redorb+1","Enemystep+1","AT_KneejerkReflex+1","Royaldefend+1","Swordmaster+1","BeastUppercut+1","Gilgamesh+1","BeastUppercut+1","Trickster+1","Unrisingdragon","Demonreform","Demonreform"],"relics":["SSS","Combocheck","HushsDoor","REME_ComplimentaryCards","AT_ATBox","BelialBook","Golden Idol","GodSword3","Bag of Preparation","DemoMod:MemoryAlloy","DemoMod:Orange","AnarchistCookbook","AT_TrinityForce","GuppysCollar","SatanicBible","JudasShadow","Toy Ornithopter","Meat on the Bone","Anchor","Replay:Bottled Eggs","DemoMod:PoisonVial","Leech","Happy Flower","DollysMirror","SalivaCoin","Quantum Egg","ZombieArmy","SSSystem","Blue Doll","AT_SeraphEmbrace","InkBottle","DeathBook","SacredBark","DemoMod:GlassGuonStoneRelic","Replay:Wax Seal","Centennial Puzzle","BargainBundle","AT_MibuBalloonWealth","ReplayFunnel","Vajra"],"acts_visited":["Exordium","TheCity","TheBeyond"],"potions_floor_usage":[],"damage_taken":[{"damage":5,"enemies":"2 Louse","floor":1,"turns":4},{"damage":0,"enemies":"Small Slimes","floor":3,"turns":7},{"damage":0,"enemies":"Lagavulin","floor":7,"turns":6},{"damage":0,"enemies":"Gremlin Nob","floor":12,"turns":2},{"damage":0,"enemies":"Lagavulin","floor":14,"turns":2},{"damage":0,"enemies":"Slime Boss","floor":16,"turns":2},{"damage":99999999,"enemies":"Shell Parasite","floor":18,"turns":2},{"damage":0,"enemies":"Spheric Guardian","floor":22,"turns":1},{"damage":0,"enemies":"Centurion and Healer","floor":23,"turns":1},{"damage":0,"enemies":"Gremlin Leader","floor":25,"turns":1},{"damage":0,"enemies":"3 Cultists","floor":26,"turns":1},{"damage":0,"enemies":"Hiden Room Battle","floor":27,"turns":1},{"damage":19,"enemies":"Champ","floor":35,"turns":10},{"damage":0,"enemies":"3 Shapes","floor":37,"turns":1},{"damage":0,"enemies":"Orb Walker","floor":38,"turns":2},{"damage":0,"enemies":"Transient","floor":39,"turns":1},{"damage":0,"enemies":"4 Shapes","floor":42,"turns":1},{"damage":0,"enemies":"Maw","floor":43,"turns":1},{"damage":0,"enemies":"Reptomancer","floor":46,"turns":1},{"damage":0,"enemies":"Transient","floor":48,"turns":1},{"damage":0,"enemies":"R_Hoarder","floor":49,"turns":4},{"damage":0,"enemies":"Writhing Mass","floor":50,"turns":1},{"damage":0,"enemies":"Reptomancer","floor":51,"turns":1},{"damage":0,"enemies":"Spire Growth","floor":52,"turns":1},{"damage":0,"enemies":"Shield and Spear","floor":54,"turns":1},{"damage":0,"enemies":"Shield and Spear","floor":54,"turns":1},{"damage":0,"enemies":"The Heart","floor":55,"turns":4}],"seed_played":"7157241867637854441","potions_obtained":[{"floor":7,"key":"DuplicationPotion"},{"floor":12,"key":"SpeedPotion"}],"is_trial":false,"path_per_floor":["M","?","M","?","?","R","E","$","T","R","T","E","R","E","R","B",null,"M","$","PTL","PTL","M","M","$","E","M","?","T","$","?","?","R","T","R","B",null,"M","M","M","?","$","M","M","PTL","PTL","E","T","M","E","M","E","M","R","R","$","E","R","$","E","B",null],"character_chosen":"DANTE","items_purchased":["GuppysCollar","SatanicBible","JudasShadow","Gilgamesh","Happy Flower","DollysMirror","Blue Doll","ForgetMeNow","BargainBundle","AT_MibuBalloonWealth","Demonreform"],"campfire_rested":0,"item_purchase_floors":[17,17,17,19,19,19,29,41,53,53,53],"current_hp_per_floor":[63,63,63,43,32,32,32,32,32,32,32,44,44,44,44,44,39,1,1,1,1,13,25,25,25,25,22,22,22,22,7,7,7,7,1,1,1,1,1,1,1,1,1,1,1,1,1,1,1,1,1,1,1,1,1,1,1,1,1,1],"gold":227,"neow_bonus":"TRANSFORM_TWO_CARDS","is_daily":false,"chose_seed":false,"campfire_upgraded":7,"win_rate":0.0,"timestamp":1609340503,"path_taken":["M","?","?","?","?","R","E","$","T","R","?","E","R","E","R","BOSS","M","$","PTL","PTL","M","M","$","E","M","?","T","$","?","?","R","?","R","BOSS","M","M","M","?","$","M","M","PTL","PTL","E","T","M","E","M","E","M","R","R","$","E","R","$","E","BOSS"],"items_purchased_type":["Relic","Relic","Relic","Card","Relic","Relic","Relic","Relic","Relic","Relic","Card"],"build_version":"2020-12-22","purchased_purges":7,"victory":true,"max_hp_per_floor":[75,68,68,68,68,68,68,68,68,68,68,80,80,80,80,80,39,39,39,39,39,39,39,39,39,39,39,39,39,39,39,39,39,39,1,1,1,1,1,1,1,1,1,1,1,1,1,1,1,1,1,1,1,1,1,1,1,1,1,1],"card_choices":[{"not_picked":[],"picked":"SuicideKing","floor":0.0},{"not_picked":["Holywater","Kick13"],"picked":"Royaldefend","floor":1},{"not_picked":["Millionstab","EbonyIvory","Gunstinger"],"picked":"SKIP","floor":3},{"not_picked":["Doubleshoot","Weaponchange"],"picked":"Swordmaster","floor":7},{"not_picked":["LucifercomboB","Dash1","Enemystep"],"picked":"SKIP","floor":12},{"not_picked":["Weaponchange","Shock","Enemystep"],"picked":"SKIP","floor":14},{"not_picked":["Swordmaster","LucifercomboC"],"picked":"BeastUppercut+1","floor":18},{"not_picked":["Splesh","Shock","Holywater"],"picked":"SKIP","floor":18},{"not_picked":["LucifercomboA","Pandora","VitalstarM"],"picked":"SKIP","floor":18},{"not_picked":["GilgameshcomboA","Pandora+1","Chargeshoot2"],"picked":"SKIP","floor":22},{"not_picked":["Weaponchange","GilgameshcomboA","Lucifer"],"picked":"SKIP","floor":23},{"not_picked":["Fullhouse","LucifercomboD+1","EbonyIvory"],"picked":"SKIP","floor":25},{"not_picked":["Chargeshoot2","Dash2","Rebellion+1"],"picked":"SKIP","floor":26},{"not_picked":["Stylechange","VitalstarL"],"picked":"Trickster","floor":35},{"not_picked":["GilgameshcomboA+1","BeastUppercut","Chargeshoot"],"picked":"SKIP","floor":37},{"not_picked":["GilgameshcomboA+1","BeastUppercut","Chargeshoot"],"picked":"SKIP","floor":37},{"not_picked":["VitalstarS+1","Millionstab","Gunstinger"],"picked":"SKIP","floor":38},{"not_picked":["Holywater","Whiteorb+1","Doubleshoot"],"picked":"SKIP","floor":39},{"not_picked":["Dash1","Goldorb","Honeycombofire"],"picked":"SKIP","floor":42},{"not_picked":["Straight","Chargeshoot2","Kick13"],"picked":"SKIP","floor":43},{"not_picked":["Dash2","Doubleshoot+1","DevilstarS"],"picked":"SKIP","floor":46},{"not_picked":["VitalstarS","Weaponchange+1","LucifercomboB"],"picked":"SKIP","floor":48},{"not_picked":["Doubleshoot","Gilgamesh"],"picked":"Unrisingdragon","floor":49},{"not_picked":["Fullhouse+1","Dash1","Honeycombofire"],"picked":"SKIP","floor":50},{"not_picked":["Chargeshoot2+1","Doubleshoot","Lucifer"],"picked":"SKIP","floor":51},{"not_picked":["Gunstinger","Hightime","LucifercomboD"],"picked":"SKIP","floor":52},{"not_picked":["Royaldefend","LucifercomboB+1","SSScard+1"],"picked":"SKIP","floor":54},{"not_picked":["SSScard+1","Swordmaster","BeastUppercut"],"picked":"SKIP","floor":54}],"player_experience":423149,"relics_obtained":[{"floor":7,"key":"GodSword3"},{"floor":9,"key":"Bag of Preparation"},{"floor":11,"key":"DemoMod:MemoryAlloy"},{"floor":12,"key":"DemoMod:Orange"},{"floor":14,"key":"AnarchistCookbook"},{"floor":18,"key":"Toy Ornithopter"},{"floor":18,"key":"Meat on the Bone"},{"floor":18,"key":"Anchor"},{"floor":18,"key":"Replay:Bottled Eggs"},{"floor":18,"key":"DemoMod:PoisonVial"},{"floor":18,"key":"Leech"},{"floor":25,"key":"SalivaCoin"},{"floor":27,"key":"Quantum Egg"},{"floor":27,"key":"ZombieArmy"},{"floor":28,"key":"SSSystem"},{"floor":33,"key":"InkBottle"},{"floor":34,"key":"DeathBook"},{"floor":46,"key":"Replay:Wax Seal"},{"floor":49,"key":"Centennial Puzzle"},{"floor":51,"key":"Diplopia"},{"floor":54,"key":"ReplayFunnel"},{"floor":54,"key":"Vajra"}],"event_choices":[{"damage_healed":0,"gold_gain":0,"player_choice":"Lose Max HP","damage_taken":0,"relics_obtained":["Golden Idol"],"max_hp_gain":0,"max_hp_loss":7,"event_name":"Golden Idol","floor":2,"gold_loss":0},{"damage_healed":0,"gold_gain":0,"player_choice":"Entered Light","damage_taken":20,"max_hp_gain":0,"max_hp_loss":0,"event_name":"Shining Light","floor":4,"gold_loss":0,"cards_upgraded":["AT_KneejerkReflex","Redorb"]},{"damage_healed":0,"gold_gain":75,"player_choice":"Gather Gold","damage_taken":11,"max_hp_gain":0,"max_hp_loss":0,"event_name":"World of Goop","floor":5,"gold_loss":0},{"damage_healed":0,"gold_gain":0,"player_choice":"Fight","damage_taken":0,"max_hp_gain":0,"max_hp_loss":0,"event_name":"HidenRoomEvent","floor":27,"gold_loss":0},{"damage_healed":0,"gold_gain":0,"player_choice":"Bought 1 Potion","damage_taken":0,"max_hp_gain":0,"max_hp_loss":0,"event_name":"The Woman in Blue","floor":30,"gold_loss":0},{"damage_healed":0,"gold_gain":0,"player_choice":"Ignored","damage_taken":0,"max_hp_gain":0,"max_hp_loss":0,"event_name":"Tomb of Lord Red Mask","floor":40,"gold_loss":0}],"is_beta":false,"boss_relics":[{"not_picked":["Ring of Chaos","Cursed Key"],"picked":"AT_TrinityForce"},{"not_picked":[]},{"not_picked":["ChewingGum","REME_DuelDisc"],"picked":"SacredBark"},{"not_picked":[]}],"items_purged_floors":[8,8,17,19,24,24,29],"is_endless":false,"potions_floor_spawned":[7,12,22,25,35,38,39,43,48,49,54],"ascension_level":20}}