{"host":"m77rrhbqzv44va4v","time":1609339454,"event":{"mods":["AchievementEnabler","BaseMod","Colored Map","DeckTracker","Keyboard Shortcuts","Minty Spire (QoL Compilation)","StSLib","SuperFastMode","everything is the same but u backflip on backflip"],"gold_per_floor":[114,65,215,215,225,251,2,45,68,68,88,124,153,175,175,259,259,285,306,306,306],"floor_reached":20,"playtime":508,"items_purged":["Doubt"],"score":383,"play_id":"fe12e870-748d-487b-8e5b-537ed21a9d15","local_time":"20201230234414","is_ascension_mode":true,"campfire_choices":[{"data":"Bash","floor":10.0,"key":"SMITH"},{"data":"Fire Breathing","floor":15.0,"key":"SMITH"}],"circlet_count":0,"master_deck":["AscendersBane","Strike_R","Strike_R","Strike_R","Strike_R","Strike_R","Defend_R","Defend_R","Defend_R","Defend_R","Bash+1","Disarm+1","Wild Strike","Twin Strike","Carnage","Dropkick","Fire Breathing+1","Battle Trance","Bloodletting","Shrug It Off","Fiend Fire","Power Through","Pommel Strike"],"relics":["Burning Blood","NeowsBlessing","CeramicFish","Nunchaku","Incense Burner","Tiny Chest","PreservedInsect","SlaversCollar"],"acts_visited":["Exordium","TheCity"],"potions_floor_usage":[18,19],"damage_taken":[{"damage":0.0,"enemies":"2 Louse","floor":1.0,"turns":1.0},{"damage":0.0,"enemies":"Jaw Worm","floor":5.0,"turns":1.0},{"damage":0.0,"enemies":"Lagavulin","floor":6.0,"turns":1.0},{"damage":10.0,"enemies":"Gremlin Nob","floor":8.0,"turns":4.0},{"damage":0.0,"enemies":"Cultist","floor":11.0,"turns":2.0},{"damage":18.0,"enemies":"3 Sentries","floor":12.0,"turns":6.0},{"damage":7.0,"enemies":"2 Fungi Beasts","floor":13.0,"turns":3.0},{"damage":5.0,"enemies":"Large Slime","floor":14.0,"turns":4.0},{"damage":20.0,"enemies":"Hexaghost","floor":16.0,"turns":10.0},{"damage":7,"enemies":"Chosen","floor":18,"turns":4},{"damage":29,"enemies":"3 Byrds","floor":19,"turns":9},{"damage":12,"enemies":"Centurion and Healer","floor":20,"turns":7}],"seed_played":"-2806886117189918166","potions_obtained":[{"floor":1.0,"key":"Block Potion"},{"floor":6.0,"key":"Swift Potion"},{"floor":8.0,"key":"EssenceOfSteel"},{"floor":14.0,"key":"SkillPotion"},{"floor":18,"key":"Dexterity Potion"},{"floor":19,"key":"CultistPotion"}],"is_trial":false,"path_per_floor":["M","$","?","?","M","E","$","E","T","R","M","E","M","M","R","B",null,"M","M","M"],"character_chosen":"IRONCLAD","items_purchased":["Wild Strike","Carnage","Nunchaku"],"campfire_rested":0,"item_purchase_floors":[2,7,7],"current_hp_per_floor":[74,74,74,74,75,75,75,71,71,71,75,63,62,63,63,49,69,68,45,33,33],"gold":306,"neow_bonus":"THREE_ENEMY_KILL","is_daily":false,"chose_seed":false,"campfire_upgraded":2,"win_rate":0.0,"timestamp":1609339454,"path_taken":["M","$","?","?","M","E","$","E","T","R","M","E","M","M","R","BOSS","M","M","M"],"items_purchased_type":["Card","Card","Relic"],"build_version":"2020-12-22","purchased_purges":1,"victory":false,"max_hp_per_floor":[75,75,75,75,75,75,75,75,75,75,75,75,75,75,75,75,75,75,75,75,75],"card_choices":[{"not_picked":["Uppercut","Entrench"],"picked":"Disarm","floor":1.0},{"not_picked":["Pummel","Entrench"],"picked":"Twin Strike","floor":5.0},{"not_picked":["Sentinel","Body Slam","Armaments"],"picked":"SKIP","floor":6.0},{"not_picked":["Body Slam","Infernal Blade"],"picked":"Dropkick","floor":8.0},{"not_picked":["Feel No Pain","Body Slam"],"picked":"Fire Breathing","floor":11.0},{"not_picked":["Fire Breathing","Sentinel"],"picked":"Battle Trance","floor":12.0},{"not_picked":["Headbutt","Anger"],"picked":"Bloodletting","floor":13.0},{"not_picked":["Havoc","Metallicize"],"picked":"Shrug It Off","floor":14.0},{"not_picked":["Brutality","Bludgeon"],"picked":"Fiend Fire","floor":16.0},{"not_picked":["Thunderclap+1","Perfected Strike"],"picked":"Power Through","floor":18},{"not_picked":["Dual Wield","Hemokinesis+1"],"picked":"Pommel Strike","floor":19}],"player_experience":838632,"relics_obtained":[{"floor":6.0,"key":"CeramicFish"},{"floor":8.0,"key":"Incense Burner"},{"floor":9.0,"key":"Tiny Chest"},{"floor":12.0,"key":"PreservedInsect"}],"event_choices":[{"damage_healed":0.0,"max_hp_gain":0.0,"max_hp_loss":0.0,"gold_gain":150.0,"event_name":"Liars Game","player_choice":"AGREE","floor":3.0,"gold_loss":0.0,"damage_taken":0.0,"cards_obtained":["Doubt"]},{"damage_healed":0.0,"max_hp_gain":0.0,"max_hp_loss":0.0,"gold_gain":0.0,"event_name":"Upgrade Shrine","player_choice":"Upgraded","floor":4.0,"gold_loss":0.0,"damage_taken":0.0,"cards_upgraded":["Disarm"]}],"is_beta":false,"boss_relics":[{"not_picked":["Empty Cage","Busted Crown"],"picked":"SlaversCollar"}],"items_purged_floors":[7],"is_endless":false,"potions_floor_spawned":[1,6,8,14,18,19],"killed_by":"Centurion and Healer","ascension_level":15}}