{"host":"6r3ioyv75hs1gp74","time":1609357705,"event":{"mods":["AchievementEnabler","BaseMod","Better Third Choice","Colored Map","Colored Powertips","Minty Spire (QoL Compilation)","StSLib"],"gold_per_floor":[118,118,136,211,211,211,227,227,227,227,257,270,296,311,311,408,408,422,422,422,422,217,217,250,266,266,299,318,318,78,103,103,203,203,216,227,0,12,12,46,46,46,46,46,59,59,71,98,98,98],"floor_reached":51,"playtime":3991,"items_purged":["Writhe","Strike_B+1","Strike_B+1"],"score":804,"play_id":"25f347eb-04a3-4832-a1a2-2fe17a24622c","local_time":"20201230194825","is_ascension_mode":true,"campfire_choices":[{"floor":6,"key":"REST"},{"data":"Zap","floor":8,"key":"SMITH"},{"data":"Dualcast","floor":10,"key":"SMITH"},{"data":"Fusion","floor":15,"key":"SMITH"},{"data":"Loop","floor":23,"key":"SMITH"},{"floor":29,"key":"REST"},{"floor":32,"key":"REST"},{"data":"Defragment","floor":42,"key":"SMITH"},{"floor":44,"key":"REST"},{"floor":49,"key":"REST"}],"circlet_count":0,"master_deck":["Defend_B+1","Defend_B+1","Defend_B+1","Defend_B+1","Zap+1","Dualcast+1","Sunder+1","Undo","Ball Lightning","Fusion+1","Loop+1","Compile Driver","Rebound","All For One","Go for the Eyes","Leap","Self Repair","Gash","BootSequence+1","Ball Lightning","Redo","Defragment+1","Go for the Eyes","Gash","Beam Cell","Streamline+1","Rebound+1","Cold Snap","Compile Driver+1","Jack Of All Trades"],"relics":["FrozenCore","Gambling Chip","Pear","Blood Vial","Oddly Smooth Stone","Busted Crown","Ice Cream","Nunchaku","Ornamental Fan","Orichalcum","Lantern","Shuriken","Pocketwatch","Pen Nib"],"acts_visited":["Exordium","TheCity","TheBeyond"],"potions_floor_usage":[12,13,27,33,33,36,40,50,50],"damage_taken":[{"damage":2,"enemies":"Jaw Worm","floor":1,"turns":3},{"damage":7,"enemies":"Small Slimes","floor":3,"turns":3},{"damage":1,"enemies":"Cultist","floor":7,"turns":4},{"damage":0,"enemies":"Gremlin Nob","floor":11,"turns":3},{"damage":0,"enemies":"Gremlin Gang","floor":12,"turns":1},{"damage":4,"enemies":"3 Sentries","floor":13,"turns":5},{"damage":0,"enemies":"Exordium Thugs","floor":14,"turns":3},{"damage":18,"enemies":"Hexaghost","floor":16,"turns":9},{"damage":4,"enemies":"Chosen","floor":18,"turns":4},{"damage":44,"enemies":"Slavers","floor":24,"turns":5},{"damage":3,"enemies":"3 Byrds","floor":25,"turns":5},{"damage":10,"enemies":"Book of Stabbing","floor":27,"turns":5},{"damage":15,"enemies":"Sentry and Sphere","floor":28,"turns":4},{"damage":35,"enemies":"Gremlin Leader","floor":31,"turns":8},{"damage":29,"enemies":"Collector","floor":33,"turns":7},{"damage":25,"enemies":"3 Shapes","floor":35,"turns":5},{"damage":0,"enemies":"Orb Walker","floor":36,"turns":3},{"damage":38,"enemies":"4 Shapes","floor":38,"turns":6},{"damage":30,"enemies":"Nemesis","floor":40,"turns":7},{"damage":29,"enemies":"3 Darklings","floor":45,"turns":4},{"damage":0,"enemies":"Transient","floor":47,"turns":5},{"damage":0,"enemies":"Time Eater","floor":50,"turns":8}],"seed_played":"2848204647987024278","potions_obtained":[{"floor":7,"key":"Explosive Potion"},{"floor":11,"key":"AttackPotion"},{"floor":12,"key":"SpeedPotion"},{"floor":13,"key":"SmokeBomb"},{"floor":25,"key":"DuplicationPotion"},{"floor":27,"key":"Energy Potion"},{"floor":31,"key":"Fire Potion"},{"floor":33,"key":"SkillPotion"},{"floor":38,"key":"AttackPotion"},{"floor":40,"key":"Strength Potion"},{"floor":47,"key":"GamblersBrew"}],"is_trial":false,"path_per_floor":["M","?","M","?","?","R","M","R","T","R","E","M","E","M","R","B",null,"M","?","?","?","$","R","E","M","T","E","M","R","$","E","R","B",null,"M","M","$","M","?","E","?","R","T","R","M","$","M","T","R","B",null],"character_chosen":"DEFECT","items_purchased":["Self Repair","Gash","Defragment","Go for the Eyes","Gash","SpeedPotion","Cold Snap"],"campfire_rested":5,"item_purchase_floors":[22,22,30,30,30,37,37],"current_hp_per_floor":[73,66,59,48,48,70,69,69,79,79,79,81,79,81,81,65,85,81,81,81,81,81,81,46,52,52,58,52,77,77,51,76,56,85,67,69,69,40,74,51,51,51,51,73,45,45,54,54,74,74],"gold":98,"neow_bonus":"ONE_RARE_RELIC","is_daily":false,"chose_seed":false,"campfire_upgraded":5,"win_rate":0.0,"timestamp":1609357705,"path_taken":["M","?","M","?","?","R","M","R","T","R","E","M","E","M","R","BOSS","M","?","?","?","$","R","E","M","T","E","M","R","$","E","R","BOSS","M","M","$","M","?","E","?","R","T","R","M","$","M","?","R","BOSS"],"items_purchased_type":["Card","Card","Card","Card","Card","Potion","Card"],"build_version":"2020-12-22","purchased_purges":3,"victory":true,"max_hp_per_floor":[75,75,75,75,75,75,75,75,85,85,85,85,85,85,85,85,85,85,85,85,85,85,85,85,85,85,85,85,85,85,85,85,85,85,85,85,85,85,74,74,74,74,74,74,74,74,74,74,74,74],"card_choices":[{"not_picked":["Conserve Battery","Reinforced Body"],"picked":"Sunder","floor":1},{"not_picked":["Beam Cell","Stack"],"picked":"Undo","floor":3},{"not_picked":["Sunder","Turbo"],"picked":"Ball Lightning","floor":7},{"not_picked":["Storm","Beam Cell"],"picked":"Fusion","floor":11},{"not_picked":["Lockon","Thunder Strike"],"picked":"Loop","floor":12},{"not_picked":["Doom and Gloom","Auto Shields"],"picked":"Compile Driver","floor":13},{"not_picked":["Ball Lightning","Turbo"],"picked":"Rebound","floor":14},{"not_picked":["Seek","Buffer"],"picked":"All For One","floor":16},{"not_picked":["Aggregate+1"],"picked":"SKIP","floor":18},{"not_picked":[],"picked":"BootSequence+1","floor":24},{"not_picked":[],"picked":"Ball Lightning","floor":25},{"not_picked":["Hello World"],"picked":"SKIP","floor":27},{"not_picked":[],"picked":"Redo","floor":28},{"not_picked":[],"picked":"Beam Cell","floor":31},{"not_picked":[],"picked":"Streamline+1","floor":35},{"not_picked":[],"picked":"Rebound+1","floor":36},{"not_picked":[],"picked":"Compile Driver+1","floor":38},{"not_picked":["Steam+1"],"picked":"SKIP","floor":40},{"not_picked":[],"picked":"Jack Of All Trades","floor":41},{"not_picked":["Reprogram"],"picked":"SKIP","floor":45},{"not_picked":["Consume"],"picked":"SKIP","floor":47}],"player_experience":34120,"relics_obtained":[{"floor":9,"key":"Pear"},{"floor":11,"key":"Blood Vial"},{"floor":13,"key":"Oddly Smooth Stone"},{"floor":24,"key":"Nunchaku"},{"floor":26,"key":"Ornamental Fan"},{"floor":27,"key":"Orichalcum"},{"floor":31,"key":"Lantern"},{"floor":40,"key":"Shuriken"},{"floor":43,"key":"Pocketwatch"},{"floor":48,"key":"Pen Nib"}],"event_choices":[{"cards_removed":["Pain"],"damage_healed":0,"gold_gain":0,"player_choice":"Card Removal","damage_taken":7,"max_hp_gain":0,"max_hp_loss":0,"event_name":"Golden Wing","floor":2,"gold_loss":0},{"damage_healed":0,"gold_gain":75,"player_choice":"Gold","damage_taken":11,"max_hp_gain":0,"max_hp_loss":0,"event_name":"betterThird:BetterGoop","floor":4,"gold_loss":0},{"damage_healed":0,"gold_gain":0,"player_choice":"Grow","damage_taken":0,"max_hp_gain":0,"max_hp_loss":0,"event_name":"Living Wall","floor":5,"gold_loss":0,"cards_upgraded":["Sunder"]},{"damage_healed":0,"gold_gain":0,"player_choice":"Simplicity","damage_taken":0,"max_hp_gain":0,"max_hp_loss":8,"event_name":"betterThird:BetterWriting","floor":19,"gold_loss":0},{"damage_healed":0,"gold_gain":0,"cards_transformed":["Strike_B","Strike_B"],"player_choice":"Became Test Subject","damage_taken":0,"max_hp_gain":0,"max_hp_loss":0,"event_name":"Drug Dealer","floor":20,"gold_loss":0,"cards_obtained":["Go for the Eyes","Leap"]},{"damage_healed":0,"gold_gain":0,"player_choice":"Opened","damage_taken":0,"relics_obtained":["Ice Cream"],"max_hp_gain":0,"max_hp_loss":0,"event_name":"The Mausoleum","floor":21,"gold_loss":0,"cards_obtained":["Writhe"]},{"damage_healed":74,"gold_gain":0,"player_choice":"Heal","damage_taken":0,"max_hp_gain":0,"max_hp_loss":11,"event_name":"The Moai Head","floor":39,"gold_loss":0},{"damage_healed":0,"gold_gain":0,"player_choice":"Memory 1","damage_taken":0,"max_hp_gain":0,"max_hp_loss":0,"event_name":"SensoryStone","floor":41,"gold_loss":0}],"is_beta":false,"boss_relics":[{"not_picked":["Velvet Choker","Fusion Hammer"],"picked":"Busted Crown"},{"not_picked":["Coffee Dripper","Astrolabe"],"picked":"FrozenCore"}],"items_purged_floors":[22,30,37],"is_endless":false,"potions_floor_spawned":[7,11,12,13,25,27,31,33,38,40,45,47],"ascension_level":1}}