{"host":"y89x8uui45kcjy42","time":1609337671,"event":{"mods":["2.2 Compatiblity","BaseMod","CapriCore","Colored Map","Colored Powertips","Custom Start","Friendly Minions","Highlight Path","Keyboard Shortcuts","Minty Spire (QoL Compilation)","Relic Stats","Slay the Relics Exporter","StSLib","SuperFastMode","Waifu the Spire"],"gold_per_floor":[119,119,84,84,9,9,9],"floor_reached":6,"playtime":295,"items_purged":["Safety+1"],"score":64,"play_id":"95612b61-7866-4883-bcb1-900a0250e70e","local_time":"20201230231431","is_ascension_mode":true,"campfire_choices":[],"circlet_count":0,"master_deck":["Safety+1","Safety+1","Safety+1","Smite+1","Smite+1","Smite+1","Insight+1","ThroughViolence+1"],"relics":["Burning Blood","SacredBark","Golden Idol"],"acts_visited":["Exordium"],"potions_floor_usage":[],"damage_taken":[{"damage":0.0,"enemies":"Jaw Worm","floor":1.0,"turns":2.0},{"damage":0,"enemies":"3 Sentries","floor":6,"turns":4}],"seed_played":"-7423605452278802309","potions_obtained":[{"floor":1.0,"key":"Fruit Juice"}],"is_trial":false,"path_per_floor":["M","?","?","?","$","E"],"character_chosen":"IRONCLAD","items_purchased":[],"campfire_rested":0,"item_purchase_floors":[],"current_hp_per_floor":[81,53,73,73,73,73,73],"gold":9,"neow_bonus":"TEN_PERCENT_HP_BONUS","is_daily":false,"chose_seed":false,"campfire_upgraded":0,"win_rate":0.0,"timestamp":1609337671,"path_taken":["M","?","?","?","?","E"],"items_purchased_type":[],"build_version":"2020-12-22","purchased_purges":1,"victory":false,"max_hp_per_floor":[82,82,82,82,82,82,82],"relic_stats":{"counters":[2,6],"Golden Idol":0,"obtain_stats":[{"Golden Idol":2,"SacredBark":0,"Burning Blood":0},{"Golden Idol":1,"SacredBark":0,"Burning Blood":0},{"Golden Idol":2,"SacredBark":0,"Burning Blood":0}],"Burning Blood":6},"card_choices":[{"not_picked":["Disarm","Armaments","Warcry"],"picked":"SKIP","floor":1.0}],"player_experience":529870,"relics_obtained":[],"event_choices":[{"damage_healed":0.0,"max_hp_gain":0.0,"max_hp_loss":0.0,"gold_gain":0.0,"event_name":"Golden Idol","player_choice":"Take Damage","floor":2.0,"gold_loss":0.0,"damage_taken":28.0,"relics_obtained":["Golden Idol"]},{"damage_healed":20,"gold_gain":0,"player_choice":"Healed","damage_taken":0,"max_hp_gain":0,"max_hp_loss":0,"event_name":"The Cleric","floor":3,"gold_loss":35},{"cards_removed":["Smite"],"damage_healed":0,"gold_gain":0,"player_choice":"Forget","damage_taken":0,"max_hp_gain":0,"max_hp_loss":0,"event_name":"Living Wall","floor":4,"gold_loss":0}],"is_beta":false,"boss_relics":[],"items_purged_floors":[5],"is_endless":false,"potions_floor_spawned":[1],"killed_by":"3 Sentries","ascension_level":20}}