{"host":"g75gtovmj0ine2rf","time":1609332188,"event":{"mods":["2.2 Compatiblity","AchievementEnabler","Act Like it!","Aspiration","Astrologer","Bard","BaseMod","Better Match","BetterRewards","CapriCore","Challenge The Spire","ChefMod","Colored Map","Conspire","Elementarium","Energized Spire","Friendly Minions","Gensokyo","Halation","Hallownest","Hermit","HexUI Lib","Highlight Path","Hubris","Infinite Spire","Jedi Mod","Lobotomy","Menagerie","Minty Spire (QoL Compilation)","Puzzle Mod","Quick Restart","Rare Cards Sparkle","Relic Stats","Replay The Spire","Robot Space Explorer","Shade Mod","Shop Mod","Spicy Shops","StSLib","SuperFastMode","The Construct","The Cursed","The Dragon Tamer","The Factory","The Jungle","The Marked","The Runesmith","TheBandit","TheFirefly","TheSwordswoman","TheVacant","Transform Curses","Wandering Minibosses","thorton","vexMod"],"gold_per_floor":[117,42,62,62,62,93,93,119,119,135,169,188,188,206,206,306,306,321,321,72,85,5,5,30,49,49,80,80,80,115,115,165,266,266,280,9,24,39,39,71,71,106,106,106,121,121,121,139,139,139],"floor_reached":51,"playtime":2862,"items_purged":["RobotSpaceExplorer:Strike","RobotSpaceExplorer:Defend","RobotSpaceExplorer:PowerCollector","RobotSpaceExplorer:Defend","RobotSpaceExplorer:Defend"],"score":958,"play_id":"7d3e34b7-2ce2-4ff9-a731-eb63c2cd9734","local_time":"20201230234308","is_ascension_mode":true,"campfire_choices":[{"data":"RobotSpaceExplorer:GlueSpray","floor":7.0,"key":"SMITH"},{"data":"RobotSpaceExplorer:FreezeRay","floor":13.0,"key":"SMITH"},{"data":"RobotSpaceExplorer:MiniBoosters","floor":23.0,"key":"SMITH"},{"data":"RobotSpaceExplorer:MiniBoosters","floor":28.0,"key":"SMITH"},{"floor":32.0,"key":"REST"},{"data":"RobotSpaceExplorer:PowerGlove","floor":46.0,"key":"SMITH"},{"data":"RobotSpaceExplorer:TrailblazerForm","floor":49.0,"key":"SMITH"}],"circlet_count":0,"master_deck":["RobotSpaceExplorer:Strike+1","RobotSpaceExplorer:Strike+1","RobotSpaceExplorer:Defend+1","RobotSpaceExplorer:Scan+1","RobotSpaceExplorer:MiniLasers","RobotSpaceExplorer:GlueSpray+1","RobotSpaceExplorer:GlueShot","RobotSpaceExplorer:PowerGlove+1","RobotSpaceExplorer:ScrapToss","RobotSpaceExplorer:FreezeRay+1","RobotSpaceExplorer:Accelerator","RobotSpaceExplorer:MiniBoosters+1","RobotSpaceExplorer:ChargingLaser","RobotSpaceExplorer:MiniBoosters+1","RobotSpaceExplorer:ScrapToss","RobotSpaceExplorer:JunkDive","RobotSpaceExplorer:MiniBoosters+1","RobotSpaceExplorer:PowerGlove+1","infinitespire:NeuralNetwork","RobotSpaceExplorer:TrailblazerForm+1","RobotSpaceExplorer:SwiftStep+1"],"relics":["RobotSpaceExplorer:RoboCore","Hallownest:DreamNailRelic","War Paint","Centennial Puzzle","Lantern","halation:SelfBoilingWater","Replay:Bronze Core","infinitespire:Broken Mirror","ReplayTheSpireMod:Shallot","Replay:PocketPolymizer","Thread and Needle","jedi:bottledfury","hubris:MobiusCoin","aspiration:WatcherSkillbook","Strange Spoon","construct:ClawGrip","vexMod:CardConverter","hubris:Towel","jedi:gremlinknob","halation:WeightlessCrab"],"acts_visited":["Exordium","Hallownest:Greenpath","TheBeyond"],"potions_floor_usage":[],"damage_taken":[{"damage":0.0,"enemies":"Hallownest:monsterHuskWarrior","floor":1.0,"turns":4.0},{"damage":0.0,"enemies":"2_ Uuma","floor":3.0,"turns":6.0},{"damage":0.0,"enemies":"Hallownest:eliteVengeflyKing","floor":6.0,"turns":6.0},{"damage":15.0,"enemies":"Hallownest:eliteMossKnight","floor":8.0,"turns":5.0},{"damage":0.0,"enemies":"Hallownest:2_Baldur","floor":10.0,"turns":2.0},{"damage":0.0,"enemies":"Hallownest:eliteVengeflyKing","floor":11.0,"turns":7.0},{"damage":1.0,"enemies":"Hallownest:2_Tiktiks_1_Baldur_1_Crawlid","floor":12.0,"turns":4.0},{"damage":0.0,"enemies":"Hallownest:monsterMossCharger","floor":14.0,"turns":3.0},{"damage":1.0,"enemies":"Hallownest:BossFalseKnight","floor":16.0,"turns":8.0},{"damage":0.0,"enemies":"Gensokyo:AngelMirror","floor":18.0,"turns":3.0},{"damage":8.0,"enemies":"Gensokyo:3_Dogs","floor":21.0,"turns":6.0},{"damage":12.0,"enemies":"Gensokyo:Koishi","floor":24.0,"turns":5.0},{"damage":15.0,"enemies":"Gensokyo:Wraith","floor":25.0,"turns":4.0},{"damage":12.0,"enemies":"Gensokyo:Tenshi","floor":27.0,"turns":2.0},{"damage":0.0,"enemies":"Gensokyo:Reisen","floor":30.0,"turns":5.0},{"damage":0.0,"enemies":"Gensokyo:Eternal_Rivals","floor":33.0,"turns":6.0},{"damage":4.0,"enemies":"Orb Walker","floor":35.0,"turns":3.0},{"damage":0.0,"enemies":"3 Shapes","floor":37.0,"turns":2.0},{"damage":0.0,"enemies":"Sphere and 2 Shapes","floor":38.0,"turns":3.0},{"damage":6.0,"enemies":"Nemesis","floor":40.0,"turns":3.0},{"damage":6.0,"enemies":"R_Hoarder","floor":42.0,"turns":6.0},{"damage":0.0,"enemies":"Jaw Worm Horde","floor":45.0,"turns":2.0},{"damage":0.0,"enemies":"Writhing Mass","floor":48.0,"turns":3.0},{"damage":2,"enemies":"infinitespire:MassOfShapes","floor":50,"turns":6}],"seed_played":"-4851561620753421721","potions_obtained":[{"floor":1.0,"key":"Elixir"},{"floor":6.0,"key":"jedi:holywater"},{"floor":14.0,"key":"Flashbang"},{"floor":24.0,"key":"SpeedPotion"}],"is_trial":false,"path_per_floor":["M","?","M","?","?","E","R","E","T","M","E","M","R","M","R_BF","B",null,"M","?","$","M","COS","R","E","M","T","E","R","?","E","AVR","R","B",null,"M","$","M","M","AVR","E","?","E","T","?","M","R","$","M","R","B",null],"character_chosen":"RobotSpaceExplorer","items_purchased":["RobotSpaceExplorer:MiniBoosters","Strange Spoon"],"campfire_rested":1,"item_purchase_floors":[20,36],"current_hp_per_floor":[75,75,75,75,75,75,75,60,60,60,60,59,59,59,75,74,75,75,75,75,67,67,67,55,40,40,28,28,28,28,28,50,50,75,71,71,71,71,71,67,67,61,61,61,61,61,61,61,61,59],"gold":139,"neow_bonus":"TRANSFORM_CARD","is_daily":false,"chose_seed":false,"campfire_upgraded":6,"win_rate":0.0,"timestamp":1609332188,"path_taken":["M","?","M","?","?","E","R","E","T","M","E","M","R","M","R_BF","BOSS","M","?","?","M","COS","R","E","M","T","E","R","?","E","AVR","R","BOSS","M","$","M","M","AVR","E","?","E","T","?","?","R","?","?","R","BOSS"],"items_purchased_type":["Card","Relic"],"build_version":"2020-12-22","purchased_purges":5,"victory":true,"max_hp_per_floor":[75,75,75,75,75,75,75,75,75,75,75,75,75,75,75,75,75,75,75,75,75,75,75,75,75,75,75,75,75,75,75,75,75,75,75,75,75,75,75,77,77,77,77,77,77,77,77,77,77,77],"relic_stats":{"Strange Spoon":[9],"Centennial Puzzle":[30],"counters":[24,104],"War Paint":["RobotSpaceExplorer:Scan","RobotSpaceExplorer:Defend"],"obtain_stats":[{"hubris:MobiusCoin":31,"Lantern":9,"construct:ClawGrip":39,"Replay:PocketPolymizer":27,"jedi:gremlinknob":42,"RobotSpaceExplorer:RoboCore":0,"Thread and Needle":30,"halation:WeightlessCrab":43,"Hallownest:DreamNailRelic":4,"jedi:bottledfury":30,"War Paint":6,"hubris:Towel":41,"halation:SelfBoilingWater":11,"Frozen Eye":24,"Strange Spoon":36,"Centennial Puzzle":8,"ReplayTheSpireMod:Shallot":26,"vexMod:CardConverter":40,"infinitespire:Broken Mirror":24,"Replay:Bronze Core":17,"aspiration:WatcherSkillbook":34},{"hubris:MobiusCoin":15,"Lantern":4,"construct:ClawGrip":19,"Replay:PocketPolymizer":14,"jedi:gremlinknob":21,"RobotSpaceExplorer:RoboCore":0,"Thread and Needle":15,"halation:WeightlessCrab":21,"Hallownest:DreamNailRelic":2,"jedi:bottledfury":15,"War Paint":3,"hubris:Towel":20,"halation:SelfBoilingWater":6,"Frozen Eye":11,"Strange Spoon":17,"Centennial Puzzle":4,"ReplayTheSpireMod:Shallot":13,"vexMod:CardConverter":20,"infinitespire:Broken Mirror":12,"Replay:Bronze Core":9,"aspiration:WatcherSkillbook":16},{"hubris:MobiusCoin":70,"Lantern":21,"construct:ClawGrip":84,"Replay:PocketPolymizer":65,"jedi:gremlinknob":93,"RobotSpaceExplorer:RoboCore":0,"Thread and Needle":68,"halation:WeightlessCrab":93,"Hallownest:DreamNailRelic":10,"jedi:bottledfury":70,"War Paint":16,"hubris:Towel":87,"halation:SelfBoilingWater":30,"Frozen Eye":54,"Strange Spoon":79,"Centennial Puzzle":21,"ReplayTheSpireMod:Shallot":63,"vexMod:CardConverter":87,"infinitespire:Broken Mirror":59,"Replay:Bronze Core":45,"aspiration:WatcherSkillbook":76}]},"card_choices":[{"not_picked":["RobotSpaceExplorer:Ammunition","RobotSpaceExplorer:PlasmaMissile"],"picked":"RobotSpaceExplorer:GlueShot","floor":1.0},{"not_picked":["RobotSpaceExplorer:MiniBoosters+1","RobotSpaceExplorer:TurboDodge+1"],"picked":"RobotSpaceExplorer:PowerGlove+1","floor":2.0},{"not_picked":["RobotSpaceExplorer:JunkDive","RobotSpaceExplorer:SurgingShield"],"picked":"RobotSpaceExplorer:ScrapToss","floor":3.0},{"not_picked":["RobotSpaceExplorer:GlueShot","RobotSpaceExplorer:Counterblock","RobotSpaceExplorer:HighVoltage"],"picked":"SKIP","floor":6.0},{"not_picked":["RobotSpaceExplorer:Probe","RobotSpaceExplorer:ToxicBomb","RobotSpaceExplorer:FrostMissile"],"picked":"SKIP","floor":8.0},{"not_picked":["RobotSpaceExplorer:ShockKick","RobotSpaceExplorer:DoubleFind"],"picked":"RobotSpaceExplorer:ScrapToss","floor":10.0},{"not_picked":["RobotSpaceExplorer:GlueShot","RobotSpaceExplorer:ShockKick","RobotSpaceExplorer:SlimeMissile"],"picked":"SKIP","floor":11.0},{"not_picked":["RobotSpaceExplorer:Ammunition","RobotSpaceExplorer:Smokescreen"],"picked":"RobotSpaceExplorer:FreezeRay","floor":12.0},{"not_picked":["RobotSpaceExplorer:SurgingShield","RobotSpaceExplorer:TurboDodge","RobotSpaceExplorer:FreezingShield"],"picked":"SKIP","floor":14.0},{"not_picked":["RobotSpaceExplorer:Blaster","RobotSpaceExplorer:ShockMissile"],"picked":"RobotSpaceExplorer:Accelerator","floor":16.0},{"not_picked":["RobotSpaceExplorer:FranticSearch+1","RobotSpaceExplorer:GlueSpray"],"picked":"RobotSpaceExplorer:MiniBoosters+1","floor":18.0},{"not_picked":["RobotSpaceExplorer:Probe","RobotSpaceExplorer:Counterblock"],"picked":"RobotSpaceExplorer:ScrapToss","floor":21.0},{"not_picked":["RobotSpaceExplorer:StunGrenade+1","RobotSpaceExplorer:Jetpack","RobotSpaceExplorer:Reload"],"picked":"SKIP","floor":24.0},{"not_picked":["RobotSpaceExplorer:Jetpack","RobotSpaceExplorer:SwiftStep"],"picked":"RobotSpaceExplorer:JunkDive","floor":25.0},{"not_picked":["RobotSpaceExplorer:LaserBurst+1","RobotSpaceExplorer:ToxicBomb"],"picked":"RobotSpaceExplorer:MiniBoosters","floor":27.0},{"not_picked":["RobotSpaceExplorer:ScrapToss","RobotSpaceExplorer:Electroshield+1"],"picked":"RobotSpaceExplorer:PowerGlove","floor":30.0},{"not_picked":["RobotSpaceExplorer:Explosion","RobotSpaceExplorer:Accelerator"],"picked":"RobotSpaceExplorer:TrailblazerForm","floor":33.0},{"not_picked":["FearNoEvil","BowlingBash+1","Perseverance","RobotSpaceExplorer:SwiftStep+1"],"picked":"SKIP","floor":35.0},{"not_picked":["FlurryOfBlows","TalkToTheHand","ThirdEye+1","SashWhip"],"picked":"SKIP","floor":37.0},{"not_picked":["Replay:AtTheReady","BowlingBash+1","MentalFortress+1","RobotSpaceExplorer:Scanner"],"picked":"SKIP","floor":38.0},{"not_picked":["RobotSpaceExplorer:StunGrenade","SashWhip","Evaluate+1"],"picked":"RobotSpaceExplorer:SwiftStep+1","floor":40.0},{"not_picked":["RobotSpaceExplorer:HighVoltage","CutThroughFate+1","RobotSpaceExplorer:ScrapShield","ForeignInfluence+1"],"picked":"SKIP","floor":42.0},{"not_picked":["RobotSpaceExplorer:StarLightning+1","Crescendo+1","RobotSpaceExplorer:SwiftStep+1","RobotSpaceExplorer:IronShell"],"picked":"SKIP","floor":45.0},{"not_picked":["RobotSpaceExplorer:TurboDodge+1","RobotSpaceExplorer:SurgingShield","Replay:AtTheReady","jedi:nirvanicrebirth"],"picked":"SKIP","floor":48.0}],"player_experience":1361596,"relics_obtained":[{"floor":6.0,"key":"War Paint"},{"floor":8.0,"key":"Centennial Puzzle"},{"floor":9.0,"key":"Lantern"},{"floor":11.0,"key":"halation:SelfBoilingWater"},{"floor":24.0,"key":"infinitespire:Broken Mirror"},{"floor":26.0,"key":"ReplayTheSpireMod:Shallot"},{"floor":27.0,"key":"Replay:PocketPolymizer"},{"floor":30.0,"key":"jedi:bottledfury"},{"floor":40.0,"key":"vexMod:CardConverter"},{"floor":42.0,"key":"jedi:gremlinknob"},{"floor":43.0,"key":"halation:WeightlessCrab"}],"event_choices":[{"damage_healed":0.0,"max_hp_gain":0.0,"max_hp_loss":0.0,"gold_gain":0.0,"event_name":"betterMatch:BetterMatch","player_choice":"2","floor":2.0,"gold_loss":0.0,"damage_taken":0.0,"cards_obtained":["betterMatch:UncommonCard"]}],"is_beta":false,"boss_relics":[{"not_picked":["Astrolabe","Runesmith:UraniumAnvil"],"picked":"Replay:Bronze Core"},{"not_picked":["hubris:BlackHole","Snecko Eye"],"picked":"aspiration:WatcherSkillbook"}],"items_purged_floors":[20,20,31,36,39],"is_endless":false,"potions_floor_spawned":[1,6,14,24,25,37,38,40,48],"ascension_level":2}}