{"host":"0fmi5fguj5lvt8pf","time":1609309506,"event":{"mods":["BaseMod","Colored Map","Curses Come First","Downfall","Minty Spire (QoL Compilation)","Permanent Neow","StSLib","Waifu the Spire"],"gold_per_floor":[99,109,284,295,66,166,166,185,285,301,361,392,392,442,455,557,557,557,575,625,643,693,710,736,736,786,820,880,915,690,704,719,824,824,824,836,886,905,361,411,411,461,511,545,324,374,374,424,424,424],"floor_reached":48,"playtime":2979,"items_purged":["Guardian:Defend_Guardian"],"score":598,"play_id":"9cc91599-394a-47c1-aeb0-a6ee176dd8b1","local_time":"20201229222506","is_ascension_mode":false,"campfire_choices":[{"data":"Guardian:CurlUp","floor":1.0,"key":"SMITH"},{"data":"Guardian:MultiBeam","floor":13.0,"key":"SMITH"},{"data":"Guardian:Suspension","floor":18.0,"key":"SMITH"},{"floor":25.0,"key":"RECALL"},{"floor":30,"key":"REST"},{"data":"Guardian:MultiBeam","floor":35,"key":"SMITH"},{"floor":47,"key":"REST"}],"circlet_count":0,"master_deck":["Guardian:Strike_Guardian","Guardian:Strike_Guardian","Guardian:Strike_Guardian","Guardian:Defend_Guardian","Guardian:Defend_Guardian","Guardian:CurlUp+1","Guardian:MultiBeam+1","Guardian:FuturePlans","Guardian:PolyBeam","Guardian:Orbwalk","Guardian:ChargeCore","Guardian:Incinerate","Guardian:PrimingBeam","Guardian:Suspension+1","Guardian:ConstructionForm","Guardian:Clone","Guardian:Recover+1","Guardian:Gem_Red","Guardian:MultiBeam+1","Guardian:ChargeUp+1","Guardian:PrismaticBarrier","Guardian:BronzeArmor+1","Guardian:ChargeUp+1","Guardian:TimeSifter","Guardian:Suspension+1","Guardian:PrimingBeam","Guardian:RefractedBeam+1"],"relics":["Guardian:ModeShifter","downfall:CloakOfManyFaces","CultistMask","FaceOfCleric","NlothsMask","GremlinMask","SsserpentHead","StoneCalendar","Empty Cage","Omamori","Blue Candle","downfall:HeartBlessingRed","downfall:HeartBlessingBlue","downfall:HeartBlessingGreen","Sozu","Guardian:BottledStasis","Letter Opener","Dream Catcher","Guardian:StasisCodex","Shuriken","Singing Bowl"],"acts_visited":["Exordium","TheCity","TheBeyond"],"potions_floor_usage":[27,27,29,39],"damage_taken":[{"damage":6.0,"enemies":"Small Slimes","floor":2.0,"turns":4.0},{"damage":0.0,"enemies":"2 Louse","floor":4.0,"turns":3.0},{"damage":2.0,"enemies":"downfall:FleeingMerchant","floor":5.0,"turns":4.0},{"damage":1.0,"enemies":"Cultist","floor":8.0,"turns":4.0},{"damage":20.0,"enemies":"downfall:FaceTrader","floor":9.0,"turns":8.0},{"damage":11.0,"enemies":"Blue Slaver","floor":10.0,"turns":5.0},{"damage":6.0,"enemies":"2 Fungi Beasts","floor":11.0,"turns":4.0},{"damage":3.0,"enemies":"Lagavulin","floor":12.0,"turns":7.0},{"damage":15.0,"enemies":"3 Louse","floor":15.0,"turns":3.0},{"damage":44.0,"enemies":"downfall:Silent","floor":16.0,"turns":9.0},{"damage":15.0,"enemies":"Chosen","floor":19.0,"turns":4.0},{"damage":12.0,"enemies":"Centurion and Healer","floor":21.0,"turns":7.0},{"damage":16.0,"enemies":"Shelled Parasite and Fungi","floor":23.0,"turns":5.0},{"damage":29,"enemies":"Slavers","floor":27,"turns":5},{"damage":1,"enemies":"Snecko","floor":28,"turns":4},{"damage":15,"enemies":"Gremlin Leader","floor":29,"turns":7},{"damage":0,"enemies":"Centurion and Healer","floor":31,"turns":4},{"damage":0,"enemies":"Snake Plant","floor":32,"turns":4},{"damage":10,"enemies":"downfall:Ironclad","floor":33,"turns":9},{"damage":17,"enemies":"3 Darklings","floor":36,"turns":5},{"damage":18,"enemies":"3 Shapes","floor":38,"turns":3},{"damage":0,"enemies":"downfall:FleeingMerchant","floor":39,"turns":4},{"damage":20,"enemies":"Nemesis","floor":44,"turns":5},{"damage":4,"enemies":"downfall:FleeingMerchant","floor":45,"turns":4},{"damage":0,"enemies":"Writhing Mass","floor":48,"turns":1}],"seed_played":"8672898077508129894","potions_obtained":[{"floor":2.0,"key":"Dexterity Potion"},{"floor":8.0,"key":"Guardian:DefensiveModePotion"},{"floor":10.0,"key":"Ancient Potion"},{"floor":11.0,"key":"champ:CounterPotion"},{"floor":16.0,"key":"sneckomod:MuddlingPotion"},{"floor":23.0,"key":"Dexterity Potion"},{"floor":26.0,"key":"CultistPotion"},{"floor":28,"key":"Block Potion"},{"floor":29,"key":"SpeedPotion"},{"floor":31,"key":"SpeedPotion"}],"is_trial":false,"path_per_floor":["R","M","?","M","$","?","T","M","?","M","M","E","R","?","M","B",null,"R","M","?","M","?","M","T","R","?","E","M","E","R","M","M","B",null,"R","M","?","M","$","?","T","?","?","E","$","T","R","M"],"character_chosen":"GUARDIAN","items_purchased":["Guardian:PolyBeam","Guardian:Gem_Yellow","Guardian:Orbwalk","Guardian:BottledStasis","Letter Opener","Guardian:PrimingBeam","Shuriken"],"campfire_rested":2,"item_purchase_floors":[5,5,5,39,39,39,45],"current_hp_per_floor":[72,66,66,66,64,64,64,63,43,33,28,26,26,59,45,2,101,101,87,87,76,76,61,61,61,61,33,33,19,64,65,66,57,120,120,104,104,87,88,88,88,83,83,64,61,61,98,98,98,98],"gold":424,"neow_bonus":"TWENTY_PERCENT_HP_BONUS","is_daily":false,"chose_seed":false,"campfire_upgraded":4,"win_rate":0.0,"timestamp":1609309506,"path_taken":["R","M","?","M","$","?","T","M","?","M","?","E","R","?","M","BOSS","R","M","?","M","?","M","T","R","?","E","?","E","R","M","M","BOSS","R","M","?","M","$","?","T","?","?","E","?","?","R","?"],"items_purchased_type":["Card","Card","Card","Relic","Relic","Card","Relic"],"build_version":"2020-12-22","purchased_purges":1,"victory":false,"max_hp_per_floor":[96,96,96,96,96,96,96,96,96,97,98,99,99,99,100,101,101,101,102,102,103,103,104,104,104,104,105,106,107,117,118,119,120,120,120,121,121,122,123,123,123,123,123,124,125,125,125,125,125,125],"card_choices":[{"not_picked":["Guardian:ArmoredProtocol","Guardian:ChargeCore"],"picked":"Guardian:Gem_Cyan","floor":2.0},{"not_picked":["Guardian:Reroute","Guardian:Gem_Blue"],"picked":"Guardian:MultiBeam","floor":4.0},{"not_picked":["Guardian:RollAttack","Guardian:Gem_Red"],"picked":"Guardian:FuturePlans","floor":5.0},{"not_picked":["Guardian:TemporalShield","Guardian:Emergency"],"picked":"Guardian:ChargeCore","floor":8.0},{"not_picked":["Guardian:Gem_Yellow","Guardian:Repulse"],"picked":"Guardian:Gem_White","floor":9.0},{"not_picked":["Guardian:Emergency","Guardian:PrismaticBeam"],"picked":"Guardian:Incinerate","floor":10.0},{"not_picked":["Guardian:FastForward","Guardian:TemporalShield","Guardian:PrismaticBarrier"],"picked":"SKIP","floor":11.0},{"not_picked":["Guardian:TemporalShield","Guardian:Gem_Lightblue"],"picked":"Guardian:PrimingBeam","floor":12.0},{"not_picked":["Guardian:PolyBeam","Guardian:TemporalShield"],"picked":"Guardian:Suspension","floor":15.0},{"not_picked":["Guardian:HyperBeam_Guardian","Guardian:GemFinder"],"picked":"Guardian:ConstructionForm","floor":16.0},{"not_picked":["Guardian:GuardianWhirl","Guardian:EvasiveProtocol","Guardian:VentSteam"],"picked":"SKIP","floor":19.0},{"not_picked":["Guardian:VentSteam","Guardian:BronzeArmor"],"picked":"Guardian:Recover+1","floor":21.0},{"not_picked":["Guardian:DecasProtection+1","Guardian:TemporalStrike+1"],"picked":"Guardian:MultiBeam","floor":23.0},{"not_picked":["Guardian:RollAttack","Guardian:Gem_Red"],"picked":"Guardian:ChargeUp+1","floor":27},{"not_picked":["Guardian:Incinerate","Guardian:PrismaticBeam"],"picked":"Guardian:Gem_White","floor":28},{"not_picked":["Guardian:Incinerate","Guardian:Reroute"],"picked":"Guardian:PrismaticBarrier","floor":29},{"not_picked":["Guardian:TemporalShield","Guardian:Harden"],"picked":"Guardian:BronzeArmor+1","floor":31},{"not_picked":["Guardian:Gem_Blue","Guardian:CrystalBeam+1"],"picked":"Guardian:ChargeUp+1","floor":32},{"not_picked":["Guardian:GemFinder","Guardian:RevengeProtocol"],"picked":"Guardian:TimeSifter","floor":33},{"not_picked":["Guardian:FloatingOrbs+1","Guardian:Gem_Lightblue"],"picked":"Guardian:Suspension+1","floor":36},{"not_picked":["Guardian:TemporalShield+1","Guardian:FuturePlans+1","Guardian:Gem_Yellow"],"picked":"SKIP","floor":38},{"not_picked":["Guardian:TemporalShield+1","Guardian:PiercingHide","Guardian:CrystalBeam"],"picked":"SKIP","floor":39},{"not_picked":["Guardian:Repulse+1","Guardian:Gem_Yellow","Guardian:PiercingHide+1"],"picked":"SKIP","floor":44},{"not_picked":["Guardian:TimeCapacitor","Guardian:Incinerate","Guardian:VentSteam+1"],"picked":"SKIP","floor":45},{"not_picked":["Guardian:CrystalBeam+1","Guardian:TimeBomb"],"picked":"Guardian:RefractedBeam+1","floor":47}],"player_experience":1263576,"relics_obtained":[{"floor":9.0,"key":"downfall:CloakOfManyFaces"},{"floor":12.0,"key":"StoneCalendar"},{"floor":27,"key":"Omamori"},{"floor":29,"key":"Blue Candle"},{"floor":41,"key":"Dream Catcher"},{"floor":44,"key":"Guardian:StasisCodex"},{"floor":46,"key":"Singing Bowl"}],"event_choices":[{"damage_healed":33.0,"max_hp_gain":0.0,"max_hp_loss":0.0,"gold_gain":0.0,"event_name":"Big Fish","player_choice":"Banana","floor":14.0,"gold_loss":0.0,"damage_taken":0.0},{"damage_healed":0.0,"max_hp_gain":0.0,"max_hp_loss":0.0,"gold_gain":0.0,"event_name":"The Library","player_choice":"Read","floor":20.0,"gold_loss":0.0,"damage_taken":0.0,"cards_obtained":["Guardian:Clone"]},{"damage_healed":0,"gold_gain":0,"player_choice":"Ignored","damage_taken":0,"max_hp_gain":0,"max_hp_loss":0,"event_name":"Mysterious Sphere","floor":40,"gold_loss":0}],"is_beta":false,"boss_relics":[{"not_picked":["Black Star","SlaversCollar"],"picked":"Empty Cage"},{"not_picked":["Tiny House","Coffee Dripper"],"picked":"Sozu"}],"items_purged_floors":[39],"is_endless":false,"potions_floor_spawned":[2,8,10,11,16,23,28,29,31,32,36,44],"killed_by":"Writhing Mass","ascension_level":0}}