{"host":"o5or1zybx7au40zl","time":1609340567,"event":{"mods":["Act Like it!","BaseMod","Better Third Choice","Conspire","Dota2Spire","Hubris","Minty Spire (QoL Compilation)","Replay The Spire","StSLib"],"gold_per_floor":[119,135,153,10,29,56,56,69,69,96,126,15,47,47,47,144,144,157,72,22,33,45,45,78,78,78,78,3,19,19,45,45,45,45],"floor_reached":33,"playtime":650,"items_purged":[],"score":355,"play_id":"3f1febe9-49b0-44a7-a1c4-3d272fb33f6c","local_time":"20201230160247","is_ascension_mode":false,"campfire_choices":[{"floor":15,"key":"REST"},{"floor":23,"key":"RECALL"},{"floor":25,"key":"REST"},{"data":"conspire:PoisonWeapons","floor":27,"key":"SMITH"},{"floor":32,"key":"REST"}],"circlet_count":0,"master_deck":["Strike_G","Strike_G","Strike_G","Strike_G","Defend_G","Defend_G","Defend_G","Defend_G","Survivor","Neutralize","conspire:PoisonWeapons+1","Backstab+1","Noxious Fumes","Venomology","Quick Slash+1","Riddle With Holes+1","Finisher+1","Dagger Throw+1","conspire:PoisonWeapons+1","Malaise","Catalyst","Corpse Explosion","Flying Knee+1","Poisoned Stab+1","Hidden Blade+1","Flying Knee+1","Backstab+1","ReplayTheSpireMod:Necrosis"],"relics":["Ring of the Snake","NeowsBlessing","Guide Book","ReplayTheSpireMod:Lightbulb","Molten Egg 2","MawBank","Ninja Scroll","hubris:Icosahedron","Runic Dome","conspire:GiftBox","Potion Belt","hubris:MysteriousPyramids"],"acts_visited":["Exordium","TheCity"],"potions_floor_usage":[8,10,13,13,16,16,16,22,31,33,33],"damage_taken":[{"damage":0,"enemies":"Jaw Worm","floor":1,"turns":1},{"damage":0,"enemies":"Cultist","floor":2,"turns":1},{"damage":0,"enemies":"Small Slimes","floor":3,"turns":1},{"damage":2,"enemies":"Looter","floor":5,"turns":2},{"damage":2,"enemies":"Gremlin Nob","floor":6,"turns":3},{"damage":12,"enemies":"Large Slime","floor":8,"turns":6},{"damage":10,"enemies":"Lagavulin","floor":10,"turns":3},{"damage":4,"enemies":"Red Slaver","floor":11,"turns":2},{"damage":11,"enemies":"3 Sentries","floor":13,"turns":6},{"damage":28,"enemies":"Hexaghost","floor":16,"turns":4},{"damage":7,"enemies":"Shell Parasite","floor":18,"turns":2},{"damage":2,"enemies":"Chosen","floor":21,"turns":3},{"damage":7,"enemies":"3 Cultists","floor":22,"turns":3},{"damage":34,"enemies":"Slavers","floor":24,"turns":4},{"damage":8,"enemies":"Snecko","floor":29,"turns":3},{"damage":0,"enemies":"Gremlin Leader","floor":31,"turns":2},{"damage":59,"enemies":"Champ","floor":33,"turns":6}],"seed_played":"-2910293540981145813","potions_obtained":[{"floor":1,"key":"DistilledChaos"},{"floor":3,"key":"FearPotion"},{"floor":5,"key":"LifebloodPotion"},{"floor":13,"key":"Swift Potion"},{"floor":21,"key":"Doom Potion"},{"floor":22,"key":"Energy Potion"},{"floor":29,"key":"PowerPotion"},{"floor":31,"key":"Fruit Juice"}],"is_trial":false,"path_per_floor":["M","M","M","$","M","E","?","M","T","E","M","$","E","?","R","B",null,"M","?","?","M","M","R","E","R","T","R","?","M","?","E","R","B"],"character_chosen":"THE_SILENT","items_purchased":["Guide Book","Finisher+1","Dagger Throw+1"],"campfire_rested":3,"item_purchase_floors":[4,12,12],"current_hp_per_floor":[70,70,70,70,68,66,66,54,54,44,40,40,29,29,50,22,70,63,63,63,61,54,54,20,41,41,41,41,33,33,33,54,0,0],"gold":45,"neow_bonus":"THREE_ENEMY_KILL","is_daily":false,"chose_seed":false,"campfire_upgraded":1,"win_rate":0.0,"timestamp":1609340567,"path_taken":["M","M","M","$","M","E","?","?","T","E","M","$","E","?","R","BOSS","M","?","?","?","M","R","E","R","T","R","?","M","?","E","R","BOSS"],"items_purchased_type":["Relic","Card","Card"],"build_version":"2020-12-22","purchased_purges":0,"victory":false,"max_hp_per_floor":[70,70,70,70,70,70,70,70,70,70,70,70,70,70,70,70,70,70,70,70,70,70,70,70,70,70,70,70,70,70,70,70,75,75],"card_choices":[{"not_picked":["Bane","Flying Knee"],"picked":"conspire:PoisonWeapons","floor":1},{"not_picked":["Underhanded Strike","Flechettes","Endless Agony"],"picked":"SKIP","floor":2},{"not_picked":["Leg Sweep","Poisoned Stab"],"picked":"Backstab","floor":3},{"not_picked":["Heel Hook","Dodge and Roll"],"picked":"Noxious Fumes","floor":5},{"not_picked":["Well Laid Plans","Prepared"],"picked":"Venomology","floor":6},{"not_picked":["Acrobatics","Blade Dance","hubris:SlightOfHand"],"picked":"SKIP","floor":8},{"not_picked":["Endless Agony+1","Escape Plan"],"picked":"Quick Slash+1","floor":10},{"not_picked":["PiercingWail","Reflex"],"picked":"Riddle With Holes+1","floor":11},{"not_picked":["Blade Dance","Riddle With Holes+1"],"picked":"conspire:PoisonWeapons","floor":13},{"not_picked":["Wraith Form v2","Poison Darts"],"picked":"Malaise","floor":16},{"not_picked":["Dash+1","Blade Dance+1"],"picked":"Catalyst","floor":18},{"not_picked":["Malaise","Storm of Steel"],"picked":"Corpse Explosion","floor":19},{"not_picked":["Prepared+1","Escape Plan"],"picked":"Flying Knee+1","floor":21},{"not_picked":["Tactician+1","ReplayTheSpireMod:Exploit Weakness"],"picked":"Poisoned Stab+1","floor":22},{"not_picked":["Backflip","Reflex"],"picked":"Hidden Blade+1","floor":24},{"not_picked":["All Out Attack+1","Quick Slash+1"],"picked":"Flying Knee+1","floor":29},{"not_picked":["Poisoned Stab+1","Blade Dance"],"picked":"ReplayTheSpireMod:Necrosis","floor":31}],"player_experience":909764,"relics_obtained":[{"floor":6,"key":"ReplayTheSpireMod:Lightbulb"},{"floor":9,"key":"Molten Egg 2"},{"floor":10,"key":"MawBank"},{"floor":13,"key":"Ninja Scroll"},{"floor":24,"key":"Potion Belt"},{"floor":31,"key":"hubris:MysteriousPyramids"}],"event_choices":[{"cards_removed":["Defend_G"],"damage_healed":0,"gold_gain":0,"player_choice":"Purged","damage_taken":0,"max_hp_gain":0,"max_hp_loss":0,"event_name":"Purifier","floor":7,"gold_loss":0},{"damage_healed":0,"gold_gain":0,"player_choice":"Obtained Relic","damage_taken":0,"relics_obtained":["conspire:GiftBox"],"max_hp_gain":0,"max_hp_loss":0,"event_name":"Addict","floor":19,"gold_loss":85},{"damage_healed":0,"gold_gain":0,"player_choice":"Bet on Murderer","damage_taken":0,"max_hp_gain":0,"max_hp_loss":0,"event_name":"The Joust","floor":20,"gold_loss":50},{"cards_removed":["Strike_G"],"damage_healed":0,"gold_gain":0,"player_choice":"Gave Gold","damage_taken":0,"max_hp_gain":0,"max_hp_loss":0,"event_name":"Beggar","floor":28,"gold_loss":75},{"damage_healed":0,"gold_gain":0,"player_choice":"Copied","damage_taken":0,"max_hp_gain":0,"max_hp_loss":0,"event_name":"Duplicator","floor":30,"gold_loss":0,"cards_obtained":["Backstab"]}],"is_beta":false,"boss_relics":[{"not_picked":["HoveringKite","hubris:HollowSoul"],"picked":"Runic Dome"}],"items_purged_floors":[],"is_endless":false,"potions_floor_spawned":[1,3,5,11,13,21,22,29,31],"killed_by":"Champ","ascension_level":0}}