{"host":"ssbj2e5691x5ub3h","time":1609339354,"event":{"mods":["BaseMod","Duelist Mod","Minty Spire (QoL Compilation)","StSLib"],"gold_per_floor":[143,143,143,157,82,116,116,126,126,126,126,136,136,136,136,210,210,220,220,220,237,248,248,264,289,289,289,289,38,56,85,85,159,159,174,174,228,228,239,239,239,239],"floor_reached":41,"playtime":2438,"items_purged":[],"score":1010,"play_id":"5a1c4f95-13fc-408e-8654-8fa6c8eafc77","local_time":"20201230124234","is_ascension_mode":true,"campfire_choices":[{"data":"theDuelist:CyberDragonSieger","floor":7,"key":"SMITH"},{"data":"theDuelist:MirageDragon","floor":10,"key":"SMITH"},{"data":"theDuelist:DarkHorus","floor":13,"key":"SMITH"},{"data":"theDuelist:WaterDragon","floor":15,"key":"SMITH"},{"data":"theDuelist:StardustDragon","floor":23,"key":"SMITH"},{"data":"theDuelist:ArmedDragon3","floor":27,"key":"SMITH"},{"data":"theDuelist:Lancephorhynchus","floor":32,"key":"SMITH"},{"floor":40,"key":"REST"}],"circlet_count":0,"master_deck":["AscendersBane","theDuelist:BabyDragon","theDuelist:CaveDragon","theDuelist:CaveDragon","theDuelist:LesserDragon","theDuelist:LesserDragon","theDuelist:YamataDragon","theDuelist:BlackBrutdrago","theDuelist:CyberDragonSieger+1","theDuelist:MirageDragon+1","theDuelist:DarkHorus+1","theDuelist:WaterDragon+1","theDuelist:StardustDragon+1","theDuelist:BurstBreath","theDuelist:TwinHeadedFire","theDuelist:ArmedDragon3+1","theDuelist:Lancephorhynchus+1","theDuelist:Freezadon","theDuelist:BSkullDragon","theDuelist:ArmedProtectorDragon+1","theDuelist:CyberEmergency+1","theDuelist:SauropodBrachion+1","theDuelist:CyberDragonVier","theDuelist:BurstBreath+1","theDuelist:CyberDragonCore"],"relics":["theDuelist:MillenniumPuzzle","theDuelist:CardPoolRelic","theDuelist:CardPoolBasicRelic","theDuelist:BoosterPackPoolRelic","theDuelist:CardPoolAddRelic","theDuelist:CardPoolMinusRelic","theDuelist:CardPoolSaveRelic","theDuelist:CardPoolOptionsRelic","Paper Crane","theDuelist:MonsterEggRelic","theDuelist:BoosterBetterBoostersRelic","Ornamental Fan","Philosopher\u0027s Stone","White Beast Statue","Centennial Puzzle","Meat on the Bone","Bag of Preparation","Astrolabe","theDuelist:DuelistUrn"],"acts_visited":["Exordium","TheCity","TheBeyond"],"potions_floor_usage":[6,30,31,33,37,37,41],"damage_taken":[{"damage":0,"enemies":"Cultist","floor":1,"turns":2},{"damage":0,"enemies":"2 Louse","floor":4,"turns":2},{"damage":0,"enemies":"3 Sentries","floor":6,"turns":6},{"damage":0,"enemies":"Jaw Worm","floor":8,"turns":1},{"damage":0,"enemies":"Large Slime","floor":12,"turns":2},{"damage":0,"enemies":"The Guardian","floor":16,"turns":4},{"damage":0,"enemies":"Chosen","floor":18,"turns":2},{"damage":10,"enemies":"Shell Parasite","floor":21,"turns":2},{"damage":9,"enemies":"Snecko","floor":22,"turns":4},{"damage":0,"enemies":"3 Cultists","floor":24,"turns":4},{"damage":0,"enemies":"Gremlin Leader","floor":25,"turns":3},{"damage":3,"enemies":"Shelled Parasite and Fungi","floor":30,"turns":5},{"damage":0,"enemies":"Book of Stabbing","floor":31,"turns":3},{"damage":12,"enemies":"Collector","floor":33,"turns":4},{"damage":0,"enemies":"Orb Walker","floor":35,"turns":2},{"damage":36,"enemies":"2 Orb Walkers","floor":37,"turns":3},{"damage":27,"enemies":"3 Darklings","floor":39,"turns":3},{"damage":61,"enemies":"Reptomancer","floor":41,"turns":4}],"seed_played":"-7941447399436971680","potions_obtained":[{"floor":1,"key":"LiquidMemories"},{"floor":4,"key":"theDuelist:BigOrbBottle"},{"floor":16,"key":"Strength Potion"},{"floor":24,"key":"theDuelist:StunPotion"},{"floor":30,"key":"SkillPotion"},{"floor":31,"key":"theDuelist:TokenPotion"},{"floor":33,"key":"SkillPotion"},{"floor":37,"key":"CultistPotion"},{"floor":39,"key":"Block Potion"}],"is_trial":false,"path_per_floor":["M","T","?","M","?","E","R","M","T","R","?","M","R","?","R","B",null,"M","?","?","M","M","R","M","E","T","R","?","$","M","E","R","B",null,"M","?","?","?","M","R","E"],"character_chosen":"THE_DUELIST","items_purchased":["Meat on the Bone"],"campfire_rested":1,"item_purchase_floors":[29],"current_hp_per_floor":[70,70,62,62,62,62,62,62,62,62,62,62,62,62,62,62,73,73,73,73,63,54,54,54,54,54,54,54,54,51,51,51,39,68,68,68,44,44,31,54,0,0],"gold":239,"neow_bonus":"TEN_PERCENT_HP_BONUS","is_daily":false,"chose_seed":false,"campfire_upgraded":7,"win_rate":0.0,"timestamp":1609339354,"path_taken":["M","?","?","M","?","E","R","M","T","R","?","?","R","?","R","BOSS","M","?","?","M","M","R","M","E","T","R","?","$","?","E","R","BOSS","M","?","?","?","M","R","E"],"items_purchased_type":["Relic"],"build_version":"2020-12-22","purchased_purges":0,"victory":false,"max_hp_per_floor":[77,77,77,77,77,77,77,77,77,77,77,77,77,77,77,77,77,77,77,77,77,77,77,77,77,77,77,77,77,77,77,77,77,77,77,77,77,77,77,77,77,77],"card_choices":[{"not_picked":["theDuelist:VeilDarkness","theDuelist:TrihornedDragon","theDuelist:DreadnoughtDreadnoid","theDuelist:DarkDriceratops"],"picked":"theDuelist:BlackBrutdrago","floor":1},{"not_picked":["theDuelist:CyberValley","theDuelist:StarlightRoad","theDuelist:LordD","theDuelist:MirageDragon"],"picked":"theDuelist:CyberDragonSieger","floor":4},{"not_picked":["theDuelist:YamataDragon","theDuelist:Earthquake","theDuelist:Beatraptor","theDuelist:Pyrorex"],"picked":"theDuelist:MirageDragon","floor":6},{"not_picked":["theDuelist:YamataDragon","theDuelist:ViceDragon","theDuelist:BlackStego","theDuelist:CyberDragon"],"picked":"theDuelist:DarkHorus","floor":8},{"not_picked":["theDuelist:CyberDragonInfinity+1","theDuelist:BarrelDragon+1","theDuelist:ArmedDragon5+1"],"picked":"SKIP","floor":12},{"not_picked":["theDuelist:DragonMastery","theDuelist:DoomkaiserDragon","theDuelist:DefensiveTactics","theDuelist:BlasterDragonInfernos"],"picked":"theDuelist:StardustDragon","floor":16},{"not_picked":["theDuelist:WhiteHowling","theDuelist:MiraculousDescent","theDuelist:JurassicImpact","theDuelist:AutorokketDragon","theDuelist:GalaxySoldier"],"picked":"SKIP","floor":18},{"not_picked":["theDuelist:TwinHeadedFire","theDuelist:Kabazauls","theDuelist:DarkHorus","theDuelist:BusterBlader"],"picked":"theDuelist:BurstBreath","floor":21},{"not_picked":["theDuelist:ViceDragon","theDuelist:SafeZone","theDuelist:Anthrosaurus","theDuelist:CyberTwinDragon+1"],"picked":"theDuelist:TwinHeadedFire","floor":22},{"not_picked":["theDuelist:DarkHorus","theDuelist:CyberValley","theDuelist:LordD","theDuelist:BusterDrake","theDuelist:SoulCharge"],"picked":"SKIP","floor":24},{"not_picked":["theDuelist:CyberEndDragon","theDuelist:BarrelDragon","theDuelist:DarkstormDragon","theDuelist:FluteSummoning"],"picked":"theDuelist:ArmedDragon3","floor":25},{"not_picked":["theDuelist:CyberValley","theDuelist:CaveDragon","theDuelist:Earthquake","theDuelist:BusterBlader"],"picked":"theDuelist:FrostflameDragon","floor":30},{"not_picked":["theDuelist:CurseDragon","theDuelist:YamataDragon","theDuelist:HazyFlameHydra","theDuelist:RedDragonArchfiend"],"picked":"theDuelist:Freezadon","floor":31},{"not_picked":["theDuelist:SliferSky","theDuelist:Scapegoat","theDuelist:OceanDragonLord","theDuelist:GravityLash"],"picked":"theDuelist:BSkullDragon","floor":33},{"not_picked":["theDuelist:YamataDragon","theDuelist:CyberDragonDrei","theDuelist:BlackBrutdrago","theDuelist:BarrelDragon"],"picked":"theDuelist:CyberDragonVier","floor":35},{"not_picked":[],"picked":"theDuelist:BurstBreath+1","floor":37},{"not_picked":["theDuelist:MadSwordBeast","theDuelist:CyberDragonNachster+1","theDuelist:DefenseZone+1","theDuelist:SnowDragon"],"picked":"theDuelist:CyberDragonCore","floor":39}],"player_experience":279870,"relics_obtained":[{"floor":2,"key":"Paper Crane"},{"floor":6,"key":"theDuelist:BoosterBetterBoostersRelic"},{"floor":9,"key":"Ornamental Fan"},{"floor":25,"key":"White Beast Statue"},{"floor":26,"key":"Centennial Puzzle"},{"floor":31,"key":"Bag of Preparation"},{"floor":37,"key":"theDuelist:DuelistUrn"}],"event_choices":[{"damage_healed":0,"gold_gain":0,"player_choice":"Dig - random Duelist relic","duelist":true,"damage_taken":0,"max_hp_gain":0,"max_hp_loss":0,"event_name":"Aknamkanon\u0027s Tomb","floor":3,"gold_loss":0},{"cards_removed":["theDuelist:Sparks"],"damage_healed":0,"gold_gain":0,"player_choice":"Card Removal","damage_taken":0,"max_hp_gain":0,"max_hp_loss":0,"event_name":"The Cleric","floor":5,"gold_loss":75},{"damage_healed":0,"gold_gain":0,"player_choice":"Ignored","damage_taken":0,"max_hp_gain":0,"max_hp_loss":0,"event_name":"Liars Game","floor":11,"gold_loss":0},{"damage_healed":0,"gold_gain":0,"player_choice":"1 cards matched","damage_taken":0,"max_hp_gain":0,"max_hp_loss":0,"event_name":"Match and Keep!","floor":14,"gold_loss":0,"cards_obtained":["theDuelist:WaterDragon"]},{"damage_healed":0,"gold_gain":0,"player_choice":"Ignored","damage_taken":0,"max_hp_gain":0,"max_hp_loss":0,"event_name":"Ghosts","floor":19,"gold_loss":0},{"cards_removed":["theDuelist:Sparks"],"damage_healed":0,"gold_gain":0,"player_choice":"Elegance","damage_taken":0,"max_hp_gain":0,"max_hp_loss":0,"event_name":"Back to Basics","floor":20,"gold_loss":0},{"damage_healed":0,"gold_gain":0,"player_choice":"Read","damage_taken":0,"max_hp_gain":0,"max_hp_loss":0,"event_name":"The Library","floor":28,"gold_loss":0,"cards_obtained":["theDuelist:Lancephorhynchus"]},{"damage_healed":0,"gold_gain":0,"player_choice":"Leave","duelist":true,"damage_taken":0,"max_hp_gain":0,"max_hp_loss":0,"event_name":"Relic Duplicator","floor":36,"gold_loss":0},{"damage_healed":0,"gold_gain":0,"player_choice":"Fight","damage_taken":0,"max_hp_gain":0,"max_hp_loss":0,"event_name":"Mysterious Sphere","floor":37,"gold_loss":0},{"damage_healed":0,"gold_gain":0,"player_choice":"Leave","duelist":true,"damage_taken":0,"max_hp_gain":0,"max_hp_loss":0,"event_name":"Card Trader","floor":38,"gold_loss":0}],"is_beta":false,"boss_relics":[{"not_picked":["Runic Pyramid","Runic Dome"],"picked":"Philosopher\u0027s Stone"},{"not_picked":["Black Star","Mark of Pain"],"picked":"Astrolabe"}],"items_purged_floors":[],"is_endless":false,"potions_floor_spawned":[1,4,16,24,25,30,31,33,35,37,39],"killed_by":"Reptomancer","ascension_level":15}}