{"host":"5ru6a7u2mbc0jrwn","time":1609324985,"event":{"mods":["AchievementEnabler","BaseMod","Colored Map","Minty Spire (QoL Compilation)","Rare Cards Sparkle","StSLib","everything is the same but u backflip on backflip"],"gold_per_floor":[113,113,176,226,276,276,309,309,359,182,296,296,41,69,69,164,164,181,231,281,24,74,109,119,119,119,180,193,224,224,239,239,334,334,346,396,446,849,849,849],"floor_reached":39,"playtime":2608,"items_purged":["Strike_R","Dark Embrace"],"score":446,"play_id":"1d11121d-7c47-4016-83d0-2b58c8711d3f","local_time":"20201230194305","is_ascension_mode":false,"campfire_choices":[{"data":"Bash","floor":6,"key":"SMITH"},{"floor":8,"key":"REST"},{"floor":12,"key":"REST"},{"data":"Chrysalis","floor":15,"key":"SMITH"},{"data":"Reaper","floor":25,"key":"SMITH"},{"data":"Juggernaut","floor":30,"key":"SMITH"},{"data":"The Bomb","floor":32,"key":"SMITH"}],"circlet_count":0,"master_deck":["Strike_R","Strike_R","Strike_R","Defend_R","Defend_R","Defend_R","Bash+1","Headbutt","Sword Boomerang","Chrysalis+1","Reaper+1","The Bomb+1","Anger","Juggernaut+1","Uppercut","Seeing Red","Warcry+1","Impervious","Pummel+1","Juggernaut+1","Flex+1","Madness","Madness","Dark Embrace+1"],"relics":["Burning Blood","SsserpentHead","Ornamental Fan","Kunai","Orichalcum","Vajra","Torii","Sozu","Enchiridion","Bronze Scales","Gremlin Horn","Frozen Egg 2","FossilizedHelix","SlaversCollar","Old Coin"],"acts_visited":["Exordium","TheCity","TheBeyond"],"potions_floor_usage":[7,16,17],"damage_taken":[{"damage":9,"enemies":"2 Louse","floor":1,"turns":3},{"damage":1,"enemies":"Cultist","floor":3,"turns":3},{"damage":48,"enemies":"3 Sentries","floor":7,"turns":11},{"damage":44,"enemies":"Lagavulin Event","floor":11,"turns":7},{"damage":22,"enemies":"Gremlin Nob","floor":14,"turns":5},{"damage":7,"enemies":"Hexaghost","floor":16,"turns":11},{"damage":1,"enemies":"Chosen","floor":18,"turns":4},{"damage":27,"enemies":"Gremlin Leader","floor":23,"turns":4},{"damage":1,"enemies":"2 Thieves","floor":24,"turns":2},{"damage":12,"enemies":"Sentry and Sphere","floor":27,"turns":5},{"damage":8,"enemies":"Snake Plant","floor":28,"turns":4},{"damage":48,"enemies":"Slavers","floor":29,"turns":4},{"damage":18,"enemies":"Snecko","floor":31,"turns":4},{"damage":15,"enemies":"Automaton","floor":33,"turns":6},{"damage":19,"enemies":"Orb Walker","floor":35,"turns":4},{"damage":74,"enemies":"2 Orb Walkers","floor":38,"turns":5},{"damage":10,"enemies":"3 Shapes","floor":39,"turns":2}],"seed_played":"-6830486000428440355","potions_obtained":[{"floor":3,"key":"GamblersBrew"},{"floor":11,"key":"ElixirPotion"},{"floor":14,"key":"BloodPotion"}],"is_trial":false,"path_per_floor":["M","?","M","?","T","R","E","R","T","$","?","R","$","E","R","B",null,"M","?","?","$","?","E","M","R","T","M","M","E","R","M","R","B",null,"M","?","?","?","M"],"character_chosen":"IRONCLAD","items_purchased":["Chrysalis","The Bomb","Bronze Scales"],"campfire_rested":2,"item_purchase_floors":[10,13,21],"current_hp_per_floor":[85,85,88,81,81,81,39,65,65,65,27,53,53,44,44,48,88,88,72,72,72,88,67,72,72,72,72,74,50,50,54,54,54,88,75,75,64,8,0,0],"gold":849,"neow_bonus":"TEN_PERCENT_HP_BONUS","is_daily":false,"chose_seed":false,"campfire_upgraded":5,"win_rate":0.0,"timestamp":1609324985,"path_taken":["M","?","?","?","?","R","E","R","T","$","?","R","$","E","R","BOSS","M","?","?","$","?","E","M","R","T","?","M","E","R","M","R","BOSS","M","?","?","?","M"],"items_purchased_type":["Card","Card","Relic"],"build_version":"2020-12-22","purchased_purges":2,"victory":false,"max_hp_per_floor":[88,88,88,88,88,88,88,88,88,88,88,88,88,88,88,88,88,88,88,88,88,88,88,88,88,88,88,88,88,88,88,88,88,88,88,88,88,88,88,88],"card_choices":[{"not_picked":["Flex","True Grit"],"picked":"Headbutt","floor":1},{"not_picked":["Flex","Perfected Strike"],"picked":"Burning Pact","floor":3},{"not_picked":["Flex","Headbutt"],"picked":"Sword Boomerang","floor":7},{"not_picked":["Inflame","Thunderclap"],"picked":"Reaper","floor":11},{"not_picked":["Pommel Strike","Perfected Strike"],"picked":"Anger","floor":14},{"not_picked":["Barricade","Reaper"],"picked":"Juggernaut","floor":16},{"not_picked":["Rupture","Carnage"],"picked":"Uppercut","floor":18},{"not_picked":["Twin Strike+1","Second Wind+1"],"picked":"Seeing Red","floor":23},{"not_picked":["Feel No Pain","True Grit","Rupture"],"picked":"SKIP","floor":24},{"not_picked":["Iron Wave","Perfected Strike+1"],"picked":"Warcry+1","floor":27},{"not_picked":["Warcry","Flex","Clash"],"picked":"SKIP","floor":28},{"not_picked":["Sword Boomerang","Disarm"],"picked":"Impervious","floor":29},{"not_picked":["Cleave+1","Dropkick"],"picked":"Pummel+1","floor":31},{"not_picked":["Berserk+1","Impervious"],"picked":"Juggernaut+1","floor":33},{"not_picked":["Clothesline","Cleave"],"picked":"Flex+1","floor":35},{"not_picked":["Flex","Clash+1"],"picked":"Dark Embrace+1","floor":38}],"player_experience":10338,"relics_obtained":[{"floor":5,"key":"Ornamental Fan"},{"floor":7,"key":"Kunai"},{"floor":9,"key":"Orichalcum"},{"floor":11,"key":"Vajra"},{"floor":14,"key":"Torii"},{"floor":19,"key":"Enchiridion"},{"floor":23,"key":"Gremlin Horn"},{"floor":26,"key":"Frozen Egg 2"},{"floor":29,"key":"FossilizedHelix"},{"floor":38,"key":"Old Coin"}],"event_choices":[{"damage_healed":0,"gold_gain":0,"player_choice":"Trade","damage_taken":0,"relics_obtained":["SsserpentHead"],"max_hp_gain":0,"max_hp_loss":0,"event_name":"FaceTrader","floor":2,"gold_loss":0},{"cards_removed":["Strike_R"],"damage_healed":0,"gold_gain":0,"player_choice":"Card Removal","damage_taken":7,"max_hp_gain":0,"max_hp_loss":0,"event_name":"Golden Wing","floor":4,"gold_loss":0},{"damage_healed":0,"gold_gain":30,"player_choice":"Searched \u00272\u0027 times","damage_taken":0,"max_hp_gain":0,"max_hp_loss":0,"event_name":"Dead Adventurer","floor":11,"gold_loss":0},{"damage_healed":0,"gold_gain":0,"player_choice":"Obtained Book","damage_taken":16,"max_hp_gain":0,"max_hp_loss":0,"event_name":"Cursed Tome","floor":19,"gold_loss":0},{"damage_healed":0,"gold_gain":0,"cards_transformed":["Burning Pact","Defend_R"],"player_choice":"Became Test Subject","damage_taken":0,"max_hp_gain":0,"max_hp_loss":0,"event_name":"Drug Dealer","floor":20,"gold_loss":0,"cards_obtained":["Dark Embrace","Hemokinesis"]},{"cards_removed":["Hemokinesis"],"damage_healed":16,"gold_gain":0,"player_choice":"Offered Uncommon","damage_taken":0,"max_hp_gain":0,"max_hp_loss":0,"event_name":"Bonfire Elementals","floor":22,"gold_loss":0},{"damage_healed":0,"gold_gain":0,"player_choice":"Ignored","damage_taken":0,"max_hp_gain":0,"max_hp_loss":0,"event_name":"Tomb of Lord Red Mask","floor":36,"gold_loss":0},{"damage_healed":0,"gold_gain":0,"player_choice":"Embrace Madness","damage_taken":11,"max_hp_gain":0,"max_hp_loss":0,"event_name":"Winding Halls","floor":37,"gold_loss":0,"cards_obtained":["Madness","Madness"]},{"damage_healed":0,"gold_gain":0,"player_choice":"Fight","damage_taken":0,"max_hp_gain":0,"max_hp_loss":0,"event_name":"Mysterious Sphere","floor":38,"gold_loss":0}],"is_beta":false,"boss_relics":[{"not_picked":["SacredBark","Busted Crown"],"picked":"Sozu"},{"not_picked":["Philosopher\u0027s Stone","Tiny House"],"picked":"SlaversCollar"}],"items_purged_floors":[13,21],"is_endless":false,"potions_floor_spawned":[3,11,14,18,28,29,31,38],"killed_by":"3 Shapes","ascension_level":0}}