{"host":"pvf7uj918he10jir","time":1609308569,"event":{"mods":["AchievementEnabler","BaseMod","Colored Map","Colored Powertips","Highlight Path","Minty Spire (QoL Compilation)","Relic Stats","Slay the Relics Exporter","everything is the same but u backflip on backflip"],"gold_per_floor":[113,129,129,79,79,79,99,128,176,186,204,222,6,32,32,133,133,133,33,33,33,33,33,33,33,33,33,33,33,33,33,33,33,33,33,33,33,33,33,33,33,33,33,33,33,33],"floor_reached":45,"playtime":2412,"items_purged":["Strike_P","Strike_P"],"score":614,"play_id":"467b0fdc-1490-41a6-aee1-39b7ab02074d","local_time":"20201230010929","is_ascension_mode":true,"campfire_choices":[{"data":"Eruption","floor":6.0,"key":"SMITH"},{"floor":15.0,"key":"REST"},{"floor":29.0,"key":"REST"},{"floor":32.0,"key":"REST"},{"data":"WreathOfFlame","floor":40.0,"key":"SMITH"},{"floor":44.0,"key":"REST"}],"circlet_count":0,"master_deck":["Strike_P","Defend_P","Defend_P","Defend_P","Eruption+1","Vigilance","CutThroughFate","FlurryOfBlows","WreathOfFlame+1","Halt","Study","Ragnarok+1","Alpha+1","Evaluate+1","MasterReality","WreathOfFlame","DeceiveReality+1"],"relics":["Runic Pyramid","Tiny Chest","Bag of Preparation","Nunchaku","Ectoplasm","Lizard Tail","Bag of Marbles","Du-Vu Doll","Thread and Needle","Darkstone Periapt","Philosopher\u0027s Stone","Molten Egg 2","War Paint"],"acts_visited":["Exordium","TheCity","TheBeyond"],"potions_floor_usage":[45],"damage_taken":[{"damage":0.0,"enemies":"Cultist","floor":1.0,"turns":3.0},{"damage":0.0,"enemies":"Jaw Worm","floor":2.0,"turns":3.0},{"damage":4.0,"enemies":"Small Slimes","floor":7.0,"turns":2.0},{"damage":12.0,"enemies":"3 Sentries","floor":8.0,"turns":6.0},{"damage":6.0,"enemies":"Gremlin Gang","floor":10.0,"turns":3.0},{"damage":2.0,"enemies":"2 Fungi Beasts","floor":11.0,"turns":3.0},{"damage":10.0,"enemies":"3 Louse","floor":12.0,"turns":2.0},{"damage":0.0,"enemies":"Lagavulin","floor":14.0,"turns":3.0},{"damage":22.0,"enemies":"Hexaghost","floor":16.0,"turns":5.0},{"damage":1.0,"enemies":"Shell Parasite","floor":18.0,"turns":2.0},{"damage":21.0,"enemies":"Slavers","floor":23.0,"turns":3.0},{"damage":0.0,"enemies":"Spheric Guardian","floor":24.0,"turns":2.0},{"damage":17.0,"enemies":"Book of Stabbing","floor":25.0,"turns":4.0},{"damage":37.0,"enemies":"Slavers","floor":28.0,"turns":3.0},{"damage":17.0,"enemies":"Snake Plant","floor":30.0,"turns":4.0},{"damage":0.0,"enemies":"Cultist and Chosen","floor":31.0,"turns":2.0},{"damage":52.0,"enemies":"Collector","floor":33.0,"turns":7.0},{"damage":6.0,"enemies":"Orb Walker","floor":35.0,"turns":3.0},{"damage":16.0,"enemies":"3 Shapes","floor":41.0,"turns":3.0},{"damage":16.0,"enemies":"Nemesis","floor":42.0,"turns":3.0},{"damage":64,"enemies":"Reptomancer","floor":45,"turns":2}],"seed_played":"8617851108664481522","potions_obtained":[{"floor":2.0,"key":"LiquidMemories"},{"floor":8.0,"key":"Dexterity Potion"},{"floor":14.0,"key":"Regen Potion"},{"floor":23.0,"key":"EntropicBrew"},{"floor":28.0,"key":"Ancient Potion"},{"floor":31.0,"key":"LiquidBronze"},{"floor":33.0,"key":"SteroidPotion"},{"floor":42.0,"key":"PowerPotion"}],"is_trial":false,"path_per_floor":["M","M","?","?","?","R","M","E","T","M","M","M","$","E","R","B",null,"M","$","?","?","T","E","M","E","T","?","E","R","M","M","R","B",null,"M","?","$","T","?","R","M","E","T","R","E"],"character_chosen":"WATCHER","items_purchased":["Ragnarok"],"campfire_rested":4,"item_purchase_floors":[13],"current_hp_per_floor":[72,72,72,72,72,72,68,56,56,50,48,38,38,38,59,37,72,71,71,71,71,71,50,50,33,33,27,36,57,40,40,61,9,72,66,66,66,66,66,66,50,34,34,54,0,0],"gold":33,"neow_bonus":"BOSS_RELIC","is_daily":false,"chose_seed":false,"campfire_upgraded":2,"win_rate":0.0,"timestamp":1609308569,"path_taken":["M","M","?","?","?","R","M","E","T","M","M","?","$","E","R","BOSS","M","$","?","?","?","E","M","E","T","?","E","R","?","M","R","BOSS","M","?","$","?","?","R","M","E","T","R","E"],"items_purchased_type":["Card"],"build_version":"2020-12-22","purchased_purges":2,"victory":false,"max_hp_per_floor":[72,72,72,72,72,72,72,72,72,72,72,72,72,72,72,72,72,72,72,72,72,72,72,72,72,72,72,72,72,72,72,72,72,72,72,72,72,72,68,68,68,68,68,68,68,68],"relic_stats":{"Darkstone Periapt":0,"Nunchaku":[7],"Lizard Tail":36,"counters":[21,68],"Tiny Chest":2,"Ectoplasm":480,"Bag of Preparation":[34],"War Paint":["Alpha","Evaluate"],"obtain_stats":[{"Darkstone Periapt":28,"Thread and Needle":26,"Bag of Preparation":9,"War Paint":42,"Du-Vu Doll":25,"Nunchaku":14,"Lizard Tail":22,"Tiny Chest":8,"Philosopher\u0027s Stone":34,"Molten Egg 2":38,"Ectoplasm":17,"Bag of Marbles":23,"PureWater":0,"Runic Pyramid":0},{"Darkstone Periapt":14,"Thread and Needle":13,"Bag of Preparation":4,"War Paint":20,"Du-Vu Doll":13,"Nunchaku":8,"Lizard Tail":10,"Tiny Chest":4,"Philosopher\u0027s Stone":17,"Molten Egg 2":18,"Ectoplasm":9,"Bag of Marbles":11,"PureWater":0,"Runic Pyramid":0},{"Darkstone Periapt":44,"Thread and Needle":41,"Bag of Preparation":14,"War Paint":66,"Du-Vu Doll":41,"Nunchaku":25,"Lizard Tail":32,"Tiny Chest":14,"Philosopher\u0027s Stone":57,"Molten Egg 2":60,"Ectoplasm":30,"Bag of Marbles":35,"PureWater":0,"Runic Pyramid":0}]},"card_choices":[{"not_picked":["CrushJoints","Crescendo"],"picked":"CutThroughFate","floor":1.0},{"not_picked":["EmptyBody","FlyingSleeves"],"picked":"FlurryOfBlows","floor":2.0},{"not_picked":["SignatureMove","SashWhip"],"picked":"Halt","floor":7.0},{"not_picked":["Protect","ClearTheMind","WaveOfTheHand"],"picked":"SKIP","floor":8.0},{"not_picked":["Protect","EmptyBody"],"picked":"Study","floor":10.0},{"not_picked":["JustLucky","WreathOfFlame","Worship"],"picked":"SKIP","floor":11.0},{"not_picked":["EmptyBody","Protect","SignatureMove"],"picked":"SKIP","floor":12.0},{"not_picked":["BattleHymn","Protect","BowlingBash"],"picked":"SKIP","floor":14.0},{"not_picked":["Judgement","ConjureBlade"],"picked":"Alpha","floor":16.0},{"not_picked":["JustLucky","Halt+1","Consecrate"],"picked":"SKIP","floor":18.0},{"not_picked":["Conclude","SignatureMove","SashWhip+1"],"picked":"SKIP","floor":23.0},{"not_picked":["CrushJoints","BowlingBash","SashWhip"],"picked":"SKIP","floor":24.0},{"not_picked":["Alpha","Swivel"],"picked":"Evaluate","floor":25.0},{"not_picked":["Worship","EmptyFist"],"picked":"MasterReality","floor":28.0},{"not_picked":["CrushJoints","Worship"],"picked":"WreathOfFlame","floor":30.0},{"not_picked":["TalkToTheHand","SashWhip+1","FlurryOfBlows+1"],"picked":"SKIP","floor":31.0},{"not_picked":["BattleHymn","FollowUp","Meditate"],"picked":"SKIP","floor":35.0},{"not_picked":["Halt","Prostrate","CrushJoints+1"],"picked":"SKIP","floor":41.0},{"not_picked":["ReachHeaven+1","CutThroughFate+1"],"picked":"DeceiveReality+1","floor":42.0}],"player_experience":111399,"relics_obtained":[{"floor":8.0,"key":"Tiny Chest"},{"floor":9.0,"key":"Bag of Preparation"},{"floor":14.0,"key":"Nunchaku"},{"floor":22.0,"key":"Lizard Tail"},{"floor":23.0,"key":"Bag of Marbles"},{"floor":25.0,"key":"Du-Vu Doll"},{"floor":26.0,"key":"Thread and Needle"},{"floor":28.0,"key":"Darkstone Periapt"},{"floor":38.0,"key":"Molten Egg 2"},{"floor":42.0,"key":"War Paint"}],"event_choices":[{"damage_healed":0.0,"max_hp_gain":0.0,"max_hp_loss":0.0,"gold_gain":0.0,"event_name":"Liars Game","player_choice":"Ignored","floor":3.0,"gold_loss":0.0,"damage_taken":0.0},{"cards_removed":["Defend_P"],"damage_healed":0.0,"max_hp_gain":0.0,"max_hp_loss":0.0,"gold_gain":0.0,"event_name":"The Cleric","player_choice":"Card Removal","floor":4.0,"gold_loss":50.0,"damage_taken":0.0},{"damage_healed":0.0,"max_hp_gain":0.0,"max_hp_loss":0.0,"gold_gain":0.0,"cards_transformed":["Strike_P"],"event_name":"Transmorgrifier","player_choice":"Transformed","floor":5.0,"gold_loss":0.0,"damage_taken":0.0,"cards_obtained":["WreathOfFlame"]},{"damage_healed":0.0,"max_hp_gain":0.0,"max_hp_loss":0.0,"gold_gain":0.0,"event_name":"Vampires","player_choice":"Ignored","floor":20.0,"gold_loss":0.0,"damage_taken":0.0},{"damage_healed":0.0,"max_hp_gain":0.0,"max_hp_loss":0.0,"gold_gain":99.0,"event_name":"Nest","player_choice":"Stole From Cult","floor":21.0,"gold_loss":0.0,"damage_taken":0.0},{"damage_healed":0.0,"max_hp_gain":0.0,"max_hp_loss":0.0,"gold_gain":0.0,"event_name":"Knowing Skull","player_choice":"","floor":27.0,"potions_obtained":[],"gold_loss":0.0,"damage_taken":6.0,"cards_obtained":[]},{"damage_healed":0.0,"max_hp_gain":0.0,"max_hp_loss":0.0,"gold_gain":0.0,"event_name":"Upgrade Shrine","player_choice":"Upgraded","floor":36.0,"gold_loss":0.0,"damage_taken":0.0,"cards_upgraded":["Ragnarok"]},{"damage_healed":0.0,"max_hp_gain":0.0,"max_hp_loss":4.0,"gold_gain":0.0,"event_name":"Winding Halls","player_choice":"Max HP","floor":39.0,"gold_loss":0.0,"damage_taken":0.0}],"is_beta":false,"boss_relics":[{"not_picked":["Tiny House","Fusion Hammer"],"picked":"Ectoplasm"},{"not_picked":["Pandora\u0027s Box","Calling Bell"],"picked":"Philosopher\u0027s Stone"}],"items_purged_floors":[13,19],"is_endless":false,"potions_floor_spawned":[2,8,14,16,23,28,31,33,41,42],"killed_by":"Reptomancer","ascension_level":3}}