{"host":"9tzam4717zt8ei1o","time":1609332546,"event":{"mods":["BaseMod","Colored Map","Keyboard Shortcuts","Minty Spire (QoL Compilation)","Quick Restart","StSLib","SuperFastMode"],"gold_per_floor":[112,37,37,37,51,86,86,105,105,105,49,61,94,19,19,96,96,116,131,131,147,147,147,177,177,177,177,177,203,26,59,59,131,131,151,151,171,185,195,220,220,252,252,277,227,254,272,287,287,287,287,287,287,69,104,104,104],"floor_reached":56,"playtime":1855,"items_purged":["Strike_G","Defend_G","Defend_G","Defend_G"],"score":2477,"play_id":"02b99849-e9bf-462f-8faa-d3ba56d46de1","local_time":"20201230214906","is_ascension_mode":true,"campfire_choices":[{"data":"Noxious Fumes","floor":7.0,"key":"SMITH"},{"data":"Catalyst","floor":10.0,"key":"SMITH"},{"data":"Bullet Time","floor":15.0,"key":"SMITH"},{"data":"Calculated Gamble","floor":23.0,"key":"SMITH"},{"data":"Bouncing Flask","floor":27.0,"key":"SMITH"},{"data":"Tactician","floor":32.0,"key":"SMITH"},{"data":"Acrobatics","floor":41.0,"key":"SMITH"},{"floor":49.0,"key":"RECALL"},{"data":"Footwork","floor":53.0,"key":"SMITH"}],"circlet_count":0,"master_deck":["AscendersBane","Defend_G","Defend_G","Survivor","Neutralize+1","Acrobatics+1","Noxious Fumes+1","Backflip","Catalyst+1","Deadly Poison","Bouncing Flask+1","Bullet Time+1","Adrenaline","Bouncing Flask","Calculated Gamble+1","Prepared","Bane+1","Tactician+1","Reflex","Footwork+1","Deflect"],"relics":["Ring of the Snake","NeowsBlessing","Bag of Preparation","HornCleat","Letter Opener","Oddly Smooth Stone","Runic Pyramid","Singing Bowl","MawBank","Matryoshka","HoveringKite","Thread and Needle","Smiling Mask","Blood Vial","Ginger","Lizard Tail","Potion Belt","Whetstone"],"acts_visited":["Exordium","TheCity","TheBeyond","TheEnding"],"potions_floor_usage":[56,56,56,56],"damage_taken":[{"damage":0.0,"enemies":"Cultist","floor":1.0,"turns":1.0},{"damage":0.0,"enemies":"Jaw Worm","floor":5.0,"turns":1.0},{"damage":0.0,"enemies":"3 Sentries","floor":6.0,"turns":1.0},{"damage":5.0,"enemies":"Small Slimes","floor":8.0,"turns":4.0},{"damage":0.0,"enemies":"Blue Slaver","floor":12.0,"turns":3.0},{"damage":0.0,"enemies":"Gremlin Nob","floor":13.0,"turns":3.0},{"damage":0.0,"enemies":"Hexaghost","floor":16.0,"turns":5.0},{"damage":0.0,"enemies":"Chosen","floor":18.0,"turns":2.0},{"damage":12.0,"enemies":"Spheric Guardian","floor":19.0,"turns":4.0},{"damage":0.0,"enemies":"Snake Plant","floor":21.0,"turns":3.0},{"damage":6.0,"enemies":"Gremlin Leader","floor":24.0,"turns":5.0},{"damage":0.0,"enemies":"Book of Stabbing","floor":29.0,"turns":3.0},{"damage":2.0,"enemies":"Slavers","floor":31.0,"turns":3.0},{"damage":0.0,"enemies":"Champ","floor":33.0,"turns":6.0},{"damage":0.0,"enemies":"3 Darklings","floor":35.0,"turns":3.0},{"damage":0.0,"enemies":"Orb Walker","floor":37.0,"turns":2.0},{"damage":0.0,"enemies":"Spire Growth","floor":38.0,"turns":3.0},{"damage":0.0,"enemies":"3 Darklings","floor":39.0,"turns":3.0},{"damage":0.0,"enemies":"Nemesis","floor":40.0,"turns":3.0},{"damage":12.0,"enemies":"Reptomancer","floor":42.0,"turns":4.0},{"damage":0.0,"enemies":"Mind Bloom Boss Battle","floor":44.0,"turns":3.0},{"damage":0.0,"enemies":"Nemesis","floor":46.0,"turns":5.0},{"damage":0.0,"enemies":"Transient","floor":47.0,"turns":6.0},{"damage":6.0,"enemies":"4 Shapes","floor":48.0,"turns":3.0},{"damage":48.0,"enemies":"Awakened One","floor":50.0,"turns":9.0},{"damage":35.0,"enemies":"Time Eater","floor":51.0,"turns":6.0},{"damage":10.0,"enemies":"Shield and Spear","floor":55.0,"turns":5.0},{"damage":78,"enemies":"The Heart","floor":56,"turns":6}],"seed_played":"8157261714602704601","potions_obtained":[{"floor":5.0,"key":"LiquidMemories"},{"floor":6.0,"key":"BlessingOfTheForge"},{"floor":16.0,"key":"PowerPotion"},{"floor":24.0,"key":"SkillPotion"},{"floor":37.0,"key":"Swift Potion"},{"floor":42.0,"key":"LiquidBronze"},{"floor":46.0,"key":"Energy Potion"},{"floor":47.0,"key":"SkillPotion"}],"is_trial":false,"path_per_floor":["M","?","T","$","M","E","R","M","T","R","$","M","E","$","R","B",null,"M","M","?","M","?","R","E","?","T","R","?","E","$","E","R","B",null,"M","?","M","M","M","E","R","E","T","?","$","E","M","M","R","B","B",null,"R","$","E","B"],"character_chosen":"THE_SILENT","items_purchased":["Deadly Poison","Tactician","Deflect","Swift Potion","Weak Potion"],"campfire_rested":0,"item_purchase_floors":[11,30,54,54,54],"current_hp_per_floor":[59,59,59,59,59,59,59,54,54,54,54,54,54,54,54,54,63,63,51,51,51,51,51,47,47,47,47,47,49,49,49,49,51,68,70,72,74,74,76,78,78,68,68,72,72,74,78,76,76,30,46,81,81,81,75,0,0],"gold":104,"neow_bonus":"THREE_ENEMY_KILL","is_daily":false,"chose_seed":false,"campfire_upgraded":8,"win_rate":0.0,"timestamp":1609332546,"path_taken":["M","?","?","$","M","E","R","?","T","R","?","M","E","$","R","BOSS","M","M","?","M","?","R","E","?","T","R","?","E","$","E","R","BOSS","M","?","M","M","M","E","R","E","T","?","$","E","M","M","R","BOSS","BOSS","R","$","E","BOSS"],"items_purchased_type":["Card","Card","Card","Potion","Potion"],"build_version":"2020-12-22","purchased_purges":4,"victory":false,"max_hp_per_floor":[66,66,66,66,66,66,66,66,66,66,66,66,66,66,66,66,66,66,66,66,66,66,66,68,68,68,68,68,70,70,72,72,74,74,76,78,80,80,82,84,84,86,86,88,88,88,90,92,92,92,92,92,92,92,94,94,94],"card_choices":[{"not_picked":["PiercingWail","Dagger Spray"],"picked":"Acrobatics","floor":1.0},{"not_picked":["Dagger Throw","Outmaneuver"],"picked":"Noxious Fumes","floor":5.0},{"not_picked":["Flying Knee","Predator"],"picked":"Backflip","floor":6.0},{"not_picked":["Predator","Expertise"],"picked":"Catalyst","floor":8.0},{"not_picked":["Heel Hook","Backstab"],"picked":"Bouncing Flask","floor":12.0},{"not_picked":["Malaise","Setup"],"picked":"Bullet Time","floor":13.0},{"not_picked":["Phantasmal Killer","Glass Knife"],"picked":"Adrenaline","floor":16.0},{"not_picked":["Infinite Blades","Dagger Throw","Outmaneuver"],"picked":"SKIP","floor":18.0},{"not_picked":["Dagger Throw","Bouncing Flask","Outmaneuver"],"picked":"SKIP","floor":19.0},{"not_picked":["Dagger Throw","Outmaneuver"],"picked":"Bouncing Flask","floor":19.0},{"not_picked":["Eviscerate","Deflect","Underhanded Strike"],"picked":"SKIP","floor":21.0},{"not_picked":["Cloak And Dagger","Terror","Poisoned Stab"],"picked":"Singing Bowl","floor":24.0},{"not_picked":["Dagger Throw","Backflip","Leg Sweep"],"picked":"Singing Bowl","floor":29.0},{"not_picked":["Tactician","Unload","Distraction"],"picked":"Singing Bowl","floor":31.0},{"not_picked":["Storm of Steel","Grand Finale","Bullet Time"],"picked":"Singing Bowl","floor":33.0},{"not_picked":["Terror","Dagger Throw+1","Endless Agony"],"picked":"Singing Bowl","floor":35.0},{"not_picked":["Finesse","Swift Strike","Flash of Steel"],"picked":"Singing Bowl","floor":36.0},{"not_picked":["Predator","Backflip","PiercingWail"],"picked":"Singing Bowl","floor":37.0},{"not_picked":["Poisoned Stab+1","PiercingWail"],"picked":"Reflex","floor":38.0},{"not_picked":["Sucker Punch","Tactician","Slice"],"picked":"Singing Bowl","floor":39.0},{"not_picked":["Slice","PiercingWail+1","Backflip"],"picked":"Singing Bowl","floor":40.0},{"not_picked":["Deflect","Poisoned Stab+1","Acrobatics"],"picked":"Singing Bowl","floor":42.0},{"not_picked":["Underhanded Strike+1","Skewer+1","Reflex"],"picked":"Singing Bowl","floor":44.0},{"not_picked":["Backflip","Quick Slash"],"picked":"Footwork","floor":46.0},{"not_picked":["Bouncing Flask+1","Leg Sweep","Sucker Punch+1"],"picked":"Singing Bowl","floor":47.0},{"not_picked":["Calculated Gamble","Dagger Throw+1","Finisher"],"picked":"Singing Bowl","floor":48.0},{"not_picked":["Noxious Fumes","Bane","Acrobatics"],"picked":"Singing Bowl","floor":55.0}],"player_experience":131947,"relics_obtained":[{"floor":3.0,"key":"Bag of Preparation"},{"floor":6.0,"key":"HornCleat"},{"floor":9.0,"key":"Letter Opener"},{"floor":13.0,"key":"Oddly Smooth Stone"},{"floor":24.0,"key":"Singing Bowl"},{"floor":29.0,"key":"MawBank"},{"floor":31.0,"key":"Matryoshka"},{"floor":40.0,"key":"Thread and Needle"},{"floor":42.0,"key":"Smiling Mask"},{"floor":43.0,"key":"Blood Vial"},{"floor":43.0,"key":"Ginger"},{"floor":44.0,"key":"Lizard Tail"},{"floor":46.0,"key":"Potion Belt"},{"floor":55.0,"key":"Whetstone"}],"event_choices":[{"cards_removed":["Strike_G"],"damage_healed":0.0,"max_hp_gain":0.0,"max_hp_loss":0.0,"gold_gain":0.0,"event_name":"The Cleric","player_choice":"Card Removal","floor":2.0,"gold_loss":75.0,"damage_taken":0.0},{"damage_healed":0.0,"max_hp_gain":0.0,"max_hp_loss":0.0,"gold_gain":0.0,"event_name":"The Library","player_choice":"Read","floor":20.0,"gold_loss":0.0,"damage_taken":0.0,"cards_obtained":["Calculated Gamble"]},{"damage_healed":0.0,"max_hp_gain":0.0,"max_hp_loss":0.0,"gold_gain":0.0,"event_name":"Vampires","player_choice":"Ignored","floor":22.0,"gold_loss":0.0,"damage_taken":0.0},{"cards_removed":["Strike_G"],"damage_healed":0.0,"max_hp_gain":0.0,"max_hp_loss":0.0,"gold_gain":0.0,"event_name":"Back to Basics","player_choice":"Elegance","floor":25.0,"gold_loss":0.0,"damage_taken":0.0},{"damage_healed":0.0,"max_hp_gain":0.0,"max_hp_loss":0.0,"gold_gain":0.0,"cards_transformed":["Strike_G","Strike_G"],"event_name":"Drug Dealer","player_choice":"Became Test Subject","floor":28.0,"gold_loss":0.0,"damage_taken":0.0,"cards_obtained":["Prepared","Bane"]},{"damage_healed":0.0,"max_hp_gain":0.0,"max_hp_loss":0.0,"gold_gain":0.0,"event_name":"SensoryStone","player_choice":"Memory 1","floor":36.0,"gold_loss":0.0,"damage_taken":0.0},{"damage_healed":0.0,"max_hp_gain":0.0,"max_hp_loss":0.0,"gold_gain":0.0,"event_name":"MindBloom","player_choice":"Fight","floor":44.0,"gold_loss":0.0,"damage_taken":0.0}],"is_beta":false,"boss_relics":[{"not_picked":["Black Star","Empty Cage"],"picked":"Runic Pyramid"},{"not_picked":["Busted Crown","Cursed Key"],"picked":"HoveringKite"}],"items_purged_floors":[14,30,45,54],"is_endless":false,"potions_floor_spawned":[5,6,16,18,24,29,33,37,39,42,46,47,55],"killed_by":"The Heart","ascension_level":20}}