{"host":"er8s5flrc5z1a07t","time":1609328509,"event":{"mods":["2.2 Compatiblity","Act Like it!","Bard","BaseMod","Better Note","Better Third Choice","Downfall","Duelist Mod","Elementarium","Energized Spire","GifTheSpireLib","Hermit","Hubris","Infinite Spire","Minty Spire (QoL Compilation)","Relic Stats","Replay The Spire","Shop Mod","StSLib","Stuff the Spire","Synergy Search","The Cursed","The Disciple","The Mystic"],"gold_per_floor":[0,17,36,36,52,52,52,62,80,355,374,389,160,186,212,212,212,212],"floor_reached":16,"playtime":834,"items_purged":["Regret"],"score":98,"play_id":"a3078ca4-90d6-4bdd-8b63-5f3f94e7a9ae","local_time":"20201230064149","is_ascension_mode":false,"campfire_choices":[{"data":"hexamod:Float","floor":6,"key":"SMITH"}],"circlet_count":0,"master_deck":["hexamod:Strike","hexamod:Strike","hexamod:Strike","hexamod:Strike","hexamod:Defend","hexamod:Defend","hexamod:Defend","hexamod:Defend","hexamod:Sear","hexamod:Float+1","hexamod:FlamesFromBeyond","hexamod:SpectersWail","hexamod:FifthSeal","hexamod:TimeWarp","hexamod:SixthSeal","hexamod:ChargedBarrage","hexamod:Firestarter","hexamod:FirstSeal","hexamod:Rewind","hexamod:SecondSeal","hexamod:SoulSteal+1","hexamod:SecondSeal","hexamod:PhantomFireball","hexamod:FourthSeal","hexamod:HexaLevel","hexamod:ThirdSeal","hexamod:FirstSeal","hexamod:SkipABeat","hexamod:TimeOfNeed"],"relics":["hexamod:SpiritBrand","Prayer Wheel","StuffTheSpire:RedRose","Omamori","hubris:TenFootPole"],"acts_visited":["Exordium"],"potions_floor_usage":[5,8,14,16],"damage_taken":[{"damage":0,"enemies":"Small Slimes","floor":2,"turns":3},{"damage":0,"enemies":"Cultist","floor":3,"turns":3},{"damage":4,"enemies":"Jaw Worm","floor":5,"turns":4},{"damage":9,"enemies":"3 Louse","floor":8,"turns":3},{"damage":4,"enemies":"Exordium Wildlife","floor":9,"turns":4},{"damage":11,"enemies":"2 Fungi Beasts","floor":11,"turns":3},{"damage":3,"enemies":"Large Slime","floor":12,"turns":5},{"damage":6,"enemies":"downfall:FleeingMerchant","floor":13,"turns":4},{"damage":10,"enemies":"Lots of Slimes","floor":14,"turns":2},{"damage":13,"enemies":"Blue Slaver","floor":15,"turns":4},{"damage":39,"enemies":"downfall:Ironclad","floor":16,"turns":5}],"seed_played":"6486636314064895075","potions_obtained":[{"floor":1,"key":"Fruit Juice"},{"floor":1,"key":"Ancient Potion"},{"floor":2,"key":"Adrenaline Potion"},{"floor":3,"key":"ColorlessPotion"},{"floor":5,"key":"CultistPotion"},{"floor":9,"key":"champ:CounterPotion"},{"floor":11,"key":"DuplicationPotion"}],"is_trial":false,"path_per_floor":["R","M","M","?","M","R","T","M","M","?","M","M","$","M","M","B"],"character_chosen":"THE_SPIRIT","items_purchased":["hubris:TenFootPole"],"campfire_rested":0,"item_purchase_floors":[13],"current_hp_per_floor":[70,70,70,70,71,71,71,62,58,58,54,51,52,42,36,0,0,0],"gold":212,"neow_bonus":"ONE_RARE_RELIC","is_daily":false,"chose_seed":false,"campfire_upgraded":1,"win_rate":0.0,"timestamp":1609328509,"path_taken":["R","M","M","?","M","R","T","M","M","?","?","M","$","M","M","BOSS"],"items_purchased_type":["Relic"],"build_version":"2020-12-22","purchased_purges":1,"victory":false,"max_hp_per_floor":[70,70,70,70,75,75,75,75,75,75,75,75,75,75,75,75,75,75],"relic_stats":{"counters":[11,40],"Prayer Wheel":9,"obtain_stats":[{"Prayer Wheel":0,"Omamori":7,"hubris:TenFootPole":13,"StuffTheSpire:RedRose":4,"hexamod:SpiritBrand":0},{"Prayer Wheel":0,"Omamori":3,"hubris:TenFootPole":8,"StuffTheSpire:RedRose":2,"hexamod:SpiritBrand":0},{"Prayer Wheel":0,"Omamori":10,"hubris:TenFootPole":29,"StuffTheSpire:RedRose":6,"hexamod:SpiritBrand":0}]},"card_choices":[{"not_picked":["hexamod:GhostOfSpireFuture","hexamod:RecurringNightmare"],"picked":"hexamod:FlamesFromBeyond","floor":2},{"not_picked":["hexamod:PowerFromBeyond","hexamod:GhostLash"],"picked":"hexamod:SpectersWail","floor":2},{"not_picked":["hexamod:NightmareStrike","hexamod:RainOfEmbers"],"picked":"hexamod:FifthSeal","floor":3},{"not_picked":["hexamod:SwordOfDarkness","hexamod:ChargedBarrage","hexamod:HauntingEcho"],"picked":"SKIP","floor":3},{"not_picked":["hexamod:ShieldOfDarkness","hexamod:GhostLash"],"picked":"hexamod:TimeWarp","floor":5},{"not_picked":["hexamod:NightmareGuise","hexamod:InspiringFlames","hexamod:GhostShield"],"picked":"SKIP","floor":5},{"not_picked":["hexamod:ThirdSeal","hexamod:FirstSeal"],"picked":"hexamod:SixthSeal","floor":8},{"not_picked":["hexamod:NecessarySacrifice","hexamod:HeatCrush"],"picked":"hexamod:ChargedBarrage","floor":8},{"not_picked":["hexamod:CatchUp","hexamod:NightmareStrike"],"picked":"hexamod:Firestarter","floor":8},{"not_picked":["hexamod:SecondSeal","hexamod:FourthSeal"],"picked":"hexamod:FirstSeal","floor":9},{"not_picked":["hexamod:AdvancingGuard","hexamod:UnleashSpirits"],"picked":"hexamod:Rewind","floor":9},{"not_picked":["hexamod:GhostOfSpirePast","hexamod:BacktrackSmack","hexamod:SwordOfDarkness"],"picked":"SKIP","floor":9},{"not_picked":["hexamod:FirstSeal","hexamod:ThirdSeal"],"picked":"hexamod:SecondSeal","floor":11},{"not_picked":["hexamod:ThermalTransfer","hexamod:AdvancingGuard"],"picked":"hexamod:SoulSteal","floor":11},{"not_picked":["hexamod:ThermalTransfer","hexamod:Incineration","hexamod:StepThrough"],"picked":"SKIP","floor":11},{"not_picked":["hexamod:SixthSeal","hexamod:FirstSeal"],"picked":"hexamod:SecondSeal","floor":12},{"not_picked":["hexamod:GhostflameBarrier","hexamod:InspiringFlames"],"picked":"hexamod:PhantomFireball","floor":12},{"not_picked":["hexamod:ShieldOfDarkness","hexamod:SpectralAdrenaline","hexamod:InspiringFlames"],"picked":"SKIP","floor":12},{"not_picked":["hexamod:ShieldOfDarkness","hexamod:SpectralAdrenaline","hexamod:InspiringFlames"],"picked":"SKIP","floor":12},{"not_picked":["hexamod:ThirdSeal","hexamod:SecondSeal"],"picked":"hexamod:FourthSeal","floor":13},{"not_picked":["hexamod:GhostOfSpirePresent","hexamod:SwordOfDarkness"],"picked":"hexamod:HexaLevel","floor":13},{"not_picked":["hexamod:FirstSeal","hexamod:SecondSeal"],"picked":"hexamod:ThirdSeal","floor":14},{"not_picked":["hexamod:ThermalTransfer","hexamod:HeatMetal","hexamod:ChargedBarrage"],"picked":"SKIP","floor":14},{"not_picked":["hexamod:RecurringNightmare","hexamod:InspiringFlames","hexamod:SwordOfDarkness"],"picked":"SKIP","floor":14},{"not_picked":["hexamod:SixthSeal","hexamod:SecondSeal"],"picked":"hexamod:FirstSeal","floor":15},{"not_picked":["hexamod:NightmareStrike","hexamod:BacktrackSmack"],"picked":"hexamod:SkipABeat","floor":15},{"not_picked":["hexamod:AdvancingGuard","hexamod:RainOfEmbers"],"picked":"hexamod:TimeOfNeed","floor":15}],"player_experience":1186916,"relics_obtained":[{"floor":7,"key":"Omamori"}],"event_choices":[],"is_beta":false,"boss_relics":[],"items_purged_floors":[13],"is_endless":false,"potions_floor_spawned":[2,3,5,9,11],"killed_by":"downfall:Ironclad","ascension_level":0}}