{"host":"psucr0e9afynhpu7","time":1609355493,"event":{"mods":["AchievementEnabler","BaseMod","Better Altar","Better Match","Better Note","Better Sensory Stone","Better Skull","Better Third Choice","Colored Powertips","Minty Spire (QoL Compilation)","Quick Restart","Random Character Button","Relic Sorter","StSLib","Synergy Search"],"gold_per_floor":[115,135,149,149,168,168,198,198,198,1,28,41,68,88,88,189,189,201,38,38,38,12,47,74,86,98,128,154,201,230,255,267,279,279],"floor_reached":33,"playtime":3916,"items_purged":["Feed"],"score":299,"play_id":"c4a6b499-216b-4147-93d6-8b4c70e4fae0","local_time":"20201230171133","is_ascension_mode":false,"campfire_choices":[{"data":"Perfected Strike","floor":6.0,"key":"SMITH"},{"data":"Blood for Blood","floor":8.0,"key":"SMITH"},{"data":"Intimidate","floor":15,"key":"SMITH"},{"data":"Armaments","floor":25,"key":"SMITH"},{"floor":32,"key":"REST"}],"circlet_count":0,"master_deck":["Strike_R","Strike_R","Strike_R","Strike_R","Strike_R","Defend_R","Defend_R","Defend_R","Defend_R","Bash+1","Perfected Strike+1","Twin Strike","Warcry","Clash+1","Blood for Blood+1","Armaments","Power Through","Sword Boomerang","Body Slam","Intimidate+1","Battle Trance","Flex","Sever Soul","Shockwave","Armaments+1","Headbutt","Seeing Red+1","Thunderclap","Fiend Fire","Reckless Charge+1","Sever Soul+1","Dark Embrace","Cleave+1"],"relics":["Burning Blood","Potion Belt","Red Skull","Centennial Puzzle","Matryoshka","Sozu","CultistMask","MawBank","Whetstone","Ornamental Fan","Mummified Hand"],"acts_visited":["Exordium","TheCity"],"potions_floor_usage":[16,23,23,33],"damage_taken":[{"damage":1.0,"enemies":"Cultist","floor":1.0,"turns":3.0},{"damage":5.0,"enemies":"2 Louse","floor":2.0,"turns":4.0},{"damage":6.0,"enemies":"Jaw Worm","floor":3.0,"turns":3.0},{"damage":1.0,"enemies":"2 Fungi Beasts","floor":5.0,"turns":4.0},{"damage":26.0,"enemies":"Lagavulin","floor":7.0,"turns":5.0},{"damage":9.0,"enemies":"Exordium Thugs","floor":12.0,"turns":4.0},{"damage":12.0,"enemies":"3 Sentries","floor":13.0,"turns":6.0},{"damage":4,"enemies":"Exordium Wildlife","floor":14,"turns":3},{"damage":34,"enemies":"Hexaghost","floor":16,"turns":9},{"damage":4,"enemies":"2 Thieves","floor":18,"turns":4},{"damage":19,"enemies":"Gremlin Leader","floor":23,"turns":9},{"damage":5,"enemies":"Spheric Guardian","floor":24,"turns":4},{"damage":11,"enemies":"Snecko","floor":27,"turns":4},{"damage":10,"enemies":"Cultist and Chosen","floor":28,"turns":6},{"damage":29,"enemies":"Book of Stabbing","floor":29,"turns":4},{"damage":5,"enemies":"Chosen and Byrds","floor":30,"turns":3},{"damage":12,"enemies":"Snake Plant","floor":31,"turns":3},{"damage":85,"enemies":"Automaton","floor":33,"turns":6}],"seed_played":"8282304474411815032","potions_obtained":[{"floor":3.0,"key":"Swift Potion"},{"floor":5.0,"key":"DuplicationPotion"},{"floor":7.0,"key":"Ancient Potion"},{"floor":14,"key":"SkillPotion"}],"is_trial":false,"path_per_floor":["M","M","M","?","M","R","E","R","T","$","T","M","E","M","R","B",null,"M","$","?","?","$","E","M","R","T","M","M","E","M","M","R","B"],"character_chosen":"IRONCLAD","items_purchased":["Armaments","Power Through","Sword Boomerang","Body Slam","Shockwave","Armaments","Headbutt"],"campfire_rested":1,"item_purchase_floors":[10,10,10,10,19,19,22],"current_hp_per_floor":[88,88,88,88,88,88,68,68,68,68,68,65,59,61,61,33,88,88,88,88,88,88,75,76,76,76,71,67,44,45,39,65,0,0],"gold":279,"neow_bonus":"TEN_PERCENT_HP_BONUS","is_daily":false,"chose_seed":false,"campfire_upgraded":4,"win_rate":0.0,"timestamp":1609355493,"path_taken":["M","?","M","?","M","R","E","R","T","$","?","M","E","M","R","BOSS","M","$","?","?","?","E","?","R","T","M","M","E","M","M","R","BOSS"],"items_purchased_type":["Card","Card","Card","Card","Card","Card","Card"],"build_version":"2020-12-22","purchased_purges":1,"victory":false,"max_hp_per_floor":[88,88,88,88,88,88,88,88,88,88,88,88,88,88,88,88,88,88,88,88,88,88,88,88,88,88,88,88,88,88,88,88,88,88],"card_choices":[{"not_picked":["Headbutt","Twin Strike"],"picked":"Pummel","floor":1.0},{"not_picked":["Twin Strike","Shrug It Off"],"picked":"Perfected Strike","floor":2.0},{"not_picked":["Pommel Strike","Uppercut"],"picked":"Twin Strike","floor":3.0},{"not_picked":["Thunderclap","Perfected Strike"],"picked":"Clash","floor":5.0},{"not_picked":["Burning Pact","Carnage"],"picked":"Blood for Blood","floor":7.0},{"not_picked":["Brutality","Thunderclap"],"picked":"Intimidate","floor":12.0},{"not_picked":["Body Slam","Headbutt"],"picked":"Battle Trance","floor":13},{"not_picked":["Pummel","Dual Wield"],"picked":"Flex","floor":14},{"not_picked":["Bludgeon","Berserk"],"picked":"Feed","floor":16},{"not_picked":["Cleave+1","Clothesline"],"picked":"Sever Soul","floor":18},{"not_picked":["Headbutt","Body Slam"],"picked":"Seeing Red+1","floor":23},{"not_picked":["Headbutt","Cleave"],"picked":"Thunderclap","floor":24},{"not_picked":["Reckless Charge","Clothesline+1"],"picked":"Fiend Fire","floor":27},{"not_picked":["Iron Wave+1","Sword Boomerang+1"],"picked":"Reckless Charge+1","floor":28},{"not_picked":["Thunderclap+1","Clothesline+1"],"picked":"Sever Soul+1","floor":29},{"not_picked":["Perfected Strike","Body Slam"],"picked":"Dark Embrace","floor":30},{"not_picked":["Iron Wave","Shockwave"],"picked":"Cleave+1","floor":31}],"player_experience":1248,"relics_obtained":[{"floor":7.0,"key":"Potion Belt"},{"floor":9.0,"key":"Red Skull"},{"floor":11.0,"key":"Centennial Puzzle"},{"floor":13,"key":"Matryoshka"},{"floor":23,"key":"MawBank"},{"floor":26,"key":"Whetstone"},{"floor":26,"key":"Ornamental Fan"},{"floor":29,"key":"Mummified Hand"}],"event_choices":[{"damage_healed":0.0,"max_hp_gain":0.0,"max_hp_loss":0.0,"gold_gain":0.0,"cards_transformed":["Pummel"],"event_name":"Transmorgrifier","player_choice":"Transformed","floor":4.0,"gold_loss":0.0,"damage_taken":0.0,"cards_obtained":["Warcry"]},{"damage_healed":0,"gold_gain":0,"player_choice":"Trade","damage_taken":0,"relics_obtained":["CultistMask"],"max_hp_gain":0,"max_hp_loss":0,"event_name":"FaceTrader","floor":20,"gold_loss":0},{"cards_removed":["Sword Boomerang"],"damage_healed":0,"gold_gain":0,"player_choice":"Give","damage_taken":0,"max_hp_gain":0,"max_hp_loss":0,"event_name":"betterNote:BetterNote","floor":21,"gold_loss":0,"cards_obtained":["None"]}],"is_beta":false,"boss_relics":[{"not_picked":["Velvet Choker","Snecko Eye"],"picked":"Sozu"}],"items_purged_floors":[19],"is_endless":false,"potions_floor_spawned":[3,5,7,14,18,23,28,31],"killed_by":"Automaton","ascension_level":0}}