{"host":"r53pw7z744tg3fxg","time":1609369381,"event":{"mods":["AchievementEnabler","BaseMod","Colored Map","Colored Powertips","Highlight Path","Minty Spire (QoL Compilation)","Quick Restart","Transform Curses"],"gold_per_floor":[119,135,148,5,5,5,38,61,98,110,148,125,137,182,194,206,206],"floor_reached":16,"playtime":673,"items_purged":[],"score":222,"play_id":"1fa1439d-40f1-466f-b419-9a006e20e14b","local_time":"20201230160301","is_ascension_mode":true,"campfire_choices":[{"data":"Eruption","floor":6,"key":"SMITH"},{"data":"Discovery","floor":10,"key":"SMITH"},{"data":"ForeignInfluence","floor":15,"key":"SMITH"}],"circlet_count":0,"master_deck":["AscendersBane","Strike_P","Strike_P","Strike_P","Strike_P","Defend_P","Defend_P","Defend_P","Defend_P","Eruption+1","Vigilance","Discovery+1","EmptyBody","Indignation","DeceiveReality","ReachHeaven","CutThroughFate","ForeignInfluence+1","Injury","ClearTheMind+1"],"relics":["PureWater","Akabeko","MawBank","Dream Catcher","Smiling Mask","Golden Idol","Toxic Egg 2"],"acts_visited":["Exordium"],"potions_floor_usage":[7,7,14,16],"damage_taken":[{"damage":0,"enemies":"Cultist","floor":1,"turns":2},{"damage":1,"enemies":"Small Slimes","floor":2,"turns":4},{"damage":1,"enemies":"2 Louse","floor":3,"turns":3},{"damage":0,"enemies":"Gremlin Nob","floor":7,"turns":2},{"damage":0,"enemies":"2 Fungi Beasts","floor":8,"turns":2},{"damage":12,"enemies":"3 Sentries","floor":11,"turns":8},{"damage":16,"enemies":"Gremlin Nob","floor":14,"turns":3},{"damage":53,"enemies":"The Guardian","floor":16,"turns":16}],"seed_played":"-8811867173000292466","potions_obtained":[{"floor":2,"key":"AttackPotion"},{"floor":3,"key":"Dexterity Potion"},{"floor":7,"key":"FearPotion"},{"floor":14,"key":"Energy Potion"}],"is_trial":false,"path_per_floor":["M","M","M","$","?","R","E","M","T","R","E","?","?","E","R","B"],"character_chosen":"WATCHER","items_purchased":["Akabeko"],"campfire_rested":0,"item_purchase_floors":[4],"current_hp_per_floor":[65,64,63,63,63,63,63,63,63,63,51,69,69,53,53,0,0],"gold":206,"neow_bonus":"RANDOM_COLORLESS","is_daily":false,"chose_seed":false,"campfire_upgraded":3,"win_rate":0.0,"timestamp":1609369381,"path_taken":["M","M","M","?","?","R","E","M","T","R","E","?","?","E","R","BOSS"],"items_purchased_type":["Relic"],"build_version":"2020-12-22","purchased_purges":0,"victory":false,"max_hp_per_floor":[72,72,72,72,72,72,72,72,72,72,72,72,72,72,72,72,72],"card_choices":[{"not_picked":["Madness","Deep Breath"],"picked":"Discovery","floor":0},{"not_picked":["TalkToTheHand","ClearTheMind"],"picked":"EmptyBody","floor":1},{"not_picked":["CutThroughFate","Consecrate"],"picked":"Indignation","floor":2},{"not_picked":["Consecrate","ClearTheMind"],"picked":"DeceiveReality","floor":3},{"not_picked":["FlurryOfBlows","WaveOfTheHand"],"picked":"ReachHeaven","floor":7},{"not_picked":["Wireheading","ReachHeaven"],"picked":"CutThroughFate","floor":8},{"not_picked":["ClearTheMind","CrushJoints"],"picked":"ForeignInfluence","floor":11},{"not_picked":["FlurryOfBlows","EmptyBody+1"],"picked":"ClearTheMind+1","floor":14}],"player_experience":1171951,"relics_obtained":[{"floor":7,"key":"MawBank"},{"floor":9,"key":"Dream Catcher"},{"floor":11,"key":"Smiling Mask"},{"floor":14,"key":"Toxic Egg 2"}],"event_choices":[{"damage_healed":0,"gold_gain":0,"player_choice":"Ignored","damage_taken":0,"max_hp_gain":0,"max_hp_loss":0,"event_name":"Golden Wing","floor":5,"gold_loss":0},{"damage_healed":18,"gold_gain":0,"player_choice":"Healed","damage_taken":0,"max_hp_gain":0,"max_hp_loss":0,"event_name":"The Cleric","floor":12,"gold_loss":35},{"damage_healed":0,"gold_gain":0,"player_choice":"Take Wound","damage_taken":0,"relics_obtained":["Golden Idol"],"max_hp_gain":0,"max_hp_loss":0,"event_name":"Golden Idol","floor":13,"gold_loss":0,"cards_obtained":["Injury"]}],"is_beta":false,"boss_relics":[],"items_purged_floors":[],"is_endless":false,"potions_floor_spawned":[2,3,7,14],"killed_by":"The Guardian","ascension_level":11}}