{"host":"oigynbtg272c19pw","time":1609356723,"event":{"mods":["BaseMod","Colored Map","Minty Spire (QoL Compilation)","Relic Stats","StSLib"],"gold_per_floor":[111,111,124,124,124,124,155,155,178,178,20,55,55,91,91,184,184,227,227,275,323,238,238,279,279,279,323,392,447,510,529,529,652,652,706,731,777,177,177,267,340,340,365,430,430,430,430,430,430,460,520,520,520,5,46,46],"floor_reached":57,"playtime":3344,"items_purged":["Strike_P","Defend_P"],"score":3068,"play_id":"abed55d0-3592-4756-b10a-eb22b69c4d31","local_time":"20201230203203","is_ascension_mode":true,"campfire_choices":[{"floor":6.0,"key":"REST"},{"floor":8.0,"key":"REST"},{"data":"Conclude","floor":10.0,"key":"SMITH"},{"data":"Wish","floor":15.0,"key":"SMITH"},{"floor":23.0,"key":"REST"},{"data":"Ragnarok","floor":25.0,"key":"SMITH"},{"data":"1","floor":32.0,"key":"LIFT"},{"data":"2","floor":42.0,"key":"LIFT"},{"data":"3","floor":45.0,"key":"LIFT"},{"floor":47.0,"key":"RECALL"},{"data":"Strike_P","floor":49.0,"key":"PURGE"},{"data":"Defend_P","floor":53.0,"key":"PURGE"}],"circlet_count":0,"master_deck":["AscendersBane","Defend_P+1","Eruption","Vigilance+1","Conclude+1","Protect","Ragnarok+1","TalkToTheHand+1","Wish+1","ThirdEye","Scrawl","MentalFortress","Tantrum","SandsOfTime","ReachHeaven+1","DevaForm","Vault","SpiritShield","Worship+1","Ragnarok+1","Perseverance+1","Meditate+1","Wish","WheelKick","Chrysalis","DevaForm","Vault","Apotheosis","Wallop","Enlightenment"],"relics":["PureWater","Pocketwatch","Golden Idol","Orichalcum","Oddly Smooth Stone","Membership Card","MealTicket","Anchor","Snecko Eye","StrikeDummy","Bag of Marbles","Girya","Pear","Bottled Lightning","Astrolabe","Happy Flower","Thread and Needle","HandDrill","Peace Pipe","Ginger","Damaru","Medical Kit","Vajra","Art of War"],"acts_visited":["Exordium","TheCity","TheBeyond","TheEnding"],"potions_floor_usage":[56],"damage_taken":[{"damage":0.0,"enemies":"Jaw Worm","floor":1.0,"turns":6.0},{"damage":3.0,"enemies":"Small Slimes","floor":3.0,"turns":4.0},{"damage":25.0,"enemies":"3 Sentries","floor":7.0,"turns":8.0},{"damage":0.0,"enemies":"Lagavulin","floor":12.0,"turns":4.0},{"damage":0.0,"enemies":"Gremlin Nob","floor":14.0,"turns":2.0},{"damage":1.0,"enemies":"Slime Boss","floor":16.0,"turns":6.0},{"damage":0.0,"enemies":"2 Thieves","floor":18.0,"turns":4.0},{"damage":0.0,"enemies":"Shell Parasite","floor":20.0,"turns":4.0},{"damage":32.0,"enemies":"Chosen and Byrds","floor":21.0,"turns":6.0},{"damage":9.0,"enemies":"Gremlin Leader","floor":24.0,"turns":4.0},{"damage":6.0,"enemies":"Shelled Parasite and Fungi","floor":27.0,"turns":4.0},{"damage":3.0,"enemies":"Book of Stabbing","floor":28.0,"turns":5.0},{"damage":8.0,"enemies":"Snecko","floor":29.0,"turns":5.0},{"damage":2.0,"enemies":"Slavers","floor":30.0,"turns":4.0},{"damage":5.0,"enemies":"Cultist and Chosen","floor":31.0,"turns":4.0},{"damage":0.0,"enemies":"Collector","floor":33.0,"turns":4.0},{"damage":0.0,"enemies":"Orb Walker","floor":35.0,"turns":3.0},{"damage":6.0,"enemies":"3 Shapes","floor":36.0,"turns":1.0},{"damage":0.0,"enemies":"Maw","floor":37.0,"turns":5.0},{"damage":1.0,"enemies":"Nemesis","floor":40.0,"turns":10.0},{"damage":6.0,"enemies":"3 Darklings","floor":41.0,"turns":5.0},{"damage":0.0,"enemies":"Reptomancer","floor":44.0,"turns":4.0},{"damage":6.0,"enemies":"Donu and Deca","floor":50.0,"turns":5.0},{"damage":22.0,"enemies":"Time Eater","floor":51.0,"turns":8.0},{"damage":0.0,"enemies":"Shield and Spear","floor":55.0,"turns":6.0},{"damage":74,"enemies":"The Heart","floor":56,"turns":8}],"seed_played":"-6263382215675760228","potions_obtained":[{"floor":3.0,"key":"Energy Potion"},{"floor":7.0,"key":"EntropicBrew"},{"floor":14.0,"key":"BottledMiracle"},{"floor":18.0,"key":"SkillPotion"},{"floor":20.0,"key":"ColorlessPotion"},{"floor":21.0,"key":"EssenceOfSteel"},{"floor":29.0,"key":"Swift Potion"},{"floor":33.0,"key":"FearPotion"},{"floor":35.0,"key":"SteroidPotion"},{"floor":37.0,"key":"SneckoOil"}],"is_trial":false,"path_per_floor":["M","?","M","?","?","R","E","R","T","R","$","E","?","E","R","B",null,"M","?","M","M","?","R","E","R","T","M","E","M","E","M","R","B",null,"M","M","M","$","?","E","M","R","T","E","R","?","R","?","R","B","B",null,"R","$","E","B",null],"character_chosen":"WATCHER","items_purchased":["Membership Card","Wish","WheelKick","Happy Flower","Thread and Needle","HandDrill","Chrysalis","Damaru","Medical Kit","Vajra","Wallop","Fruit Juice","SpeedPotion","CultistPotion","Enlightenment"],"campfire_rested":3,"item_purchase_floors":[11,38,38,38,38,38,38,54,54,54,54,54,54,54,54],"current_hp_per_floor":[67,32,29,7,7,27,2,22,22,22,22,22,22,22,22,21,56,56,56,56,24,24,44,35,35,35,29,36,28,26,21,21,21,63,63,57,57,72,72,71,65,65,65,65,65,65,65,55,55,49,27,62,62,78,78,4],"gold":46,"neow_bonus":"TEN_PERCENT_HP_BONUS","is_daily":false,"chose_seed":false,"campfire_upgraded":3,"win_rate":0.0,"timestamp":1609356723,"path_taken":["M","?","M","?","?","R","E","R","T","R","$","E","?","E","R","BOSS","M","?","M","?","?","R","E","R","T","M","E","M","E","M","R","BOSS","M","M","M","$","?","E","?","R","T","E","R","?","R","?","R","BOSS","BOSS","R","$","E","BOSS"],"items_purchased_type":["Relic","Card","Card","Relic","Relic","Relic","Card","Relic","Relic","Relic","Card","Potion","Potion","Potion","Card"],"build_version":"2020-12-13","purchased_purges":2,"victory":true,"max_hp_per_floor":[74,74,74,74,67,67,67,67,67,67,67,67,67,67,67,67,67,67,67,67,67,67,67,67,67,67,67,77,77,77,77,77,77,77,77,77,77,77,77,77,77,77,77,77,77,73,73,73,73,73,73,73,73,78,78,78],"relic_stats":{"Happy Flower":[15],"counters":[26,129],"Golden Idol":204,"Astrolabe":["Worship","Ragnarok","Perseverance"],"Ginger":[3],"Orichalcum":[36],"Medical Kit":[5],"Peace Pipe":2,"Snecko Eye":[180,198,186,183],"MealTicket":26,"HandDrill":[16],"Art of War":[1],"obtain_stats":[{"Girya":26,"Pear":28,"Happy Flower":38,"Golden Idol":5,"Astrolabe":34,"Oddly Smooth Stone":9,"Damaru":54,"Vajra":54,"Thread and Needle":38,"Ginger":44,"Orichalcum":7,"Medical Kit":54,"Peace Pipe":40,"Anchor":14,"Snecko Eye":17,"MealTicket":12,"Bag of Marbles":24,"HandDrill":38,"Art of War":55,"Membership Card":11,"Bottled Lightning":30,"PureWater":0,"StrikeDummy":22,"Pocketwatch":2},{"Girya":10,"Pear":12,"Happy Flower":19,"Golden Idol":2,"Astrolabe":16,"Oddly Smooth Stone":3,"Damaru":24,"Vajra":24,"Thread and Needle":19,"Ginger":22,"Orichalcum":3,"Medical Kit":24,"Peace Pipe":20,"Anchor":5,"Snecko Eye":6,"MealTicket":4,"Bag of Marbles":10,"HandDrill":19,"Art of War":25,"Membership Card":3,"Bottled Lightning":14,"PureWater":0,"StrikeDummy":9,"Pocketwatch":1},{"Girya":48,"Pear":57,"Happy Flower":83,"Golden Idol":10,"Astrolabe":74,"Oddly Smooth Stone":18,"Damaru":115,"Vajra":115,"Thread and Needle":83,"Ginger":102,"Orichalcum":18,"Medical Kit":115,"Peace Pipe":93,"Anchor":24,"Snecko Eye":30,"MealTicket":22,"Bag of Marbles":48,"HandDrill":83,"Art of War":121,"Membership Card":18,"Bottled Lightning":66,"PureWater":0,"StrikeDummy":44,"Pocketwatch":6}],"Pocketwatch":[76]},"card_choices":[{"not_picked":["EmptyFist","Indignation"],"picked":"Conclude","floor":1.0},{"not_picked":["BowlingBash","PathToVictory"],"picked":"Protect","floor":3.0},{"not_picked":["Halt","Worship"],"picked":"Ragnarok","floor":7.0},{"not_picked":["Protect","Meditate"],"picked":"TalkToTheHand","floor":12.0},{"not_picked":["Perseverance","CutThroughFate"],"picked":"ThirdEye","floor":14.0},{"not_picked":["DeusExMachina","ConjureBlade"],"picked":"Scrawl","floor":16.0},{"not_picked":["ClearTheMind","Weave"],"picked":"MentalFortress","floor":18.0},{"not_picked":["Wireheading","SashWhip"],"picked":"Tantrum","floor":20.0},{"not_picked":["FlurryOfBlows","SashWhip","ForeignInfluence"],"picked":"SKIP","floor":21.0},{"not_picked":["Collect","Prostrate"],"picked":"SandsOfTime","floor":24.0},{"not_picked":["EmptyBody+1","CrushJoints+1"],"picked":"ReachHeaven+1","floor":27.0},{"not_picked":["FollowUp","Prostrate"],"picked":"DevaForm","floor":28.0},{"not_picked":["JustLucky","Halt","Collect"],"picked":"SKIP","floor":29.0},{"not_picked":["SignatureMove","FlyingSleeves","SashWhip+1"],"picked":"SKIP","floor":30.0},{"not_picked":["FlurryOfBlows","Prostrate"],"picked":"Vault","floor":31.0},{"not_picked":["Blasphemy","Scrawl"],"picked":"SpiritShield","floor":33.0},{"not_picked":["Adaptation","CutThroughFate"],"picked":"Meditate+1","floor":35.0},{"not_picked":["Nirvana","Consecrate","Crescendo"],"picked":"SKIP","floor":36.0},{"not_picked":["Prostrate","Halt","BattleHymn"],"picked":"SKIP","floor":37.0},{"not_picked":["Consecrate","DeceiveReality","FlyingSleeves"],"picked":"SKIP","floor":40.0},{"not_picked":["Protect","SashWhip","FlyingSleeves"],"picked":"SKIP","floor":41.0},{"not_picked":["Protect","SashWhip","FlyingSleeves"],"picked":"SKIP","floor":41.0},{"not_picked":["TalkToTheHand","EmptyBody"],"picked":"Vault","floor":44.0},{"not_picked":["Magnetism","Impatience"],"picked":"Apotheosis","floor":48.0},{"not_picked":["EmptyFist","CutThroughFate","ThirdEye"],"picked":"SKIP","floor":55.0}],"player_experience":1301520,"relics_obtained":[{"floor":7.0,"key":"Orichalcum"},{"floor":9.0,"key":"Oddly Smooth Stone"},{"floor":12.0,"key":"MealTicket"},{"floor":14.0,"key":"Anchor"},{"floor":24.0,"key":"Bag of Marbles"},{"floor":26.0,"key":"Girya"},{"floor":28.0,"key":"Pear"},{"floor":30.0,"key":"Bottled Lightning"},{"floor":40.0,"key":"Peace Pipe"},{"floor":44.0,"key":"Ginger"},{"floor":55.0,"key":"Art of War"}],"event_choices":[{"damage_healed":0.0,"max_hp_gain":0.0,"max_hp_loss":0.0,"gold_gain":0.0,"event_name":"Scrap Ooze","player_choice":"Success","floor":2.0,"gold_loss":0.0,"damage_taken":35.0,"relics_obtained":["Pocketwatch"]},{"damage_healed":0.0,"max_hp_gain":0.0,"max_hp_loss":0.0,"gold_gain":0.0,"event_name":"Shining Light","player_choice":"Entered Light","floor":4.0,"gold_loss":0.0,"damage_taken":22.0,"cards_upgraded":["Vigilance","Defend_P"]},{"damage_healed":0.0,"max_hp_gain":0.0,"max_hp_loss":7.0,"gold_gain":0.0,"event_name":"Golden Idol","player_choice":"Lose Max HP","floor":5.0,"gold_loss":0.0,"damage_taken":0.0,"relics_obtained":["Golden Idol"]},{"damage_healed":0.0,"max_hp_gain":0.0,"max_hp_loss":0.0,"gold_gain":0.0,"event_name":"Match and Keep!","player_choice":"1 cards matched","floor":13.0,"gold_loss":0.0,"damage_taken":0.0,"cards_obtained":["Wish"]},{"damage_healed":0.0,"max_hp_gain":0.0,"max_hp_loss":0.0,"gold_gain":0.0,"event_name":"Upgrade Shrine","player_choice":"Upgraded","floor":19.0,"gold_loss":0.0,"damage_taken":0.0,"cards_upgraded":["TalkToTheHand"]},{"damage_healed":0.0,"max_hp_gain":0.0,"max_hp_loss":0.0,"gold_gain":0.0,"event_name":"Addict","player_choice":"Obtained Relic","floor":22.0,"gold_loss":85.0,"damage_taken":0.0,"relics_obtained":["StrikeDummy"]},{"damage_healed":0.0,"max_hp_gain":0.0,"max_hp_loss":0.0,"gold_gain":0.0,"event_name":"Duplicator","player_choice":"Copied","floor":39.0,"gold_loss":0.0,"damage_taken":0.0,"cards_obtained":["DevaForm"]},{"damage_healed":0.0,"max_hp_gain":0.0,"max_hp_loss":4.0,"gold_gain":0.0,"event_name":"Winding Halls","player_choice":"Max HP","floor":46.0,"gold_loss":0.0,"damage_taken":0.0},{"damage_healed":0.0,"max_hp_gain":0.0,"max_hp_loss":0.0,"gold_gain":0.0,"event_name":"SensoryStone","player_choice":"Memory 3","floor":48.0,"gold_loss":0.0,"damage_taken":10.0}],"is_beta":false,"boss_relics":[{"not_picked":["Ectoplasm","SacredBark"],"picked":"Snecko Eye"},{"not_picked":["Velvet Choker","Pandora\u0027s Box"],"picked":"Astrolabe"}],"items_purged_floors":[38,54],"is_endless":false,"potions_floor_spawned":[3,7,12,14,18,20,21,29,33,35,37],"ascension_level":20}}