{"host":"jn2qdns2nxijvlnt","time":1609309141,"event":{"mods":["BaseMod","Minty Spire (QoL Compilation)","Quick Restart"],"gold_per_floor":[119,44,3,22,22,22,172,97,123,164,164,200,5,19,19,19,19],"floor_reached":16,"playtime":645,"items_purged":["Doubt"],"score":212,"play_id":"5db17e22-bdba-4a3a-a4b2-c0f6faf50ee5","local_time":"20201230011901","is_ascension_mode":true,"campfire_choices":[{"data":"1","floor":6.0,"key":"LIFT"},{"floor":11.0,"key":"REST"},{"floor":15.0,"key":"REST"}],"circlet_count":0,"master_deck":["AscendersBane","Strike_R","Strike_R","Strike_R","Strike_R","Strike_R","Defend_R","Defend_R","Defend_R","Defend_R","Bash","Cleave","Rampage","Injury","Offering","Twin Strike","Seeing Red","Pommel Strike"],"relics":["Burning Blood","Girya","Golden Idol","Anchor","Ornamental Fan","The Courier","PreservedInsect"],"acts_visited":["Exordium"],"potions_floor_usage":[16,16],"damage_taken":[{"damage":18.0,"enemies":"Cultist","floor":1.0,"turns":5.0},{"damage":15.0,"enemies":"Small Slimes","floor":4.0,"turns":3.0},{"damage":30.0,"enemies":"3 Sentries","floor":10.0,"turns":7.0},{"damage":37.0,"enemies":"Lagavulin","floor":12.0,"turns":5.0},{"damage":0.0,"enemies":"2 Louse","floor":14.0,"turns":2.0},{"damage":37,"enemies":"Hexaghost","floor":16,"turns":8}],"seed_played":"7634161949617895362","potions_obtained":[{"floor":12.0,"key":"SteroidPotion"},{"floor":14.0,"key":"SpeedPotion"}],"is_trial":false,"path_per_floor":["M","$","$","M","?","R","?","?","T","E","R","E","$","M","R","B"],"character_chosen":"IRONCLAD","items_purchased":["Rampage","PreservedInsect","Seeing Red"],"campfire_rested":2,"item_purchase_floors":[3,13,13],"current_hp_per_floor":[56,56,56,47,47,47,47,47,47,23,45,14,14,20,42,5,5],"gold":19,"neow_bonus":"ONE_RARE_RELIC","is_daily":false,"chose_seed":false,"campfire_upgraded":0,"win_rate":0.0,"timestamp":1609309141,"path_taken":["M","?","$","M","?","R","?","?","T","E","R","E","$","M","R","BOSS"],"items_purchased_type":["Card","Relic","Card"],"build_version":"2020-12-22","purchased_purges":1,"victory":false,"max_hp_per_floor":[75,75,75,75,75,75,75,75,75,75,75,75,75,75,75,75,75],"card_choices":[{"not_picked":["Carnage","Warcry"],"picked":"Cleave","floor":1.0},{"not_picked":["Sword Boomerang","Power Through","Disarm"],"picked":"SKIP","floor":4.0},{"not_picked":["Sword Boomerang","True Grit"],"picked":"Offering","floor":10.0},{"not_picked":["Cleave","Havoc"],"picked":"Twin Strike","floor":12.0},{"not_picked":["Second Wind","Headbutt"],"picked":"Pommel Strike","floor":14.0}],"player_experience":445932,"relics_obtained":[{"floor":9.0,"key":"Anchor"},{"floor":10.0,"key":"Ornamental Fan"},{"floor":12.0,"key":"The Courier"}],"event_choices":[{"damage_healed":0.0,"max_hp_gain":0.0,"max_hp_loss":0.0,"gold_gain":0.0,"event_name":"Golden Idol","player_choice":"Take Wound","floor":5.0,"gold_loss":0.0,"damage_taken":0.0,"relics_obtained":["Golden Idol"],"cards_obtained":["Injury"]},{"damage_healed":0.0,"max_hp_gain":0.0,"max_hp_loss":0.0,"gold_gain":150.0,"event_name":"Liars Game","player_choice":"AGREE","floor":7.0,"gold_loss":0.0,"damage_taken":0.0,"cards_obtained":["Doubt"]},{"cards_removed":["Doubt"],"damage_healed":0.0,"max_hp_gain":0.0,"max_hp_loss":0.0,"gold_gain":0.0,"event_name":"The Cleric","player_choice":"Card Removal","floor":8.0,"gold_loss":75.0,"damage_taken":0.0}],"is_beta":false,"boss_relics":[],"items_purged_floors":[2],"is_endless":false,"potions_floor_spawned":[12,14],"killed_by":"Hexaghost","ascension_level":20}}