{"host":"tzwuiju9jhaz8xpk","time":1609368593,"event":{"mods":["AchievementEnabler","Act Like it!","Ascension Unlocker","BaseMod","Bestiary","Better Altar","Better Match","Better Note","Better Sensory Stone","Better Vampires","Better-Laid Plans","Challenge The Spire","ChefMod","Dio Mod","Displayed Cursed Tome","Dota2Spire","Ekko","Elementarium","GungeonMod","Hallownest","JesterMod","Lobotomy","Minty Spire (QoL Compilation)","Permanent Neow","Pikachu Mod","QueenMod","Quick Restart","RNG Fix","Relic Stats","Replay The Spire","Reworked Bosses","Robot Space Explorer","Spicy Shops","StSLib","SuperFastMode","TestMod","The Blue Laboratory","The Bug Knight","The Forsaken","The Marked","TheLocksmith","TheWitcher","Uncapped","Waifu the Spire","????","????"],"gold_per_floor":[116,116,41,55,55,5,38,58,135,135,155,155,0,25,25,126,126,152,152,175,223,259,315,83,83,106,128,128,128,128,57,57,179,179,204,232,259,259,312,352,375,131,209,265,0,20,49,49,49,59,59],"floor_reached":50,"playtime":4649,"items_purged":["QueenMod:Strike","Pride"],"score":720,"play_id":"13e0e8ff-a9d4-48d9-b41b-9e2f1a0d54ea","local_time":"20201230174953","is_ascension_mode":false,"campfire_choices":[{"data":"QueenMod:Incubate","floor":10,"key":"SMITH"},{"data":"QueenMod:PopulateOrder","floor":15,"key":"SMITH"},{"floor":28,"key":"REST"},{"floor":30,"key":"REST"},{"data":"QueenMod:GatheringSwarm","floor":32,"key":"SMITH"}],"circlet_count":0,"master_deck":["QueenMod:Strike","QueenMod:Defend","QueenMod:Defend","QueenMod:QuickJabs","QueenMod:Recruit","QueenMod:Incubate+1","QueenMod:Infest+1","QueenMod:PopulateOrder+1","Scarecrow","QueenMod:PollenBlast","UniverseFragment","QueenMod:PollenBlast+1","FairyFestival","QueenMod:Regroup+1","Parasite","QueenMod:PollenBlast+1","ReplayTheSpireMod:Brewmster+1"],"relics":["QueenMod:QueensBanner","testmod-TestBox","testmod-ChristmasGift","CogitoBucket","Happy Flower","Dota2Spire:EtherealBlade","Replay:Bandana","Dota2Spire:Bloodstone","HollowMod:PaleOreRelic","Bag of Marbles","Membership Card","Blue Doll","testmod-IndustrialRevolution","Replay:Wax Seal","ReplayTheSpireMod:ShopPack","Elementarium:ElementariumTrophy","Dota2Spire:RefresherOrb","AtMidnight","Mango","White Beast Statue","Ornamental Fan","DollysMirror","DemoMod:Orange","Golden Egg","Quantum Egg","Elementarium:GoldenMirage"],"acts_visited":["Hallownest:Greenpath","Elementarium:Elementarium","TheBeyond"],"potions_floor_usage":[1,1,1,1,1,1,7,7,14,16,16,16,20,20,20,20,21,21,22,23,23,33,33,33,35,35,35,35,35,35,36,36,36,36,36,36,36,36,36,36,36,37,37,37,37,39,39,39,40,40,41,41,41,44,44,44,44,46,46,47,47,47],"damage_taken":[{"damage":0,"enemies":"Hallownest:monsterHuskWarrior","floor":1,"turns":6},{"damage":4,"enemies":"Hallownest:2_MossCreeps","floor":4,"turns":5},{"damage":0,"enemies":"Hallownest:eliteCrystalGuardian","floor":7,"turns":7},{"damage":5,"enemies":"Hallownest:2_Tiktiks_and_1_Crawlid","floor":8,"turns":7},{"damage":0,"enemies":"Hallownest:monsterMossCharger","floor":11,"turns":4},{"damage":20,"enemies":"Hallownest:Guard_and_Warrior","floor":14,"turns":5},{"damage":7,"enemies":"Hallownest:BossHornet","floor":16,"turns":9},{"damage":0,"enemies":"Elementarium:2_ELEMENTALS","floor":18,"turns":5},{"damage":0,"enemies":"Elementarium:MUD_AND_TAR_GOLEMS","floor":20,"turns":6},{"damage":0,"enemies":"Hallownest:Nosk","floor":21,"turns":9},{"damage":14,"enemies":"Elementarium:3_ELEMENTALS","floor":22,"turns":6},{"damage":34,"enemies":"Elementarium:FIRE_NOBILITY","floor":23,"turns":6},{"damage":33,"enemies":"Elementarium:VOID_CORRUPTION_AND_ORB_OF_FIRE","floor":27,"turns":7},{"damage":97,"enemies":"Elementarium:PHOENIXES","floor":33,"turns":18},{"damage":9,"enemies":"3 Shapes","floor":35,"turns":6},{"damage":18,"enemies":"3 Darklings","floor":36,"turns":11},{"damage":32,"enemies":"Writhing Mass","floor":37,"turns":4},{"damage":29,"enemies":"2 Orb Walkers","floor":39,"turns":6},{"damage":30,"enemies":"HollowMod:StalkingDevout","floor":40,"turns":7},{"damage":51,"enemies":"Maw","floor":41,"turns":8},{"damage":31,"enemies":"Reptomancer","floor":44,"turns":8},{"damage":24,"enemies":"3 Darklings","floor":46,"turns":5},{"damage":24,"enemies":"Writhing Mass","floor":47,"turns":6},{"damage":120,"enemies":"bossMod:newAwakened","floor":50,"turns":6}],"seed_played":"-1294087046037929202","potions_obtained":[{"floor":8,"key":"Reflective Coating"},{"floor":16,"key":"blueLaboratory:PhilterOfMotion"},{"floor":18,"key":"DuplicationPotion"},{"floor":22,"key":"blueLaboratory:LouseDecoction"},{"floor":33,"key":"Dota2Spire:Clarity"},{"floor":35,"key":"blueLaboratory:NullPotion"},{"floor":37,"key":"ColorlessPotion"},{"floor":41,"key":"blueLaboratory:AbyssPotion"}],"is_trial":false,"path_per_floor":["M","?","?","M","?","R","E","M","T","R","M","$","?","M","R","B",null,"M","?","M","?","M","E","$","?","T","M","R","?","R","$","R","B",null,"M","M","M","?","?","E","M","$","T","E","?","M","M","?","R","B"],"character_chosen":"THE_QUEEN","items_purchased":["QueenMod:PopulateOrder","Membership Card","Blue Doll","ReplayTheSpireMod:ShopPack","QueenMod:GatheringSwarm","Ornamental Fan","DollysMirror","DemoMod:Orange"],"campfire_rested":2,"item_purchase_floors":[6,24,24,31,31,42,42,42],"current_hp_per_floor":[75,75,75,73,73,73,75,75,75,75,75,75,75,75,75,77,77,77,77,77,77,66,58,58,43,43,19,42,50,75,75,75,26,85,85,85,67,67,81,91,83,95,95,91,91,89,114,114,114,0,0],"gold":59,"neow_bonus":"","is_daily":false,"chose_seed":false,"campfire_upgraded":3,"win_rate":0.0,"timestamp":1609368593,"path_taken":["M","?","?","M","?","R","E","?","T","R","M","$","?","?","R","BOSS","M","?","M","?","M","E","$","?","T","?","R","?","R","?","R","BOSS","M","M","M","?","?","E","M","$","T","E","?","?","M","?","R","BOSS"],"items_purchased_type":["Card","Relic","Relic","Relic","Card","Relic","Relic","Relic"],"build_version":"2020-12-22","purchased_purges":2,"victory":false,"max_hp_per_floor":[75,75,75,75,75,75,75,75,75,75,75,75,75,75,75,77,77,77,77,77,77,77,77,77,77,77,77,77,85,85,85,85,85,85,85,85,85,85,99,101,101,113,113,113,113,113,117,117,117,117,117],"relic_stats":{"Happy Flower":[51],"counters":[28,170],"Ornamental Fan":[12],"obtain_stats":[{"Golden Egg":43,"Blue Doll":24,"Mango":39,"DemoMod:GlassGuonStoneRelic":4,"Dota2Spire:RefresherOrb":34,"Dota2Spire:EtherealBlade":9,"CogitoBucket":0,"Replay:Bandana":13,"QueenMod:QueensBanner":0,"DollysMirror":42,"HollowMod:PaleOreRelic":21,"Replay:Wax Seal":26,"testmod-ChristmasGift":0,"testmod-TestBox":0,"Happy Flower":7,"DemoMod:Orange":42,"Quantum Egg":44,"Dota2Spire:Bloodstone":17,"testmod-IndustrialRevolution":25,"White Beast Statue":40,"Elementarium:GoldenMirage":45,"Elementarium:ElementariumTrophy":33,"Ornamental Fan":42,"AtMidnight":36,"Bag of Marbles":23,"Membership Card":24,"ReplayTheSpireMod:ShopPack":31},{"Golden Egg":23,"Blue Doll":14,"Mango":21,"DemoMod:GlassGuonStoneRelic":2,"Dota2Spire:RefresherOrb":16,"Dota2Spire:EtherealBlade":4,"CogitoBucket":0,"Replay:Bandana":5,"QueenMod:QueensBanner":0,"DollysMirror":23,"HollowMod:PaleOreRelic":11,"Replay:Wax Seal":14,"testmod-ChristmasGift":0,"testmod-TestBox":0,"Happy Flower":3,"DemoMod:Orange":23,"Quantum Egg":24,"Dota2Spire:Bloodstone":8,"testmod-IndustrialRevolution":14,"White Beast Statue":22,"Elementarium:GoldenMirage":24,"Elementarium:ElementariumTrophy":16,"Ornamental Fan":23,"AtMidnight":19,"Bag of Marbles":14,"Membership Card":14,"ReplayTheSpireMod:ShopPack":15},{"Golden Egg":145,"Blue Doll":77,"Mango":130,"DemoMod:GlassGuonStoneRelic":11,"Dota2Spire:RefresherOrb":102,"Dota2Spire:EtherealBlade":25,"CogitoBucket":0,"Replay:Bandana":29,"QueenMod:QueensBanner":0,"DollysMirror":145,"HollowMod:PaleOreRelic":64,"Replay:Wax Seal":77,"testmod-ChristmasGift":0,"testmod-TestBox":0,"Happy Flower":18,"DemoMod:Orange":145,"Quantum Egg":153,"Dota2Spire:Bloodstone":44,"testmod-IndustrialRevolution":77,"White Beast Statue":137,"Elementarium:GoldenMirage":153,"Elementarium:ElementariumTrophy":102,"Ornamental Fan":145,"AtMidnight":120,"Bag of Marbles":77,"Membership Card":77,"ReplayTheSpireMod:ShopPack":84}]},"card_choices":[{"not_picked":["QueenMod:Flyby","QueenMod:AttackOrder"],"picked":"QueenMod:Incubate","floor":1},{"not_picked":["CherryBlossoms","PunishingBird"],"picked":"Funeral","floor":1},{"not_picked":["QueenMod:Charge","QueenMod:GnatSquadron"],"picked":"QueenMod:Infest","floor":4},{"not_picked":["SpiderBud","HappyTeddy","BodiesMountain"],"picked":"Singing Bowl","floor":7},{"not_picked":["BigBadWolf","OldLady"],"picked":"Scarecrow","floor":7},{"not_picked":["QueenMod:RoyalBanquet","QueenMod:Regroup","QueenMod:OverwhelmingForce"],"picked":"SKIP","floor":7},{"not_picked":["QueenMod:WarTrumpet","QueenMod:Conscripts","QueenMod:Fleche"],"picked":"SKIP","floor":8},{"not_picked":["QueenMod:Fleche","QueenMod:WarBuzz"],"picked":"QueenMod:PollenBlast","floor":11},{"not_picked":["BigBird","OldLady"],"picked":"FairyFestival","floor":11},{"not_picked":["QueenMod:GnatSquadron","QueenMod:BusyBees","QueenMod:CrossGuard"],"picked":"SKIP","floor":14},{"not_picked":["MHz","WallGazer"],"picked":"UniverseFragment","floor":16},{"not_picked":["QueenMod:Fortify","QueenMod:FlankingStrike","QueenMod:Ravage"],"picked":"SKIP","floor":18},{"not_picked":["QueenMod:Parry","QueenMod:Flyby","QueenMod:HornetSwarm"],"picked":"SKIP","floor":20},{"not_picked":["QueenMod:Mark","QueenMod:Lunge"],"picked":"QueenMod:PollenBlast+1","floor":21},{"not_picked":["QueenMod:PollenBlast","QueenMod:SwarmTactics","QueenMod:Fleche"],"picked":"SKIP","floor":22},{"not_picked":["HappyTeddy","GalaxyChild"],"picked":"FairyFestival","floor":23},{"not_picked":["QueenMod:IAmTheSwarm","QueenMod:AttackOrder","QueenMod:Regroup"],"picked":"SKIP","floor":23},{"not_picked":["QueenMod:WorkerDrones","QueenMod:Knighting","QueenMod:SharpStingers"],"picked":"SKIP","floor":27},{"not_picked":["testmod-ConditionedReflex","testmod-EternalityOfKhronos"],"picked":"ReplayTheSpireMod:Private Reserves","floor":31},{"not_picked":["QueenMod:Lunge","QueenMod:HoldPosition+1"],"picked":"QueenMod:Charge+1","floor":35},{"not_picked":["QueenMod:PheremoneSwap","QueenMod:Fleche"],"picked":"QueenMod:Regroup+1","floor":36},{"not_picked":["QueenMod:HexGuard","QueenMod:Regroup"],"picked":"QueenMod:Reinforcements+1","floor":37},{"not_picked":["QueenMod:Parry","QueenMod:PerfectLanding+1","QueenMod:HoldPosition+1"],"picked":"SKIP","floor":40},{"not_picked":["QueenMod:Regroup","QueenMod:StrategicGenius","QueenMod:AttackOrder+1"],"picked":"SKIP","floor":41},{"not_picked":["QueenMod:HoldPosition","QueenMod:CrossGuard","QueenMod:StrategicGenius+1"],"picked":"SKIP","floor":44},{"not_picked":["QueenMod:PerfectLanding+1","QueenMod:Fleche","QueenMod:FullRetreat+1"],"picked":"SKIP","floor":46},{"not_picked":["QueenMod:Parry+1","QueenMod:DignifiedSlap","QueenMod:PopulateOrder"],"picked":"SKIP","floor":47},{"not_picked":["Impatience","ReplayTheSpireMod:Trickstab"],"picked":"ReplayTheSpireMod:Brewmster","floor":49}],"player_experience":59175,"relics_obtained":[{"floor":7,"key":"Happy Flower"},{"floor":9,"key":"Dota2Spire:EtherealBlade"},{"floor":21,"key":"HollowMod:PaleOreRelic"},{"floor":23,"key":"Bag of Marbles"},{"floor":26,"key":"Replay:Wax Seal"},{"floor":36,"key":"AtMidnight"},{"floor":39,"key":"Mango"},{"floor":40,"key":"White Beast Statue"},{"floor":43,"key":"Golden Egg"},{"floor":44,"key":"Quantum Egg"}],"event_choices":[{"damage_healed":0,"gold_gain":0,"player_choice":"2","damage_taken":0,"max_hp_gain":0,"max_hp_loss":0,"event_name":"betterMatch:BetterMatch","floor":3,"gold_loss":0,"cards_obtained":[]},{"damage_healed":0,"gold_gain":0,"player_choice":"Enter","damage_taken":0,"max_hp_gain":0,"max_hp_loss":0,"event_name":"Elementarium:OtherworldlyPassage","floor":21,"gold_loss":0},{"damage_healed":0,"gold_gain":0,"player_choice":"Blood","damage_taken":15,"relics_obtained":["testmod-IndustrialRevolution"],"max_hp_gain":0,"max_hp_loss":0,"event_name":"Elementarium:ShatteredPortal","floor":25,"gold_loss":0},{"damage_healed":0,"gold_gain":0,"player_choice":"Graft","damage_taken":0,"max_hp_gain":8,"max_hp_loss":0,"event_name":"Elementarium:SculptureGarden","floor":29,"gold_loss":0},{"damage_healed":0,"gold_gain":0,"player_choice":"Fight","damage_taken":0,"max_hp_gain":0,"max_hp_loss":0,"event_name":"Mysterious Sphere","floor":39,"gold_loss":0},{"damage_healed":0,"gold_gain":0,"player_choice":"Offer","damage_taken":0,"relics_obtained":["Elementarium:GoldenMirage"],"max_hp_gain":0,"max_hp_loss":0,"event_name":"Elementarium:ChestOfTheGoldenMirage","floor":45,"gold_loss":265},{"cards_removed":["QueenMod:Reinforcements"],"damage_healed":0,"gold_gain":0,"player_choice":"Removed Power","damage_taken":0,"max_hp_gain":0,"max_hp_loss":0,"event_name":"Falling","floor":48,"gold_loss":0},{"damage_healed":0,"gold_gain":3,"player_choice":"1","damage_taken":0,"max_hp_gain":0,"max_hp_loss":0,"event_name":"betterStone:BetterStone","floor":49,"gold_loss":0}],"is_beta":false,"boss_relics":[{"not_picked":["testmod-Fanaticism","Replay:Bronze Core"],"picked":"Dota2Spire:Bloodstone"},{"not_picked":["ReplayTheSpireMod:DimensionalGlitch","Runic Dome"],"picked":"Dota2Spire:RefresherOrb"}],"items_purged_floors":[24,42],"is_endless":false,"potions_floor_spawned":[8,16,18,22,33,35,37,41,46,47],"killed_by":"bossMod:newAwakened","ascension_level":0}}