{"host":"2461dio7vetlq1z3","time":1609369883,"event":{"mods":["2.2 Compatiblity","AchievementEnabler","Aspiration","BaseMod","Better Third Choice","Friendly Minions","Hermit","Minty Spire (QoL Compilation)","Relic Stats","Spicy Shops","StSLib","The Hierophant","Waifu the Spire"],"gold_per_floor":[110,122,122,72,85,104,118,150,150,150,7,84,84,175,175,336,336,426,426,498,594,691,691,158,271,295,408,434,520,575,428,428],"floor_reached":31,"playtime":1209,"items_purged":["hierophant:Strike_Hierophant","hierophant:Strike_Hierophant"],"score":339,"play_id":"cb25f11f-745a-4a2d-bdef-c2a3794c90ef","local_time":"20201231001123","is_ascension_mode":false,"campfire_choices":[{"data":"hierophant:Exaltation","floor":10,"key":"SMITH"},{"data":"hierophant:BulkyChest","floor":13,"key":"SMITH"},{"data":"hierophant:HolyVerse","floor":15,"key":"SMITH"},{"data":"hierophant:DeathKnell","floor":23,"key":"SMITH"}],"circlet_count":0,"master_deck":["hierophant:Strike_Hierophant","hierophant:Punish","hierophant:Defend_Hierophant","hierophant:Defend_Hierophant","hierophant:Defend_Hierophant","hierophant:ChurchCoffers","hierophant:Exaltation+1","hierophant:Smite","hierophant:RepressedViolence","hierophant:HolyVerse+1","hierophant:BulkyChest+1","hierophant:DeathKnell+1","hierophant:Smite+1","Purity","hierophant:Sermon+1","hierophant:Bribe+1","hierophant:Levitation","hierophant:FlamingChariot"],"relics":["SacredBark","Meat on the Bone","Peace Pipe","Pear","Runic Pyramid","Torii","aspiration:StickyExplosives_weak","Vajra","Kunai","CeramicFish"],"acts_visited":["Exordium","TheCity"],"potions_floor_usage":[8,12,16],"damage_taken":[{"damage":0,"enemies":"Small Slimes","floor":1,"turns":3},{"damage":1,"enemies":"Jaw Worm","floor":2,"turns":5},{"damage":1,"enemies":"Cultist","floor":5,"turns":4},{"damage":22,"enemies":"Exordium Thugs","floor":6,"turns":5},{"damage":8,"enemies":"Lots of Slimes","floor":7,"turns":2},{"damage":14,"enemies":"Gremlin Nob","floor":8,"turns":3},{"damage":8,"enemies":"3 Sentries","floor":12,"turns":5},{"damage":0,"enemies":"3 Louse","floor":14,"turns":3},{"damage":0,"enemies":"Slime Boss","floor":16,"turns":3},{"damage":5,"enemies":"Chosen","floor":18,"turns":3},{"damage":22,"enemies":"Shell Parasite","floor":20,"turns":5},{"damage":25,"enemies":"3 Cultists","floor":21,"turns":4},{"damage":15,"enemies":"Snake Plant","floor":22,"turns":3},{"damage":34,"enemies":"Gremlin Leader","floor":25,"turns":3},{"damage":14,"enemies":"Book of Stabbing","floor":27,"turns":4},{"damage":6,"enemies":"Shelled Parasite and Fungi","floor":29,"turns":6},{"damage":12,"enemies":"Snecko","floor":30,"turns":4}],"seed_played":"-7635741163342771628","potions_obtained":[{"floor":1,"key":"Fire Potion"},{"floor":2,"key":"Fire Potion"},{"floor":14,"key":"PowerPotion"},{"floor":18,"key":"FairyPotion"},{"floor":25,"key":"DuplicationPotion"},{"floor":27,"key":"EssenceOfSteel"}],"is_trial":false,"path_per_floor":["M","M","?","?","M","M","M","E","T","R","$","E","R","M","R","B",null,"M","?","M","M","M","R","$","E","T","E","T","M","M","$"],"character_chosen":"HIEROPHANT","items_purchased":["hierophant:BulkyChest","Purity","Torii","hierophant:FlamingChariot"],"campfire_rested":0,"item_purchase_floors":[11,24,24,31],"current_hp_per_floor":[75,74,67,67,66,44,36,22,22,22,22,36,36,48,48,48,85,80,80,58,45,42,42,42,20,20,18,18,24,24,24,24],"gold":428,"neow_bonus":"BOSS_RELIC","is_daily":false,"chose_seed":false,"campfire_upgraded":4,"win_rate":0.0,"timestamp":1609369883,"path_taken":["M","M","?","?","M","M","M","E","T","R","$","E","R","M","R","BOSS","M","?","?","M","M","R","$","E","T","E","?","?","M","$"],"items_purchased_type":["Card","Card","Relic","Card"],"build_version":"2020-12-22","purchased_purges":2,"victory":false,"max_hp_per_floor":[75,75,75,75,75,75,75,75,75,75,75,85,85,85,85,85,85,85,85,85,85,85,85,85,85,85,85,85,85,85,85,85],"relic_stats":{"Peace Pipe":0,"Torii":20,"counters":[17,65],"CeramicFish":18,"Kunai":[0],"obtain_stats":[{"Peace Pipe":9,"Pear":12,"Torii":24,"hierophant:PropheticMaskRelic":0,"SacredBark":0,"CeramicFish":28,"Vajra":26,"Kunai":27,"Meat on the Bone":8,"Runic Pyramid":17,"aspiration:StickyExplosives_weak":25},{"Peace Pipe":6,"Pear":7,"Torii":13,"hierophant:PropheticMaskRelic":0,"SacredBark":0,"CeramicFish":15,"Vajra":14,"Kunai":15,"Meat on the Bone":6,"Runic Pyramid":9,"aspiration:StickyExplosives_weak":14},{"Peace Pipe":22,"Pear":27,"Torii":48,"hierophant:PropheticMaskRelic":0,"SacredBark":0,"CeramicFish":55,"Vajra":51,"Kunai":55,"Meat on the Bone":22,"Runic Pyramid":33,"aspiration:StickyExplosives_weak":51}],"Meat on the Bone":96},"card_choices":[{"not_picked":["hierophant:Upheaval","hierophant:AuricShield"],"picked":"hierophant:Exaltation","floor":1},{"not_picked":["hierophant:AuricBeam","hierophant:AuricShield","hierophant:CoinFling"],"picked":"SKIP","floor":2},{"not_picked":["hierophant:Embezzle","hierophant:Sermon"],"picked":"hierophant:Smite","floor":5},{"not_picked":["hierophant:Encroach","hierophant:Prophecy","hierophant:RustyCrate"],"picked":"SKIP","floor":6},{"not_picked":["hierophant:Encroach","hierophant:SealAway"],"picked":"hierophant:RepressedViolence","floor":7},{"not_picked":["hierophant:RepressedViolence","hierophant:Refuge"],"picked":"hierophant:HolyVerse","floor":8},{"not_picked":["hierophant:Purify","hierophant:Shelter","hierophant:DisplayOfPower"],"picked":"SKIP","floor":12},{"not_picked":["hierophant:DisplayOfPower","hierophant:Exaltation","hierophant:MirrorShield"],"picked":"SKIP","floor":14},{"not_picked":["hierophant:Generosity","hierophant:WrathOfGod"],"picked":"hierophant:DeathKnell","floor":16},{"not_picked":["hierophant:SecretStash","hierophant:Patience","hierophant:Refuge"],"picked":"SKIP","floor":18},{"not_picked":["hierophant:SealAway","hierophant:Community+1","hierophant:DisplayOfPower"],"picked":"SKIP","floor":20},{"not_picked":["hierophant:HolyVerse","hierophant:FieryStrike"],"picked":"hierophant:Smite+1","floor":21},{"not_picked":["hierophant:SecretStash","hierophant:Refuge","hierophant:SealAway+1"],"picked":"SKIP","floor":22},{"not_picked":["hierophant:DisplayOfPower+1","hierophant:PassingBell"],"picked":"hierophant:Sermon+1","floor":25},{"not_picked":["hierophant:ThreeLashes","hierophant:Flagellation"],"picked":"hierophant:Bribe+1","floor":27},{"not_picked":["hierophant:FlamingChariot","hierophant:CoinFling+1"],"picked":"hierophant:Levitation","floor":29},{"not_picked":["hierophant:Chorus","hierophant:RustyCrate","hierophant:Doomsaying"],"picked":"SKIP","floor":30}],"player_experience":1032599,"relics_obtained":[{"floor":8,"key":"Meat on the Bone"},{"floor":9,"key":"Peace Pipe"},{"floor":12,"key":"Pear"},{"floor":25,"key":"aspiration:StickyExplosives_weak"},{"floor":26,"key":"Vajra"},{"floor":27,"key":"Kunai"},{"floor":28,"key":"CeramicFish"}],"event_choices":[{"cards_removed":["hierophant:Strike_Hierophant"],"damage_healed":0,"gold_gain":0,"player_choice":"Card Removal","damage_taken":7,"max_hp_gain":0,"max_hp_loss":0,"event_name":"Golden Wing","floor":3,"gold_loss":0},{"cards_removed":["hierophant:Defend_Hierophant"],"damage_healed":0,"gold_gain":0,"player_choice":"Card Removal","damage_taken":0,"max_hp_gain":0,"max_hp_loss":0,"event_name":"The Cleric","floor":4,"gold_loss":50},{"damage_healed":0,"gold_gain":0,"player_choice":"Ignored","damage_taken":0,"max_hp_gain":0,"max_hp_loss":0,"event_name":"NoteForYourself","floor":19,"gold_loss":0}],"is_beta":false,"boss_relics":[{"not_picked":["Runic Dome","Coffee Dripper"],"picked":"Runic Pyramid"}],"items_purged_floors":[24,31],"is_endless":false,"potions_floor_spawned":[1,2,14,18,25,27,30],"ascension_level":0}}