{"host":"agflykcedf93aoo8","time":1609359125,"event":{"mods":["BaseMod","Hermit","Minty Spire (QoL Compilation)","StSLib","Td1madao Mod","The Bug Knight","The Cursed","The Gatherer","The Hierophant","The Runesmith"],"gold_per_floor":[119,119,146,166,22,64,64,64,64,91,91,115,142,165,165,172,172],"floor_reached":16,"playtime":1062,"items_purged":[],"score":116,"play_id":"92a6c703-a898-47fc-99f8-84b44e308688","local_time":"20201231051205","is_ascension_mode":true,"campfire_choices":[{"data":"hermit:Covet","floor":7.0,"key":"SMITH"},{"data":"hermit:Defend_Hermit","floor":11.0,"key":"SMITH"},{"floor":15.0,"key":"REST"}],"circlet_count":0,"master_deck":["hermit:Strike_Hermit","hermit:Strike_Hermit","hermit:Strike_Hermit","hermit:Strike_Hermit","hermit:Defend_Hermit","hermit:Defend_Hermit+1","hermit:Defend_Hermit","hermit:Defend_Hermit","hermit:Snapshot","hermit:Covet+1","hermit:Scavenge+1","hermit:HighNoon"],"relics":["Black Star","Ancient Tea Set","Ornamental Fan","Boot","Du-Vu Doll","Thread and Needle","CaptainsWheel","Omamori"],"acts_visited":["Exordium"],"potions_floor_usage":[16],"damage_taken":[{"damage":0.0,"enemies":"Small Slimes","floor":1.0,"turns":4.0},{"damage":0.0,"enemies":"Cultist","floor":3.0,"turns":3.0},{"damage":0.0,"enemies":"2 Louse","floor":4.0,"turns":3.0},{"damage":17.0,"enemies":"Lagavulin","floor":6.0,"turns":6.0},{"damage":0.0,"enemies":"2 Fungi Beasts","floor":10.0,"turns":4.0},{"damage":1.0,"enemies":"Lots of Slimes","floor":12.0,"turns":4.0},{"damage":28.0,"enemies":"Gremlin Nob","floor":13.0,"turns":6.0},{"damage":57,"enemies":"Hexaghost","floor":16,"turns":12}],"seed_played":"9219520235440729329","potions_obtained":[{"floor":3.0,"key":"SpeedPotion"},{"floor":4.0,"key":"CultistPotion"},{"floor":10.0,"key":"SpeedPotion"},{"floor":13.0,"key":"SneckoOil"}],"is_trial":false,"path_per_floor":["M","?","M","M","$","E","R","$","T","M","R","M","E","T","R","B"],"character_chosen":"HERMIT","items_purchased":["Ancient Tea Set"],"campfire_rested":1,"item_purchase_floors":[5],"current_hp_per_floor":[75,75,75,75,75,58,58,58,58,58,58,57,29,29,51,0,0],"gold":172,"neow_bonus":"BOSS_RELIC","is_daily":false,"chose_seed":false,"campfire_upgraded":2,"win_rate":0.0,"timestamp":1609359125,"path_taken":["M","?","?","M","$","E","R","$","T","M","R","M","E","?","R","BOSS"],"items_purchased_type":["Relic"],"build_version":"2020-12-22","purchased_purges":0,"victory":false,"max_hp_per_floor":[75,75,75,75,75,75,75,75,75,75,75,75,75,75,75,75,75],"card_choices":[{"not_picked":["hermit:Desperado","hermit:Coalescence"],"picked":"hermit:Scavenge","floor":1.0},{"not_picked":["hermit:CalledShot","hermit:LowProfile","hermit:ItchyTrigger"],"picked":"SKIP","floor":3.0},{"not_picked":["hermit:BigShot","hermit:LowProfile","hermit:Spite"],"picked":"SKIP","floor":4.0},{"not_picked":["hermit:CalledShot","hermit:Vantage","hermit:Desperado"],"picked":"SKIP","floor":6.0},{"not_picked":["hermit:WideOpen","hermit:Dive","hermit:ItchyTrigger"],"picked":"SKIP","floor":10.0},{"not_picked":["hermit:Vantage","hermit:Malice","hermit:Grudge"],"picked":"SKIP","floor":12.0},{"not_picked":["hermit:Vantage","hermit:Adapt"],"picked":"hermit:HighNoon","floor":13.0}],"player_experience":342400,"relics_obtained":[{"floor":6.0,"key":"Ornamental Fan"},{"floor":6.0,"key":"Boot"},{"floor":9.0,"key":"Du-Vu Doll"},{"floor":13.0,"key":"Thread and Needle"},{"floor":13.0,"key":"CaptainsWheel"},{"floor":14.0,"key":"Omamori"}],"event_choices":[{"damage_healed":0.0,"max_hp_gain":0.0,"max_hp_loss":0.0,"gold_gain":0.0,"event_name":"Upgrade Shrine","player_choice":"Upgraded","floor":2.0,"gold_loss":0.0,"damage_taken":0.0,"cards_upgraded":["hermit:Scavenge"]}],"is_beta":false,"boss_relics":[],"items_purged_floors":[],"is_endless":false,"potions_floor_spawned":[3,4,10,13],"killed_by":"Hexaghost","ascension_level":1}}