{"host":"9l1knhxfturzliqa","time":1609303117,"event":{"mods":["BaseMod","Colored Map","Colored Powertips","DeckTracker","Highlight Path","Keyboard Shortcuts","Minty Spire (QoL Compilation)","Quick Restart","Random Character Button"],"gold_per_floor":[115,129,148,223,233,233,233,244,544,544,558,571,571,591,591,692,692,702,702,715,732,751,751,751,751],"floor_reached":24,"playtime":1334,"items_purged":[],"score":233,"play_id":"738de364-1d9e-4f62-b49c-72d10d15138c","local_time":"20201230133837","is_ascension_mode":true,"campfire_choices":[{"data":"Backflip","floor":6.0,"key":"SMITH"},{"floor":13.0,"key":"REST"},{"data":"Envenom","floor":15.0,"key":"SMITH"},{"data":"Adrenaline","floor":23.0,"key":"SMITH"}],"circlet_count":0,"master_deck":["Strike_G","Strike_G","Strike_G","Strike_G","Defend_G+1","Defend_G","Defend_G","Defend_G+1","Defend_G","Survivor","Neutralize","Dagger Throw","Blade Dance","Backflip+1","Poisoned Stab","Finisher","Envenom+1","Adrenaline+1","Dodge and Roll+1","Writhe","Backflip+1","A Thousand Cuts"],"relics":["Ring of the Snake","Du-Vu Doll","Old Coin","SlaversCollar","Toxic Egg 2"],"acts_visited":["Exordium","TheCity"],"potions_floor_usage":[],"damage_taken":[{"damage":4.0,"enemies":"Small Slimes","floor":1.0,"turns":4.0},{"damage":0.0,"enemies":"2 Louse","floor":2.0,"turns":3.0},{"damage":1.0,"enemies":"Cultist","floor":3.0,"turns":3.0},{"damage":2.0,"enemies":"Red Slaver","floor":5.0,"turns":3.0},{"damage":15.0,"enemies":"Lots of Slimes","floor":8.0,"turns":3.0},{"damage":0.0,"enemies":"Looter","floor":11.0,"turns":3.0},{"damage":0.0,"enemies":"Blue Slaver","floor":12.0,"turns":4.0},{"damage":4.0,"enemies":"Exordium Wildlife","floor":14.0,"turns":4.0},{"damage":1.0,"enemies":"Hexaghost","floor":16.0,"turns":9.0},{"damage":0.0,"enemies":"Chosen","floor":18.0,"turns":3.0},{"damage":22.0,"enemies":"2 Thieves","floor":20.0,"turns":4.0},{"damage":20.0,"enemies":"Cultist and Chosen","floor":21.0,"turns":7.0},{"damage":5.0,"enemies":"Centurion and Healer","floor":22.0,"turns":8.0},{"damage":16,"enemies":"Chosen and Byrds","floor":24,"turns":4}],"seed_played":"2809318044667485743","potions_obtained":[{"floor":3.0,"key":"EssenceOfSteel"},{"floor":11.0,"key":"DuplicationPotion"},{"floor":14.0,"key":"Explosive Potion"},{"floor":18.0,"key":"SmokeBomb"},{"floor":21.0,"key":"Block Potion"}],"is_trial":false,"path_per_floor":["M","M","M","?","M","R","?","M","T","?","M","M","R","M","R","B",null,"M","?","M","M","M","R","M"],"character_chosen":"THE_SILENT","items_purchased":[],"campfire_rested":1,"item_purchase_floors":[],"current_hp_per_floor":[59,59,58,47,45,45,38,23,23,10,10,10,28,24,24,23,63,63,63,41,21,16,16,0,0],"gold":751,"neow_bonus":"ONE_RARE_RELIC","is_daily":false,"chose_seed":false,"campfire_upgraded":3,"win_rate":0.0,"timestamp":1609303117,"path_taken":["M","M","M","?","M","R","?","M","T","?","M","M","R","M","R","BOSS","M","?","M","M","M","R","M"],"items_purchased_type":[],"build_version":"2020-12-22","purchased_purges":0,"victory":false,"max_hp_per_floor":[63,63,63,63,63,63,63,63,63,63,63,63,63,63,63,63,63,63,63,63,63,63,63,63,63],"card_choices":[{"not_picked":["Underhanded Strike","Dash"],"picked":"Dagger Throw","floor":1.0},{"not_picked":["Sucker Punch","Finisher"],"picked":"Blade Dance","floor":2.0},{"not_picked":["Dagger Spray","Skewer"],"picked":"Backflip","floor":3.0},{"not_picked":["Catalyst","Distraction"],"picked":"Poisoned Stab","floor":5.0},{"not_picked":["Quick Slash","Poisoned Stab","All Out Attack"],"picked":"SKIP","floor":8.0},{"not_picked":["All Out Attack","Expertise","Dash"],"picked":"SKIP","floor":11.0},{"not_picked":["Caltrops","Heel Hook"],"picked":"Finisher","floor":12.0},{"not_picked":["Distraction","Heel Hook"],"picked":"Envenom","floor":14.0},{"not_picked":["Die Die Die","Corpse Explosion"],"picked":"Adrenaline","floor":16.0},{"not_picked":["Deflect+1","Dodge and Roll+1","Dash"],"picked":"SKIP","floor":18.0},{"not_picked":["Deflect+1","Dash"],"picked":"Dodge and Roll+1","floor":18.0},{"not_picked":["Quick Slash","Deadly Poison+1"],"picked":"Backflip+1","floor":20.0},{"not_picked":["Leg Sweep+1","Dagger Throw","Deflect+1"],"picked":"SKIP","floor":21.0},{"not_picked":["Quick Slash","Deflect+1"],"picked":"A Thousand Cuts","floor":22.0}],"player_experience":269756,"relics_obtained":[{"floor":9.0,"key":"Old Coin"}],"event_choices":[{"damage_healed":0.0,"max_hp_gain":0.0,"max_hp_loss":0.0,"gold_gain":75.0,"event_name":"World of Goop","player_choice":"Gather Gold","floor":4.0,"gold_loss":0.0,"damage_taken":11.0},{"cards_removed":["Strike_G"],"damage_healed":0.0,"max_hp_gain":0.0,"max_hp_loss":0.0,"gold_gain":0.0,"event_name":"Golden Wing","player_choice":"Card Removal","floor":7.0,"gold_loss":0.0,"damage_taken":7.0},{"damage_healed":0.0,"max_hp_gain":0.0,"max_hp_loss":0.0,"gold_gain":0.0,"event_name":"Shining Light","player_choice":"Entered Light","floor":10.0,"gold_loss":0.0,"damage_taken":13.0,"cards_upgraded":["Defend_G","Defend_G"]},{"damage_healed":0.0,"max_hp_gain":0.0,"max_hp_loss":0.0,"gold_gain":0.0,"event_name":"The Mausoleum","player_choice":"Opened","floor":19.0,"gold_loss":0.0,"damage_taken":0.0,"relics_obtained":["Toxic Egg 2"],"cards_obtained":["Writhe"]}],"is_beta":false,"boss_relics":[{"not_picked":["Ectoplasm","Coffee Dripper"],"picked":"SlaversCollar"}],"items_purged_floors":[],"is_endless":false,"potions_floor_spawned":[3,11,14,18,21],"killed_by":"Chosen and Byrds","ascension_level":4}}