{"host":"2461dio7vetlq1z3","time":1609361034,"event":{"mods":["2.2 Compatiblity","AchievementEnabler","Aspiration","BaseMod","Better Third Choice","Friendly Minions","Hermit","Minty Spire (QoL Compilation)","Relic Stats","Spicy Shops","StSLib","The Hierophant","Waifu the Spire"],"gold_per_floor":[112,27,0,0,15,15,49,61,129,140,159,177,177,206,206,283,283,299,63,80,91,91,121,121,152,205,220,58,58,75,102,102,180,180,195,205,205,217,228,253,253,43,43,3,23,41,60,89,89,89,89,89,89,1,34,34],"floor_reached":57,"playtime":2956,"items_purged":["Defend_P","Parasite"],"score":3122,"play_id":"a85092f5-f899-459a-b046-d149b0429519","local_time":"20201230214354","is_ascension_mode":true,"campfire_choices":[{"data":"Wallop","floor":6,"key":"SMITH"},{"data":"Vault","floor":13,"key":"SMITH"},{"data":"Wallop","floor":15,"key":"SMITH"},{"data":"EmptyFist","floor":24,"key":"SMITH"},{"data":"DevaForm","floor":32,"key":"SMITH"},{"floor":41,"key":"RECALL"},{"data":"ConjureBlade","floor":49,"key":"SMITH"},{"data":"Prostrate","floor":53,"key":"SMITH"}],"circlet_count":0,"master_deck":["AscendersBane","Strike_P+1","Strike_P+1","Strike_P+1","Defend_P+1","Defend_P+1","Defend_P+1","Eruption+1","Vigilance+1","Brilliance+1","EmptyBody+1","LessonLearned+1","Indignation+1","Wallop+1","Vault+1","Protect+1","BowlingBash+1","ClearTheMind+1","Wallop+1","Prostrate+1","DevaForm+1","Tantrum+1","EmptyFist+1","Omniscience+1","Omniscience+1","TalkToTheHand+1","Ragnarok+1","Omniscience+1","Fasting2+1","TalkToTheHand+1","Omniscience+1","Regret","Wallop+1","TalkToTheHand+1","Swivel+1","Protect+1","ConjureBlade+1","TalkToTheHand"],"relics":["PureWater","betterThird:SlimedRelic","Du-Vu Doll","White Beast Statue","Yang","Snecko Eye","Sling","HornCleat","Boot","Centennial Puzzle","CaptainsWheel","Cursed Key","Bird Faced Urn","DollysMirror","Whetstone","Bag of Marbles"],"acts_visited":["Exordium","TheCity","TheBeyond","TheEnding"],"potions_floor_usage":[10,31,36,47,50,56],"damage_taken":[{"damage":2,"enemies":"2 Louse","floor":1,"turns":2},{"damage":0,"enemies":"Jaw Worm","floor":5,"turns":4},{"damage":22,"enemies":"3 Sentries","floor":7,"turns":7},{"damage":0,"enemies":"Cultist","floor":8,"turns":4},{"damage":0,"enemies":"Exordium Wildlife","floor":10,"turns":3},{"damage":1,"enemies":"Red Slaver","floor":11,"turns":5},{"damage":4,"enemies":"Large Slime","floor":12,"turns":7},{"damage":1,"enemies":"Lagavulin","floor":14,"turns":5},{"damage":5,"enemies":"The Guardian","floor":16,"turns":13},{"damage":0,"enemies":"2 Thieves","floor":18,"turns":3},{"damage":0,"enemies":"3 Byrds","floor":20,"turns":5},{"damage":0,"enemies":"Sentry and Sphere","floor":21,"turns":3},{"damage":5,"enemies":"Gremlin Leader","floor":23,"turns":5},{"damage":11,"enemies":"Slavers","floor":25,"turns":5},{"damage":0,"enemies":"Cultist and Chosen","floor":27,"turns":5},{"damage":0,"enemies":"Centurion and Healer","floor":30,"turns":6},{"damage":0,"enemies":"Book of Stabbing","floor":31,"turns":5},{"damage":0,"enemies":"Collector","floor":33,"turns":6},{"damage":0,"enemies":"3 Darklings","floor":35,"turns":5},{"damage":0,"enemies":"Orb Walker","floor":36,"turns":4},{"damage":0,"enemies":"3 Darklings","floor":38,"turns":1},{"damage":0,"enemies":"Jaw Worm Horde","floor":39,"turns":1},{"damage":0,"enemies":"Nemesis","floor":40,"turns":1},{"damage":3,"enemies":"Writhing Mass","floor":45,"turns":5},{"damage":4,"enemies":"Sphere and 2 Shapes","floor":46,"turns":4},{"damage":3,"enemies":"Maw","floor":47,"turns":3},{"damage":7,"enemies":"Giant Head","floor":48,"turns":5},{"damage":3,"enemies":"Awakened One","floor":50,"turns":7},{"damage":7,"enemies":"Time Eater","floor":51,"turns":7},{"damage":24,"enemies":"Shield and Spear","floor":55,"turns":5},{"damage":94,"enemies":"The Heart","floor":56,"turns":8}],"seed_played":"-2822825625066597315","potions_obtained":[{"floor":7,"key":"BlessingOfTheForge"},{"floor":8,"key":"BottledMiracle"},{"floor":10,"key":"Weak Potion"},{"floor":12,"key":"FairyPotion"},{"floor":23,"key":"StancePotion"},{"floor":27,"key":"Regen Potion"},{"floor":31,"key":"Dexterity Potion"},{"floor":33,"key":"Fruit Juice"},{"floor":36,"key":"LiquidMemories"},{"floor":47,"key":"SneckoOil"},{"floor":55,"key":"EssenceOfSteel"}],"is_trial":false,"path_per_floor":["M","$","?","?","M","R","E","M","T","M","M","M","R","E","R","B",null,"M","$","M","M","?","E","R","E","T","M","$","?","M","E","R","B",null,"M","M","?","M","M","E","R","$","T","$","M","M","M","E","R","B","B",null,"R","$","E","B",null],"character_chosen":"WATCHER","items_purchased":["LessonLearned","Sling","Omniscience","TalkToTheHand","DollysMirror","Wallop","TalkToTheHand"],"campfire_rested":0,"item_purchase_floors":[2,19,28,42,42,44,54],"current_hp_per_floor":[59,59,48,48,48,48,26,26,26,26,25,21,21,20,20,15,55,55,55,55,55,51,46,46,35,35,35,35,35,35,49,49,49,63,63,68,68,68,68,68,68,68,68,68,67,66,67,63,63,66,63,68,68,68,50,10],"gold":34,"neow_bonus":"ONE_RANDOM_RARE_CARD","is_daily":false,"chose_seed":false,"campfire_upgraded":7,"win_rate":0.0,"timestamp":1609361034,"path_taken":["M","$","?","?","M","R","E","?","T","M","M","M","R","E","R","BOSS","M","$","M","M","?","E","R","E","T","?","$","?","M","E","R","BOSS","M","?","?","M","M","E","R","$","T","$","M","M","M","E","R","BOSS","BOSS","R","$","E","BOSS"],"items_purchased_type":["Card","Relic","Card","Card","Relic","Card","Card"],"build_version":"2020-12-22","purchased_purges":2,"victory":true,"max_hp_per_floor":[68,68,68,68,68,68,68,68,68,68,68,68,68,68,68,68,68,68,68,68,68,68,68,68,68,68,68,68,68,68,68,68,68,68,68,73,73,73,73,73,73,70,70,70,70,70,70,70,70,70,70,70,70,70,70,70],"relic_stats":{"Centennial Puzzle":[24],"counters":[31,149],"Bird Faced Urn":[34],"Snecko Eye":[154,178,180,153],"Yang":[233],"Whetstone":[],"Boot":[18],"Cursed Key":1,"obtain_stats":[{"Yang":14,"Whetstone":48,"Sling":19,"Boot":25,"Cursed Key":34,"White Beast Statue":9,"Du-Vu Doll":7,"Centennial Puzzle":26,"CaptainsWheel":31,"HornCleat":23,"DollysMirror":42,"betterThird:SlimedRelic":3,"Bird Faced Urn":40,"Snecko Eye":17,"Bag of Marbles":55,"PureWater":0},{"Yang":8,"Whetstone":27,"Sling":10,"Boot":14,"Cursed Key":18,"White Beast Statue":4,"Du-Vu Doll":3,"Centennial Puzzle":14,"CaptainsWheel":17,"HornCleat":13,"DollysMirror":23,"betterThird:SlimedRelic":1,"Bird Faced Urn":23,"Snecko Eye":9,"Bag of Marbles":30,"PureWater":0},{"Yang":37,"Whetstone":122,"Sling":53,"Boot":71,"Cursed Key":93,"White Beast Statue":17,"Du-Vu Doll":13,"Centennial Puzzle":71,"CaptainsWheel":87,"HornCleat":66,"DollysMirror":105,"betterThird:SlimedRelic":2,"Bird Faced Urn":105,"Snecko Eye":50,"Bag of Marbles":141,"PureWater":0}]},"card_choices":[{"not_picked":["Evaluate","JustLucky"],"picked":"EmptyBody","floor":1},{"not_picked":["Fasting2","Perseverance"],"picked":"Wallop","floor":5},{"not_picked":["Halt","FlurryOfBlows"],"picked":"Vault","floor":7},{"not_picked":["Evaluate","ClearTheMind"],"picked":"Protect","floor":8},{"not_picked":["PathToVictory","Nirvana"],"picked":"BowlingBash","floor":10},{"not_picked":["FollowUp","ThirdEye"],"picked":"ClearTheMind","floor":11},{"not_picked":["PathToVictory","EmptyFist"],"picked":"Wallop","floor":12},{"not_picked":["CutThroughFate","ReachHeaven"],"picked":"Prostrate","floor":14},{"not_picked":["Alpha","MasterReality"],"picked":"DevaForm","floor":16},{"not_picked":["Study+1","Evaluate","FlyingSleeves"],"picked":"SKIP","floor":18},{"not_picked":["ThirdEye","EmptyFist"],"picked":"Tantrum","floor":20},{"not_picked":["Evaluate","ClearTheMind"],"picked":"EmptyFist","floor":21},{"not_picked":["Nirvana","FollowUp"],"picked":"Omniscience","floor":23},{"not_picked":["CrushJoints","Prostrate","JustLucky"],"picked":"SKIP","floor":25},{"not_picked":["Pray","Halt","SandsOfTime"],"picked":"SKIP","floor":27},{"not_picked":["WreathOfFlame","Conclude","PathToVictory+1"],"picked":"SKIP","floor":30},{"not_picked":["BattleHymn","Conclude"],"picked":"TalkToTheHand+1","floor":31},{"not_picked":["Devotion","Blasphemy"],"picked":"Ragnarok","floor":33},{"not_picked":["ThirdEye","SignatureMove","EmptyFist"],"picked":"SKIP","floor":35},{"not_picked":["ThirdEye","FlyingSleeves+1","EmptyBody"],"picked":"SKIP","floor":36},{"not_picked":["BattleHymn+1","MentalFortress","EmptyBody"],"picked":"SKIP","floor":38},{"not_picked":["Halt","WheelKick","Vengeance"],"picked":"SKIP","floor":39},{"not_picked":["Consecrate","SashWhip"],"picked":"Fasting2+1","floor":40},{"not_picked":["Crescendo+1","BowlingBash"],"picked":"TalkToTheHand+1","floor":45},{"not_picked":["Crescendo+1","ConjureBlade"],"picked":"Swivel+1","floor":46},{"not_picked":["Evaluate","EmptyFist"],"picked":"Protect","floor":47},{"not_picked":["SashWhip","JustLucky"],"picked":"ConjureBlade","floor":48},{"not_picked":["Vengeance+1","Indignation","Protect"],"picked":"SKIP","floor":55}],"player_experience":1022610,"relics_obtained":[{"floor":7,"key":"Du-Vu Doll"},{"floor":9,"key":"White Beast Statue"},{"floor":14,"key":"Yang"},{"floor":23,"key":"HornCleat"},{"floor":25,"key":"Boot"},{"floor":26,"key":"Centennial Puzzle"},{"floor":31,"key":"CaptainsWheel"},{"floor":40,"key":"Bird Faced Urn"},{"floor":48,"key":"Whetstone"},{"floor":55,"key":"Bag of Marbles"}],"event_choices":[{"damage_healed":0,"gold_gain":0,"player_choice":"Slimed","damage_taken":11,"max_hp_gain":0,"max_hp_loss":0,"event_name":"betterThird:BetterGoop","floor":3,"gold_loss":27},{"damage_healed":0,"gold_gain":0,"cards_transformed":["Strike_P"],"player_choice":"Transformed","damage_taken":0,"max_hp_gain":0,"max_hp_loss":0,"event_name":"Transmorgrifier","floor":4,"gold_loss":0,"cards_obtained":["Indignation"]},{"damage_healed":0,"gold_gain":0,"player_choice":"Bought 0 Potions","damage_taken":0,"max_hp_gain":0,"max_hp_loss":0,"event_name":"The Woman in Blue","floor":22,"gold_loss":0},{"damage_healed":0,"gold_gain":0,"player_choice":"0 cards matched","damage_taken":0,"max_hp_gain":0,"max_hp_loss":0,"event_name":"Match and Keep!","floor":29,"gold_loss":0,"cards_obtained":[]},{"damage_healed":0,"gold_gain":0,"player_choice":"1 cards matched","damage_taken":0,"max_hp_gain":0,"max_hp_loss":0,"event_name":"Match and Keep!","floor":37,"gold_loss":0,"cards_obtained":["Omniscience"]}],"is_beta":false,"boss_relics":[{"not_picked":["Fusion Hammer","Tiny House"],"picked":"Snecko Eye"},{"not_picked":["aspiration:RunicSpoon","Pandora\u0027s Box"],"picked":"Cursed Key"}],"items_purged_floors":[19,42],"is_endless":false,"potions_floor_spawned":[7,8,10,11,12,14,16,18,20,21,23,25,27,30,31,33,35,36,38,39,40,45,46,47,48,55],"ascension_level":20}}