{"host":"udyc8f81k2jocuhg","time":1609335002,"event":{"mods":["2.2 Compatiblity","BaseMod","Better Third Choice","Colored Powertips","Conspire","Custom Start","GifTheSpireLib","Hermit","Minty Spire (QoL Compilation)","Permanent Neow","Quick Restart","Relic Filter","Relic Stats","Replay The Spire","Shop Mod","Spikes Relics","StSLib","Stuff the Spire"],"gold_per_floor":[110,126,142,142,123,158,176,208,208,220,238,238,251,251,251,322,322,342,282,282,282],"floor_reached":20,"playtime":1053,"items_purged":[],"score":373,"play_id":"c60530b3-caea-4498-b805-1ada8d435750","local_time":"20201230143002","is_ascension_mode":true,"campfire_choices":[{"floor":12,"key":"REST"},{"floor":15,"key":"REST"}],"circlet_count":0,"master_deck":["AscendersBane","Strike_B","Strike_B","Strike_B","Strike_B","Defend_B","Defend_B","Defend_B","Defend_B","Zap","Dualcast","Ball Lightning","Clumsy","Consume","White Noise","ReplayTheSpireMod:Calculation Training","Echo Form","Regret","Seek","StuffTheSpire:Coldhearted+1"],"relics":["Inserter","Ring of Peace","Durian","Gremlin Horn","StuffTheSpire:RedRose"],"acts_visited":["Exordium","TheCity"],"potions_floor_usage":[6,6,11,16,19],"damage_taken":[{"damage":0,"enemies":"Small Slimes","floor":1,"turns":3},{"damage":5,"enemies":"conspire:RoseBush","floor":2,"turns":5},{"damage":0,"enemies":"2 Louse","floor":3,"turns":2},{"damage":8,"enemies":"Exordium Thugs","floor":5,"turns":5},{"damage":0,"enemies":"Gremlin Nob","floor":6,"turns":4},{"damage":0,"enemies":"Large Slime","floor":7,"turns":5},{"damage":50,"enemies":"3 Sentries","floor":8,"turns":8},{"damage":0,"enemies":"Looter","floor":10,"turns":3},{"damage":0,"enemies":"Exordium Wildlife","floor":11,"turns":5},{"damage":25,"enemies":"Gremlin Gang","floor":13,"turns":4},{"damage":15,"enemies":"Hexaghost","floor":16,"turns":8},{"damage":41,"enemies":"Shell Parasite","floor":18,"turns":6},{"damage":0,"enemies":"2 Thieves","floor":19,"turns":4},{"damage":29,"enemies":"3 Cultists","floor":20,"turns":4}],"seed_played":"648414028303493068","potions_obtained":[{"floor":1,"key":"BlessingOfTheForge"},{"floor":5,"key":"ColorlessPotion"},{"floor":6,"key":"EssenceOfSteel"},{"floor":13,"key":"LifebloodPotion"},{"floor":16,"key":"BlessingOfTheForge"}],"is_trial":false,"path_per_floor":["M","M","M","?","M","E","M","E","T","M","M","R","M","?","R","B",null,"M","M","M"],"character_chosen":"DEFECT","items_purchased":[],"campfire_rested":2,"item_purchase_floors":[],"current_hp_per_floor":[64,59,59,59,51,56,56,6,6,6,6,28,3,3,25,10,60,19,19,0,0],"gold":282,"neow_bonus":"BOSS_RELIC","is_daily":false,"chose_seed":false,"campfire_upgraded":0,"win_rate":0.0,"timestamp":1609335002,"path_taken":["M","M","M","?","M","E","M","E","T","M","M","R","M","?","R","BOSS","M","M","M"],"items_purchased_type":[],"build_version":"2020-12-22","purchased_purges":0,"victory":false,"max_hp_per_floor":[71,71,71,71,71,76,76,76,76,76,76,76,76,76,76,76,76,76,76,76,76],"relic_stats":{"Inserter":[33],"Gremlin Horn":[4,4],"counters":[14,66],"obtain_stats":[{"Inserter":0,"Gremlin Horn":8,"Ring of Peace":4,"Durian":6,"StuffTheSpire:RedRose":14,"Cracked Core":0},{"Inserter":0,"Gremlin Horn":7,"Ring of Peace":3,"Durian":5,"StuffTheSpire:RedRose":10,"Cracked Core":0},{"Inserter":0,"Gremlin Horn":32,"Ring of Peace":10,"Durian":19,"StuffTheSpire:RedRose":44,"Cracked Core":0}]},"card_choices":[{"not_picked":["FIFO Queue","Beam Cell"],"picked":"Ball Lightning","floor":1},{"not_picked":["StuffTheSpire:NuclearReactor","StuffTheSpire:LoadUp","ReplayTheSpireMod:Reroute Power"],"picked":"SKIP","floor":2},{"not_picked":["Stack","Panic Button","Streamline"],"picked":"SKIP","floor":3},{"not_picked":["Capacitor","Streamline","Beam Cell"],"picked":"SKIP","floor":5},{"not_picked":["StuffTheSpire:ForEach","FIFO Queue","Stack"],"picked":"SKIP","floor":6},{"not_picked":["Panic Button","StuffTheSpire:LoadUp","Gash"],"picked":"SKIP","floor":7},{"not_picked":["StuffTheSpire:LoadUp","Go for the Eyes"],"picked":"Consume","floor":8},{"not_picked":["Sweeping Beam","ReplayGash"],"picked":"White Noise","floor":10},{"not_picked":["Redo","Time Bomb"],"picked":"ReplayTheSpireMod:Calculation Training","floor":11},{"not_picked":["Gash","Skim"],"picked":"Echo Form","floor":13},{"not_picked":["Rainbow","All For One"],"picked":"Seek","floor":16},{"not_picked":["White Noise+1","Go for the Eyes"],"picked":"StuffTheSpire:Coldhearted+1","floor":18},{"not_picked":["Ball Lightning","Stack","Turbo+1"],"picked":"SKIP","floor":19}],"player_experience":1938479,"relics_obtained":[{"floor":4,"key":"Ring of Peace"},{"floor":6,"key":"Durian"},{"floor":8,"key":"Gremlin Horn"}],"event_choices":[],"is_beta":false,"boss_relics":[{"not_picked":["conspire:SlowCooker","StuffTheSpire:Kangaroo","Ring of Chaos"]}],"items_purged_floors":[],"is_endless":false,"potions_floor_spawned":[1,5,6,13,16],"killed_by":"3 Cultists","ascension_level":15}}