{"host":"u0f5uy314yz7olfc","time":1609313812,"event":{"mods":["AchievementEnabler","Aspiration","BaseMod","Better Altar","Better Match","Better Note","Better Sensory Stone","Better Skull","Better Third Choice","BetterRewards","Block Reminder","Colored Map","Colored Powertips","DeckTracker","Dota2Spire","Emptier Cage","Gold Saver","Highlight Path","Hubris","Infinite Spire","Marked Mod","Mimic Mod","Minty Spire (QoL Compilation)","Permanent Neow","Quick Restart","Rare Cards Sparkle","Relic Sorter","Replay The Spire","Shop Mod","StSLib","The Bladedancer","The Blue Laboratory","Watcher Patcher"],"gold_per_floor":[116,134,144,0,30,45,72,27,101,101,101,233,233,10,10,110,110,120,120,120,120,113,140,103,103,130,130,143,155,155,0,0,132,132,148,193,233,233,253,253,280,330,390,390,410,451,476,519,519,549],"floor_reached":51,"playtime":3290,"items_purged":[],"score":925,"play_id":"38e1803b-0579-4a04-bb58-c7b50f42a73b","local_time":"20201230143652","daily_mods":["Specialized","Allstar","Heirloom"],"is_ascension_mode":false,"campfire_choices":[{"data":"blademaster:Breeze","floor":25,"key":"SMITH"},{"data":"blademaster:Vortex","floor":27,"key":"SMITH"},{"floor":32,"key":"REST"},{"floor":40,"key":"REST"},{"data":"hubris:Fate","floor":44,"key":"SMITH"},{"data":"blademaster:AspectOfLightning","floor":49,"key":"SMITH"}],"circlet_count":0,"master_deck":["blademaster:Strike","blademaster:Strike","blademaster:Strike","blademaster:Strike","blademaster:Defend","blademaster:Defend","blademaster:Defend","blademaster:Defend","blademaster:RagingBlow","blademaster:HighVoltage","blademaster:Havoc","blademaster:Havoc","blademaster:Havoc","blademaster:Havoc","blademaster:Havoc","BattleHymn","hubris:Ssssneak","Replay:Dark Deal","Dark Shackles","blademaster:BloodyBlow","blademaster:DragonStrike","blademaster:Vortex+1","blademaster:AspectOfLightning+1","blademaster:Cut","blademaster:Stability","blademaster:CullingStrike","blademaster:Rupture","blademaster:Breeze","blademaster:FuriousStrike","blademaster:CombatPrep","blademaster:CombatPrep","blademaster:Stability","blademaster:Flurry","blademaster:HighVoltage","blademaster:LightningCrash","blademaster:BladeDance","CurseOfTheBell","blademaster:AspectOfWind+1","hubris:InfiniteBlow+1","blademaster:Cut","blademaster:Stability","blademaster:Breeze+1","blademaster:BladeMastery","blademaster:ChargingUp","blademaster:EyeOfTheStorm","hubris:Fate+1","blademaster:SlyStabs","blademaster:SlyStabs","blademaster:Flurry","blademaster:RollingTyphoon","blademaster:Havoc+1","blademaster:ThunderSlash+1","blademaster:Cut","Voices","Parasite","blademaster:Sharpen","blademaster:BloodyBlow","blademaster:AwakeningDefend+1","hubris:NaturalOne","blademaster:LightningDraw","blademaster:SharpBlades+1","blademaster:Stability+1","blademaster:EyeOfTheTornado","blademaster:CullingStrike+1"],"relics":["blademaster:DancersAmulet","Dota2Spire:ShadowBlade","infinitespire:EmpoweringShard","hubris:Icosahedron","MerchantsRug","Incense Burner","HornCleat","Anchor","Boot","Nunchaku","Dota2Spire:HandOfMidas","SlaversCollar","Ring of Fury","Replay:Wax Seal","Dota2Spire:Mjollnir","Dota2Spire:AssaultCuirass","hubris:PeanutButter"],"acts_visited":["Exordium","TheCity","TheBeyond"],"potions_floor_usage":[5,16,28,29,46,46,46],"damage_taken":[{"damage":0,"enemies":"Cultist","floor":1,"turns":2},{"damage":0,"enemies":"Small Slimes","floor":2,"turns":3},{"damage":10,"enemies":"Jaw Worm","floor":3,"turns":3},{"damage":0,"enemies":"Blue Slaver","floor":5,"turns":4},{"damage":14,"enemies":"Blue Slaver","floor":6,"turns":4},{"damage":0,"enemies":"Gremlin Nob","floor":7,"turns":2},{"damage":4,"enemies":"Large Slime","floor":12,"turns":3},{"damage":16,"enemies":"Slime Boss","floor":16,"turns":8},{"damage":11,"enemies":"2 Thieves","floor":18,"turns":4},{"damage":0,"enemies":"Gremlin Leader","floor":23,"turns":1},{"damage":0,"enemies":"3 Byrds","floor":24,"turns":2},{"damage":21,"enemies":"Snake Plant","floor":28,"turns":5},{"damage":0,"enemies":"Snecko","floor":29,"turns":3},{"damage":47,"enemies":"Collector","floor":33,"turns":6},{"damage":0,"enemies":"Orb Walker","floor":35,"turns":3},{"damage":0,"enemies":"3 Darklings","floor":36,"turns":3},{"damage":11,"enemies":"Spire Growth","floor":37,"turns":4},{"damage":21,"enemies":"Writhing Mass","floor":39,"turns":4},{"damage":0,"enemies":"Giant Head","floor":41,"turns":2},{"damage":0,"enemies":"Mind Bloom Boss Battle","floor":42,"turns":1},{"damage":0,"enemies":"Jaw Worm Horde","floor":43,"turns":4},{"damage":5,"enemies":"Jaw Worm Horde","floor":45,"turns":3},{"damage":0,"enemies":"Transient","floor":46,"turns":5},{"damage":42,"enemies":"Nemesis","floor":47,"turns":4},{"damage":0,"enemies":"Sphere and 2 Shapes","floor":48,"turns":3},{"damage":29,"enemies":"Awakened One","floor":50,"turns":8}],"seed_played":"-6509154583134446449","potions_obtained":[{"floor":2,"key":"Dota2Spire:HealingSalve"},{"floor":3,"key":"ColorlessPotion"},{"floor":7,"key":"blueLaboratory:PhilterOfMotion"},{"floor":16,"key":"blueLaboratory:PolymorphPotion"},{"floor":28,"key":"AttackPotion"},{"floor":35,"key":"GamblersBrew"},{"floor":37,"key":"blueLaboratory:SavagePotion"},{"floor":45,"key":"blueLaboratory:HorrorPotion"},{"floor":46,"key":"Languid Potion"}],"is_trial":true,"path_per_floor":["M","M","M","$","MIM","M","E","$","T","R","?","MIM","?","$","R_BF","B",null,"M","AVR","?","?","$","E","M","R","T","R","M","M","?","$","R","B",null,"M","M","M","?","M","R","E","?","MIM","R","M","M","E","M","R_BF","B",null],"character_chosen":"THE_BLADEMASTER","items_purchased":["blademaster:AspectOfLightning","blademaster:Cut","blademaster:Stability","blademaster:FuriousStrike","MerchantsRug","Orrery","blademaster:Cut","blademaster:Stability","Dota2Spire:HandOfMidas","blademaster:SlyStabs","blademaster:Flurry"],"campfire_rested":2,"item_purchase_floors":[4,4,4,8,14,14,22,22,31,31,31],"current_hp_per_floor":[75,75,65,65,65,51,51,51,51,51,51,47,69,69,75,59,75,64,64,64,64,64,64,64,64,64,64,46,46,46,46,68,21,75,75,75,64,64,43,65,65,65,65,65,66,72,36,42,42,19],"gold":549,"neow_bonus":"","is_daily":false,"chose_seed":false,"campfire_upgraded":4,"win_rate":0.0,"timestamp":1609313812,"path_taken":["M","?","M","$","?","M","E","$","T","R","?","?","?","$","R_BF","BOSS","M","AVR","?","?","$","E","M","R","T","R","?","?","?","$","R","BOSS","M","M","?","?","M","R","E","?","MIM","R","?","M","E","M","R_BF","BOSS"],"items_purchased_type":["Card","Card","Card","Card","Relic","Relic","Card","Card","Relic","Card","Card"],"build_version":"2020-12-22","purchased_purges":0,"victory":true,"max_hp_per_floor":[75,75,75,75,75,75,75,75,75,75,75,75,75,75,75,75,75,75,75,75,75,75,75,75,75,75,75,75,75,75,75,75,75,75,75,75,75,75,75,75,75,75,75,75,75,75,75,75,75,75],"card_choices":[{"not_picked":["blademaster:Safeguard","blademaster:IcyWind"],"picked":"blademaster:BloodyBlow","floor":1},{"not_picked":["blademaster:AirSlash","blademaster:EyeOfTheTornado"],"picked":"blademaster:DragonStrike","floor":2},{"not_picked":["blademaster:AspectOfWind","blademaster:DaggerAndCloak"],"picked":"blademaster:Vortex","floor":3},{"not_picked":["blademaster:Sunder","blademaster:AwakeningStrike"],"picked":"blademaster:CullingStrike","floor":5},{"not_picked":["blademaster:IcyWind","blademaster:ThunderSlash"],"picked":"blademaster:Rupture","floor":6},{"not_picked":["blademaster:AwakeningStrike","blademaster:Sunder"],"picked":"blademaster:Breeze","floor":7},{"not_picked":["blademaster:CullingStrike","blademaster:SlyStabs"],"picked":"blademaster:CombatPrep","floor":12},{"not_picked":["blademaster:DragonStrike","blademaster:SlyStabs"],"picked":"blademaster:CombatPrep","floor":14},{"not_picked":["blademaster:Breeze","blademaster:Hailwind"],"picked":"blademaster:Stability","floor":14},{"not_picked":["blademaster:WindSlash","blademaster:Gust"],"picked":"blademaster:Flurry","floor":14},{"not_picked":["blademaster:Sunder","blademaster:ParryingStrike"],"picked":"blademaster:HighVoltage","floor":14},{"not_picked":["blademaster:CombatPrep","blademaster:Frenzy"],"picked":"blademaster:LightningCrash","floor":14},{"not_picked":["blademaster:HighVoltage","blademaster:StanceMastery"],"picked":"blademaster:BladeDance","floor":16},{"not_picked":["blademaster:Breeze","blademaster:Stability"],"picked":"blademaster:AspectOfWind+1","floor":18},{"not_picked":["blademaster:IcyWind","blademaster:AwakeningDefend+1"],"picked":"blademaster:Breeze","floor":23},{"not_picked":["blademaster:AwakeningStrike","blademaster:ThunderingOpener"],"picked":"blademaster:BladeMastery","floor":24},{"not_picked":["blademaster:KiBarrier+1","blademaster:Gust"],"picked":"blademaster:ChargingUp","floor":28},{"not_picked":["blademaster:Frontflip","blademaster:SlyStabs"],"picked":"blademaster:EyeOfTheStorm","floor":29},{"not_picked":["blademaster:BladeDance","blademaster:ThreePointStrike"],"picked":"blademaster:RollingTyphoon","floor":33},{"not_picked":["blademaster:Flurry+1","blademaster:LeechingStrike+1"],"picked":"blademaster:Havoc+1","floor":35},{"not_picked":["blademaster:AirSlash+1","blademaster:CombatPrep+1"],"picked":"blademaster:ThunderSlash+1","floor":36},{"not_picked":["blademaster:Flurry","blademaster:LeechingStrike"],"picked":"blademaster:Cut","floor":37},{"not_picked":["blademaster:Gust","blademaster:FuryOfTheElements"],"picked":"blademaster:Sharpen","floor":39},{"not_picked":["blademaster:FlockOfBlades","blademaster:AspectOfWind+1"],"picked":"blademaster:BloodyBlow","floor":41},{"not_picked":["blademaster:Quickstep+1","blademaster:Overcharge+1"],"picked":"blademaster:AwakeningDefend+1","floor":42},{"not_picked":["blademaster:Sunder","blademaster:AncestralHealing"],"picked":"blademaster:LightningDraw","floor":43},{"not_picked":["blademaster:Thrust+1","blademaster:DancingEdge+1"],"picked":"blademaster:SharpBlades+1","floor":45},{"not_picked":["blademaster:LightningCrash","blademaster:SlyStabs"],"picked":"blademaster:Stability+1","floor":46},{"not_picked":["blademaster:SlyStabs","blademaster:AspectOfWind"],"picked":"blademaster:EyeOfTheTornado","floor":47},{"not_picked":["blademaster:AwakeningDefend+1","blademaster:AspectOfWind"],"picked":"blademaster:CullingStrike+1","floor":48}],"player_experience":372829,"relics_obtained":[{"floor":7,"key":"hubris:CrystalStatue"},{"floor":7,"key":"blademaster:BleedingMoreDamagePerk"},{"floor":9,"key":"infinitespire:EmpoweringShard"},{"floor":12,"key":"Dota2Spire:ShadowBlade"},{"floor":12,"key":"blademaster:OnAttackedChargePerk"},{"floor":17,"key":"Incense Burner"},{"floor":17,"key":"HornCleat"},{"floor":17,"key":"Anchor"},{"floor":23,"key":"Boot"},{"floor":23,"key":"blademaster:RandomBladePerk"},{"floor":26,"key":"Nunchaku"},{"floor":38,"key":"Ring of Fury"},{"floor":41,"key":"Replay:Wax Seal"},{"floor":41,"key":"blademaster:FinisherDrawCardPerk"},{"floor":42,"key":"Dota2Spire:Mjollnir"},{"floor":42,"key":"blademaster:ComboEveryTurnPerk"},{"floor":43,"key":"Dota2Spire:AssaultCuirass"},{"floor":43,"key":"blademaster:StanceHealPerk"},{"floor":47,"key":"hubris:PeanutButter"},{"floor":47,"key":"blademaster:StrongPerk"}],"event_choices":[{"cards_removed":["Omniscience"],"damage_healed":0,"gold_gain":0,"player_choice":"Purged","damage_taken":0,"max_hp_gain":0,"max_hp_loss":0,"event_name":"Purifier","floor":20,"gold_loss":0},{"damage_healed":0,"gold_gain":0,"player_choice":"Forge","damage_taken":0,"max_hp_gain":0,"max_hp_loss":0,"event_name":"Accursed Blacksmith","floor":21,"gold_loss":0,"cards_upgraded":["hubris:InfiniteBlow"]},{"cards_removed":["blademaster:CombatPrep"],"damage_healed":0,"gold_gain":0,"player_choice":"Take \u0026 Give","damage_taken":0,"max_hp_gain":0,"max_hp_loss":0,"event_name":"betterNote:BetterNote","floor":30,"gold_loss":0,"cards_obtained":["hubris:Fate"]},{"damage_healed":0,"gold_gain":0,"player_choice":"Fight","damage_taken":0,"max_hp_gain":0,"max_hp_loss":0,"event_name":"MindBloom","floor":42,"gold_loss":0}],"is_beta":false,"boss_relics":[{"not_picked":["hubris:TerracottaHorce","aspiration:RunicSpoon"],"picked":"Calling Bell"},{"not_picked":["Coffee Dripper","Painkiller Herb"],"picked":"SlaversCollar"}],"items_purged_floors":[],"is_endless":false,"potions_floor_spawned":[2,3,7,16,28,35,37,45,46],"ascension_level":0}}