{"host":"tr12w2fixbnujl15","time":1609352071,"event":{"mods":["2.2 Compatiblity","BaseMod","Better Skull","BetterRewards","CatGirl Mod","Colored Powertips","Hubris","Infinite Spire","Jorbs\u0027s Wanderer Trilogy","Luminous","Minty Spire (QoL Compilation)","Quick Restart","Reimu??????","Replay The Spire","StSLib","SuperFastMode","Td1madao Mod","The Animator","The Sage","The Spell Scribe","WarShipGirlsR/????R mod"],"gold_per_floor":[110,110,134,145,158,158,5,18,18,18,34,5,40,54,54,156,156,169,169,183,183,183,213,213,242,269,279,329,329,348,138,138,248,248,279,314,314,314,352,352,387,426,451,451,451,497,543,19,19,19],"floor_reached":51,"playtime":1902,"items_purged":[],"score":1264,"play_id":"3fea1d04-d19c-4b0a-bcfb-62f34c9c73ea","local_time":"20201230131431","is_ascension_mode":false,"campfire_choices":[{"floor":6,"key":"REST"},{"floor":10,"key":"REST"},{"data":"hubris:Fate","floor":24,"key":"SMITH"},{"data":"BasicCrystalCard","floor":29,"key":"SMITH"},{"data":"Storm","floor":32,"key":"SMITH"},{"floor":40,"key":"REST"},{"floor":49,"key":"REST"}],"circlet_count":0,"master_deck":["Strike_B","Strike_B","Strike_B+1","Strike_B+1","Defend_B+1","Defend_B","Defend_B","Zap","Dualcast+1","Static Discharge","Chill+1","FTL","Darkness","Compile Driver","Static Discharge","White Noise","Sweeping Beam","Glacier","Coolheaded","Storm+1","White Noise","Consume","Creative AI","Heatsinks+1","Chaos","Redo","Rip and Tear","hubris:Fate+1","hubris:NaturalOne","BasicCrystalCard+1","Loop","Lockon","Defragment+1","Cold Snap+1","Melter","Compile Driver+1","Loop","Barrage","Barrage","ReplayRNGCard+1","Amnesia","Amplify","Replay:BasicMightCard","infinitespire:UltimateForm","Loop","Gash+1","Compile Driver+1","Chill","Capacitor","Metamorphosis","Flash of Steel","Replay:Dark Deal","Compile Driver","Ball Lightning+1","Compile Driver","Sweeping Beam+1","Creative AI","Lockon","hubris:Rewind","hubris:Fate","infinitespire:Oblivion","Chill","ReplayGash+1","Cold Snap","BootSequence+1","Amplify","Ball Lightning","Ball Lightning","Compile Driver+1","Buffer","Dramatic Entrance"],"relics":["Cracked Core","Thread and Needle","Replay:Ringing Soul","hubris:Icosahedron","Gremlin Food","Blue Doll","Bag of Marbles","Prayer Wheel","hubris:BlackHole","Replay:Frozen Program","hubris:TenFootPole","Mummified Hand","Bag of Preparation","Replay:Wax Seal","infinitespire:EvilPickle","ReplayTheSpireMod:SealedPack","RuthlessExorcism:ReiMu","InkBottle","Simple Rune"],"acts_visited":["Exordium","TheCity","TheBeyond"],"potions_floor_usage":[14,16,16,16,33],"damage_taken":[{"damage":0,"enemies":"Small Slimes","floor":1,"turns":3},{"damage":0,"enemies":"Jaw Worm","floor":4,"turns":3},{"damage":3,"enemies":"Cultist","floor":5,"turns":4},{"damage":13,"enemies":"Blue Slaver","floor":8,"turns":3},{"damage":6,"enemies":"Looter","floor":11,"turns":2},{"damage":5,"enemies":"3 Sentries","floor":13,"turns":4},{"damage":0,"enemies":"Lots of Slimes","floor":14,"turns":2},{"damage":7,"enemies":"Slime Boss","floor":16,"turns":14},{"damage":0,"enemies":"Spheric Guardian","floor":18,"turns":3},{"damage":0,"enemies":"Chosen","floor":20,"turns":3},{"damage":9,"enemies":"Slavers","floor":23,"turns":4},{"damage":0,"enemies":"Book of Stabbing","floor":25,"turns":2},{"damage":0,"enemies":"Centurion and Healer","floor":27,"turns":4},{"damage":1,"enemies":"Snake Plant","floor":30,"turns":2},{"damage":0,"enemies":"Pondfish","floor":33,"turns":6},{"damage":5,"enemies":"3 Shapes","floor":35,"turns":3},{"damage":6,"enemies":"Orb Walker","floor":36,"turns":3},{"damage":24,"enemies":"Jaw Worm Horde","floor":39,"turns":3},{"damage":4,"enemies":"Sphere and 2 Shapes","floor":41,"turns":3},{"damage":3,"enemies":"4 Shapes","floor":42,"turns":3},{"damage":17,"enemies":"Maw","floor":46,"turns":2},{"damage":0,"enemies":"Spire Growth","floor":47,"turns":1},{"damage":0,"enemies":"hubris:GrandSnecko","floor":50,"turns":2}],"seed_played":"-6046493907684672233","potions_obtained":[{"floor":1,"key":"Explosive Potion"},{"floor":5,"key":"SteroidPotion"},{"floor":13,"key":"SpeedPotion"},{"floor":14,"key":"MagicPotion:ReiMu"},{"floor":16,"key":"SpeedPotion"},{"floor":18,"key":"SneckoOil"},{"floor":20,"key":"ZuzhouPotion:ReiMu"},{"floor":23,"key":"FairyPotion"},{"floor":36,"key":"LiquidMemories"},{"floor":46,"key":"FocusPotion"}],"is_trial":false,"path_per_floor":["M","?","T","M","M","R","$","M","T","R","M","$","E","M","R","B",null,"M","?","M","?","AVR","E","R","E","T","M","?","R","M","$","R","B",null,"M","M","?","?","M","R","M","M","T","?","AVR","M","M","$","R","B",null],"character_chosen":"DEFECT","items_purchased":["Static Discharge","Chill","Replay:Ringing Soul","FTL","Blue Doll","Storm","Replay:Wax Seal","Compile Driver+1","Loop","Barrage","Amplify","Ball Lightning","Compile Driver+1","Buffer","Simple Rune","Dramatic Entrance"],"campfire_rested":4,"item_purchase_floors":[0,0,0,0,7,12,31,31,31,31,48,48,48,48,48,48],"current_hp_per_floor":[81,81,81,84,84,87,87,77,77,90,87,90,88,91,94,90,108,111,111,114,114,117,111,111,114,114,117,117,117,119,122,122,125,138,136,133,136,134,113,153,152,152,152,152,155,141,144,147,171,171],"gold":19,"neow_bonus":"","is_daily":false,"chose_seed":false,"campfire_upgraded":3,"win_rate":0.0,"timestamp":1609352071,"path_taken":["M","?","?","?","M","R","$","M","T","R","M","$","E","M","R","BOSS","M","?","M","?","AVR","E","R","E","T","M","?","R","M","$","R","BOSS","M","?","?","?","M","R","M","M","T","?","AVR","M","M","$","R","BOSS"],"items_purchased_type":["Card","Card","Relic","Card","Relic","Card","Relic","Card","Card","Card","Card","Card","Card","Card","Relic","Card"],"build_version":"2020-12-22","purchased_purges":0,"victory":true,"max_hp_per_floor":[81,81,81,84,87,87,87,90,90,90,93,96,99,102,105,108,108,111,111,114,114,117,120,120,123,123,126,126,126,129,132,132,135,138,141,144,147,150,153,153,156,159,159,159,162,165,168,171,171,171],"card_choices":[{"not_picked":["Leap","Loop"],"picked":"White Noise","floor":1},{"not_picked":["Ball Lightning","Barrage"],"picked":"Sweeping Beam","floor":4},{"not_picked":["Barrage","Cold Snap"],"picked":"Reprogram","floor":5},{"not_picked":["Sunder","Gash"],"picked":"Glacier","floor":8},{"not_picked":["Redo","Conserve Battery"],"picked":"Coolheaded","floor":11},{"not_picked":["Coolheaded","Steam"],"picked":"White Noise","floor":13},{"not_picked":["Redo","Beam Cell"],"picked":"ReplayTheSpireMod:Fabricate Wheel","floor":14},{"not_picked":["Biased Cognition","ReplayTheSpireMod:Omega Cannon"],"picked":"Creative AI","floor":16},{"not_picked":["Blizzard","hubris:Ukulele+1"],"picked":"Heatsinks+1","floor":18},{"not_picked":["Beam Cell","Stack"],"picked":"Chaos","floor":18},{"not_picked":["Compile Driver","ReplayTheSpireMod:Reroute Power"],"picked":"Redo","floor":20},{"not_picked":["Amplify","Rebound"],"picked":"Rip and Tear","floor":20},{"not_picked":["Panic Button+1","Steam Power"],"picked":"BasicCrystalCard","floor":23},{"not_picked":["ReplayTheSpireMod:Calculation Training+1","Thunder Strike"],"picked":"Loop","floor":25},{"not_picked":["Time Bomb+1","Go for the Eyes+1"],"picked":"Lockon","floor":27},{"not_picked":["Stack","Aggregate+1"],"picked":"Defragment+1","floor":27},{"not_picked":["ReplaySort+1","Stack"],"picked":"Cold Snap+1","floor":30},{"not_picked":["Beam Cell","Scrape+1"],"picked":"Melter","floor":30},{"not_picked":["All For One","Fission"],"picked":"ReplayRNGCard","floor":33},{"not_picked":["rmod:maingunfire","stsjorbsmod:FreshAdventure"],"picked":"Neutralize","floor":34},{"not_picked":["All For One","Buffer"],"picked":"Amplify","floor":34},{"not_picked":["Good Instincts","Blind"],"picked":"Replay:BasicMightCard","floor":34},{"not_picked":["infinitespire:NeuralNetwork","infinitespire:Collect"],"picked":"infinitespire:UltimateForm","floor":34},{"not_picked":["Ball Lightning+1","Steam+1"],"picked":"Loop","floor":35},{"not_picked":["Panic Button","Turbo"],"picked":"Gash+1","floor":35},{"not_picked":["Rebound+1","hubris:PowerSurge+1"],"picked":"Compile Driver+1","floor":36},{"not_picked":["ReplayTheSpireMod:Repulse+1","Conserve Battery+1"],"picked":"Chill","floor":36},{"not_picked":["hubris:Ssssneak","ReplayTheSpireMod:Uncanny Aura"],"picked":"Metamorphosis","floor":38},{"not_picked":["Good Instincts","hubris:Ssssneak"],"picked":"Flash of Steel","floor":38},{"not_picked":["Replay:Sssssssssstrike","hubris:Ssssneak"],"picked":"Replay:Dark Deal","floor":38},{"not_picked":["Steam+1","Blizzard"],"picked":"Compile Driver","floor":39},{"not_picked":["Fusion","Turbo+1"],"picked":"Ball Lightning+1","floor":39},{"not_picked":["Panic Button+1","Reprogram"],"picked":"Compile Driver","floor":41},{"not_picked":["Steam","Reprogram"],"picked":"Sweeping Beam+1","floor":41},{"not_picked":["Leap","Redo+1"],"picked":"Creative AI","floor":42},{"not_picked":["Compile Driver","Streamline+1"],"picked":"Lockon","floor":42},{"not_picked":["Steam+1","Skim"],"picked":"Chill","floor":46},{"not_picked":["Barrage","Consume+1"],"picked":"ReplayGash+1","floor":46},{"not_picked":["hubris:Prefetch","Melter"],"picked":"Cold Snap","floor":47},{"not_picked":["Undo","Beam Cell+1"],"picked":"BootSequence+1","floor":47}],"player_experience":14953,"relics_obtained":[{"floor":3,"key":"Gremlin Food"},{"floor":13,"key":"Bag of Marbles"},{"floor":23,"key":"hubris:TenFootPole"},{"floor":25,"key":"Mummified Hand"},{"floor":26,"key":"Bag of Preparation"},{"floor":43,"key":"RuthlessExorcism:ReiMu"}],"event_choices":[{"damage_healed":0,"gold_gain":0,"player_choice":"Ignored","damage_taken":0,"max_hp_gain":0,"max_hp_loss":0,"event_name":"Ghosts","floor":19,"gold_loss":0},{"damage_healed":0,"gold_gain":0,"player_choice":"Ignored","damage_taken":0,"max_hp_gain":0,"max_hp_loss":0,"event_name":"Cursed Tome","floor":21,"gold_loss":0},{"damage_healed":0,"gold_gain":100,"player_choice":"Bet on Murderer","damage_taken":0,"max_hp_gain":0,"max_hp_loss":0,"event_name":"The Joust","floor":28,"gold_loss":50},{"damage_healed":0,"gold_gain":0,"player_choice":"Memory 3","damage_taken":10,"max_hp_gain":0,"max_hp_loss":0,"event_name":"SensoryStone","floor":38,"gold_loss":0},{"cards_removed":["Neutralize"],"damage_healed":0,"gold_gain":0,"player_choice":"Card Removal","damage_taken":0,"max_hp_gain":0,"max_hp_loss":0,"event_name":"Wheel of Change","floor":44,"gold_loss":0}],"is_beta":false,"boss_relics":[{"not_picked":["hubris:ScarierMask","Velvet Choker"],"picked":"hubris:BlackHole"},{"not_picked":["Tiny House","hubris:VirtuousBlindfold"],"picked":"ReplayTheSpireMod:SealedPack"}],"items_purged_floors":[],"is_endless":false,"potions_floor_spawned":[1,5,13,14,16,18,20,23,36,42,46],"ascension_level":0}}