{"host":"dhyczjm99amxd3qx","time":1609291606,"event":{"mods":["BaseMod","Colored Map","Googly Eyes","Highlight Path","Minty Spire (QoL Compilation)","Quick Restart","StSLib"],"gold_per_floor":[118,137,137,147,159,189,189,204,250,32,44,44,44,44,44],"floor_reached":14,"playtime":751,"items_purged":["Strike_G"],"score":115,"play_id":"e7a174dc-b1b9-4974-b93f-eeb26f761905","local_time":"20201229202646","is_ascension_mode":true,"campfire_choices":[{"data":"Infinite Blades","floor":7,"key":"SMITH"},{"data":"A Thousand Cuts","floor":12,"key":"SMITH"}],"circlet_count":0,"master_deck":["Strike_G","Strike_G+1","Strike_G","Strike_G","Defend_G","Defend_G","Defend_G","Defend_G","Defend_G","Survivor","Neutralize+1","Blade Dance","Infinite Blades+1","Prepared","A Thousand Cuts+1","Blade Dance"],"relics":["Ring of the Snake","Kunai","Juzu Bracelet"],"acts_visited":["Exordium"],"potions_floor_usage":[5,14,14],"damage_taken":[{"damage":1.0,"enemies":"2 Louse","floor":1.0,"turns":3.0},{"damage":4.0,"enemies":"Jaw Worm","floor":2.0,"turns":5.0},{"damage":0,"enemies":"Cultist","floor":4,"turns":4},{"damage":9,"enemies":"Gremlin Gang","floor":5,"turns":6},{"damage":22,"enemies":"3 Sentries","floor":6,"turns":10},{"damage":6,"enemies":"Exordium Thugs","floor":8,"turns":6},{"damage":1,"enemies":"Exordium Wildlife","floor":11,"turns":4},{"damage":22,"enemies":"Gremlin Nob","floor":14,"turns":3}],"seed_played":"-91392780470523529","potions_obtained":[{"floor":4,"key":"LiquidMemories"},{"floor":5,"key":"Poison Potion"},{"floor":11,"key":"SkillPotion"}],"is_trial":false,"path_per_floor":["M","M","?","M","M","E","R","M","T","$","M","R","?","E"],"character_chosen":"THE_SILENT","items_purchased":["A Thousand Cuts"],"campfire_rested":0,"item_purchase_floors":[10],"current_hp_per_floor":[76,72,57,57,48,26,26,20,20,20,19,19,19,0,0],"gold":44,"neow_bonus":"TEN_PERCENT_HP_BONUS","is_daily":false,"chose_seed":false,"campfire_upgraded":2,"win_rate":0.0,"timestamp":1609291606,"path_taken":["M","M","?","M","M","E","R","M","T","$","M","R","?","E"],"items_purchased_type":["Card"],"build_version":"2020-12-22","purchased_purges":1,"victory":false,"max_hp_per_floor":[77,77,77,77,77,77,77,77,77,77,77,77,77,77,77],"card_choices":[{"not_picked":["Outmaneuver","Acrobatics","Choke"],"picked":"SKIP","floor":1.0},{"not_picked":["Outmaneuver","Deadly Poison"],"picked":"Blade Dance","floor":2.0},{"not_picked":["Deadly Poison","Flying Knee","Dash"],"picked":"SKIP","floor":4},{"not_picked":["Acrobatics","Poisoned Stab"],"picked":"Infinite Blades","floor":5},{"not_picked":["Flying Knee","Dagger Spray","Setup"],"picked":"SKIP","floor":6},{"not_picked":["Dash","Deflect"],"picked":"Prepared","floor":8},{"not_picked":["Footwork","Flying Knee"],"picked":"Blade Dance","floor":11}],"player_experience":196838,"relics_obtained":[{"floor":6,"key":"Kunai"},{"floor":9,"key":"Juzu Bracelet"}],"event_choices":[{"damage_healed":0.0,"max_hp_gain":0.0,"max_hp_loss":0.0,"gold_gain":0.0,"event_name":"Shining Light","player_choice":"Entered Light","floor":3.0,"gold_loss":0.0,"damage_taken":15.0,"cards_upgraded":["Strike_G","Neutralize"]},{"damage_healed":0,"gold_gain":0,"player_choice":"Ignored","damage_taken":0,"max_hp_gain":0,"max_hp_loss":0,"event_name":"Transmorgrifier","floor":13,"gold_loss":0}],"is_beta":false,"boss_relics":[],"items_purged_floors":[10],"is_endless":false,"potions_floor_spawned":[4,5,11],"killed_by":"Gremlin Nob","ascension_level":5}}