{"host":"1hv1kueuvc4r3rdp","time":1609348245,"event":{"mods":["AchievementEnabler","BaseMod","DeckTracker","Highlight Path","Minty Spire (QoL Compilation)","Permanent Neow","StSLib"],"gold_per_floor":[118,129,149,149,165,191,191,217,268,70,70,85,98,98,98,198,198,212,229,241,261,276,276,307,327,373,391,406,406,406],"floor_reached":29,"playtime":1767,"items_purged":["Strike_B"],"score":340,"play_id":"d612077e-3740-4c02-bb80-96fed536be7d","local_time":"20201230111045","is_ascension_mode":true,"campfire_choices":[{"floor":7,"key":"REST"},{"data":"Defragment","floor":11,"key":"SMITH"},{"data":"Fusion","floor":15,"key":"SMITH"},{"floor":23,"key":"REST"}],"circlet_count":0,"master_deck":["Strike_B","Strike_B+1","Strike_B","Defend_B","Defend_B","Defend_B","Defend_B","Zap+1","Dualcast","Conserve Battery","Static Discharge","Ball Lightning","Doom and Gloom+1","Glacier","Defragment+1","Ball Lightning","Fusion+1","CurseOfTheBell","Loop","Coolheaded+1","Leap","Genetic Algorithm","Auto Shields+1"],"relics":["Cracked Core","NeowsBlessing","Boot","Meat on the Bone","Bag of Preparation","Matryoshka","Calling Bell","Juzu Bracelet","Pantograph","Pocketwatch","Red Mask","Art of War","Whetstone"],"acts_visited":["Exordium","TheCity"],"potions_floor_usage":[20,24,29,29],"damage_taken":[{"damage":0,"enemies":"Cultist","floor":1,"turns":1},{"damage":0,"enemies":"Jaw Worm","floor":2,"turns":1},{"damage":0,"enemies":"Small Slimes","floor":3,"turns":1},{"damage":1,"enemies":"Blue Slaver","floor":5,"turns":3},{"damage":32,"enemies":"Gremlin Nob","floor":6,"turns":3},{"damage":18,"enemies":"Lagavulin","floor":8,"turns":5},{"damage":13,"enemies":"Large Slime","floor":12,"turns":3},{"damage":14,"enemies":"Lots of Slimes","floor":13,"turns":4},{"damage":32,"enemies":"Hexaghost","floor":16,"turns":10},{"damage":8,"enemies":"2 Thieves","floor":18,"turns":4},{"damage":0,"enemies":"Chosen","floor":19,"turns":4},{"damage":0,"enemies":"Sentry and Sphere","floor":20,"turns":5},{"damage":29,"enemies":"3 Cultists","floor":21,"turns":6},{"damage":18,"enemies":"Centurion and Healer","floor":22,"turns":8},{"damage":46,"enemies":"Masked Bandits","floor":24,"turns":3},{"damage":0,"enemies":"Snecko","floor":25,"turns":6},{"damage":13,"enemies":"Snake Plant","floor":27,"turns":4},{"damage":12,"enemies":"Shelled Parasite and Fungi","floor":28,"turns":8},{"damage":33,"enemies":"Gremlin Leader","floor":29,"turns":4}],"seed_played":"2220593127194465430","potions_obtained":[{"floor":1,"key":"Explosive Potion"},{"floor":3,"key":"Strength Potion"},{"floor":8,"key":"Fire Potion"},{"floor":24,"key":"Fire Potion"},{"floor":25,"key":"SteroidPotion"},{"floor":28,"key":"Fire Potion"}],"is_trial":false,"path_per_floor":["M","M","M","?","M","E","R","E","T","$","R","M","M","T","R","B",null,"M","M","M","M","M","R","?","M","T","M","M","E"],"character_chosen":"DEFECT","items_purchased":["Defragment","Ball Lightning"],"campfire_rested":2,"item_purchase_floors":[10,10],"current_hp_per_floor":[68,68,68,68,67,35,57,39,39,39,39,38,36,36,36,16,60,52,52,52,35,29,51,17,29,29,28,28,0,0],"gold":406,"neow_bonus":"THREE_ENEMY_KILL","is_daily":false,"chose_seed":false,"campfire_upgraded":2,"win_rate":0.0,"timestamp":1609348245,"path_taken":["M","M","M","?","M","E","R","E","T","?","R","M","M","?","R","BOSS","M","M","M","M","M","R","?","M","T","M","M","E"],"items_purchased_type":["Card","Card"],"build_version":"2020-12-22","purchased_purges":1,"victory":false,"max_hp_per_floor":[75,75,75,75,75,75,75,75,75,75,75,75,75,75,75,75,75,75,75,75,75,75,75,75,75,75,75,75,75,75],"card_choices":[{"not_picked":["Blizzard","Rebound"],"picked":"Conserve Battery","floor":1},{"not_picked":["Go for the Eyes","Streamline"],"picked":"Static Discharge","floor":2},{"not_picked":["Double Energy","Heatsinks","Steam"],"picked":"SKIP","floor":3},{"not_picked":["Steam","Leap"],"picked":"Ball Lightning","floor":5},{"not_picked":["Gash","Static Discharge"],"picked":"Doom and Gloom","floor":6},{"not_picked":["Hologram","Force Field"],"picked":"Glacier","floor":8},{"not_picked":["Redo","Hologram","Recycle"],"picked":"SKIP","floor":12},{"not_picked":["Leap","Compile Driver"],"picked":"Fusion","floor":13},{"not_picked":["Rebound","Redo"],"picked":"Loop","floor":18},{"not_picked":["Barrage","Fusion"],"picked":"Coolheaded+1","floor":19},{"not_picked":["Ball Lightning","Rebound+1","Hologram"],"picked":"SKIP","floor":20},{"not_picked":["Skim+1","Cold Snap"],"picked":"Leap","floor":21},{"not_picked":["Rebound","Sweeping Beam+1"],"picked":"Genetic Algorithm","floor":22},{"not_picked":["Leap","Cold Snap+1","Streamline"],"picked":"SKIP","floor":25},{"not_picked":["Coolheaded+1","Rebound"],"picked":"Auto Shields+1","floor":27},{"not_picked":["Conserve Battery","Beam Cell+1","Amplify"],"picked":"SKIP","floor":28}],"player_experience":1122464,"relics_obtained":[{"floor":6,"key":"Boot"},{"floor":8,"key":"Meat on the Bone"},{"floor":9,"key":"Bag of Preparation"},{"floor":14,"key":"Matryoshka"},{"floor":17,"key":"Juzu Bracelet"},{"floor":17,"key":"Pantograph"},{"floor":17,"key":"Pocketwatch"},{"floor":24,"key":"Red Mask"},{"floor":26,"key":"Art of War"},{"floor":26,"key":"Whetstone"}],"event_choices":[{"damage_healed":0,"gold_gain":0,"player_choice":"Grow","damage_taken":0,"max_hp_gain":0,"max_hp_loss":0,"event_name":"Living Wall","floor":4,"gold_loss":0,"cards_upgraded":["Zap"]},{"damage_healed":0,"gold_gain":0,"player_choice":"Fought Bandits","damage_taken":0,"max_hp_gain":0,"max_hp_loss":0,"event_name":"Masked Bandits","floor":24,"gold_loss":0}],"is_beta":false,"boss_relics":[{"not_picked":["Runic Pyramid","Sozu"],"picked":"Calling Bell"}],"items_purged_floors":[10],"is_endless":false,"potions_floor_spawned":[1,3,8,19,24,25,28],"killed_by":"Gremlin Leader","ascension_level":8}}