{"host":"tmf10eeko6je6wes","time":1609367607,"event":{"mods":["AchievementEnabler","BaseMod","Colored Map","Colored Powertips","DeckTracker","Highlight Path","Minty Spire (QoL Compilation)","Permanent Neow","Quick Restart","Relic Sorter","Relic Stats","Shop Mod","StSLib","SuperFastMode","Synergy Search"],"gold_per_floor":[116,136,24,37,47,47,60,60,60,83,83,106,106,125,125,251,251,274,288,24,40,54,54,54,54],"floor_reached":24,"playtime":1047,"items_purged":[],"score":194,"play_id":"c668b03a-adad-49f8-b556-375089b87ac0","local_time":"20201230173327","is_ascension_mode":false,"campfire_choices":[{"floor":6,"key":"REST"},{"floor":13,"key":"REST"},{"data":"PathToVictory","floor":15,"key":"SMITH"},{"floor":23,"key":"REST"}],"circlet_count":0,"master_deck":["Strike_P","Strike_P","Strike_P","Strike_P","Defend_P","Defend_P","Defend_P","Defend_P","Eruption","Vigilance","CutThroughFate","Prostrate","Perseverance","CarveReality","MentalFortress","EmptyBody","PathToVictory+1","Injury","ReachHeaven","Evaluate","InnerPeace","Judgement","Weave+1","DeceiveReality+1","EmptyMind","FearNoEvil","EmptyFist+1","Worship+1"],"relics":["PureWater","GoldenEye","Golden Idol","Ancient Tea Set","Anchor","Philosopher\u0027s Stone","Oddly Smooth Stone"],"acts_visited":["Exordium","TheCity"],"potions_floor_usage":[16,16,16],"damage_taken":[{"damage":10,"enemies":"Small Slimes","floor":1,"turns":5},{"damage":8,"enemies":"2 Louse","floor":2,"turns":3},{"damage":0,"enemies":"Cultist","floor":4,"turns":5},{"damage":13,"enemies":"2 Fungi Beasts","floor":5,"turns":3},{"damage":0,"enemies":"Looter","floor":7,"turns":3},{"damage":6,"enemies":"3 Louse","floor":10,"turns":6},{"damage":0,"enemies":"2 Fungi Beasts","floor":12,"turns":3},{"damage":0,"enemies":"Looter","floor":14,"turns":3},{"damage":17,"enemies":"Slime Boss","floor":16,"turns":8},{"damage":21,"enemies":"Shell Parasite","floor":18,"turns":7},{"damage":2,"enemies":"2 Thieves","floor":19,"turns":4},{"damage":30,"enemies":"Snecko","floor":21,"turns":6},{"damage":3,"enemies":"Snake Plant","floor":22,"turns":4},{"damage":31,"enemies":"Book of Stabbing","floor":24,"turns":5}],"seed_played":"-2231353014333804486","potions_obtained":[{"floor":1,"key":"FearPotion"},{"floor":7,"key":"Weak Potion"},{"floor":10,"key":"CultistPotion"},{"floor":22,"key":"BlessingOfTheForge"}],"is_trial":false,"path_per_floor":["M","M","$","M","M","R","M","?","T","M","?","M","R","M","R","B",null,"M","M","$","M","M","R","E"],"character_chosen":"WATCHER","items_purchased":["Perseverance","CarveReality","EmptyMind","Oddly Smooth Stone","FearNoEvil"],"campfire_rested":3,"item_purchase_floors":[3,3,20,20,20],"current_hp_per_floor":[55,47,47,47,34,53,53,53,53,47,44,44,63,63,63,46,65,44,42,42,12,9,28,0,0],"gold":54,"neow_bonus":"ONE_RARE_RELIC","is_daily":false,"chose_seed":false,"campfire_upgraded":1,"win_rate":0.0,"timestamp":1609367607,"path_taken":["M","M","$","M","M","R","M","?","T","M","?","M","R","M","R","BOSS","M","M","$","M","M","R","E"],"items_purchased_type":["Card","Card","Card","Relic","Card"],"build_version":"2020-12-22","purchased_purges":0,"victory":false,"max_hp_per_floor":[65,65,65,65,65,65,65,65,65,65,65,65,65,65,65,65,65,65,65,65,65,65,65,65,65],"relic_stats":{"counters":[14,65],"Golden Idol":53,"GoldenEye":[23],"obtain_stats":[{"Anchor":11,"Golden Idol":8,"Oddly Smooth Stone":20,"Philosopher\u0027s Stone":17,"PureWater":0,"GoldenEye":0,"Ancient Tea Set":9},{"Anchor":6,"Golden Idol":5,"Oddly Smooth Stone":11,"Philosopher\u0027s Stone":9,"PureWater":0,"GoldenEye":0,"Ancient Tea Set":5},{"Anchor":25,"Golden Idol":19,"Oddly Smooth Stone":50,"Philosopher\u0027s Stone":39,"PureWater":0,"GoldenEye":0,"Ancient Tea Set":19}]},"card_choices":[{"not_picked":["Wallop","MentalFortress"],"picked":"CutThroughFate","floor":1},{"not_picked":["ThirdEye","SashWhip"],"picked":"Prostrate","floor":2},{"not_picked":["ClearTheMind","CutThroughFate"],"picked":"MentalFortress","floor":4},{"not_picked":["Study","CarveReality"],"picked":"EmptyBody","floor":5},{"not_picked":["Protect","SashWhip"],"picked":"PathToVictory","floor":7},{"not_picked":["ClearTheMind","ThirdEye"],"picked":"ReachHeaven","floor":10},{"not_picked":["Scrawl","Collect"],"picked":"Evaluate","floor":12},{"not_picked":["Consecrate","Halt"],"picked":"InnerPeace","floor":14},{"not_picked":["LessonLearned","Omniscience"],"picked":"Judgement","floor":16},{"not_picked":["Vengeance+1","Protect+1"],"picked":"Weave+1","floor":18},{"not_picked":["Study","Prostrate"],"picked":"DeceiveReality+1","floor":19},{"not_picked":["Halt","EmptyBody"],"picked":"EmptyFist+1","floor":21},{"not_picked":["SignatureMove+1","EmptyBody"],"picked":"Worship+1","floor":22}],"player_experience":30805,"relics_obtained":[{"floor":9,"key":"Ancient Tea Set"}],"event_choices":[{"damage_healed":0,"gold_gain":0,"player_choice":"Take Wound","damage_taken":0,"relics_obtained":["Golden Idol"],"max_hp_gain":0,"max_hp_loss":0,"event_name":"Golden Idol","floor":8,"gold_loss":0,"cards_obtained":["Injury"]},{"damage_healed":0,"gold_gain":0,"player_choice":"Success","damage_taken":3,"relics_obtained":["Anchor"],"max_hp_gain":0,"max_hp_loss":0,"event_name":"Scrap Ooze","floor":11,"gold_loss":0}],"is_beta":false,"boss_relics":[{"not_picked":["Velvet Choker","SlaversCollar"],"picked":"Philosopher\u0027s Stone"}],"items_purged_floors":[],"is_endless":false,"potions_floor_spawned":[1,7,10,12,22],"killed_by":"Book of Stabbing","ascension_level":0}}