{"host":"jqjg4un1gmm27ngb","time":1609345318,"event":{"mods":["AchievementEnabler","BaseMod","Block Reminder","Colored Map","Colored Powertips","DeckTracker","Minty Spire (QoL Compilation)","Quick Restart","Relic Stats"],"gold_per_floor":[114,64,17,17,17,17,35,35,61,80,99,24,59,80,80,209,209,223,34,49,70,70,70,84,97,124,124,144,144,144,0,0,0,0],"floor_reached":33,"playtime":2171,"items_purged":["Strike_B"],"score":247,"play_id":"c9253f3f-cf36-43a1-adcd-451f49423674","local_time":"20201230112158","is_ascension_mode":false,"campfire_choices":[{"data":"Leap","floor":6,"key":"SMITH"},{"data":"Redo","floor":8,"key":"SMITH"},{"data":"Ball Lightning","floor":15,"key":"SMITH"},{"floor":23,"key":"REST"},{"floor":27,"key":"REST"},{"floor":30,"key":"REST"},{"floor":32,"key":"REST"}],"circlet_count":0,"master_deck":["Strike_B","Strike_B","Defend_B","Defend_B","Defend_B","Zap","Dualcast","Barrage","Leap+1","Redo+1","Beam Cell","Ball Lightning+1","Rebound","Sweeping Beam","Machine Learning","Capacitor","Apotheosis","Tempest+1","Stack","Ball Lightning","Rip and Tear+1","Rebound+1"],"relics":["Cracked Core","Golden Idol","Boot","Strawberry","Black Star","Vajra"],"acts_visited":["Exordium","TheCity"],"potions_floor_usage":[1,13,16,18,25,33],"damage_taken":[{"damage":1,"enemies":"Jaw Worm","floor":1,"turns":3},{"damage":2,"enemies":"Small Slimes","floor":7,"turns":3},{"damage":1,"enemies":"2 Louse","floor":10,"turns":3},{"damage":0,"enemies":"Exordium Thugs","floor":11,"turns":3},{"damage":17,"enemies":"3 Sentries","floor":13,"turns":8},{"damage":0,"enemies":"3 Louse","floor":14,"turns":2},{"damage":33,"enemies":"Hexaghost","floor":16,"turns":8},{"damage":0,"enemies":"3 Byrds","floor":18,"turns":3},{"damage":19,"enemies":"Shell Parasite","floor":20,"turns":6},{"damage":42,"enemies":"Snake Plant","floor":21,"turns":4},{"damage":15,"enemies":"Centurion and Healer","floor":24,"turns":7},{"damage":26,"enemies":"Snecko","floor":25,"turns":5},{"damage":15,"enemies":"Cultist and Chosen","floor":28,"turns":6},{"damage":95,"enemies":"Collector","floor":33,"turns":6}],"seed_played":"-6210518904025091894","potions_obtained":[{"floor":0,"key":"Energy Potion"},{"floor":0,"key":"ColorlessPotion"},{"floor":0,"key":"DistilledChaos"},{"floor":10,"key":"GamblersBrew"},{"floor":11,"key":"Dexterity Potion"},{"floor":21,"key":"Strength Potion"},{"floor":24,"key":"BlessingOfTheForge"}],"is_trial":false,"path_per_floor":["M","?","$","?","?","R","M","R","T","M","M","$","E","M","R","B",null,"M","$","M","M","?","R","M","M","T","R","M","?","R","?","R","B"],"character_chosen":"DEFECT","items_purchased":["Leap","Apotheosis"],"campfire_rested":4,"item_purchase_floors":[3,19],"current_hp_per_floor":[74,74,74,56,56,56,54,54,54,53,53,53,43,43,43,10,82,82,82,63,21,21,45,30,4,4,28,13,40,64,64,82,0,0],"gold":0,"neow_bonus":"THREE_SMALL_POTIONS","is_daily":false,"chose_seed":false,"campfire_upgraded":3,"win_rate":0.0,"timestamp":1609345318,"path_taken":["M","?","$","?","?","R","M","R","T","?","M","$","E","M","R","BOSS","M","$","M","M","?","R","M","M","T","R","M","?","R","?","R","BOSS"],"items_purchased_type":["Card","Card"],"build_version":"2020-12-22","purchased_purges":1,"victory":false,"max_hp_per_floor":[75,75,75,75,75,75,75,75,75,75,75,75,82,82,82,82,82,82,82,82,82,82,82,82,82,82,82,82,82,82,82,82,82,82],"relic_stats":{"counters":[14,67],"Golden Idol":69,"Black Star":0,"Boot":[68],"obtain_stats":[{"Golden Idol":4,"Strawberry":13,"Vajra":26,"Black Star":17,"Cracked Core":0,"Boot":9},{"Golden Idol":1,"Strawberry":5,"Vajra":12,"Black Star":7,"Cracked Core":0,"Boot":2},{"Golden Idol":3,"Strawberry":20,"Vajra":55,"Black Star":30,"Cracked Core":0,"Boot":6}]},"card_choices":[{"not_picked":["Cold Snap","Gash"],"picked":"Barrage","floor":1},{"not_picked":["Steam","Consume"],"picked":"Redo","floor":7},{"not_picked":["Heatsinks","Reinforced Body"],"picked":"Beam Cell","floor":10},{"not_picked":["Barrage","Melter"],"picked":"Ball Lightning","floor":11},{"not_picked":["Static Discharge","Genetic Algorithm"],"picked":"Rebound","floor":13},{"not_picked":["Turbo","Genetic Algorithm"],"picked":"Sweeping Beam","floor":14},{"not_picked":["Rainbow","Fission"],"picked":"Machine Learning","floor":16},{"not_picked":["Steam","Barrage"],"picked":"Capacitor","floor":18},{"not_picked":["Melter","Sweeping Beam+1"],"picked":"Tempest+1","floor":20},{"not_picked":["Redo","Barrage"],"picked":"Stack","floor":21},{"not_picked":["Steam","Turbo"],"picked":"Ball Lightning","floor":24},{"not_picked":["Compile Driver","Static Discharge+1"],"picked":"Rip and Tear+1","floor":25},{"not_picked":["Gash","Beam Cell"],"picked":"Rebound+1","floor":28}],"player_experience":155180,"relics_obtained":[{"floor":9,"key":"Boot"},{"floor":13,"key":"Strawberry"},{"floor":26,"key":"Vajra"}],"event_choices":[{"cards_removed":["Strike_B"],"damage_healed":0,"gold_gain":0,"player_choice":"Card Removal","damage_taken":0,"max_hp_gain":0,"max_hp_loss":0,"event_name":"The Cleric","floor":2,"gold_loss":50},{"damage_healed":0,"gold_gain":0,"player_choice":"Take Damage","damage_taken":18,"relics_obtained":["Golden Idol"],"max_hp_gain":0,"max_hp_loss":0,"event_name":"Golden Idol","floor":4,"gold_loss":0},{"cards_removed":["Defend_B"],"damage_healed":0,"gold_gain":0,"player_choice":"Forget","damage_taken":0,"max_hp_gain":0,"max_hp_loss":0,"event_name":"Living Wall","floor":5,"gold_loss":0},{"damage_healed":0,"gold_gain":0,"player_choice":"Ignored","damage_taken":0,"max_hp_gain":0,"max_hp_loss":0,"event_name":"Ghosts","floor":22,"gold_loss":0},{"damage_healed":27,"gold_gain":0,"player_choice":"Heal","damage_taken":0,"max_hp_gain":0,"max_hp_loss":0,"event_name":"The Library","floor":29,"gold_loss":0},{"damage_healed":0,"gold_gain":0,"player_choice":"Paid Fearfully","damage_taken":0,"max_hp_gain":0,"max_hp_loss":0,"event_name":"Masked Bandits","floor":31,"gold_loss":144}],"is_beta":false,"boss_relics":[{"not_picked":["Velvet Choker","Ectoplasm"],"picked":"Black Star"}],"items_purged_floors":[12],"is_endless":false,"potions_floor_spawned":[10,11,21,24],"killed_by":"Collector","ascension_level":0}}