{"host":"sc0o2qwpf9j16a4i","time":1609366427,"event":{"mods":["AchievementEnabler","BaseMod","BetterRewards","Block Reminder","Colored Map","Colored Powertips","Custom Start","Highlight Path","Minty Spire (QoL Compilation)","Relic Stats"],"gold_per_floor":[111,41,57,76,76,106,106,71,71,97,97,113,128,24,24,101,101,121,139,139,155,155,155,188,188,188,188,19,33,65,65,65,65,65],"floor_reached":33,"playtime":816,"items_purged":["Strike_P"],"score":861,"play_id":"bf017c31-6135-45f0-a2d5-bc8828abe6f9","local_time":"20201231001347","is_ascension_mode":true,"campfire_choices":[{"floor":7,"key":"REST"},{"data":"MentalFortress","floor":11,"key":"SMITH"},{"data":"TalkToTheHand","floor":15,"key":"SMITH"},{"data":"Ragnarok","floor":23,"key":"SMITH"},{"data":"Ghostly","floor":25,"key":"SMITH"},{"data":"Ghostly","floor":27,"key":"SMITH"},{"floor":32,"key":"REST"}],"circlet_count":0,"master_deck":["AscendersBane","Strike_P+1","Defend_P+1","Defend_P+1","Defend_P+1","Defend_P+1","Eruption","Vigilance","MentalFortress+1","CarveReality+1","Indignation","FlurryOfBlows+1","Scrawl","TalkToTheHand+1","Conclude","ClearTheMind","Ragnarok+1","MentalFortress+1","EmptyBody","SpiritShield","Ghostly","Ghostly+1","Ghostly+1","Ghostly+1","WheelKick"],"relics":["PureWater","NeowsBlessing","Ornamental Fan","PreservedInsect","Frozen Egg 2","Whetstone","Snecko Eye","Singing Bowl","Turnip","DollysMirror","Bag of Preparation"],"acts_visited":["Exordium","TheCity"],"potions_floor_usage":[6,10,10,16,19,30],"damage_taken":[{"damage":0,"enemies":"2 Louse","floor":1,"turns":2},{"damage":0,"enemies":"Cultist","floor":3,"turns":2},{"damage":0,"enemies":"Small Slimes","floor":4,"turns":1},{"damage":27,"enemies":"Lagavulin","floor":6,"turns":4},{"damage":0,"enemies":"3 Sentries","floor":10,"turns":4},{"damage":6,"enemies":"Exordium Wildlife","floor":12,"turns":3},{"damage":18,"enemies":"Exordium Thugs","floor":13,"turns":4},{"damage":0,"enemies":"Hexaghost","floor":16,"turns":7},{"damage":4,"enemies":"2 Thieves","floor":18,"turns":3},{"damage":21,"enemies":"Chosen","floor":19,"turns":3},{"damage":0,"enemies":"Snecko","floor":21,"turns":4},{"damage":0,"enemies":"Slavers","floor":24,"turns":3},{"damage":0,"enemies":"Cultist and Chosen","floor":29,"turns":4},{"damage":0,"enemies":"Gremlin Leader","floor":30,"turns":3},{"damage":90,"enemies":"Automaton","floor":33,"turns":6}],"seed_played":"829564198120889499","potions_obtained":[{"floor":3,"key":"SteroidPotion"},{"floor":4,"key":"EssenceOfSteel"},{"floor":6,"key":"DistilledChaos"},{"floor":13,"key":"AttackPotion"},{"floor":18,"key":"DuplicationPotion"},{"floor":24,"key":"Weak Potion"},{"floor":29,"key":"BlessingOfTheForge"}],"is_trial":false,"path_per_floor":["M","?","M","M","?","E","R","?","T","E","R","M","M","$","R","B",null,"M","M","?","M","?","R","E","R","T","R","$","M","E","?","R","B"],"character_chosen":"WATCHER","items_purchased":["ClearTheMind","DollysMirror"],"campfire_rested":2,"item_purchase_floors":[14,28],"current_hp_per_floor":[61,61,61,61,41,14,34,51,51,51,51,45,27,27,27,27,58,54,33,33,33,33,33,35,35,35,35,35,35,37,37,38,0,0],"gold":65,"neow_bonus":"THREE_ENEMY_KILL","is_daily":false,"chose_seed":false,"campfire_upgraded":5,"win_rate":0.0,"timestamp":1609366427,"path_taken":["M","?","?","M","?","E","R","?","T","E","R","?","M","$","R","BOSS","M","M","?","M","?","R","E","R","T","R","?","M","E","?","R","BOSS"],"items_purchased_type":["Card","Relic"],"build_version":"2020-12-22","purchased_purges":1,"victory":false,"max_hp_per_floor":[68,68,68,68,68,68,68,68,68,68,68,68,68,68,68,68,68,68,68,68,68,34,34,36,36,36,36,36,36,38,38,38,38,38],"relic_stats":{"Singing Bowl":4,"counters":[15,53],"Ornamental Fan":[76],"Snecko Eye":[45,48,49,51],"PreservedInsect":122,"Turnip":[0],"Bag of Preparation":[2],"Whetstone":["FlurryOfBlows","CarveReality"],"obtain_stats":[{"NeowsBlessing":0,"Singing Bowl":24,"Ornamental Fan":2,"DollysMirror":28,"Snecko Eye":17,"PreservedInsect":6,"Turnip":26,"Bag of Preparation":30,"Whetstone":10,"PureWater":0,"Frozen Egg 2":9},{"NeowsBlessing":0,"Singing Bowl":12,"Ornamental Fan":1,"DollysMirror":12,"Snecko Eye":8,"PreservedInsect":4,"Turnip":12,"Bag of Preparation":14,"Whetstone":5,"PureWater":0,"Frozen Egg 2":4},{"NeowsBlessing":0,"Singing Bowl":40,"Ornamental Fan":2,"DollysMirror":40,"Snecko Eye":27,"PreservedInsect":9,"Turnip":40,"Bag of Preparation":47,"Whetstone":13,"PureWater":0,"Frozen Egg 2":9}]},"card_choices":[{"not_picked":["FlurryOfBlows","Vengeance"],"picked":"MentalFortress","floor":1},{"not_picked":["Evaluate","FlurryOfBlows"],"picked":"CarveReality","floor":3},{"not_picked":["Weave","EmptyBody"],"picked":"Indignation","floor":4},{"not_picked":["Evaluate","ThirdEye"],"picked":"FlurryOfBlows","floor":6},{"not_picked":["FlyingSleeves","Protect"],"picked":"Scrawl","floor":10},{"not_picked":["FlyingSleeves","Wallop"],"picked":"TalkToTheHand","floor":12},{"not_picked":["BowlingBash","Crescendo"],"picked":"Conclude","floor":13},{"not_picked":["Alpha","ConjureBlade"],"picked":"Ragnarok","floor":16},{"not_picked":["Prostrate","ClearTheMind"],"picked":"MentalFortress+1","floor":18},{"not_picked":["BowlingBash","PathToVictory","ClearTheMind"],"picked":"SKIP","floor":19},{"not_picked":["ClearTheMind","FlurryOfBlows","Pray+1"],"picked":"SKIP","floor":21},{"not_picked":["Prostrate+1","WaveOfTheHand","CutThroughFate"],"picked":"Singing Bowl","floor":24},{"not_picked":["Collect","FlyingSleeves"],"picked":"WheelKick","floor":29},{"not_picked":["Halt+1","Indignation","EmptyBody"],"picked":"Singing Bowl","floor":30}],"player_experience":457895,"relics_obtained":[{"floor":6,"key":"PreservedInsect"},{"floor":9,"key":"Frozen Egg 2"},{"floor":10,"key":"Whetstone"},{"floor":24,"key":"Singing Bowl"},{"floor":26,"key":"Turnip"},{"floor":30,"key":"Bag of Preparation"}],"event_choices":[{"damage_healed":0,"gold_gain":0,"player_choice":"Paid Gold","damage_taken":0,"relics_obtained":["Ornamental Fan"],"max_hp_gain":0,"max_hp_loss":0,"event_name":"WeMeetAgain","floor":2,"gold_loss":70},{"damage_healed":0,"gold_gain":0,"player_choice":"Entered Light","damage_taken":20,"max_hp_gain":0,"max_hp_loss":0,"event_name":"Shining Light","floor":5,"gold_loss":0,"cards_upgraded":["Defend_P","Defend_P"]},{"damage_healed":17,"gold_gain":0,"player_choice":"Healed","damage_taken":0,"max_hp_gain":0,"max_hp_loss":0,"event_name":"The Cleric","floor":8,"gold_loss":35},{"damage_healed":0,"gold_gain":0,"cards_transformed":["Strike_P","Strike_P"],"player_choice":"Became Test Subject","damage_taken":0,"max_hp_gain":0,"max_hp_loss":0,"event_name":"Drug Dealer","floor":20,"gold_loss":0,"cards_obtained":["EmptyBody","SpiritShield"]},{"damage_healed":0,"gold_gain":0,"player_choice":"Became a Ghost","damage_taken":0,"max_hp_gain":0,"max_hp_loss":34,"event_name":"Ghosts","floor":22,"gold_loss":0,"cards_obtained":["Ghostly","Ghostly","Ghostly"]},{"damage_healed":0,"gold_gain":0,"player_choice":"Simplicity","damage_taken":0,"max_hp_gain":0,"max_hp_loss":0,"event_name":"Back to Basics","floor":31,"gold_loss":0,"cards_upgraded":["Strike_P","Defend_P","Defend_P"]}],"is_beta":false,"boss_relics":[{"not_picked":["Busted Crown","Sozu"],"picked":"Snecko Eye"}],"items_purged_floors":[14],"is_endless":false,"potions_floor_spawned":[3,4,6,13,18,24,29],"killed_by":"Automaton","ascension_level":20}}