{"host":"1bqbj1s4pyvm9utn","time":1609308516,"event":{"mods":["AchievementEnabler","Aspiration","BaseMod","Beaked The Cultist","Better Altar","Better Match","Better Note","Better Sensory Stone","Better Skull","Better Third Choice","BetterRewards","CCEM","Clawfect","Colored Map","Conspire","Downfall","GifTheSpireLib","Halation","Hermit","Highlight Path","Humility","Infinite Spire","Jedi Mod","Jorbs\u0027s Wanderer Trilogy","Mad Scientist","Marisa????????","Mimic Mod","Minty Spire (QoL Compilation)","Permanent Neow","Shade Mod","Shop Mod","Spicy Shops","StSLib","Stuff the Spire","The Animator","The Bug Knight","The Cursed","The Gatherer","The Hierophant","The Jungle","The Mystic","The Necromancer","The Runesmith","The Servant 0.9.4","everything is the same but u backflip on backflip","slay the spire mod where everything is the same but ironclad has a cowboy hat","vexMod"],"gold_per_floor":[110,123,123,7,24,24,44,81,81,81,109,109,122,134,134,230,230,243,243,243,243,243,243,263,6,6,33,33,47,47,61,61,61,61],"floor_reached":33,"playtime":2826,"items_purged":["Strike_G"],"score":277,"play_id":"a29e2b1a-4820-46f8-b230-5217d168974e","local_time":"20201229220836","is_ascension_mode":true,"campfire_choices":[{"data":"expansioncontent:Chronoboost","floor":6,"key":"SMITH"},{"floor":10,"key":"REST"},{"floor":12,"key":"REST"},{"data":"StuffTheSpire:BumpUp","floor":15,"key":"SMITH"},{"floor":23,"key":"DIG"},{"floor":28,"key":"DIG"},{"floor":32,"key":"REST"}],"circlet_count":0,"master_deck":["Strike_G","Strike_G","Strike_G","Strike_G","Defend_G","Defend_G","Defend_G","Defend_G","Defend_G","Survivor","Neutralize","StuffTheSpire:BumpUp+1","Poisoned Stab","expansioncontent:Chronoboost+1","Bane","Outmaneuver","Backstab","Cloak And Dagger","expansioncontent:YouAreMine+1","Setup","jedi:cleanse+1","Deadly Poison","expansioncontent:GuardianWhirl+1","Flying Knee","infinitespire:Neurotoxin","Skewer","infinitespire:UltimateForm","infinitespire:FutureSight","Prepared","Underhanded Strike+1","Leg Sweep","StuffTheSpire:CelestialWarden","Pain","Sucker Punch+1"],"relics":["Ring of the Snake","aspiration:DSix","Akabeko","CCEMRelics:FestiveHat","jedi:Pinwheel","conspire:SlowCooker","Shovel","Fusion Hammer","GremlinMask","WarpedTongs","Spirit Poop","StuffTheSpire:Barrel","aspiration:SeaSaltIceCream","aspiration:Nostalgia","TheCursedMod:BlackMagic101","Question Card","jedi:archwizardhat","CCEMRelics:PaperClip"],"acts_visited":["Exordium","TheCity"],"potions_floor_usage":[2,8,14,18,27],"damage_taken":[{"damage":0,"enemies":"2 Louse","floor":1,"turns":3},{"damage":8,"enemies":"Jaw Worm","floor":2,"turns":6},{"damage":1,"enemies":"Cultist","floor":5,"turns":3},{"damage":5,"enemies":"conspire:2 RoseBushes","floor":7,"turns":6},{"damage":6,"enemies":"Blue Slaver","floor":8,"turns":5},{"damage":36,"enemies":"Lagavulin","floor":11,"turns":7},{"damage":5,"enemies":"Blue Slaver","floor":13,"turns":3},{"damage":2,"enemies":"Looter","floor":14,"turns":4},{"damage":45,"enemies":"Hexaghost","floor":16,"turns":11},{"damage":14,"enemies":"Spheric Guardian","floor":18,"turns":4},{"damage":10,"enemies":"Chosen","floor":24,"turns":3},{"damage":19,"enemies":"HollowMod:Nosk","floor":27,"turns":7},{"damage":21,"enemies":"Snake Plant","floor":29,"turns":4},{"damage":20,"enemies":"Snecko","floor":31,"turns":4},{"damage":58,"enemies":"Automaton","floor":33,"turns":5}],"seed_played":"-866022238108110946","potions_obtained":[{"floor":1,"key":"AttackPotion"},{"floor":5,"key":"jedi:StrikingPotion"},{"floor":13,"key":"Regen Potion"},{"floor":16,"key":"Energy Potion"},{"floor":24,"key":"sneckomod:MuddlingPotion"}],"is_trial":false,"path_per_floor":["M","M","?","$","M","R","M","MIM","T","R","E","R","M","M","R","B",null,"M","AVR","?","?","?","R","M","$","T","E","R","M","?","M","R","B"],"character_chosen":"THE_SILENT","items_purchased":["expansioncontent:Chronoboost","Bane","aspiration:SeaSaltIceCream"],"campfire_rested":3,"item_purchase_floors":[4,4,25],"current_hp_per_floor":[70,62,50,50,49,49,44,38,38,59,23,44,39,49,49,4,70,56,56,56,56,56,56,46,46,46,35,35,22,22,10,31,0,0],"gold":61,"neow_bonus":"DSIX","is_daily":false,"chose_seed":false,"campfire_upgraded":2,"win_rate":0.0,"timestamp":1609308516,"path_taken":["M","M","?","$","M","R","M","?","T","R","E","R","M","M","R","BOSS","M","AVR","?","?","?","R","M","?","T","E","R","?","?","M","R","BOSS"],"items_purchased_type":["Card","Card","Relic"],"build_version":"2020-12-22","purchased_purges":1,"victory":false,"max_hp_per_floor":[70,70,70,70,70,70,70,70,70,70,70,70,70,70,70,70,70,70,70,70,70,70,70,70,70,70,70,70,70,70,70,70,70,70],"card_choices":[{"not_picked":["StuffTheSpire:MirrorStance","Slice"],"picked":"StuffTheSpire:BumpUp","floor":1},{"not_picked":["Flying Knee","StuffTheSpire:Python"],"picked":"Poisoned Stab","floor":2},{"not_picked":["Backstab","Acrobatics"],"picked":"Outmaneuver","floor":5},{"not_picked":["StuffTheSpire:Injection","Setup"],"picked":"Backstab","floor":7},{"not_picked":["Leg Sweep","Deflect"],"picked":"Cloak And Dagger","floor":8},{"not_picked":["expansioncontent:StudyTheSpire+1","Transmutation+1"],"picked":"expansioncontent:YouAreMine+1","floor":11},{"not_picked":["Bane","Backflip"],"picked":"Setup","floor":11},{"not_picked":["HandOfGreed+1","expansioncontent:Corrupt+1"],"picked":"jedi:cleanse+1","floor":13},{"not_picked":["Sucker Punch","Setup"],"picked":"Deadly Poison","floor":13},{"not_picked":["expansioncontent:Chronoboost+1","Secret Technique+1"],"picked":"expansioncontent:GuardianWhirl+1","floor":14},{"not_picked":["Slice","Acrobatics"],"picked":"Flying Knee","floor":14},{"not_picked":["Corpse Explosion","aspiration:Lunge"],"picked":"infinitespire:Neurotoxin","floor":16},{"not_picked":["Acrobatics","Outmaneuver"],"picked":"Skewer","floor":18},{"not_picked":["Sucker Punch+1","Deadly Poison"],"picked":"Prepared","floor":24},{"not_picked":["Accuracy","StuffTheSpire:Incantation","Malaise"],"picked":"Underhanded Strike+1","floor":27},{"not_picked":["Choke+1","Dagger Spray+1","Tactician"],"picked":"Leg Sweep","floor":29},{"not_picked":["Dodge and Roll","Backflip+1","jedi:pocketpoison"],"picked":"Sucker Punch+1","floor":31}],"player_experience":927090,"relics_obtained":[{"floor":8,"key":"CCEMRelics:FestiveHat"},{"floor":11,"key":"jedi:Pinwheel"},{"floor":23,"key":"StuffTheSpire:Barrel"},{"floor":26,"key":"Question Card"},{"floor":27,"key":"jedi:archwizardhat"},{"floor":28,"key":"CCEMRelics:PaperClip"}],"event_choices":[{"damage_healed":0,"gold_gain":0,"player_choice":"Relic ","damage_taken":12,"max_hp_gain":0,"max_hp_loss":0,"event_name":"betterThird:BetterScrap","floor":3,"gold_loss":0,"cards_obtained":["Disarm"]},{"damage_healed":0,"gold_gain":0,"player_choice":"Trade","damage_taken":0,"relics_obtained":["GremlinMask"],"max_hp_gain":0,"max_hp_loss":0,"event_name":"FaceTrader","floor":20,"gold_loss":0},{"damage_healed":0,"gold_gain":0,"player_choice":"Rummage","damage_taken":0,"relics_obtained":["WarpedTongs"],"max_hp_gain":0,"max_hp_loss":0,"event_name":"Accursed Blacksmith","floor":21,"gold_loss":0,"cards_obtained":["Pain"]},{"cards_removed":["Pain"],"damage_healed":0,"gold_gain":0,"player_choice":"Offered Curse","damage_taken":0,"relics_obtained":["Spirit Poop"],"max_hp_gain":0,"max_hp_loss":0,"event_name":"Bonfire Elementals","floor":22,"gold_loss":0}],"is_beta":false,"boss_relics":[{"not_picked":["HoveringKite","aspiration:IroncladSkillbook"],"picked":"conspire:SlowCooker"}],"items_purged_floors":[19],"is_endless":false,"potions_floor_spawned":[1,5,13,16,24],"killed_by":"Automaton","ascension_level":1}}