{"host":"idf7jkg8jogr8thm","time":1609294017,"event":{"mods":["AchievementEnabler","BaseMod","Colored Map","Colored Powertips","Minty Spire (QoL Compilation)","StSLib"],"gold_per_floor":[16,35,49,49,60,60,95,105,105,105,185,203,10,26,26,122,122,140,174,125,125,200,200,216,234,234,254,285,298,309,323,323,421,421,436,536,550,564,564,564,44,64,64,96,96,109,18,18,18,18],"floor_reached":51,"playtime":2980,"items_purged":[],"score":753,"play_id":"c5c6aa19-4b9e-4a63-80db-c97635017ca1","local_time":"20201229210657","is_ascension_mode":false,"campfire_choices":[{"floor":6.0,"key":"REST"},{"floor":10.0,"key":"REST"},{"data":"Armaments","floor":15.0,"key":"SMITH"},{"floor":23.0,"key":"REST"},{"floor":32.0,"key":"REST"},{"floor":40,"key":"REST"},{"floor":45,"key":"REST"},{"floor":49,"key":"REST"}],"circlet_count":0,"master_deck":["Strike_R","Strike_R","Strike_R+1","Strike_R","Strike_R","Defend_R+1","Defend_R","Defend_R","Defend_R","Bash","Perfected Strike","Thunderclap","Clothesline","Armaments+1","Immolate","Clash","Wild Strike","Uppercut","Uppercut","Immolate","Flex+1","Shockwave","Armaments","Anger","Rupture+1","Dual Wield","Perfected Strike","Anger+1","Anger+1","Flex+1","Carnage","Berserk","Perfected Strike+1","Anger","Clothesline+1","Reckless Charge","Anger","Flex+1","Hemokinesis+1","Infernal Blade","Dark Shackles","Swift Strike","Panacea","Metamorphosis"],"relics":["Burning Blood","StoneCalendar","Letter Opener","Gremlin Horn","Happy Flower","SlaversCollar","Red Mask","Meat on the Bone","Shuriken","Velvet Choker","Pear","Lee\u0027s Waffle","Regal Pillow","Centennial Puzzle","Bird Faced Urn","Bottled Flame"],"acts_visited":["TheBeyond"],"potions_floor_usage":[44,50],"damage_taken":[{"damage":6.0,"enemies":"Cultist","floor":1.0,"turns":3.0},{"damage":2.0,"enemies":"2 Louse","floor":2.0,"turns":3.0},{"damage":11.0,"enemies":"Jaw Worm","floor":3.0,"turns":2.0},{"damage":9.0,"enemies":"Gremlin Gang","floor":5.0,"turns":4.0},{"damage":45.0,"enemies":"3 Sentries","floor":7.0,"turns":7.0},{"damage":12.0,"enemies":"Large Slime","floor":8.0,"turns":6.0},{"damage":6.0,"enemies":"Exordium Wildlife","floor":12.0,"turns":2.0},{"damage":4.0,"enemies":"2 Fungi Beasts","floor":14.0,"turns":2.0},{"damage":26.0,"enemies":"Slime Boss","floor":16.0,"turns":5.0},{"damage":19.0,"enemies":"Spheric Guardian","floor":18.0,"turns":4.0},{"damage":0.0,"enemies":"Masked Bandits","floor":19.0,"turns":2.0},{"damage":18.0,"enemies":"Shell Parasite","floor":24.0,"turns":4.0},{"damage":40.0,"enemies":"Centurion and Healer","floor":25.0,"turns":5.0},{"damage":36.0,"enemies":"Cultist and Chosen","floor":27.0,"turns":7.0},{"damage":13.0,"enemies":"Slavers","floor":28.0,"turns":2.0},{"damage":3.0,"enemies":"3 Cultists","floor":29.0,"turns":3.0},{"damage":17.0,"enemies":"Chosen and Byrds","floor":30.0,"turns":5.0},{"damage":24.0,"enemies":"Sentry and Sphere","floor":31.0,"turns":4.0},{"damage":66.0,"enemies":"Collector","floor":33.0,"turns":9.0},{"damage":57,"enemies":"3 Shapes","floor":35,"turns":4},{"damage":7,"enemies":"Orb Walker","floor":37,"turns":2},{"damage":12,"enemies":"Spire Growth","floor":38,"turns":4},{"damage":15,"enemies":"4 Shapes","floor":42,"turns":2},{"damage":53,"enemies":"Nemesis","floor":44,"turns":5},{"damage":36,"enemies":"Maw","floor":46,"turns":7},{"damage":94,"enemies":"Donu and Deca","floor":50,"turns":7}],"seed_played":"-614690244216470247","potions_obtained":[{"floor":3.0,"key":"BloodPotion"},{"floor":7.0,"key":"SpeedPotion"},{"floor":12.0,"key":"LiquidBronze"},{"floor":24.0,"key":"AttackPotion"},{"floor":28.0,"key":"SteroidPotion"},{"floor":29.0,"key":"Fire Potion"},{"floor":30.0,"key":"Ancient Potion"},{"floor":42,"key":"Fire Potion"}],"is_trial":false,"path_per_floor":["M","M","M","?","M","R","E","M","T","R","?","M","$","M","R","B",null,"M","?","$","?","?","R","M","M","T","M","E","M","M","M","R","B",null,"M","?","M","M","T","R","$","M","T","E","R","M","$","?","R","B",null],"character_chosen":"IRONCLAD","items_purchased":["Happy Flower","Uppercut","Armaments","Lee\u0027s Waffle","Regal Pillow","Reckless Charge","Anger","Centennial Puzzle","Dark Shackles"],"campfire_rested":7,"item_purchase_floors":[13,13,20,41,41,41,41,41,47],"current_hp_per_floor":[80,80,75,59,56,80,41,35,35,59,59,59,59,61,61,41,80,67,73,73,73,65,80,80,46,46,28,33,48,49,43,67,19,80,41,41,52,58,68,90,97,88,88,57,97,71,71,61,97,25],"gold":18,"neow_bonus":"ONE_RARE_RELIC","is_daily":false,"chose_seed":false,"campfire_upgraded":1,"win_rate":0.0,"timestamp":1609294017,"path_taken":["M","M","?","?","M","R","E","M","T","R","?","M","?","?","R","BOSS","M","?","$","?","?","R","M","M","T","M","E","?","M","M","R","BOSS","M","?","?","?","?","R","$","M","T","E","R","M","$","?","R","BOSS"],"items_purchased_type":["Relic","Card","Card","Relic","Relic","Card","Card","Relic","Card"],"build_version":"2020-12-22","purchased_purges":0,"victory":true,"max_hp_per_floor":[80,80,80,80,80,80,80,80,80,80,80,80,80,80,80,80,80,80,80,80,80,80,80,80,80,80,80,80,80,80,80,80,80,80,80,80,80,80,90,90,97,97,97,97,97,97,97,97,97,97],"card_choices":[{"not_picked":["Searing Blow","Warcry"],"picked":"Perfected Strike","floor":1.0},{"not_picked":["Flex","Havoc"],"picked":"Thunderclap","floor":2.0},{"not_picked":["Havoc","Pommel Strike"],"picked":"Clothesline","floor":3.0},{"not_picked":["Feel No Pain","Shrug It Off"],"picked":"Armaments","floor":5.0},{"not_picked":["Warcry","Dark Embrace"],"picked":"Immolate","floor":7.0},{"not_picked":["Flex","Sword Boomerang"],"picked":"Clash","floor":8.0},{"not_picked":["Sword Boomerang","Heavy Blade"],"picked":"Wild Strike","floor":12.0},{"not_picked":["Power Through","Warcry"],"picked":"Uppercut","floor":14.0},{"not_picked":["Brutality","Juggernaut"],"picked":"Immolate","floor":16.0},{"not_picked":["Sever Soul","Bloodletting"],"picked":"Flex+1","floor":18.0},{"not_picked":["Iron Wave","Rampage"],"picked":"Shockwave","floor":19.0},{"not_picked":["Flex","Wild Strike"],"picked":"Rupture+1","floor":24.0},{"not_picked":["Metallicize","Clash"],"picked":"Dual Wield","floor":25.0},{"not_picked":["Second Wind","Twin Strike"],"picked":"Perfected Strike","floor":27.0},{"not_picked":["Flame Barrier+1","Dark Embrace+1"],"picked":"Anger+1","floor":28.0},{"not_picked":["Headbutt","Brutality"],"picked":"Anger+1","floor":29.0},{"not_picked":["Shrug It Off+1","Warcry+1"],"picked":"Flex+1","floor":30.0},{"not_picked":["Shrug It Off","Iron Wave"],"picked":"Carnage","floor":31.0},{"not_picked":["Impervious","Limit Break"],"picked":"Berserk","floor":33.0},{"not_picked":["Anger+1","Searing Blow+1"],"picked":"Perfected Strike+1","floor":35},{"not_picked":["True Grit","Sentinel+1"],"picked":"Anger","floor":37},{"not_picked":["Twin Strike","Havoc"],"picked":"Clothesline+1","floor":38},{"not_picked":["Pommel Strike+1","Headbutt"],"picked":"Flex+1","floor":42},{"not_picked":["Rage","Exhume"],"picked":"Hemokinesis+1","floor":44},{"not_picked":["Thunderclap","Reckless Charge+1"],"picked":"Infernal Blade","floor":46},{"not_picked":["Finesse","Flash of Steel"],"picked":"Swift Strike","floor":48},{"not_picked":["Enlightenment","HandOfGreed"],"picked":"Panacea","floor":48},{"not_picked":["Flash of Steel","Mayhem"],"picked":"Metamorphosis","floor":48}],"player_experience":63931,"relics_obtained":[{"floor":7.0,"key":"Letter Opener"},{"floor":9.0,"key":"Gremlin Horn"},{"floor":19.0,"key":"Red Mask"},{"floor":26.0,"key":"Meat on the Bone"},{"floor":28.0,"key":"Shuriken"},{"floor":39,"key":"Pear"},{"floor":43,"key":"Bird Faced Urn"},{"floor":44,"key":"Bottled Flame"}],"event_choices":[{"damage_healed":0.0,"max_hp_gain":0.0,"max_hp_loss":0.0,"gold_gain":0.0,"event_name":"Shining Light","player_choice":"Entered Light","floor":4.0,"gold_loss":0.0,"damage_taken":16.0,"cards_upgraded":["Strike_R","Defend_R"]},{"damage_healed":0.0,"max_hp_gain":0.0,"max_hp_loss":0.0,"gold_gain":80.0,"event_name":"Golden Wing","player_choice":"Gained Gold","floor":11.0,"gold_loss":0.0,"damage_taken":0.0},{"damage_healed":0.0,"max_hp_gain":0.0,"max_hp_loss":0.0,"gold_gain":0.0,"event_name":"Masked Bandits","player_choice":"Fought Bandits","floor":19.0,"gold_loss":0.0,"damage_taken":0.0},{"damage_healed":0.0,"max_hp_gain":0.0,"max_hp_loss":0.0,"gold_gain":0.0,"event_name":"The Library","player_choice":"Read","floor":21.0,"gold_loss":0.0,"damage_taken":0.0,"cards_obtained":["Anger"]},{"damage_healed":0.0,"max_hp_gain":0.0,"max_hp_loss":0.0,"gold_gain":75.0,"event_name":"FaceTrader","player_choice":"Touch","floor":22.0,"gold_loss":0.0,"damage_taken":8.0},{"damage_healed":0,"gold_gain":100,"player_choice":"Pray","damage_taken":0,"max_hp_gain":0,"max_hp_loss":0,"event_name":"Golden Shrine","floor":36,"gold_loss":0},{"damage_healed":0,"gold_gain":0,"player_choice":"Memory 3","damage_taken":10,"max_hp_gain":0,"max_hp_loss":0,"event_name":"SensoryStone","floor":48,"gold_loss":0}],"is_beta":false,"boss_relics":[{"not_picked":["Tiny House","Sozu"],"picked":"SlaversCollar"},{"not_picked":["Coffee Dripper","Empty Cage"],"picked":"Velvet Choker"}],"items_purged_floors":[],"is_endless":false,"potions_floor_spawned":[3,7,12,24,28,29,30,42],"ascension_level":0}}