{"host":"p9t7qd83igtcp2bh","time":1609306785,"event":{"mods":["2.2 Compatiblity","AchievementEnabler","BaseMod","Colored Map","Colored Powertips","Custom Start","DeckTracker","Keyboard Shortcuts","Minty Spire (QoL Compilation)","Permanent Neow","StSLib","SuperFastMode","everything is the same but u backflip on backflip"],"gold_per_floor":[110,110,126,141,141,141,169,169,169,169,169,169,199,215,215,288,288,304,319,319,333,349,349,23,57,57,57,84,184,214,214,214,291,291,302,322,322,342,23,23,42,42,42,59,59,59,72,72,72],"floor_reached":48,"playtime":2219,"items_purged":["Defend_P"],"score":904,"play_id":"ca667f5a-093f-4f91-91de-96d831607230","local_time":"20201230143945","is_ascension_mode":true,"campfire_choices":[{"data":"Eruption","floor":6.0,"key":"SMITH"},{"floor":8.0,"key":"REST"},{"data":"FlyingSleeves","floor":10.0,"key":"SMITH"},{"data":"Meditate","floor":12.0,"key":"SMITH"},{"data":"MentalFortress","floor":15.0,"key":"SMITH"},{"data":"Vault","floor":23.0,"key":"SMITH"},{"data":"FlurryOfBlows","floor":32.0,"key":"SMITH"},{"floor":40.0,"key":"REST"},{"data":"Protect","floor":42.0,"key":"SMITH"}],"circlet_count":0,"master_deck":["AscendersBane","Strike_P+1","Strike_P","Strike_P","Defend_P+1","Defend_P+1","Defend_P","Eruption+1","Vigilance","MentalFortress+1","EmptyFist+1","FlyingSleeves+1","Meditate+1","EmptyFist","Vault+1","InnerPeace+1","FlurryOfBlows+1","Evaluate","Wallop","DevaForm+1","Protect+1","SandsOfTime+1","Evaluate","Decay","WheelKick"],"relics":["PureWater","Bag of Preparation","Gambling Chip","Matryoshka","Tiny Chest","Sozu","Sundial","Letter Opener","Pen Nib","War Paint","Yang","Ice Cream","Pantograph","HornCleat","Eternal Feather","Frozen Egg 2","VioletLotus","Gremlin Horn","Pear","Whetstone"],"acts_visited":["Exordium","TheCity","TheBeyond"],"potions_floor_usage":[48],"damage_taken":[{"damage":0.0,"enemies":"Small Slimes","floor":1.0,"turns":3.0},{"damage":1.0,"enemies":"2 Louse","floor":3.0,"turns":4.0},{"damage":0.0,"enemies":"Cultist","floor":4.0,"turns":2.0},{"damage":34.0,"enemies":"Gremlin Nob","floor":7.0,"turns":4.0},{"damage":10.0,"enemies":"3 Sentries","floor":13.0,"turns":4.0},{"damage":0.0,"enemies":"Exordium Wildlife","floor":14.0,"turns":3.0},{"damage":10.0,"enemies":"Slime Boss","floor":16.0,"turns":5.0},{"damage":0.0,"enemies":"Shell Parasite","floor":18.0,"turns":4.0},{"damage":1.0,"enemies":"2 Thieves","floor":19.0,"turns":5.0},{"damage":1.0,"enemies":"Chosen and Byrds","floor":21.0,"turns":4.0},{"damage":3.0,"enemies":"Snecko","floor":22.0,"turns":6.0},{"damage":6.0,"enemies":"Slavers","floor":25.0,"turns":6.0},{"damage":0.0,"enemies":"Book of Stabbing","floor":28.0,"turns":3.0},{"damage":0.0,"enemies":"Colosseum Slavers","floor":29.0,"turns":2.0},{"damage":0.0,"enemies":"Colosseum Nobs","floor":29.0,"turns":3.0},{"damage":0.0,"enemies":"Slavers","floor":30.0,"turns":5.0},{"damage":39.0,"enemies":"Collector","floor":33.0,"turns":11.0},{"damage":9.0,"enemies":"3 Shapes","floor":35.0,"turns":5.0},{"damage":13.0,"enemies":"3 Darklings","floor":36.0,"turns":7.0},{"damage":18.0,"enemies":"Maw","floor":38.0,"turns":9.0},{"damage":0.0,"enemies":"4 Shapes","floor":41.0,"turns":6.0},{"damage":20.0,"enemies":"Jaw Worm Horde","floor":44.0,"turns":4.0},{"damage":4.0,"enemies":"Writhing Mass","floor":47.0,"turns":8.0},{"damage":63,"enemies":"Transient","floor":48,"turns":5}],"seed_played":"1330364674092431768","potions_obtained":[{"floor":3.0,"key":"SteroidPotion"},{"floor":4.0,"key":"SpeedPotion"}],"is_trial":false,"path_per_floor":["M","?","M","M","?","R","E","R","T","R","?","R","E","M","R","B",null,"M","M","?","M","M","R","$","E","T","$","E","?","E","T","R","B",null,"M","M","?","M","$","R","M","R","T","M","?","T","M","M"],"character_chosen":"WATCHER","items_purchased":["Sundial","SandsOfTime","Gremlin Horn"],"campfire_rested":2,"item_purchase_floors":[24,39,39],"current_hp_per_floor":[65,65,64,64,50,50,16,37,37,37,37,37,27,27,27,17,58,58,57,57,56,53,53,53,47,47,47,47,47,47,47,56,33,62,53,40,40,22,22,55,55,67,77,57,57,57,53,0,0],"gold":72,"neow_bonus":"RANDOM_COMMON_RELIC","is_daily":false,"chose_seed":false,"campfire_upgraded":7,"win_rate":0.0,"timestamp":1609306785,"path_taken":["M","?","M","M","?","R","E","R","T","R","?","R","E","M","R","BOSS","M","M","?","?","M","R","$","E","T","$","E","?","E","?","R","BOSS","BOSS","M","?","?","M","$","R","M","R","T","M","?","?","M","M"],"items_purchased_type":["Relic","Card","Relic"],"build_version":"2020-12-22","purchased_purges":1,"victory":false,"max_hp_per_floor":[72,72,72,72,72,72,72,72,72,72,72,72,72,72,72,72,72,72,72,72,72,72,72,72,72,72,72,72,72,72,72,72,72,72,72,72,72,72,72,72,72,72,82,82,82,82,82,82,82],"card_choices":[{"not_picked":["Crescendo","LikeWater","Evaluate"],"picked":"SKIP","floor":1.0},{"not_picked":["BowlingBash","Evaluate"],"picked":"MentalFortress","floor":3.0},{"not_picked":["JustLucky","Crescendo"],"picked":"EmptyFist","floor":4.0},{"not_picked":["JustLucky","Halt"],"picked":"FlyingSleeves","floor":7.0},{"not_picked":["Halt","Prostrate"],"picked":"EmptyFist","floor":13.0},{"not_picked":["WreathOfFlame","Consecrate","Crescendo"],"picked":"SKIP","floor":14.0},{"not_picked":["Alpha","Ragnarok"],"picked":"Vault","floor":16.0},{"not_picked":["Prostrate","FlyingSleeves"],"picked":"InnerPeace","floor":18.0},{"not_picked":["Prostrate","Halt"],"picked":"FlurryOfBlows","floor":19.0},{"not_picked":["LikeWater","FollowUp"],"picked":"Evaluate","floor":21.0},{"not_picked":["Evaluate","ClearTheMind","Study"],"picked":"SKIP","floor":22.0},{"not_picked":["Crescendo+1","Alpha"],"picked":"Wallop","floor":25.0},{"not_picked":["Fasting2","FlurryOfBlows","ThirdEye"],"picked":"SKIP","floor":28.0},{"not_picked":["SignatureMove","Alpha","JustLucky"],"picked":"SKIP","floor":30.0},{"not_picked":["Establishment+1","ConjureBlade"],"picked":"DevaForm+1","floor":33.0},{"not_picked":["FlurryOfBlows","CutThroughFate","Pray"],"picked":"SKIP","floor":35.0},{"not_picked":["Sanctity","ThirdEye"],"picked":"Protect","floor":36.0},{"not_picked":["JustLucky+1","ClearTheMind","Conclude"],"picked":"SKIP","floor":38.0},{"not_picked":["SashWhip","EmptyFist"],"picked":"Evaluate","floor":41.0},{"not_picked":["Collect+1","Crescendo+1","Pray"],"picked":"SKIP","floor":44.0},{"not_picked":["ThirdEye","BattleHymn+1"],"picked":"WheelKick","floor":47.0}],"player_experience":582150,"relics_obtained":[{"floor":7.0,"key":"Gambling Chip"},{"floor":9.0,"key":"Matryoshka"},{"floor":13.0,"key":"Tiny Chest"},{"floor":25.0,"key":"Letter Opener"},{"floor":26.0,"key":"Pen Nib"},{"floor":26.0,"key":"War Paint"},{"floor":28.0,"key":"Yang"},{"floor":29.0,"key":"Ice Cream"},{"floor":29.0,"key":"Pantograph"},{"floor":30.0,"key":"HornCleat"},{"floor":31.0,"key":"Eternal Feather"},{"floor":31.0,"key":"Frozen Egg 2"},{"floor":43.0,"key":"Pear"},{"floor":46.0,"key":"Whetstone"}],"event_choices":[{"damage_healed":0.0,"max_hp_gain":0.0,"max_hp_loss":0.0,"gold_gain":0.0,"event_name":"Liars Game","player_choice":"Ignored","floor":2.0,"gold_loss":0.0,"damage_taken":0.0},{"damage_healed":0.0,"max_hp_gain":0.0,"max_hp_loss":0.0,"gold_gain":0.0,"event_name":"Shining Light","player_choice":"Entered Light","floor":5.0,"gold_loss":0.0,"damage_taken":14.0,"cards_upgraded":["EmptyFist","Defend_P"]},{"damage_healed":0.0,"max_hp_gain":0.0,"max_hp_loss":0.0,"gold_gain":0.0,"cards_transformed":["Strike_P"],"event_name":"Living Wall","player_choice":"Change","floor":11.0,"gold_loss":0.0,"damage_taken":0.0,"cards_obtained":["Meditate"]},{"damage_healed":0.0,"max_hp_gain":0.0,"max_hp_loss":0.0,"gold_gain":0.0,"event_name":"The Woman in Blue","player_choice":"Bought 0 Potions","floor":20.0,"gold_loss":0.0,"damage_taken":0.0},{"damage_healed":0.0,"max_hp_gain":0.0,"max_hp_loss":0.0,"gold_gain":0.0,"event_name":"Colosseum","player_choice":"Fight","floor":29.0,"gold_loss":0.0,"damage_taken":0.0},{"damage_healed":0.0,"max_hp_gain":0.0,"max_hp_loss":0.0,"gold_gain":0.0,"event_name":"Colosseum","player_choice":"Fought Nobs","floor":29.0,"gold_loss":0.0,"damage_taken":0.0},{"damage_healed":0.0,"max_hp_gain":0.0,"max_hp_loss":0.0,"gold_gain":0.0,"event_name":"Mysterious Sphere","player_choice":"Ignored","floor":37.0,"gold_loss":0.0,"damage_taken":0.0},{"damage_healed":0.0,"max_hp_gain":0.0,"max_hp_loss":0.0,"gold_gain":0.0,"event_name":"Wheel of Change","player_choice":"Cursed","floor":45.0,"gold_loss":0.0,"damage_taken":0.0,"cards_obtained":["Decay"]}],"is_beta":false,"boss_relics":[{"not_picked":["Empty Cage","Busted Crown"],"picked":"Sozu"},{"not_picked":["Coffee Dripper","SlaversCollar"],"picked":"VioletLotus"}],"items_purged_floors":[24],"is_endless":false,"potions_floor_spawned":[3,4,14,19,22,28,30,41,47],"killed_by":"Transient","ascension_level":13}}