{"host":"n3cy3kvidykvt4jk","time":1609297153,"event":{"mods":["BaseMod","Colored Powertips","Marisa????????","Minty Spire (QoL Compilation)","Shop Mod","StSLib","SuperFastMode","The Disciple","The Jungle","The Servant 0.9.4"],"gold_per_floor":[114,114,114,137,137,168,168,201,201,216,255,274,274,31,31,161,161,180,193,26,50,63,101,124,124,151,174,111,163,300,335,347,489,501,538,574,919,540,540,540,389,399,481,30,30,30,57,72,72,72],"floor_reached":51,"playtime":3710,"items_purged":["Strike_R"],"score":877,"play_id":"b7c3ccd0-95fd-4442-b92b-f7b88689cd9b","local_time":"20201230055913","is_ascension_mode":true,"campfire_choices":[{"floor":7,"key":"REST"},{"floor":13,"key":"REST"},{"data":"Carnage","floor":15,"key":"SMITH"},{"floor":25,"key":"REST"},{"floor":32,"key":"REST"},{"floor":40,"key":"RECALL"},{"floor":49,"key":"DIG"}],"circlet_count":0,"master_deck":["Strike_R","Strike_R","Strike_R","Defend_R","Defend_R","Defend_R","Defend_R","Bash","Clash","Anger","Clothesline","Carnage+1","Feed","Thunderclap","Infernal Blade+1","Perfected Strike","Flash of Steel","Dramatic Entrance","Intimidate+1","Anger+1","Flex","Seeing Red+1","Rage+1"],"relics":["Black Blood","NeowsBlessing","InkBottle","Meat on the Bone","Champion Belt","Eternal Feather","Letter Opener","ClockworkSouvenir","Fusion Hammer","Pocketwatch","Tiny Chest","MawBank","Pen Nib","FossilizedHelix","Pantograph","War Paint","Ornamental Fan","TheAbacus","Toy Ornithopter","Frozen Egg 2","Shovel","Red Skull","Vajra","Lantern","Happy Flower"],"acts_visited":["Exordium","TheCity","TheBeyond"],"potions_floor_usage":[23,30,30,39,47,47,50],"damage_taken":[{"damage":0,"enemies":"Cultist","floor":1,"turns":1},{"damage":0,"enemies":"Small Slimes","floor":4,"turns":1},{"damage":0,"enemies":"Gremlin Nob","floor":6,"turns":1},{"damage":21,"enemies":"3 Sentries","floor":8,"turns":7},{"damage":6,"enemies":"2 Louse","floor":10,"turns":2},{"damage":21,"enemies":"Lagavulin","floor":11,"turns":5},{"damage":11,"enemies":"Red Slaver","floor":12,"turns":4},{"damage":22,"enemies":"Slime Boss","floor":16,"turns":9},{"damage":3,"enemies":"Chosen","floor":18,"turns":3},{"damage":9,"enemies":"Shell Parasite","floor":19,"turns":2},{"damage":26,"enemies":"Snake Plant","floor":21,"turns":3},{"damage":0,"enemies":"Sentry and Sphere","floor":22,"turns":3},{"damage":40,"enemies":"Book of Stabbing","floor":23,"turns":5},{"damage":39,"enemies":"Centurion and Healer","floor":24,"turns":4},{"damage":25,"enemies":"Slavers","floor":29,"turns":4},{"damage":12,"enemies":"Colosseum Slavers","floor":30,"turns":3},{"damage":9,"enemies":"Colosseum Nobs","floor":30,"turns":4},{"damage":6,"enemies":"Cultist and Chosen","floor":31,"turns":3},{"damage":69,"enemies":"Champ","floor":33,"turns":9},{"damage":0,"enemies":"Orb Walker","floor":35,"turns":2},{"damage":0,"enemies":"Orin","floor":39,"turns":3},{"damage":19,"enemies":"3 Shapes","floor":42,"turns":4},{"damage":34,"enemies":"Nemesis","floor":47,"turns":7},{"damage":0,"enemies":"Spire Growth","floor":48,"turns":4},{"damage":89,"enemies":"Donu and Deca","floor":50,"turns":10}],"seed_played":"4080667573320747239","potions_obtained":[{"floor":4,"key":"Swift Potion"},{"floor":12,"key":"SmokeBomb"},{"floor":16,"key":"Weak Potion"},{"floor":23,"key":"Weak Potion"},{"floor":29,"key":"HeartOfIron"},{"floor":33,"key":"Regen Potion"},{"floor":35,"key":"HeartOfIron"},{"floor":48,"key":"Fire Potion"}],"is_trial":false,"path_per_floor":["M","?","?","M","?","E","R","E","T","M","E","M","R","$","R","B",null,"M","M","$","M","M","E","M","R","T","T","?","E","?","M","R","B",null,"M","T","?","$","?","R","$","M","T","$","?","T","E","M","R","B",null],"character_chosen":"IRONCLAD","items_purchased":["ClockworkSouvenir","Flash of Steel","Dramatic Entrance","Ornamental Fan","TheAbacus","Toy Ornithopter","Shovel","Red Skull"],"campfire_rested":4,"item_purchase_floors":[14,14,20,38,38,41,44,44],"current_hp_per_floor":[80,77,57,63,63,69,80,65,65,68,53,48,81,81,83,70,86,86,86,86,66,75,53,32,71,71,71,71,55,61,64,101,50,101,101,101,101,101,101,101,101,97,97,97,97,97,87,102,107,47],"gold":72,"neow_bonus":"THREE_ENEMY_KILL","is_daily":false,"chose_seed":false,"campfire_upgraded":1,"win_rate":0.0,"timestamp":1609297153,"path_taken":["M","?","?","M","?","E","R","E","T","M","E","M","R","$","R","BOSS","M","M","$","M","M","E","M","R","T","?","?","E","?","M","R","BOSS","M","?","?","$","?","R","$","M","T","$","?","?","E","M","R","BOSS"],"items_purchased_type":["Relic","Card","Card","Relic","Relic","Relic","Relic","Relic"],"build_version":"2020-12-22","purchased_purges":1,"victory":true,"max_hp_per_floor":[80,80,80,80,80,80,80,80,80,83,83,83,83,83,83,86,86,86,89,89,89,92,92,92,92,92,92,92,95,98,101,101,101,101,101,101,101,101,101,101,101,104,104,104,104,104,104,107,107,107],"card_choices":[{"not_picked":["True Grit","Perfected Strike"],"picked":"Clash","floor":1},{"not_picked":["Fire Breathing","Havoc"],"picked":"Anger","floor":4},{"not_picked":["Havoc","Iron Wave"],"picked":"Carnage","floor":6},{"not_picked":["Pummel","Rampage"],"picked":"Feed","floor":8},{"not_picked":["Clothesline","True Grit"],"picked":"Thunderclap","floor":10},{"not_picked":["Thunderclap","Metallicize"],"picked":"Infernal Blade","floor":11},{"not_picked":["Twin Strike","Thunderclap"],"picked":"Perfected Strike","floor":12},{"not_picked":["Offering","Brutality"],"picked":"Barricade","floor":16},{"not_picked":["Pummel","Armaments","Body Slam+1"],"picked":"SKIP","floor":18},{"not_picked":["Twin Strike+1","Anger","Sword Boomerang+1"],"picked":"SKIP","floor":19},{"not_picked":["Havoc","Pommel Strike"],"picked":"Intimidate+1","floor":21},{"not_picked":["Thunderclap","Hemokinesis","Twin Strike"],"picked":"SKIP","floor":22},{"not_picked":["Corruption","Battle Trance"],"picked":"Anger+1","floor":23},{"not_picked":["Intimidate+1","Fire Breathing"],"picked":"Flex","floor":24},{"not_picked":["Headbutt","Twin Strike"],"picked":"Seeing Red+1","floor":29},{"not_picked":["Wild Strike","Flex+1"],"picked":"Rage","floor":30},{"not_picked":["Rupture","Iron Wave","Havoc"],"picked":"SKIP","floor":31},{"not_picked":["Exhume","Berserk"],"picked":"Demon Form","floor":33},{"not_picked":["Dark Embrace","Cleave","True Grit"],"picked":"SKIP","floor":35},{"not_picked":["Shrug It Off+1","Anger","Headbutt"],"picked":"SKIP","floor":42},{"not_picked":["Heavy Blade","Demon Form+1","Sentinel+1"],"picked":"SKIP","floor":47},{"not_picked":["Pommel Strike","Sword Boomerang+1","Flex"],"picked":"SKIP","floor":48}],"player_experience":490379,"relics_obtained":[{"floor":6,"key":"Meat on the Bone"},{"floor":8,"key":"Champion Belt"},{"floor":9,"key":"Eternal Feather"},{"floor":11,"key":"Letter Opener"},{"floor":23,"key":"Pocketwatch"},{"floor":26,"key":"Tiny Chest"},{"floor":27,"key":"MawBank"},{"floor":29,"key":"Pen Nib"},{"floor":30,"key":"FossilizedHelix"},{"floor":30,"key":"Pantograph"},{"floor":36,"key":"War Paint"},{"floor":43,"key":"Frozen Egg 2"},{"floor":46,"key":"Vajra"},{"floor":47,"key":"Lantern"},{"floor":49,"key":"Happy Flower"}],"event_choices":[{"damage_healed":0,"gold_gain":0,"player_choice":"Success","damage_taken":3,"relics_obtained":["InkBottle"],"max_hp_gain":0,"max_hp_loss":0,"event_name":"Scrap Ooze","floor":2,"gold_loss":0},{"damage_healed":0,"gold_gain":0,"player_choice":"Take Damage","damage_taken":20,"relics_obtained":["Golden Idol"],"max_hp_gain":0,"max_hp_loss":0,"event_name":"Golden Idol","floor":3,"gold_loss":0},{"damage_healed":0,"gold_gain":0,"cards_transformed":["Strike_R"],"player_choice":"Transformed","damage_taken":0,"max_hp_gain":0,"max_hp_loss":0,"event_name":"Transmorgrifier","floor":5,"gold_loss":0,"cards_obtained":["Clothesline"]},{"cards_removed":["Barricade"],"damage_healed":0,"gold_gain":0,"player_choice":"Gave Gold","damage_taken":0,"max_hp_gain":0,"max_hp_loss":0,"event_name":"Beggar","floor":28,"gold_loss":75},{"damage_healed":0,"gold_gain":0,"player_choice":"Fight","damage_taken":0,"max_hp_gain":0,"max_hp_loss":0,"event_name":"Colosseum","floor":30,"gold_loss":0},{"damage_healed":0,"gold_gain":0,"player_choice":"Fought Nobs","damage_taken":0,"max_hp_gain":0,"max_hp_loss":0,"event_name":"Colosseum","floor":30,"gold_loss":0},{"damage_healed":0,"gold_gain":333,"player_choice":"Gave Idol","damage_taken":0,"max_hp_gain":0,"max_hp_loss":0,"event_name":"The Moai Head","floor":37,"relics_lost":["Golden Idol"],"gold_loss":0},{"damage_healed":0,"gold_gain":0,"player_choice":"Fight","damage_taken":0,"max_hp_gain":0,"max_hp_loss":0,"event_name":"OrinTheCat","floor":39,"gold_loss":0},{"cards_removed":["Demon Form"],"damage_healed":0,"gold_gain":0,"player_choice":"Removed Power","damage_taken":0,"max_hp_gain":0,"max_hp_loss":0,"event_name":"Falling","floor":45,"gold_loss":0}],"is_beta":false,"boss_relics":[{"not_picked":["Ectoplasm","Coffee Dripper"],"picked":"Fusion Hammer"},{"not_picked":["Runic Cube","Mark of Pain"],"picked":"Black Blood"}],"items_purged_floors":[20],"is_endless":false,"potions_floor_spawned":[4,12,16,19,23,29,30,33,35,39,48],"ascension_level":2}}