{"host":"fo1pcjb7ykmk7tjo","time":1609365302,"event":{"mods":["BaseMod","Colored Map","Downfall","Hermit","Hubris","Infinite Spire","Marisa????????","Minty Spire (QoL Compilation)","Replay The Spire","StSLib","The Disciple","The Servant 0.9.4"],"gold_per_floor":[111,111,111,121,121,121,152,152,178,23,56,56,56,88,88,191,191,205,1,1,1,15,44,44,64,64,64,83,83,96,117,117,216,216,235,235,235,255,278,290,290],"floor_reached":40,"playtime":1879,"items_purged":["Strike_B","Strike_B"],"score":746,"play_id":"89178198-9e9a-4a53-9aa4-b4f1eeb79fe2","local_time":"20201230225502","is_ascension_mode":true,"campfire_choices":[{"data":"ReplayGash","floor":6.0,"key":"SMITH"},{"data":"Dualcast","floor":8.0,"key":"SMITH"},{"data":"ReplayGash","floor":15.0,"key":"SMITH"},{"floor":24.0,"key":"REST"},{"data":"Buffer","floor":32.0,"key":"SMITH"}],"circlet_count":0,"master_deck":["AscendersBane","Defend_B","Defend_B","Defend_B","Zap+1","Dualcast+1","ReplayGash+1","Rebound","ReplayGash+1","ReplayGash+1","Echo Form+1","Reprogram+1","Leap","Self Repair","Go for the Eyes+1","Scrape","infinitespire:Starlight","Buffer+1"],"relics":["Cracked Core","NeowsBlessing","Centennial Puzzle","infinitespire:Satchel","DollysMirror","Shuriken","ReplayTheSpireMod:Ring of Collecting","Snack Pack","hubris:RunicObelisk","Tiny Chest","infinitespire:Midas Blood","infinitespire:Joker Card","hubris:Towel","hubris:CrackedHourglass","infinitespire:Bottled Soul"],"acts_visited":["Exordium","TheCity","TheBeyond"],"potions_floor_usage":[],"damage_taken":[{"damage":0.0,"enemies":"Cultist","floor":1.0,"turns":1.0},{"damage":0.0,"enemies":"2 Louse","floor":4.0,"turns":1.0},{"damage":0.0,"enemies":"Lagavulin","floor":7.0,"turns":1.0},{"damage":20.0,"enemies":"Replay:BlueRogue","floor":11.0,"turns":4.0},{"damage":10.0,"enemies":"Lagavulin","floor":14.0,"turns":3.0},{"damage":27.0,"enemies":"The Guardian","floor":16.0,"turns":6.0},{"damage":12.0,"enemies":"Chosen","floor":18.0,"turns":3.0},{"damage":13.0,"enemies":"Spheric Guardian","floor":22.0,"turns":4.0},{"damage":35.0,"enemies":"Book of Stabbing","floor":23.0,"turns":5.0},{"damage":23.0,"enemies":"Centurion and Healer","floor":25.0,"turns":3.0},{"damage":17.0,"enemies":"Snake Plant","floor":28.0,"turns":4.0},{"damage":7.0,"enemies":"Snecko","floor":30.0,"turns":4.0},{"damage":24.0,"enemies":"3 Cultists","floor":31.0,"turns":4.0},{"damage":0.0,"enemies":"Champ","floor":33.0,"turns":8.0},{"damage":33.0,"enemies":"3 Darklings","floor":35.0,"turns":4.0},{"damage":29,"enemies":"3 Shapes","floor":38,"turns":5},{"damage":37,"enemies":"Writhing Mass","floor":39,"turns":6},{"damage":106,"enemies":"Reptomancer","floor":40,"turns":3}],"seed_played":"1901728576543279812","potions_obtained":[{"floor":7.0,"key":"Adrenaline Potion"},{"floor":14.0,"key":"SpeedPotion"},{"floor":22.0,"key":"Explosive Potion"},{"floor":25.0,"key":"SteroidPotion"},{"floor":30.0,"key":"Explosive Potion"},{"floor":35.0,"key":"DuplicationPotion"},{"floor":38,"key":"SkillPotion"}],"is_trial":false,"path_per_floor":["M","?","?","M","?","R","E","R","T","$","E","?","?","E","R","B",null,"M","$","?","$","M","E","R","M","T","AVR","M","?","M","M","R","B",null,"M","?","T","M","M","E"],"character_chosen":"DEFECT","items_purchased":["DollysMirror","Leap","Self Repair"],"campfire_rested":1,"item_purchase_floors":[10,19,19],"current_hp_per_floor":[68,68,68,68,68,68,68,68,68,68,48,48,41,31,31,10,59,49,49,49,49,43,19,41,36,36,36,49,49,63,53,53,75,75,58,58,58,62,75,0,0],"gold":290,"neow_bonus":"THREE_ENEMY_KILL","is_daily":false,"chose_seed":false,"campfire_upgraded":4,"win_rate":0.0,"timestamp":1609365302,"path_taken":["M","?","?","?","?","R","E","R","T","$","E","?","?","E","R","BOSS","M","$","?","?","M","E","R","?","T","AVR","M","?","M","M","R","BOSS","M","?","?","M","M","E"],"items_purchased_type":["Relic","Card","Card"],"build_version":"2020-12-22","purchased_purges":2,"victory":false,"max_hp_per_floor":[75,75,75,75,75,75,75,75,75,75,75,75,75,75,75,75,75,75,75,75,75,75,75,75,75,75,75,75,75,75,75,75,75,75,75,75,75,75,75,75,75],"card_choices":[{"not_picked":["ReplayTheSpireMod:GoodbyeWorld","FIFO Queue","Sweeping Beam"],"picked":"SKIP","floor":1.0},{"not_picked":["ReplaySort","Barrage"],"picked":"ReplayGash","floor":4.0},{"not_picked":["Coolheaded","Compile Driver"],"picked":"Rebound","floor":7.0},{"not_picked":["Stack","Leap","Turbo"],"picked":"SKIP","floor":11.0},{"not_picked":["Consume","Gash"],"picked":"ReplayGash","floor":14.0},{"not_picked":["ReplayTheSpireMod:Omega Cannon","Rainbow"],"picked":"Echo Form","floor":16.0},{"not_picked":["Beam Cell","ReplayTheSpireMod:Repulse+1"],"picked":"Reprogram+1","floor":18.0},{"not_picked":["Rebound","Consume+1"],"picked":"Go for the Eyes+1","floor":22.0},{"not_picked":["hubris:PowerSurge","Beam Cell"],"picked":"Scrape","floor":23.0},{"not_picked":["Capacitor","Compile Driver","Hologram"],"picked":"SKIP","floor":25.0},{"not_picked":["Gash","Rebound","hubris:Ukulele+1"],"picked":"SKIP","floor":28.0},{"not_picked":["ReplayGash+1","Beam Cell","ReplayTheSpireMod:Reroute Power"],"picked":"SKIP","floor":30.0},{"not_picked":["Defragment","Static Discharge"],"picked":"Buffer","floor":31.0},{"not_picked":["Darkness","Turbo+1","Gash"],"picked":"SKIP","floor":35.0},{"not_picked":["Streamline+1","Capacitor","Machine Learning"],"picked":"SKIP","floor":38},{"not_picked":["Steam","Leap+1","FTL"],"picked":"SKIP","floor":39}],"player_experience":179387,"relics_obtained":[{"floor":7.0,"key":"Centennial Puzzle"},{"floor":9.0,"key":"infinitespire:Satchel"},{"floor":11.0,"key":"Shuriken"},{"floor":12.0,"key":"ReplayTheSpireMod:Ring of Collecting"},{"floor":14.0,"key":"Snack Pack"},{"floor":23.0,"key":"Tiny Chest"},{"floor":26.0,"key":"infinitespire:Midas Blood"},{"floor":37,"key":"infinitespire:Bottled Soul"}],"event_choices":[{"cards_removed":["Strike_B"],"damage_healed":0.0,"max_hp_gain":0.0,"max_hp_loss":0.0,"gold_gain":0.0,"event_name":"Bonfire Elementals","player_choice":"Offered Basic","floor":3.0,"gold_loss":0.0,"damage_taken":0.0},{"cards_removed":["Defend_B"],"damage_healed":0.0,"max_hp_gain":0.0,"max_hp_loss":0.0,"gold_gain":0.0,"event_name":"Golden Wing","player_choice":"Card Removal","floor":13.0,"gold_loss":0.0,"damage_taken":7.0},{"damage_healed":0.0,"max_hp_gain":0.0,"max_hp_loss":0.0,"gold_gain":0.0,"event_name":"Upgrade Shrine","player_choice":"Upgraded","floor":20.0,"gold_loss":0.0,"damage_taken":0.0,"cards_upgraded":["Echo Form"]},{"damage_healed":0.0,"max_hp_gain":0.0,"max_hp_loss":0.0,"gold_gain":0.0,"event_name":"SensoryStone","player_choice":"Memory 1","floor":36.0,"gold_loss":0.0,"damage_taken":0.0}],"is_beta":false,"boss_relics":[{"not_picked":["Inserter","Snecko Eye"],"picked":"hubris:RunicObelisk"},{"not_picked":["hubris:Backtick","Kintsugi"],"picked":"hubris:CrackedHourglass"}],"items_purged_floors":[19,27],"is_endless":false,"potions_floor_spawned":[7,14,22,25,30,35,38],"killed_by":"Reptomancer","ascension_level":10}}