{"host":"51qmnr9isyv85d0p","time":1609329221,"event":{"mods":["AchievementEnabler","BaseMod","Colored Map","Colored Powertips","Curses Come First","Downfall","Minty Spire (QoL Compilation)","Relic Stats","StSLib","TestMod","vexMod"],"gold_per_floor":[99,11100,11120,11131,11151,9896,9922,9934,9954,9954,8838,8838,9238,9253,9272,9369,9369,9369,9389,9399,8236,8246,8346,8427,7832,7846,7878,7897,7897,7908,7040,7058,7156,7156,7156,7171,7186,6670,6690,6259,6259,6270,6295,6312,6323,5949,5965,5566,5593,5602],"floor_reached":51,"playtime":3729,"items_purged":["Guardian:Defend_Guardian","Guardian:Defend_Guardian","Guardian:Defend_Guardian","Guardian:SpikerProtocol","Guardian:EvasiveProtocol","Guardian:Harden","Guardian:ShieldSpikes","Guardian:WalkerClaw+1","Guardian:CrystalBeam+1"],"score":926,"play_id":"9f9817e1-703a-47c2-9378-11ed1ec137fd","local_time":"20201230195341","is_ascension_mode":false,"campfire_choices":[{"data":"Guardian:TwinSlam","floor":1,"key":"SMITH"},{"data":"Guardian:Clone","floor":10,"key":"SMITH"},{"data":"Guardian:FloatingOrbs","floor":12,"key":"SMITH"},{"data":"Guardian:FloatingOrbs","floor":18,"key":"SMITH"},{"data":"Guardian:Strike_Guardian","floor":29,"key":"SMITH"},{"data":"Guardian:Strike_Guardian","floor":35,"key":"SMITH"}],"circlet_count":0,"master_deck":["Guardian:Strike_Guardian+1","Guardian:Strike_Guardian+1","Guardian:Strike_Guardian+1","Guardian:Strike_Guardian+1","Guardian:CurlUp","Guardian:TwinSlam+1","Guardian:FloatingOrbs+1","Guardian:Clone+1","Guardian:PrismaticBeam+1","Guardian:Preprogram+1","Guardian:PiercingHide","Violence","Trip+1","Guardian:PolyBeam+1","Guardian:FloatingOrbs+1","Guardian:RollAttack+1","Guardian:PrimingBeam+1","Guardian:ExploitGems","Flash of Steel+1","Guardian:VentSteam+1","J.A.X.","Guardian:SpikerProtocol+1","Chrysalis","Guardian:BronzeOrb+1","Guardian:PrismaticBarrier+1","Guardian:BaubleBeam+1","Guardian:Repulse+1","Guardian:Gem_White","Guardian:FloatingOrbs+1","Guardian:PrimingBeam+1","Guardian:FloatingOrbs+1","Guardian:SentryBeam+1","Guardian:ChargeUp+1","Guardian:Gem_Blue","Guardian:SentryBeam+1","Guardian:EvasiveProtocol+1"],"relics":["Guardian:ModeShifter","testmod-HeartOfStrike","vexMod:FocusSash","Molten Egg 2","Frozen Eye","Blood Vial","Ornamental Fan","testmod-CasingShield","testmod-BatchProcessingSystem","Peace Pipe","InkBottle","vexMod:Spyglass","MutagenicStrength","Frozen Egg 2","Boot","Potion Belt","Cauldron","Juzu Bracelet","testmod-AssaultLearning","Sundial","Membership Card","vexMod:EndlessSickness","Question Card","vexMod:BarristanHead","ClockworkSouvenir","Bag of Preparation","testmod-OneHitWonder","Sling","Gremlin Horn","Whetstone","Oddly Smooth Stone","Pen Nib","Medical Kit","War Paint","testmod-Acrobat","OrangePellets"],"acts_visited":["Exordium","TheCity","TheBeyond"],"potions_floor_usage":[8,8,9,11,11,11,11,15,15,16,23,23,25,25,26,26,28,31,33,33,33,33,37,43,43,47,50,50,50,50,50,50,50],"damage_taken":[{"damage":2,"enemies":"Small Slimes","floor":2,"turns":2},{"damage":0,"enemies":"2 Louse","floor":3,"turns":2},{"damage":0,"enemies":"Cultist","floor":4,"turns":2},{"damage":7,"enemies":"3 Louse","floor":5,"turns":4},{"damage":2,"enemies":"downfall:FleeingMerchant","floor":6,"turns":4},{"damage":0,"enemies":"Gremlin Gang","floor":8,"turns":2},{"damage":12,"enemies":"Large Slime","floor":9,"turns":4},{"damage":5,"enemies":"downfall:FleeingMerchant","floor":11,"turns":4},{"damage":0,"enemies":"2 Fungi Beasts","floor":14,"turns":2},{"damage":0,"enemies":"Red Slaver","floor":15,"turns":2},{"damage":21,"enemies":"downfall:Defect","floor":16,"turns":6},{"damage":0,"enemies":"Spheric Guardian","floor":19,"turns":3},{"damage":13,"enemies":"3 Byrds","floor":20,"turns":2},{"damage":0,"enemies":"downfall:FleeingMerchant","floor":21,"turns":4},{"damage":0,"enemies":"Centurion and Healer","floor":22,"turns":3},{"damage":2,"enemies":"downfall:Augmenter","floor":23,"turns":3},{"damage":0,"enemies":"downfall:FleeingMerchant","floor":25,"turns":1},{"damage":0,"enemies":"Shelled Parasite and Fungi","floor":26,"turns":2},{"damage":0,"enemies":"Book of Stabbing","floor":27,"turns":4},{"damage":0,"enemies":"Cultist and Chosen","floor":28,"turns":2},{"damage":3,"enemies":"Centurion and Healer","floor":30,"turns":3},{"damage":0,"enemies":"Snecko","floor":32,"turns":2},{"damage":3,"enemies":"downfall:Ironclad","floor":33,"turns":4},{"damage":0,"enemies":"Orb Walker","floor":36,"turns":2},{"damage":0,"enemies":"3 Darklings","floor":37,"turns":3},{"damage":3,"enemies":"Jaw Worm Horde","floor":39,"turns":3},{"damage":0,"enemies":"Sphere and 2 Shapes","floor":42,"turns":2},{"damage":3,"enemies":"Reptomancer","floor":43,"turns":2},{"damage":3,"enemies":"Transient","floor":44,"turns":5},{"damage":0,"enemies":"Spire Growth","floor":45,"turns":2},{"damage":3,"enemies":"3 Darklings","floor":47,"turns":2},{"damage":0,"enemies":"Writhing Mass","floor":49,"turns":3},{"damage":0,"enemies":"downfall:Watcher","floor":50,"turns":3}],"seed_played":"-3311299847279907271","potions_obtained":[{"floor":8,"key":"Energy Potion"},{"floor":9,"key":"FearPotion"},{"floor":14,"key":"SpeedPotion"},{"floor":15,"key":"Fire Potion"},{"floor":16,"key":"SpeedPotion"},{"floor":20,"key":"SmokeBomb"},{"floor":22,"key":"Energy Potion"},{"floor":25,"key":"Energy Potion"},{"floor":25,"key":"Explosive Potion"},{"floor":25,"key":"SteroidPotion"},{"floor":25,"key":"CultistPotion"},{"floor":25,"key":"testmod-SpacePotion"},{"floor":27,"key":"Regen Potion"},{"floor":28,"key":"Fire Potion"},{"floor":32,"key":"testmod-TestPotion"},{"floor":33,"key":"Weak Potion"},{"floor":37,"key":"Block Potion"},{"floor":43,"key":"EssenceOfSteel"},{"floor":47,"key":"Fruit Juice"}],"is_trial":false,"path_per_floor":["R","M","M","M","M","$","T","M","M","R","$","R","?","M","M","B",null,"R","M","M","$","M","?","T","$","M","E","M","R","M","$","M","B",null,"R","M","M","$","M","$","T","M","E","M","M","$","M","$","M","B",null],"character_chosen":"GUARDIAN","items_purchased":["vexMod:FocusSash","Molten Egg 2","Frozen Eye","Guardian:PrismaticBeam+1","Guardian:Preprogram","Guardian:PiercingHide","Violence","Trip","ColorlessPotion","Fire Potion","LiquidMemories","Ornamental Fan","testmod-CasingShield","Guardian:Gem_Synthetic","Guardian:Gem_Cyan","Fire Potion","testmod-SpacePotion","testmod-SpacePotion","Guardian:FloatingOrbs","Peace Pipe","InkBottle","vexMod:Spyglass","Slimebound:ThreeZeroPotion","Strength Potion","Ancient Potion","Flash of Steel+1","Boot","Potion Belt","Cauldron","Fire Potion","LiquidMemories","PowerPotion","Chrysalis","testmod-AssaultLearning","Sundial","Membership Card","Guardian:BaubleBeam+1","Guardian:Gem_Blue","Explosive Potion","testmod-SpacePotion","Fire Potion","Guardian:Repulse+1","Question Card","vexMod:BarristanHead","ClockworkSouvenir","Guardian:FloatingOrbs+1","Guardian:PrimingBeam+1","Weak Potion","Explosive Potion","hexamod:EctoCoolerPotion","Bag of Preparation","testmod-OneHitWonder","Sling","Guardian:SentryBeam+1","Guardian:CrystalBeam+1","BlessingOfTheForge","Oddly Smooth Stone","Pen Nib","Medical Kit","Dexterity Potion","War Paint","testmod-Acrobat","OrangePellets","EssenceOfSteel"],"campfire_rested":0,"item_purchase_floors":[6,6,6,6,6,6,6,6,6,6,6,11,11,11,11,11,11,11,11,21,21,21,21,21,21,21,25,25,25,25,25,25,25,31,31,31,31,31,31,31,31,31,38,38,38,38,38,38,38,38,40,40,40,40,40,40,46,46,46,46,48,48,48,48],"current_hp_per_floor":[88,86,86,86,79,77,77,79,69,69,66,66,66,68,70,51,88,88,88,75,77,79,79,79,81,83,85,87,87,85,85,87,85,88,88,88,88,88,85,85,85,87,85,84,86,86,90,90,92,93],"gold":5602,"neow_bonus":"TEN_PERCENT_HP_BONUS","is_daily":false,"chose_seed":false,"campfire_upgraded":6,"win_rate":0.0,"timestamp":1609329221,"path_taken":["R","M","M","M","M","$","T","M","M","R","$","R","?","M","M","BOSS","R","M","M","$","M","?","T","$","M","E","M","R","?","$","M","BOSS","R","M","M","?","M","$","T","M","E","M","M","$","M","?","M","BOSS"],"items_purchased_type":["Relic","Relic","Relic","Card","Card","Card","Card","Card","Potion","Potion","Potion","Relic","Relic","Card","Card","Potion","Potion","Potion","Card","Relic","Relic","Relic","Potion","Potion","Potion","Card","Relic","Relic","Relic","Potion","Potion","Potion","Card","Relic","Relic","Relic","Card","Card","Potion","Potion","Potion","Card","Relic","Relic","Relic","Card","Card","Potion","Potion","Potion","Relic","Relic","Relic","Card","Card","Potion","Relic","Relic","Relic","Potion","Relic","Relic","Relic","Potion"],"build_version":"2020-12-22","purchased_purges":9,"victory":true,"max_hp_per_floor":[88,88,88,88,88,88,88,88,88,88,88,88,88,88,88,88,88,88,88,88,88,88,88,88,88,88,88,88,88,88,88,88,88,88,88,88,88,88,88,88,88,88,88,88,88,88,93,93,93,93],"relic_stats":{"Gremlin Horn":[8,7],"counters":[33,94],"Pen Nib":[3],"Juzu Bracelet":0,"Bag of Preparation":[14],"Whetstone":["Guardian:Strike_Guardian","Guardian:Strike_Guardian"],"War Paint":["Trip","Guardian:Preprogram"],"Boot":[101],"Question Card":7,"Medical Kit":[0],"Blood Vial":42,"Peace Pipe":0,"OrangePellets":[0],"Ornamental Fan":[224],"Sundial":[0],"obtain_stats":[{"testmod-HeartOfStrike":0,"Gremlin Horn":41,"testmod-BatchProcessingSystem":17,"Juzu Bracelet":27,"Bag of Preparation":40,"Whetstone":43,"vexMod:Spyglass":21,"Boot":25,"Sling":40,"testmod-CasingShield":11,"ClockworkSouvenir":38,"Blood Vial":7,"Frozen Eye":6,"Sundial":31,"vexMod:EndlessSickness":34,"InkBottle":21,"Potion Belt":25,"testmod-TestBox":0,"Guardian:ModeShifter":0,"Oddly Smooth Stone":46,"Pen Nib":46,"vexMod:FocusSash":6,"Frozen Egg 2":24,"War Paint":48,"Question Card":38,"Medical Kit":46,"Peace Pipe":21,"Cauldron":25,"OrangePellets":48,"vexMod:BarristanHead":38,"Ornamental Fan":11,"MutagenicStrength":23,"testmod-AssaultLearning":31,"testmod-Acrobat":48,"Molten Egg 2":6,"Membership Card":31,"testmod-OneHitWonder":40},{"testmod-HeartOfStrike":0,"Gremlin Horn":26,"testmod-BatchProcessingSystem":11,"Juzu Bracelet":19,"Bag of Preparation":26,"Whetstone":28,"vexMod:Spyglass":14,"Boot":17,"Sling":26,"testmod-CasingShield":8,"ClockworkSouvenir":25,"Blood Vial":5,"Frozen Eye":5,"Sundial":21,"vexMod:EndlessSickness":23,"InkBottle":14,"Potion Belt":17,"testmod-TestBox":0,"Guardian:ModeShifter":0,"Oddly Smooth Stone":30,"Pen Nib":30,"vexMod:FocusSash":5,"Frozen Egg 2":16,"War Paint":31,"Question Card":25,"Medical Kit":30,"Peace Pipe":14,"Cauldron":17,"OrangePellets":31,"vexMod:BarristanHead":25,"Ornamental Fan":8,"MutagenicStrength":16,"testmod-AssaultLearning":21,"testmod-Acrobat":31,"Molten Egg 2":5,"Membership Card":21,"testmod-OneHitWonder":26},{"testmod-HeartOfStrike":0,"Gremlin Horn":75,"testmod-BatchProcessingSystem":34,"Juzu Bracelet":56,"Bag of Preparation":75,"Whetstone":79,"vexMod:Spyglass":43,"Boot":50,"Sling":75,"testmod-CasingShield":24,"ClockworkSouvenir":72,"Blood Vial":14,"Frozen Eye":14,"Sundial":61,"vexMod:EndlessSickness":67,"InkBottle":43,"Potion Belt":50,"testmod-TestBox":0,"Guardian:ModeShifter":0,"Oddly Smooth Stone":86,"Pen Nib":86,"vexMod:FocusSash":14,"Frozen Egg 2":49,"War Paint":88,"Question Card":72,"Medical Kit":86,"Peace Pipe":43,"Cauldron":50,"OrangePellets":88,"vexMod:BarristanHead":72,"Ornamental Fan":24,"MutagenicStrength":49,"testmod-AssaultLearning":61,"testmod-Acrobat":88,"Molten Egg 2":14,"Membership Card":61,"testmod-OneHitWonder":75}],"InkBottle":[39]},"card_choices":[{"not_picked":["Guardian:ShieldCharger","Guardian:Incinerate"],"picked":"Guardian:Gem_Cyan","floor":2},{"not_picked":["Guardian:ChargeCore","Guardian:Gem_Green"],"picked":"Guardian:FloatingOrbs","floor":3},{"not_picked":["Guardian:EvasiveProtocol","Guardian:PiercingHide"],"picked":"Guardian:Clone","floor":4},{"not_picked":["Guardian:ShieldCharger","Guardian:PrismaticBarrier"],"picked":"Guardian:Gem_Purple","floor":5},{"not_picked":["Guardian:Repulse","Guardian:ShieldCharger"],"picked":"Guardian:Gem_Orange","floor":6},{"not_picked":["Guardian:VentSteam","Guardian:PrimingBeam+1"],"picked":"Guardian:ShieldSpikes","floor":8},{"not_picked":["Guardian:GuardianWhirl+1","Guardian:Gem_Cyan"],"picked":"Guardian:EvasiveProtocol","floor":9},{"not_picked":["Guardian:Planning","Guardian:ShieldCharger"],"picked":"Guardian:PolyBeam+1","floor":11},{"not_picked":["Guardian:ShieldSpikes","Guardian:Recover"],"picked":"Guardian:Harden","floor":14},{"not_picked":["Guardian:MultiBeam+1","Guardian:ChargeCore+1"],"picked":"Guardian:PiercingHide","floor":15},{"not_picked":["Guardian:FastForward","Guardian:RevengeProtocol"],"picked":"Guardian:Gem_Orange","floor":16},{"not_picked":["Guardian:TemporalStrike+1","Guardian:Gem_Blue"],"picked":"Guardian:RollAttack+1","floor":19},{"not_picked":["Guardian:Gem_Lightblue","Guardian:Planning"],"picked":"Guardian:PrimingBeam+1","floor":20},{"not_picked":["Guardian:ChargeCore+1","Guardian:MultiBeam+1"],"picked":"Guardian:ExploitGems","floor":21},{"not_picked":["Guardian:Gem_Cyan","Guardian:WalkerClaw+1"],"picked":"Guardian:VentSteam+1","floor":22},{"not_picked":[],"picked":"J.A.X.","floor":23},{"not_picked":["Guardian:Suspension","Guardian:ShieldSpikes"],"picked":"Guardian:SpikerProtocol","floor":23},{"not_picked":["Guardian:TemporalShield+1","Guardian:RollAttack+1"],"picked":"Guardian:SpikerProtocol+1","floor":25},{"not_picked":["Guardian:Gem_Cyan","Guardian:RollAttack+1"],"picked":"Guardian:BronzeOrb+1","floor":26},{"not_picked":["Guardian:Preprogram","Guardian:CrystalBeam+1"],"picked":"Guardian:PrismaticBarrier+1","floor":27},{"not_picked":["Guardian:Incinerate+1","Guardian:Recover"],"picked":"Guardian:Gem_Crimson","floor":28},{"not_picked":["Guardian:Recover","Guardian:Gem_Lightblue","Guardian:ShieldCharger"],"picked":"SKIP","floor":30},{"not_picked":["Guardian:ShieldSpikes","Guardian:ChargeCore+1","Guardian:Suspension+1"],"picked":"SKIP","floor":32},{"not_picked":["Guardian:AncientConstruct+1","Guardian:HyperBeam_Guardian+1"],"picked":"Guardian:Gem_Orange","floor":33},{"not_picked":["Guardian:Gem_Red","Guardian:Gem_Cyan","Guardian:ShieldCharger+1"],"picked":"SKIP","floor":36},{"not_picked":["Guardian:PrismaticBarrier","Guardian:Incinerate+1"],"picked":"Guardian:Gem_White","floor":37},{"not_picked":["Guardian:SpikerProtocol+1","Guardian:WalkerClaw+1","Guardian:GuardianWhirl+1"],"picked":"Guardian:FloatingOrbs+1","floor":39},{"not_picked":["Guardian:Gem_Green","Guardian:Clone","Guardian:TemporalStrike+1","Guardian:Gem_Fragmented"],"picked":"SKIP","floor":42},{"not_picked":["Guardian:Gem_Cyan","Guardian:Recover","Guardian:VentSteam"],"picked":"Guardian:ChargeUp+1","floor":43},{"not_picked":["Guardian:ExploitGems","Guardian:TemporalShield+1","Guardian:ChargeCore+1"],"picked":"Guardian:Gem_Blue","floor":44},{"not_picked":["Guardian:PiercingHide","Guardian:Gem_Lightblue","Guardian:VentSteam"],"picked":"Guardian:SentryBeam+1","floor":45},{"not_picked":["Guardian:Gem_Crimson","Guardian:WalkerClaw+1","Guardian:Gem_Lightblue"],"picked":"Guardian:EvasiveProtocol+1","floor":47},{"not_picked":["Guardian:Gem_Blue","Guardian:Gem_Cyan","Guardian:RollAttack+1","Guardian:ShieldCharger+1"],"picked":"SKIP","floor":49}],"player_experience":15182,"relics_obtained":[{"floor":7,"key":"Blood Vial"},{"floor":23,"key":"MutagenicStrength"},{"floor":24,"key":"Frozen Egg 2"},{"floor":27,"key":"Juzu Bracelet"},{"floor":41,"key":"Gremlin Horn"},{"floor":43,"key":"Whetstone"}],"event_choices":[{"damage_healed":0,"gold_gain":400,"player_choice":"Sell","damage_taken":0,"max_hp_gain":0,"max_hp_loss":0,"event_name":"¶÷ÂåË¹µÄÅÌ×Ó","floor":13,"relics_lost":["testmod-TestBox"],"gold_loss":0}],"is_beta":false,"boss_relics":[{"not_picked":["testmod-EnergyCheck","SacredBark"],"picked":"testmod-BatchProcessingSystem"},{"not_picked":["Philosopher\u0027s Stone","testmod-Recursion"],"picked":"vexMod:EndlessSickness"}],"items_purged_floors":[6,11,21,25,31,38,40,46,48],"is_endless":false,"potions_floor_spawned":[8,9,14,15,16,20,22,27,28,32,33,37,43,47],"ascension_level":0}}