{"host":"k7udt7atmcuzf6l0","time":1609325866,"event":{"mods":["AchievementEnabler","BaseMod","Colored Map","Colored Powertips","Highlight Path","Minty Spire (QoL Compilation)","Quick Restart","Rare Cards Sparkle","StSLib","UnlockEverythingMod"],"gold_per_floor":[110,41,41,55,55,55,89,89,89,89,104,129,129,140,140,237,237,253,300,316,332,344,370,16,16,16,16,16,31,80,96,96,197,197,213,13,65,0,11,11,61,61,61,78,90,90,100,100,100,100],"floor_reached":51,"playtime":1236,"items_purged":[],"score":730,"play_id":"c732036d-de84-47a6-b788-4233322b2912","local_time":"20201230185746","is_ascension_mode":false,"campfire_choices":[{"data":"Armaments","floor":6.0,"key":"SMITH"},{"data":"Pommel Strike","floor":8.0,"key":"SMITH"},{"data":"Spot Weakness","floor":10.0,"key":"SMITH"},{"data":"Limit Break","floor":13.0,"key":"SMITH"},{"data":"Shockwave","floor":15.0,"key":"SMITH"},{"data":"Offering","floor":25,"key":"SMITH"},{"data":"Bloodletting","floor":27,"key":"SMITH"},{"data":"Seeing Red","floor":32,"key":"SMITH"},{"data":"Sword Boomerang","floor":40,"key":"SMITH"},{"data":"Bash","floor":42,"key":"SMITH"},{"data":"Headbutt","floor":49,"key":"SMITH"}],"circlet_count":0,"master_deck":["Strike_R","Strike_R","Strike_R","Strike_R","Strike_R","Defend_R","Defend_R","Defend_R","Defend_R","Bash+1","Pommel Strike+1","Armaments+1","Headbutt+1","Sword Boomerang+1","Spot Weakness+1","Bloodletting+1","Limit Break+1","Shockwave+1","Offering+1","Twin Strike+1","Twin Strike+1","Seeing Red+1","Perfected Strike+1","Twin Strike+1","Bloodletting+1"],"relics":["Burning Blood","NeowsBlessing","Toy Ornithopter","Gremlin Horn","HornCleat","Sundial","Busted Crown","MealTicket","Incense Burner","Akabeko","Strange Spoon","InkBottle","Strawberry","Runic Pyramid","TheAbacus","Torii","Red Mask","Peace Pipe","Pantograph"],"acts_visited":["Exordium","TheCity","TheBeyond"],"potions_floor_usage":[22,23,29,31,35,35,37,41,44,46,50],"damage_taken":[{"damage":0.0,"enemies":"Cultist","floor":1.0,"turns":1.0},{"damage":0.0,"enemies":"Jaw Worm","floor":4.0,"turns":1.0},{"damage":0.0,"enemies":"Lagavulin","floor":7.0,"turns":1.0},{"damage":3.0,"enemies":"Small Slimes","floor":11.0,"turns":3.0},{"damage":7.0,"enemies":"3 Sentries","floor":12.0,"turns":3.0},{"damage":0.0,"enemies":"2 Fungi Beasts","floor":14.0,"turns":3.0},{"damage":22.0,"enemies":"Slime Boss","floor":16.0,"turns":6.0},{"damage":20,"enemies":"Spheric Guardian","floor":18,"turns":4},{"damage":2,"enemies":"3 Byrds","floor":20,"turns":3},{"damage":11,"enemies":"Shelled Parasite and Fungi","floor":21,"turns":2},{"damage":22,"enemies":"Centurion and Healer","floor":22,"turns":3},{"damage":13,"enemies":"Gremlin Leader","floor":23,"turns":3},{"damage":6,"enemies":"3 Cultists","floor":29,"turns":2},{"damage":0,"enemies":"Snecko","floor":31,"turns":3},{"damage":61,"enemies":"Collector","floor":33,"turns":6},{"damage":3,"enemies":"3 Darklings","floor":35,"turns":3},{"damage":14,"enemies":"2 Orb Walkers","floor":37,"turns":2},{"damage":2,"enemies":"3 Shapes","floor":39,"turns":2},{"damage":13,"enemies":"Mind Bloom Boss Battle","floor":41,"turns":4},{"damage":9,"enemies":"Writhing Mass","floor":44,"turns":3},{"damage":6,"enemies":"Jaw Worm Horde","floor":45,"turns":1},{"damage":0,"enemies":"Nemesis","floor":46,"turns":1},{"damage":6,"enemies":"4 Shapes","floor":47,"turns":2},{"damage":23,"enemies":"Time Eater","floor":50,"turns":6}],"seed_played":"6500322401349517213","potions_obtained":[{"floor":1.0,"key":"Swift Potion"},{"floor":12.0,"key":"LiquidMemories"},{"floor":14.0,"key":"DistilledChaos"},{"floor":20,"key":"Dexterity Potion"},{"floor":21,"key":"SmokeBomb"},{"floor":29,"key":"Ancient Potion"},{"floor":31,"key":"SpeedPotion"},{"floor":33,"key":"EssenceOfSteel"},{"floor":35,"key":"BlessingOfTheForge"},{"floor":39,"key":"SpeedPotion"},{"floor":41,"key":"SpeedPotion"},{"floor":47,"key":"ElixirPotion"}],"is_trial":false,"path_per_floor":["M","$","T","M","?","R","E","R","T","R","M","E","R","M","R","B",null,"M","T","M","M","M","E","$","R","T","R","?","M","T","M","R","B",null,"M","$","?","?","M","R","?","R","T","M","M","E","M","?","R","B",null],"character_chosen":"IRONCLAD","items_purchased":["Armaments","Headbutt","Akabeko","Strange Spoon","PowerPotion","TheAbacus","Swift Potion"],"campfire_rested":0,"item_purchase_floors":[2,2,24,24,24,36,36],"current_hp_per_floor":[80,80,80,80,80,80,80,80,80,80,80,79,79,80,80,67,80,66,66,70,65,54,52,67,67,67,67,52,57,64,75,75,20,92,92,92,84,84,88,88,86,86,86,88,88,92,92,92,92,78],"gold":100,"neow_bonus":"THREE_ENEMY_KILL","is_daily":false,"chose_seed":false,"campfire_upgraded":11,"win_rate":0.0,"timestamp":1609325866,"path_taken":["M","$","?","M","?","R","E","R","T","R","?","E","R","M","R","BOSS","M","?","?","M","M","E","$","R","T","R","?","M","?","M","R","BOSS","M","$","?","?","M","R","?","R","T","M","M","E","M","?","R","BOSS"],"items_purchased_type":["Card","Card","Relic","Relic","Potion","Relic","Potion"],"build_version":"2020-12-22","purchased_purges":0,"victory":true,"max_hp_per_floor":[80,80,80,80,80,80,80,80,80,80,80,80,80,80,80,80,80,80,80,80,80,80,80,80,80,80,80,85,85,92,92,92,92,92,92,92,92,92,92,92,92,92,92,92,92,92,92,92,92,92],"card_choices":[{"not_picked":["True Grit","Rupture"],"picked":"Pommel Strike","floor":1.0},{"not_picked":["Iron Wave","Headbutt"],"picked":"Sword Boomerang","floor":4.0},{"not_picked":["Clothesline","Uppercut"],"picked":"Spot Weakness","floor":7.0},{"not_picked":["Clothesline","Armaments"],"picked":"Bloodletting","floor":11.0},{"not_picked":["Bloodletting","Reckless Charge"],"picked":"Limit Break","floor":12.0},{"not_picked":["Heavy Blade","Havoc"],"picked":"Shockwave","floor":14.0},{"not_picked":["Immolate","Juggernaut"],"picked":"Offering","floor":16.0},{"not_picked":[],"picked":"Twin Strike+1","floor":18},{"not_picked":["Searing Blow+1"],"picked":"SKIP","floor":20},{"not_picked":["Sword Boomerang"],"picked":"SKIP","floor":21},{"not_picked":["Combust"],"picked":"SKIP","floor":22},{"not_picked":["Ghostly Armor"],"picked":"SKIP","floor":23},{"not_picked":[],"picked":"Twin Strike+1","floor":29},{"not_picked":[],"picked":"Seeing Red","floor":31},{"not_picked":["Sword Boomerang"],"picked":"SKIP","floor":35},{"not_picked":[],"picked":"Perfected Strike+1","floor":37},{"not_picked":["Sever Soul"],"picked":"SKIP","floor":39},{"not_picked":[],"picked":"Twin Strike+1","floor":44},{"not_picked":["Anger"],"picked":"SKIP","floor":45},{"not_picked":[],"picked":"Bloodletting+1","floor":47}],"player_experience":30382,"relics_obtained":[{"floor":3.0,"key":"Toy Ornithopter"},{"floor":7.0,"key":"Gremlin Horn"},{"floor":9.0,"key":"HornCleat"},{"floor":12.0,"key":"Sundial"},{"floor":19,"key":"MealTicket"},{"floor":23,"key":"Incense Burner"},{"floor":26,"key":"InkBottle"},{"floor":30,"key":"Strawberry"},{"floor":37,"key":"Torii"},{"floor":41,"key":"Peace Pipe"},{"floor":43,"key":"Pantograph"}],"event_choices":[{"damage_healed":0.0,"max_hp_gain":0.0,"max_hp_loss":0.0,"gold_gain":0.0,"event_name":"Transmorgrifier","player_choice":"Ignored","floor":5.0,"gold_loss":0.0,"damage_taken":0.0},{"damage_healed":0,"gold_gain":0,"player_choice":"Shed Blood","damage_taken":20,"max_hp_gain":5,"max_hp_loss":0,"event_name":"Forgotten Altar","floor":28,"gold_loss":0},{"damage_healed":0,"gold_gain":0,"player_choice":"Fight","damage_taken":0,"max_hp_gain":0,"max_hp_loss":0,"event_name":"Mysterious Sphere","floor":37,"gold_loss":0},{"damage_healed":0,"gold_gain":0,"player_choice":"Paid","damage_taken":0,"relics_obtained":["Red Mask"],"max_hp_gain":0,"max_hp_loss":0,"event_name":"Tomb of Lord Red Mask","floor":38,"gold_loss":65},{"damage_healed":0,"gold_gain":0,"player_choice":"Fight","damage_taken":0,"max_hp_gain":0,"max_hp_loss":0,"event_name":"MindBloom","floor":41,"gold_loss":0},{"damage_healed":0,"gold_gain":0,"player_choice":"Memory 1","damage_taken":0,"max_hp_gain":0,"max_hp_loss":0,"event_name":"SensoryStone","floor":48,"gold_loss":0}],"is_beta":false,"boss_relics":[{"not_picked":["Tiny House","Runic Dome"],"picked":"Busted Crown"},{"not_picked":["Empty Cage","Philosopher\u0027s Stone"],"picked":"Runic Pyramid"}],"items_purged_floors":[],"is_endless":false,"potions_floor_spawned":[1,12,14,20,21,29,31,33,35,39,41,46,47],"ascension_level":0}}