{"host":"f5ezd1v29dtbwkzo","time":1609359928,"event":{"mods":["2.2 Compatiblity","BaseMod","Hermit","Hubris","Infinite Spire","Minty Spire (QoL Compilation)","Rare Cards Sparkle","Replay The Spire","StSLib"],"gold_per_floor":[111,35,35,47,47,78,78,111,111,111,125,125,141,152,152,253,253,253,9,9,9,9,9,9,9,9,9,9,9,9,9,9,9,9,9,9,9,9,9,9,9,9,9,9,9,9,9,9,9,9,9,9],"floor_reached":53,"playtime":1937,"items_purged":[],"score":951,"play_id":"f935e27f-6aa7-4efe-a597-e218e201c44a","local_time":"20201230232528","is_ascension_mode":false,"campfire_choices":[{"floor":7,"key":"REST"},{"data":"hubris:CleavingFinish","floor":10,"key":"SMITH"},{"data":"Replay:Undeath\u0027s Touch","floor":12,"key":"SMITH"},{"data":"Immolate","floor":25,"key":"SMITH"},{"data":"Cleave","floor":27,"key":"SMITH"},{"data":"Pommel Strike","floor":30,"key":"SMITH"},{"data":"Anger","floor":32,"key":"SMITH"},{"data":"Cleave","floor":34,"key":"SMITH"},{"data":"infinitespire:UltimateForm","floor":48,"key":"SMITH"},{"floor":51,"key":"REST"}],"circlet_count":0,"master_deck":["Strike_R","Strike_R","Strike_R","Strike_R","Defend_R","Defend_R","Defend_R","Defend_R","Bash","Anger+1","hubris:CleavingFinish+1","Cleave+1","Battle Trance","Power Through","Replay:Undeath\u0027s Touch+1","Cleave+1","Evolve","Pommel Strike+1","Immolate+1","Clothesline+1","Burning Pact","Warcry","Anger","Flame Barrier+1","Immolate","ReplayTheSpireMod:Stacked","Spot Weakness+1","Juggernaut","Writhe","Clumsy","infinitespire:UltimateForm+1","Rupture+1","Replay:Undeath\u0027s Touch+1"],"relics":["hubris:CrackedHourglass","Meat on the Bone","Red Skull","Snack Pack","Ectoplasm","Iron Hammer","Strawberry","Eternal Feather","Black Star","TungstenRod","Pocketwatch","infinitespire:Satchel","MawBank","Pen Nib","MealTicket","hubris:DeckOfHolding"],"acts_visited":["Exordium","TheCity","TheBeyond"],"potions_floor_usage":[16,16,35,46,47,50,50,52],"damage_taken":[{"damage":1,"enemies":"Jaw Worm","floor":1,"turns":2},{"damage":0,"enemies":"Cultist","floor":4,"turns":3},{"damage":39,"enemies":"Lagavulin","floor":6,"turns":6},{"damage":31,"enemies":"3 Sentries","floor":8,"turns":5},{"damage":0,"enemies":"2 Louse","floor":11,"turns":2},{"damage":0,"enemies":"Gremlin Gang","floor":13,"turns":3},{"damage":0,"enemies":"Looter","floor":14,"turns":2},{"damage":49,"enemies":"The Guardian","floor":16,"turns":9},{"damage":0,"enemies":"3 Byrds","floor":18,"turns":3},{"damage":6,"enemies":"Shell Parasite","floor":21,"turns":5},{"damage":0,"enemies":"Sentry and Sphere","floor":22,"turns":3},{"damage":17,"enemies":"Gremlin Leader","floor":26,"turns":5},{"damage":7,"enemies":"3 Cultists","floor":29,"turns":3},{"damage":13,"enemies":"Snake Plant","floor":31,"turns":4},{"damage":0,"enemies":"Snecko","floor":33,"turns":3},{"damage":27,"enemies":"Pondfish","floor":35,"turns":10},{"damage":7,"enemies":"3 Darklings","floor":37,"turns":2},{"damage":9,"enemies":"Orb Walker","floor":38,"turns":3},{"damage":16,"enemies":"Mind Bloom Boss Battle","floor":40,"turns":8},{"damage":4,"enemies":"Sphere and 2 Shapes","floor":41,"turns":4},{"damage":34,"enemies":"Nemesis","floor":42,"turns":5},{"damage":0,"enemies":"3 Darklings","floor":43,"turns":3},{"damage":0,"enemies":"Transient","floor":46,"turns":5},{"damage":37,"enemies":"Reptomancer","floor":47,"turns":5},{"damage":12,"enemies":"Jaw Worm Horde","floor":49,"turns":3},{"damage":31,"enemies":"4 Shapes","floor":50,"turns":4},{"damage":80,"enemies":"Donu and Deca","floor":52,"turns":7}],"seed_played":"6540498518678590408","potions_obtained":[{"floor":3,"key":"Elixir"},{"floor":3,"key":"Regen Potion"},{"floor":3,"key":"Milkshake"},{"floor":6,"key":"Strength Potion"},{"floor":18,"key":"LiquidMemories"},{"floor":21,"key":"Elixir"},{"floor":35,"key":"Energy Potion"},{"floor":47,"key":"Flashbang"},{"floor":49,"key":"BloodPotion"},{"floor":50,"key":"SteroidPotion"}],"is_trial":false,"path_per_floor":["M","$","?","M","$","E","R","E","T","R","M","R","M","M","R","B",null,"M","$","?","M","M","PTL","PTL","R","E","R","T","M","R","M","R","M","R","B",null,"M","M","AVR","?","M","E","M","?","T","M","E","R","M","M","R","B",null],"character_chosen":"IRONCLAD","items_purchased":["hubris:CleavingFinish","Iron Hammer"],"campfire_rested":2,"item_purchase_floors":[2,19],"current_hp_per_floor":[79,79,79,79,79,40,64,45,45,45,47,47,53,57,57,45,80,80,80,80,78,80,80,80,80,78,78,78,77,87,78,87,87,87,72,87,82,77,77,69,69,53,55,55,55,63,44,62,50,52,87,29],"gold":9,"neow_bonus":"BOSS_RELIC","is_daily":false,"chose_seed":false,"campfire_upgraded":8,"win_rate":0.0,"timestamp":1609359928,"path_taken":["M","$","?","M","$","E","R","E","T","R","M","R","M","M","R","BOSS","M","?","?","M","M","PTL","PTL","R","E","R","T","M","R","?","R","M","R","BOSS","M","M","AVR","?","M","E","M","?","T","M","E","R","M","M","R","BOSS"],"items_purchased_type":["Card","Relic"],"build_version":"2020-12-22","purchased_purges":0,"victory":true,"max_hp_per_floor":[80,80,80,80,80,80,80,80,80,80,80,80,80,80,80,80,80,80,80,80,80,80,80,80,80,87,87,87,87,87,87,87,87,87,87,87,87,87,87,87,87,87,87,87,87,87,87,87,87,87,87,87],"card_choices":[{"not_picked":["Twin Strike","Body Slam"],"picked":"Anger","floor":1},{"not_picked":["Defy Death","Disarm"],"picked":"Cleave","floor":4},{"not_picked":["Life Link","Offering"],"picked":"Battle Trance","floor":6},{"not_picked":["Infernal Blade","ReplayTheSpireMod:Muscle Training"],"picked":"Power Through","floor":8},{"not_picked":["hubris:ReadiedAction","hubris:SharpeningStone"],"picked":"Replay:Undeath\u0027s Touch","floor":11},{"not_picked":["Twin Strike","Iron Wave"],"picked":"Cleave","floor":13},{"not_picked":["Shrug It Off","Abandon"],"picked":"Evolve","floor":14},{"not_picked":["Corruption","Fiend Fire"],"picked":"Immolate","floor":16},{"not_picked":["Body Slam+1","Seeing Red"],"picked":"Clothesline+1","floor":18},{"not_picked":["Dark Embrace","Run Through"],"picked":"Burning Pact","floor":21},{"not_picked":["Pummel","Sword Boomerang+1","Sentinel"],"picked":"SKIP","floor":22},{"not_picked":["Sever Soul","Clothesline"],"picked":"Warcry","floor":26},{"not_picked":["Twin Strike","Impervious","Shrug It Off"],"picked":"SKIP","floor":29},{"not_picked":["Dark Embrace","Body Slam"],"picked":"Anger","floor":31},{"not_picked":["Cleave","Body Slam"],"picked":"Flame Barrier+1","floor":33},{"not_picked":["Exhume","Demon Form"],"picked":"Immolate","floor":35},{"not_picked":["Rampage+1","Sword Boomerang+1"],"picked":"ReplayTheSpireMod:Stacked","floor":37},{"not_picked":["Heavy Blade","Run Through+1","Warcry"],"picked":"SKIP","floor":38},{"not_picked":["Anger","Run Through+1"],"picked":"Spot Weakness+1","floor":40},{"not_picked":["Run Through","ReplayTheSpireMod:Strike From Hell","Clash"],"picked":"SKIP","floor":41},{"not_picked":["Run Through","Clash"],"picked":"Juggernaut","floor":42},{"not_picked":["Pommel Strike+1","Disarm","Headbutt"],"picked":"SKIP","floor":43},{"not_picked":["infinitespire:Oblivion","infinitespire:TheBestDefense"],"picked":"infinitespire:UltimateForm","floor":44},{"not_picked":["hubris:ReadiedAction+1","Body Slam"],"picked":"Rupture+1","floor":46},{"not_picked":["Massacre+1","Havoc"],"picked":"Replay:Undeath\u0027s Touch+1","floor":47},{"not_picked":["Iron Wave","Twin Strike+1","Flex"],"picked":"SKIP","floor":49},{"not_picked":["Twin Strike","Headbutt+1","Rupture"],"picked":"SKIP","floor":50}],"player_experience":331643,"relics_obtained":[{"floor":6,"key":"Meat on the Bone"},{"floor":8,"key":"Red Skull"},{"floor":9,"key":"Snack Pack"},{"floor":26,"key":"Strawberry"},{"floor":28,"key":"Eternal Feather"},{"floor":40,"key":"Pocketwatch"},{"floor":42,"key":"infinitespire:Satchel"},{"floor":42,"key":"MawBank"},{"floor":45,"key":"Pen Nib"},{"floor":47,"key":"MealTicket"},{"floor":47,"key":"hubris:DeckOfHolding"}],"event_choices":[{"damage_healed":0,"gold_gain":0,"player_choice":"Got Potions","damage_taken":0,"max_hp_gain":0,"max_hp_loss":0,"event_name":"Lab","floor":3,"gold_loss":0},{"damage_healed":0,"gold_gain":0,"player_choice":"Ignored","damage_taken":0,"max_hp_gain":0,"max_hp_loss":0,"event_name":"Golden Shrine","floor":20,"gold_loss":0},{"damage_healed":0,"gold_gain":0,"player_choice":"Fight","damage_taken":0,"max_hp_gain":0,"max_hp_loss":0,"event_name":"MindBloom","floor":40,"gold_loss":0}],"is_beta":false,"boss_relics":[{"not_picked":["Abe\u0027s Treasure","Kintsugi"],"picked":"Ectoplasm"},{"not_picked":["Painkiller Herb","hubris:Stopwatch"],"picked":"Black Star"}],"items_purged_floors":[],"is_endless":false,"potions_floor_spawned":[6,11,13,14,18,21,31,35,41,43,47,49,50],"ascension_level":0}}