{"host":"92108ef2q9tm8rod","time":1609288576,"event":{"mods":["BaseMod","Defuse TimeMaze Blight","Minty Spire (QoL Compilation)","StSLib","The Jungle"],"gold_per_floor":[117,127,127,143,0,0,0,32,32,48,48,78,78,78,78,182,182,192,210,65,79,94,94,128,155,155,188,188,188,36,51,51,147,147,158,206,168,168,118,118,118,133,133,159,171,183,219,243,255,267],"floor_reached":51,"playtime":1875,"items_purged":["Evaluate","Armaments+1"],"score":914,"play_id":"2d9ad42f-c049-464f-a0af-10e3d8c37a98","local_time":"20201230003616","daily_mods":["SealedDeck","Diverse","Heirloom","Flight"],"is_ascension_mode":false,"campfire_choices":[{"data":"Armaments","floor":6,"key":"SMITH"},{"data":"1","floor":7,"key":"LIFT"},{"data":"Body Slam","floor":11,"key":"SMITH"},{"data":"2","floor":13,"key":"LIFT"},{"data":"3","floor":15,"key":"LIFT"},{"data":"Blur","floor":23,"key":"SMITH"},{"floor":28,"key":"DIG"},{"floor":29,"key":"DIG"},{"floor":32,"key":"DIG"},{"data":"Iron Wave","floor":40,"key":"SMITH"},{"data":"Heavy Blade","floor":41,"key":"SMITH"},{"data":"Protect","floor":45,"key":"SMITH"},{"floor":49,"key":"DIG"}],"circlet_count":0,"master_deck":["Iron Wave+1","Ball Lightning","Body Slam+1","Protect+1","Ball Lightning","Perseverance+1","Blur+1","Tempest","Heavy Blade+1","Electrodynamics"],"relics":["Cracked Core","Girya","Potion Belt","ClockworkSouvenir","Oddly Smooth Stone","Turnip","Vajra","Shovel","Bird Faced Urn","Molten Egg 2","Akabeko","Anchor","Tiny Chest","Membership Card","Happy Flower","Inserter","Thread and Needle","Gremlin Horn","MawBank","Bag of Preparation","Unceasing Top"],"acts_visited":["Exordium","Exordium","TheBeyond"],"potions_floor_usage":[8,18,27,27,33,33,36,44,48,50],"damage_taken":[{"damage":0,"enemies":"Cultist","floor":1,"turns":3},{"damage":0,"enemies":"2 Louse","floor":2,"turns":2},{"damage":0,"enemies":"Jaw Worm","floor":4,"turns":3},{"damage":0,"enemies":"3 Sentries","floor":8,"turns":5},{"damage":0,"enemies":"2 Fungi Beasts","floor":10,"turns":3},{"damage":0,"enemies":"Lagavulin","floor":12,"turns":3},{"damage":19,"enemies":"Hexaghost","floor":16,"turns":6},{"damage":0,"enemies":"theJungle:Flameango_and_Byrd","floor":18,"turns":4},{"damage":0,"enemies":"Shell Parasite","floor":19,"turns":3},{"damage":0,"enemies":"theJungle:Snecko_Cultist_And_Trap","floor":21,"turns":4},{"damage":0,"enemies":"theJungle:Lyon","floor":22,"turns":3},{"damage":0,"enemies":"theJungle:2_Phrogs","floor":24,"turns":5},{"damage":0,"enemies":"theJungle:MamaSnecko","floor":25,"turns":5},{"damage":11,"enemies":"theJungle:2_Phrogs","floor":27,"turns":4},{"damage":0,"enemies":"theJungle:SlimyTreeVines","floor":31,"turns":4},{"damage":0,"enemies":"theJungle:QueenSpyder","floor":33,"turns":7},{"damage":0,"enemies":"Orb Walker","floor":35,"turns":3},{"damage":7,"enemies":"2 Orb Walkers","floor":36,"turns":6},{"damage":0,"enemies":"3 Darklings","floor":42,"turns":3},{"damage":0,"enemies":"Giant Head","floor":44,"turns":8},{"damage":0,"enemies":"Sphere and 2 Shapes","floor":48,"turns":3},{"damage":24,"enemies":"Time Eater","floor":50,"turns":11}],"seed_played":"-5288331461564008224","potions_obtained":[{"floor":2,"key":"FocusPotion"},{"floor":8,"key":"EssenceOfSteel"},{"floor":12,"key":"EssenceOfSteel"},{"floor":16,"key":"Energy Potion"},{"floor":24,"key":"Fire Potion"},{"floor":25,"key":"DistilledChaos"},{"floor":27,"key":"BlessingOfTheForge"},{"floor":31,"key":"ColorlessPotion"},{"floor":42,"key":"Explosive Potion"},{"floor":44,"key":"BlessingOfTheForge"}],"is_trial":true,"path_per_floor":["M","M","T","M","$","R","R","E","T","M","R","E","R","?","R","B",null,"M","M","$","M","M","R","E","E","T","E","R","R","$","M","R","B",null,"M","?","$","?","$","R","R","M","T","E","R","?","T","M","R","B",null],"character_chosen":"DEFECT","items_purchased":["ClockworkSouvenir","Vajra","Membership Card"],"campfire_rested":0,"item_purchase_floors":[5,20,30],"current_hp_per_floor":[75,75,75,75,75,75,75,75,75,75,75,75,75,75,75,56,75,75,75,75,75,75,75,75,75,75,64,64,64,64,64,64,64,75,75,68,68,68,68,68,68,70,70,72,72,72,72,74,74,51],"gold":279,"neow_bonus":"","is_daily":false,"chose_seed":false,"campfire_upgraded":6,"win_rate":0.0,"timestamp":1609288576,"path_taken":["M","M","?","M","$","R","R","E","T","M","R","E","R","?","R","BOSS","M","M","$","M","M","R","E","E","T","E","R","R","$","M","R","BOSS","M","?","$","?","$","R","R","M","T","E","R","?","?","?","R","BOSS"],"items_purchased_type":["Relic","Relic","Relic"],"build_version":"2020-12-22","purchased_purges":2,"victory":true,"max_hp_per_floor":[75,75,75,75,75,75,75,75,75,75,75,75,75,75,75,75,75,75,75,75,75,75,75,75,75,75,75,75,75,75,75,75,75,75,75,75,75,75,75,75,75,75,75,75,75,75,75,75,75,75],"card_choices":[{"not_picked":["Reprogram","Deadly Poison","Flying Knee"],"picked":"SKIP","floor":1},{"not_picked":["Leap","Anger","Beam Cell"],"picked":"SKIP","floor":2},{"not_picked":["Acrobatics","Heatsinks"],"picked":"Tempest","floor":4},{"not_picked":["Dagger Throw","BowlingBash","Shrug It Off"],"picked":"SKIP","floor":8},{"not_picked":["Meteor Strike","Go for the Eyes","Body Slam"],"picked":"SKIP","floor":10},{"not_picked":["Carnage","Flechettes","Escape Plan"],"picked":"SKIP","floor":12},{"not_picked":["Reinforced Body+1","Leap","PiercingWail"],"picked":"SKIP","floor":18},{"not_picked":["Armaments","WreathOfFlame","Twin Strike"],"picked":"SKIP","floor":19},{"not_picked":["Pommel Strike","Consume"],"picked":"Heavy Blade","floor":21},{"not_picked":["Cold Snap","PathToVictory","CrushJoints"],"picked":"SKIP","floor":22},{"not_picked":["Protect","Underhanded Strike","Berserk"],"picked":"SKIP","floor":24},{"not_picked":["EmptyFist","Leap","Distraction"],"picked":"SKIP","floor":25},{"not_picked":["Deflect","CrushJoints+1","Pommel Strike+1"],"picked":"SKIP","floor":27},{"not_picked":["Masterful Stab+1","Barrage+1","Corruption"],"picked":"SKIP","floor":31},{"not_picked":["Hyperbeam+1","Glass Knife+1"],"picked":"Electrodynamics","floor":33},{"not_picked":["BowlingBash+1","Flying Knee+1","EmptyBody+1"],"picked":"SKIP","floor":35},{"not_picked":["Compile Driver+1","Ghostly Armor","Turbo"],"picked":"SKIP","floor":42},{"not_picked":["White Noise","Pommel Strike+1","Turbo"],"picked":"SKIP","floor":44},{"not_picked":["CutThroughFate+1","Clash+1","Meditate"],"picked":"SKIP","floor":48}],"player_experience":3214328,"relics_obtained":[{"floor":3,"key":"Potion Belt"},{"floor":8,"key":"Oddly Smooth Stone"},{"floor":12,"key":"Turnip"},{"floor":24,"key":"Shovel"},{"floor":25,"key":"Bird Faced Urn"},{"floor":26,"key":"Molten Egg 2"},{"floor":27,"key":"Akabeko"},{"floor":28,"key":"Anchor"},{"floor":29,"key":"Tiny Chest"},{"floor":32,"key":"Happy Flower"},{"floor":36,"key":"Thread and Needle"},{"floor":43,"key":"Gremlin Horn"},{"floor":44,"key":"MawBank"},{"floor":47,"key":"Bag of Preparation"},{"floor":49,"key":"Unceasing Top"}],"event_choices":[{"damage_healed":0,"gold_gain":0,"player_choice":"Grow","damage_taken":0,"max_hp_gain":0,"max_hp_loss":0,"event_name":"Living Wall","floor":14,"gold_loss":0,"cards_upgraded":["Perseverance"]},{"damage_healed":0,"gold_gain":0,"player_choice":"Fight","damage_taken":0,"max_hp_gain":0,"max_hp_loss":0,"event_name":"Mysterious Sphere","floor":36,"gold_loss":0},{"cards_removed":["BowlingBash"],"damage_healed":0,"gold_gain":0,"player_choice":"Removed Attack","damage_taken":0,"max_hp_gain":0,"max_hp_loss":0,"event_name":"Falling","floor":38,"gold_loss":0},{"damage_healed":0,"gold_gain":0,"player_choice":"Ignored","damage_taken":0,"max_hp_gain":0,"max_hp_loss":0,"event_name":"NoteForYourself","floor":46,"gold_loss":0}],"is_beta":false,"boss_relics":[{"not_picked":["Snecko Eye","Cursed Key","Astrolabe"]},{"not_picked":["Runic Dome","Velvet Choker"],"picked":"Inserter"}],"items_purged_floors":[37,39],"is_endless":false,"potions_floor_spawned":[2,8,12,16,24,25,27,31,42,44],"ascension_level":0}}