{"host":"gk9qdtkqd8dwfeg2","time":1609333356,"event":{"mods":["Aspiration","BaseMod","Colored Powertips","KomeijiMod","Minty Spire (QoL Compilation)","Quick Restart","Replay The Spire","Shop Mod","StSLib","TestMod","The Gatherer","The Servant 0.9.4","Waifu the Spire","WarShipGirlsR/战舰少女R mod","Yuri Mod","【功能Mod】聪明的最终Boss"],"gold_per_floor":[111,511,525,539,551,551,576,596,596,596,596],"floor_reached":10,"playtime":316,"items_purged":[],"score":91,"play_id":"8cf09fdf-913f-4c60-bd21-cb3517762e5e","local_time":"20201230210236","is_ascension_mode":true,"campfire_choices":[{"data":"Body Slam","floor":6,"key":"SMITH"}],"circlet_count":0,"master_deck":["Strike_R","Strike_R","Strike_R","Strike_R+1","Strike_R","Defend_R","Defend_R","Defend_R","Defend_R","Bash+1","Body Slam+1","Massacre","Rupture","Defy Death"],"relics":["Burning Blood","testmod-AssaultLearning","aspiration:Nostalgia","KomeijisEye","Whetstone","Replay:WaspNest"],"acts_visited":["Exordium"],"potions_floor_usage":[10,10],"damage_taken":[{"damage":5,"enemies":"Small Slimes","floor":1,"turns":3},{"damage":0,"enemies":"2 Louse","floor":3,"turns":3},{"damage":6,"enemies":"Jaw Worm","floor":4,"turns":4},{"damage":58,"enemies":"Exordium Wildlife","floor":5,"turns":8},{"damage":22,"enemies":"Lagavulin","floor":7,"turns":9},{"damage":0,"enemies":"3 Louse","floor":8,"turns":3},{"damage":14,"enemies":"3 Sentries","floor":10,"turns":4}],"seed_played":"-6351401619824690132","potions_obtained":[{"floor":5,"key":"Swift Potion"},{"floor":7,"key":"DistilledChaos"},{"floor":8,"key":"Strength Potion"}],"is_trial":false,"path_per_floor":["M","?","M","M","M","R","E","M","T","E"],"character_chosen":"IRONCLAD","items_purchased":[],"campfire_rested":0,"item_purchase_floors":[],"current_hp_per_floor":[73,73,79,79,27,27,11,17,17,3,3],"gold":596,"neow_bonus":"NOSTALGIA","is_daily":false,"chose_seed":false,"campfire_upgraded":1,"win_rate":0.0,"timestamp":1609333356,"path_taken":["M","?","M","M","M","R","E","M","T","E"],"items_purchased_type":[],"build_version":"2020-12-22","purchased_purges":0,"victory":false,"max_hp_per_floor":[80,80,80,80,80,80,80,80,80,80,80],"card_choices":[{"not_picked":["Flex","Sword Boomerang"],"picked":"Body Slam","floor":1},{"not_picked":["Heavy Blade","Replay:Undeath\u0027s Touch"],"picked":"Massacre","floor":3},{"not_picked":["Entrench","Metallicize"],"picked":"Rupture","floor":4},{"not_picked":["Infernal Blade","Havoc","Headbutt"],"picked":"SKIP","floor":5},{"not_picked":["Wild Strike","Thunderclap"],"picked":"Defy Death","floor":7},{"not_picked":["Pommel Strike","True Grit","Cleave"],"picked":"SKIP","floor":8}],"player_experience":583523,"relics_obtained":[{"floor":7,"key":"Whetstone"},{"floor":9,"key":"Replay:WaspNest"}],"event_choices":[{"damage_healed":0,"gold_gain":400,"player_choice":"Sell","damage_taken":0,"max_hp_gain":0,"max_hp_loss":0,"event_name":"恩洛斯的盘子","floor":2,"relics_lost":["testmod-TestBox"],"gold_loss":0}],"is_beta":false,"boss_relics":[],"items_purged_floors":[],"is_endless":false,"potions_floor_spawned":[5,7,8],"killed_by":"3 Sentries","ascension_level":6}}