{"host":"h4lp0eeso8a0ssq0","time":1609286632,"event":{"mods":["2.2 Compatiblity","AchievementEnabler","Astrologer","BaseMod","CapriCore","Colored Map","Downfall","Hermit","Lobotomy","Marisa£¨Ùöéë¡¡Øª×âÞÞ£©","Minty Spire (QoL Compilation)","StSLib","SuperFastMode","The Cursed","The Hierophant","The Immortal"],"gold_per_floor":[11,11,11,35,48,48,48,64,64,79,104,104,117,153,153,153,153,153],"floor_reached":16,"playtime":517,"items_purged":[],"score":94,"play_id":"9634184b-8c49-4597-8521-8a1f199f2a2e","local_time":"20201230090352","is_ascension_mode":false,"campfire_choices":[{"data":"MokouMod:Extinguish","floor":6.0,"key":"SMITH"},{"floor":15,"key":"REST"}],"circlet_count":0,"master_deck":["MokouMod:Strike","MokouMod:Strike","MokouMod:Defend","MokouMod:Defend","MokouMod:Defend","MokouMod:HeatSpark","MokouMod:CrimsonArmoury","MokouMod:Extinguish+1","MokouMod:RadiantBlade","MokouMod:Cataclysm"],"relics":["MokouMod:PhoenixFeather","Golden Idol","Prayer Wheel","Calipers","Odd Mushroom"],"acts_visited":["Exordium"],"potions_floor_usage":[],"damage_taken":[{"damage":13.0,"enemies":"Jaw Worm","floor":1.0,"turns":5.0},{"damage":11.0,"enemies":"2 Louse","floor":4.0,"turns":3.0},{"damage":1.0,"enemies":"Cultist","floor":5.0,"turns":4.0},{"damage":30.0,"enemies":"Large Slime","floor":8.0,"turns":10.0},{"damage":2.0,"enemies":"3 Louse","floor":10.0,"turns":3.0},{"damage":3.0,"enemies":"2 Fungi Beasts","floor":11.0,"turns":3.0},{"damage":12.0,"enemies":"Exordium Wildlife","floor":13.0,"turns":3.0},{"damage":18.0,"enemies":"The Mushroom Lair","floor":14.0,"turns":3.0},{"damage":41,"enemies":"The Guardian","floor":16,"turns":7}],"seed_played":"-1355167873837366003","potions_obtained":[{"floor":1.0,"key":"LiquidBronze"},{"floor":4.0,"key":"LiquidBronze"},{"floor":5.0,"key":"DuplicationPotion"},{"floor":11.0,"key":"DuplicationPotion"}],"is_trial":false,"path_per_floor":["M","?","?","M","M","R","?","M","T","M","M","?","M","?","R","B"],"character_chosen":"MKU","items_purchased":[],"campfire_rested":1,"item_purchase_floors":[],"current_hp_per_floor":[62,62,62,51,50,50,50,20,20,18,15,15,3,8,28,7,7,7],"gold":153,"neow_bonus":"TRANSFORM_TWO_CARDS","is_daily":false,"chose_seed":false,"campfire_upgraded":1,"win_rate":0.0,"timestamp":1609286632,"path_taken":["M","?","?","M","M","R","?","M","T","M","?","?","M","?","R","BOSS"],"items_purchased_type":[],"build_version":"2020-12-22","purchased_purges":0,"victory":false,"max_hp_per_floor":[75,75,69,69,69,69,69,69,69,69,69,69,69,69,69,69,69,69],"card_choices":[{"not_picked":["MokouMod:ShiftIgnition","MokouMod:Stoke","MokouMod:Firecracker"],"picked":"SKIP","floor":1.0},{"not_picked":["MokouMod:BurningDraft","MokouMod:UncontrollableSolarReaction","MokouMod:BlazingComet"],"picked":"SKIP","floor":4.0},{"not_picked":["MokouMod:RisingSunBarrier","MokouMod:IgneousBlow","MokouMod:RoaringFlare"],"picked":"SKIP","floor":5.0},{"not_picked":["MokouMod:Ember","MokouMod:HouraiForge","MokouMod:Singe"],"picked":"SKIP","floor":8.0},{"not_picked":["MokouMod:InfernalWave","MokouMod:BlazingComet","MokouMod:Meltdown"],"picked":"SKIP","floor":10.0},{"not_picked":["MokouMod:UncontrollableSolarReaction","MokouMod:EternalBurstReactor","MokouMod:IgnitionBlast"],"picked":"SKIP","floor":10.0},{"not_picked":["MokouMod:BurningDraft","MokouMod:ResoluteFlare"],"picked":"MokouMod:Cataclysm","floor":11.0},{"not_picked":["MokouMod:IgnitionBlast","MokouMod:TemporalFireSeal","MokouMod:Meltdown"],"picked":"SKIP","floor":11.0},{"not_picked":["MokouMod:Sear","MokouMod:Meltdown","MokouMod:HeatTransfer"],"picked":"SKIP","floor":13.0},{"not_picked":["MokouMod:CrimsonArmoury","MokouMod:BlazingComet","MokouMod:ScorchingColumn"],"picked":"SKIP","floor":13.0}],"player_experience":39932,"relics_obtained":[{"floor":9.0,"key":"Prayer Wheel"},{"floor":13.0,"key":"Calipers"},{"floor":14,"key":"Odd Mushroom"}],"event_choices":[{"cards_removed":["MokouMod:Defend"],"damage_healed":0.0,"max_hp_gain":0.0,"max_hp_loss":0.0,"gold_gain":0.0,"event_name":"Living Wall","player_choice":"Forget","floor":2.0,"gold_loss":0.0,"damage_taken":0.0},{"damage_healed":0.0,"max_hp_gain":0.0,"max_hp_loss":6.0,"gold_gain":0.0,"event_name":"Golden Idol","player_choice":"Lose Max HP","floor":3.0,"gold_loss":0.0,"damage_taken":0.0,"relics_obtained":["Golden Idol"]},{"damage_healed":0.0,"max_hp_gain":0.0,"max_hp_loss":0.0,"gold_gain":0.0,"cards_transformed":["MokouMod:Strike"],"event_name":"Transmorgrifier","player_choice":"Transformed","floor":7.0,"gold_loss":0.0,"damage_taken":0.0,"cards_obtained":["MokouMod:RadiantBlade"]},{"damage_healed":0.0,"max_hp_gain":0.0,"max_hp_loss":0.0,"gold_gain":0.0,"event_name":"Scrap Ooze","player_choice":"Fled","floor":12.0,"gold_loss":0.0,"damage_taken":0.0},{"damage_healed":0.0,"max_hp_gain":0.0,"max_hp_loss":0.0,"gold_gain":0.0,"event_name":"Mushrooms","player_choice":"Fought Mushrooms","floor":14.0,"gold_loss":0.0,"damage_taken":0.0}],"is_beta":false,"boss_relics":[],"items_purged_floors":[],"is_endless":false,"potions_floor_spawned":[1,4,5,11],"killed_by":"The Guardian","ascension_level":0}}