{"host":"Nexxot","time":1609356974,"event":{"mods":["AchievementEnabler","BaseMod","Colored Map","Downfall","Highlight Path","Jorbs\u0027s Wanderer Trilogy","Minty Spire (QoL Compilation)","Relic Stats","StSLib"],"gold_per_floor":[99,115,173,193,29,29,29,64,64,64,95,20,36,36,46,46,46,46],"floor_reached":16,"playtime":1316,"items_purged":["champ:Strike"],"score":113,"play_id":"5dcf8dd7-231d-4900-bb81-d6f83231b239","local_time":"20201230203614","is_ascension_mode":true,"campfire_choices":[{"data":"champ:StrikeOfGenius","floor":1,"key":"SMITH"},{"data":"champ:IronFortress","floor":6,"key":"SMITH"},{"data":"champ:Backstep","floor":10,"key":"SMITH"},{"data":"champ:Taunt","floor":12,"key":"SMITH"}],"circlet_count":0,"master_deck":["champ:Strike","champ:Strike","champ:Strike+1","champ:Defend","champ:Defend","champ:Defend","champ:Defend","champ:Execute+1","champ:Taunt+1","champ:StrikeOfGenius+1","champ:Backstep+1","champ:IronFortress+1","champ:BringItOn","champ:GutPunch+1","champ:ShieldWall","Regret","champ:StrikeOfGenius","champ:Circumvent"],"relics":["champ:ChampionCrown","Strawberry","Tiny Chest","PreservedInsect","downfall:HeartBlessingBlue","Bronze Scales"],"acts_visited":["Exordium"],"potions_floor_usage":[8,11,16,16],"damage_taken":[{"damage":15,"enemies":"Small Slimes","floor":2,"turns":5},{"damage":33,"enemies":"3 Sentries","floor":3,"turns":8},{"damage":11,"enemies":"Jaw Worm","floor":4,"turns":5},{"damage":0,"enemies":"downfall:FleeingMerchant","floor":5,"turns":4},{"damage":16,"enemies":"Lagavulin","floor":8,"turns":7},{"damage":42,"enemies":"Gremlin Nob","floor":11,"turns":4},{"damage":0,"enemies":"2 Louse","floor":13,"turns":2},{"damage":26,"enemies":"Lots of Slimes","floor":15,"turns":4},{"damage":33,"enemies":"downfall:Ironclad","floor":16,"turns":6}],"seed_played":"6855128084860102516","potions_obtained":[{"floor":4,"key":"LiquidMemories"},{"floor":8,"key":"BlessingOfTheForge"},{"floor":11,"key":"DuplicationPotion"},{"floor":13,"key":"Energy Potion"}],"is_trial":false,"path_per_floor":["R","M","?","M","$","R","T","E","?","R","E","R","M","T","M","B"],"character_chosen":"THE_CHAMP","items_purchased":["champ:ShieldWall"],"campfire_rested":0,"item_purchase_floors":[5],"current_hp_per_floor":[81,81,68,62,62,62,62,54,54,54,27,37,37,37,29,0,0,0],"gold":46,"neow_bonus":"THREE_RARE_CARDS","is_daily":false,"chose_seed":false,"campfire_upgraded":4,"win_rate":0.0,"timestamp":1609356974,"path_taken":["R","M","?","M","$","R","T","E","?","R","E","R","M","?","M","BOSS"],"items_purchased_type":["Card"],"build_version":"2020-12-18","purchased_purges":1,"victory":false,"max_hp_per_floor":[81,81,88,88,88,88,88,88,88,88,88,98,98,98,98,98,98,98],"relic_stats":{"counters":[9,45],"Bronze Scales":[36],"Tiny Chest":0,"PreservedInsect":0,"obtain_stats":[{"downfall:HeartBlessingBlue":12,"Strawberry":3,"Bronze Scales":14,"champ:ChampionCrown":0,"Tiny Chest":8,"PreservedInsect":11},{"downfall:HeartBlessingBlue":6,"Strawberry":2,"Bronze Scales":7,"champ:ChampionCrown":0,"Tiny Chest":5,"PreservedInsect":6},{"downfall:HeartBlessingBlue":33,"Strawberry":13,"Bronze Scales":35,"champ:ChampionCrown":0,"Tiny Chest":29,"PreservedInsect":33}]},"card_choices":[{"not_picked":["champ:CrownThrow","champ:ShieldSlam"],"picked":"champ:StrikeOfGenius","floor":0},{"not_picked":["champ:FanOfKnives","champ:FocusedGladiator"],"picked":"champ:Backstep","floor":2},{"not_picked":["champ:GutPunch","champ:Control"],"picked":"champ:IronFortress","floor":3},{"not_picked":["champ:AdrenalArmor","champ:HeartStrike"],"picked":"champ:BringItOn","floor":4},{"not_picked":["champ:Backstep","champ:DefensiveShout"],"picked":"champ:GutPunch","floor":5},{"not_picked":["champ:FocusedGladiator","champ:Riposte","champ:PreciseThrust"],"picked":"SKIP","floor":8},{"not_picked":["champ:Backstep","champ:Haymaker","champ:PreciseThrust"],"picked":"SKIP","floor":11},{"not_picked":["champ:Haymaker","champ:RecklessLeap"],"picked":"champ:StrikeOfGenius","floor":13},{"not_picked":["champ:BerserkerStyle","champ:BringItOn"],"picked":"champ:Circumvent","floor":15}],"player_experience":373031,"relics_obtained":[{"floor":3,"key":"Strawberry"},{"floor":8,"key":"Tiny Chest"},{"floor":11,"key":"PreservedInsect"},{"floor":14,"key":"Bronze Scales"}],"event_choices":[],"is_beta":true,"boss_relics":[],"items_purged_floors":[5],"is_endless":false,"potions_floor_spawned":[4,8,11,13],"killed_by":"downfall:Ironclad","ascension_level":1}}