{"host":"cxizwatl5v7zq6a5","time":1609325639,"event":{"mods":["AchievementEnabler","Act Like it!","BaseMod","Colored Map","Colored Powertips","Downfall","Friendly Minions","Gensokyo","Hermit","Hubris","Infinite Spire","Marisa????????","Minty Spire (QoL Compilation)","Quick Restart","READ ME - Guardian Mod","Rare Cards Sparkle","Remilia??????","Replay The Spire","StSLib","The Cursed","The Jungle","The Servant 0.9.4","slay the spire mod where everything is the same but ironclad has a cowboy hat"],"gold_per_floor":[109,69,69,144,144,144,144,144,167,179,179,206,218,247,247,247,247],"floor_reached":16,"playtime":287,"items_purged":[],"score":131,"play_id":"8d8594f9-5cba-4f6d-af21-740e6a92b87a","local_time":"20201230185359","is_ascension_mode":false,"campfire_choices":[{"floor":6.0,"key":"REST"},{"data":"WreathOfFlame","floor":8.0,"key":"SMITH"},{"floor":15.0,"key":"REST"}],"circlet_count":0,"master_deck":["Strike_P","Strike_P","Strike_P","Defend_P+1","Defend_P","Defend_P","Defend_P+1","Eruption","Vigilance","LikeWater","WreathOfFlame+1","Replay:BluntJabs+1","FollowUp","BattleHymn","EmptyBody","Protect"],"relics":["PureWater","NeowsBlessing","Replay:Towering Pillar of Hats","infinitespire:PuzzleCube","hubris:DisguiseKit","Du-Vu Doll"],"acts_visited":["Exordium"],"potions_floor_usage":[],"damage_taken":[{"damage":0.0,"enemies":"Jaw Worm","floor":1.0,"turns":1.0},{"damage":0.0,"enemies":"2 Louse","floor":10.0,"turns":1.0},{"damage":0.0,"enemies":"Lagavulin","floor":12.0,"turns":1.0},{"damage":0.0,"enemies":"Small Slimes","floor":13.0,"turns":2.0},{"damage":42.0,"enemies":"Gremlin Nob","floor":14.0,"turns":4.0},{"damage":0,"enemies":"Hexaghost","floor":16,"turns":1}],"seed_played":"-497964469194341941","potions_obtained":[{"floor":12.0,"key":"EssenceOfSteel"}],"is_trial":false,"path_per_floor":["M","$","?","?","?","R","T","R","T","M","?","E","M","E","R","B"],"character_chosen":"WATCHER","items_purchased":["WreathOfFlame"],"campfire_rested":2,"item_purchase_floors":[2],"current_hp_per_floor":[72,72,72,61,47,68,68,68,68,68,68,68,68,26,47,47,47],"gold":247,"neow_bonus":"THREE_ENEMY_KILL","is_daily":false,"chose_seed":false,"campfire_upgraded":1,"win_rate":0.0,"timestamp":1609325639,"path_taken":["M","$","?","?","?","R","?","R","T","M","?","E","M","E","R","BOSS"],"items_purchased_type":["Card"],"build_version":"2020-12-22","purchased_purges":0,"victory":false,"max_hp_per_floor":[72,72,72,72,72,72,72,72,72,72,72,72,72,72,72,72,72],"card_choices":[{"not_picked":["Evaluate","Indignation"],"picked":"LikeWater","floor":1.0},{"not_picked":["Replay:AtTheReady","ClearTheMind"],"picked":"FollowUp","floor":10.0},{"not_picked":["Weave","Worship"],"picked":"BattleHymn","floor":12.0},{"not_picked":["SashWhip","TalkToTheHand","Thunderclap"],"picked":"EmptyBody","floor":13.0},{"not_picked":["Crescendo","FlyingSleeves","Clothesline"],"picked":"Protect","floor":14.0}],"player_experience":122480,"relics_obtained":[{"floor":7.0,"key":"Replay:Towering Pillar of Hats"},{"floor":9.0,"key":"infinitespire:PuzzleCube"},{"floor":12.0,"key":"hubris:DisguiseKit"},{"floor":14.0,"key":"Du-Vu Doll"}],"event_choices":[{"damage_healed":0.0,"max_hp_gain":0.0,"max_hp_loss":0.0,"gold_gain":75.0,"event_name":"World of Goop","player_choice":"Gather Gold","floor":4.0,"gold_loss":0.0,"damage_taken":11.0},{"damage_healed":0.0,"max_hp_gain":0.0,"max_hp_loss":0.0,"gold_gain":0.0,"event_name":"Shining Light","player_choice":"Entered Light","floor":5.0,"gold_loss":0.0,"damage_taken":14.0,"cards_upgraded":["Defend_P","Defend_P"]},{"cards_removed":["Regret"],"damage_healed":0.0,"max_hp_gain":0.0,"max_hp_loss":0.0,"gold_gain":0.0,"event_name":"NoteForYourself","player_choice":"Took Card","floor":11.0,"gold_loss":0.0,"damage_taken":0.0,"cards_obtained":["Regret"]}],"is_beta":false,"boss_relics":[],"items_purged_floors":[],"is_endless":false,"potions_floor_spawned":[12],"killed_by":"Hexaghost","ascension_level":0}}