{"host":"pf47v7h0307523iy","time":1609357488,"event":{"mods":["BaseMod","Minty Spire (QoL Compilation)"],"gold_per_floor":[118,118,138,63,111,142,154,186,210,210,229,254,254,265,265,338,338,357,357,17,17,17,17,52,52,52,85,10,10,10,10,10,83,83,93,110,164,164,174,174,204,204,204,216,241,253,297,319,331,343,355,367,379,44,79,79,79],"floor_reached":56,"playtime":4834,"items_purged":["Strike_G"],"score":2068,"play_id":"2807e48b-3034-4944-83a5-3b7e1dc5db87","local_time":"20201230214448","is_ascension_mode":true,"campfire_choices":[{"floor":10.0,"key":"REST"},{"data":"Caltrops","floor":13.0,"key":"SMITH"},{"data":"Leg Sweep","floor":15.0,"key":"SMITH"},{"data":"Die Die Die","floor":23.0,"key":"SMITH"},{"floor":29.0,"key":"REST"},{"floor":32.0,"key":"RECALL"},{"floor":42.0,"key":"REST"},{"floor":49.0,"key":"REST"},{"data":"Wraith Form v2","floor":53,"key":"SMITH"}],"circlet_count":0,"master_deck":["AscendersBane","Defend_G","Defend_G","Defend_G","Defend_G","Defend_G","Survivor","Neutralize","Caltrops+1","Dash","Cloak And Dagger","Backflip","PiercingWail","Leg Sweep+1","Die Die Die+1","Quick Slash+1","Riddle With Holes+1","Blade Dance+1","Venomology","Night Terror","Corpse Explosion","Wraith Form v2+1","Bouncing Flask+1","PiercingWail+1","Master of Strategy","Skewer+1"],"relics":["Ring of the Snake","NeowsBlessing","WarpedTongs","Juzu Bracelet","Vajra","Strawberry","Regal Pillow","Unceasing Top","Snecko Eye","Paper Crane","MealTicket","Whetstone","Mango","Philosopher\u0027s Stone","Shovel","Gremlin Horn","MawBank","Ancient Tea Set","Kunai","Blood Vial"],"acts_visited":["Exordium","TheCity","TheBeyond","TheEnding"],"potions_floor_usage":[50,55,56],"damage_taken":[{"damage":0.0,"enemies":"2 Louse","floor":1.0,"turns":1.0},{"damage":0.0,"enemies":"Cultist","floor":3.0,"turns":1.0},{"damage":0.0,"enemies":"3 Sentries","floor":6.0,"turns":2.0},{"damage":0.0,"enemies":"Small Slimes","floor":7.0,"turns":3.0},{"damage":44.0,"enemies":"Gremlin Nob","floor":8.0,"turns":5.0},{"damage":0.0,"enemies":"Exordium Wildlife","floor":11.0,"turns":4.0},{"damage":6.0,"enemies":"3 Sentries","floor":12.0,"turns":9.0},{"damage":0.0,"enemies":"Large Slime","floor":14.0,"turns":7.0},{"damage":24.0,"enemies":"Hexaghost","floor":16.0,"turns":13.0},{"damage":0.0,"enemies":"Shell Parasite","floor":18.0,"turns":7.0},{"damage":9.0,"enemies":"Book of Stabbing","floor":24.0,"turns":6.0},{"damage":28.0,"enemies":"Slavers","floor":27.0,"turns":8.0},{"damage":55.0,"enemies":"Automaton","floor":33.0,"turns":14.0},{"damage":0.0,"enemies":"3 Shapes","floor":35.0,"turns":4.0},{"damage":0.0,"enemies":"3 Darklings","floor":36.0,"turns":3.0},{"damage":8.0,"enemies":"2 Orb Walkers","floor":37.0,"turns":3.0},{"damage":19.0,"enemies":"Sphere and 2 Shapes","floor":39.0,"turns":4.0},{"damage":5.0,"enemies":"Maw","floor":40.0,"turns":8.0},{"damage":29.0,"enemies":"Giant Head","floor":41.0,"turns":7.0},{"damage":13.0,"enemies":"Jaw Worm Horde","floor":45.0,"turns":3.0},{"damage":0.0,"enemies":"Reptomancer","floor":47.0,"turns":9.0},{"damage":44.0,"enemies":"Spire Growth","floor":48.0,"turns":7.0},{"damage":7,"enemies":"Time Eater","floor":50,"turns":14},{"damage":9,"enemies":"Awakened One","floor":51,"turns":23},{"damage":7,"enemies":"Shield and Spear","floor":55,"turns":7},{"damage":88,"enemies":"The Heart","floor":56,"turns":6}],"seed_played":"-6285957921750930879","potions_obtained":[{"floor":1.0,"key":"ColorlessPotion"},{"floor":3.0,"key":"Explosive Potion"},{"floor":12.0,"key":"Swift Potion"},{"floor":16.0,"key":"SneckoOil"},{"floor":33.0,"key":"Regen Potion"},{"floor":35.0,"key":"BlessingOfTheForge"},{"floor":47.0,"key":"Weak Potion"},{"floor":48.0,"key":"SteroidPotion"}],"is_trial":false,"path_per_floor":["M","?","M","?","T","E","M","E","T","R","M","E","R","M","R","B",null,"M","?","$","?","$","R","E","?","T","E","?","R","$","T","R","B",null,"M","M","?","?","M","M","E","R","T","?","M","?","E","M","R","B","B",null,"R","$","E","B"],"character_chosen":"THE_SILENT","items_purchased":["Paper Crane","Kunai","GamblersBrew"],"campfire_rested":4,"item_purchase_floors":[20,54,54],"current_hp_per_floor":[59,59,59,59,59,59,59,22,22,58,58,52,52,52,52,28,62,62,41,41,41,41,41,32,32,32,4,4,42,57,71,71,16,73,73,85,77,77,58,53,24,66,66,61,48,38,38,27,69,62,53,82,82,92,85,0,0],"gold":79,"neow_bonus":"THREE_ENEMY_KILL","is_daily":false,"chose_seed":false,"campfire_upgraded":4,"win_rate":0.0,"timestamp":1609357488,"path_taken":["M","?","?","?","?","E","M","E","T","R","M","E","R","M","R","BOSS","M","?","$","?","?","R","E","?","T","E","?","R","?","?","R","BOSS","M","M","?","?","M","M","E","R","T","?","M","?","E","M","R","BOSS","BOSS","R","$","E","BOSS"],"items_purchased_type":["Relic","Relic","Potion"],"build_version":"2020-12-22","purchased_purges":1,"victory":false,"max_hp_per_floor":[66,66,66,66,66,66,66,73,73,73,73,73,73,73,73,73,73,73,78,78,78,78,78,78,78,78,78,78,78,78,92,92,92,92,92,92,92,92,92,92,92,92,92,92,92,92,92,92,92,92,92,92,92,92,92,92,92],"card_choices":[{"not_picked":["Riddle With Holes","Prepared"],"picked":"Caltrops","floor":1.0},{"not_picked":["Backflip","Endless Agony"],"picked":"Dash","floor":3.0},{"not_picked":["Caltrops","Quick Slash"],"picked":"Cloak And Dagger","floor":6.0},{"not_picked":["Slice","Accuracy"],"picked":"Backflip","floor":7.0},{"not_picked":["Riddle With Holes","Dagger Spray"],"picked":"PiercingWail","floor":8.0},{"not_picked":["Endless Agony","Concentrate"],"picked":"Leg Sweep","floor":11.0},{"not_picked":["Distraction","Flying Knee","Dodge and Roll"],"picked":"SKIP","floor":12.0},{"not_picked":["Leg Sweep","Dagger Throw","Underhanded Strike"],"picked":"SKIP","floor":14.0},{"not_picked":["Burst","Glass Knife"],"picked":"Die Die Die","floor":16.0},{"not_picked":["Backflip","Prepared+1","Accuracy"],"picked":"SKIP","floor":18.0},{"not_picked":["Dagger Throw","Escape Plan","Underhanded Strike"],"picked":"SKIP","floor":24.0},{"not_picked":["Calculated Gamble","Poisoned Stab"],"picked":"Blade Dance+1","floor":27.0},{"not_picked":["Doppelganger","Die Die Die"],"picked":"Corpse Explosion","floor":33.0},{"not_picked":["Prepared","Outmaneuver","All Out Attack"],"picked":"SKIP","floor":35.0},{"not_picked":["Dash","Dagger Spray+1","Deflect+1"],"picked":"SKIP","floor":36.0},{"not_picked":["Eviscerate","Dodge and Roll"],"picked":"Wraith Form v2","floor":39.0},{"not_picked":["Finisher","Backflip"],"picked":"Bouncing Flask+1","floor":41.0},{"not_picked":["Cloak And Dagger","Slice"],"picked":"PiercingWail+1","floor":45.0},{"not_picked":["Flash of Steel","Bandage Up"],"picked":"Master of Strategy","floor":46.0},{"not_picked":["Flechettes","Terror","Dodge and Roll"],"picked":"SKIP","floor":47.0},{"not_picked":["Heel Hook","Expertise","Dagger Throw"],"picked":"SKIP","floor":48.0},{"not_picked":["Outmaneuver","Masterful Stab"],"picked":"Skewer+1","floor":55}],"player_experience":1540324,"relics_obtained":[{"floor":5.0,"key":"Juzu Bracelet"},{"floor":6.0,"key":"Vajra"},{"floor":8.0,"key":"Strawberry"},{"floor":9.0,"key":"Regal Pillow"},{"floor":12.0,"key":"Unceasing Top"},{"floor":24.0,"key":"MealTicket"},{"floor":27.0,"key":"Whetstone"},{"floor":31.0,"key":"Mango"},{"floor":37.0,"key":"Shovel"},{"floor":41.0,"key":"Gremlin Horn"},{"floor":43.0,"key":"MawBank"},{"floor":47.0,"key":"Ancient Tea Set"},{"floor":55,"key":"Blood Vial"}],"event_choices":[{"damage_healed":0.0,"max_hp_gain":0.0,"max_hp_loss":0.0,"gold_gain":0.0,"event_name":"Accursed Blacksmith","player_choice":"Rummage","floor":2.0,"gold_loss":0.0,"damage_taken":0.0,"relics_obtained":["WarpedTongs"],"cards_obtained":["Pain"]},{"cards_removed":["Pain"],"damage_healed":0.0,"max_hp_gain":0.0,"max_hp_loss":0.0,"gold_gain":0.0,"event_name":"The Cleric","player_choice":"Card Removal","floor":4.0,"gold_loss":75.0,"damage_taken":0.0},{"damage_healed":0.0,"max_hp_gain":5.0,"max_hp_loss":0.0,"gold_gain":0.0,"event_name":"Forgotten Altar","player_choice":"Shed Blood","floor":19.0,"gold_loss":0.0,"damage_taken":26.0},{"damage_healed":0.0,"max_hp_gain":0.0,"max_hp_loss":0.0,"gold_gain":0.0,"event_name":"The Mausoleum","player_choice":"Ignored","floor":21.0,"gold_loss":0.0,"damage_taken":0.0},{"damage_healed":0.0,"max_hp_gain":0.0,"max_hp_loss":0.0,"gold_gain":0.0,"cards_transformed":["Strike_G","Strike_G"],"event_name":"Drug Dealer","player_choice":"Became Test Subject","floor":25.0,"gold_loss":0.0,"damage_taken":0.0,"cards_obtained":["Quick Slash","Riddle With Holes"]},{"damage_healed":0.0,"max_hp_gain":0.0,"max_hp_loss":0.0,"gold_gain":0.0,"cards_transformed":["Strike_G","Strike_G"],"event_name":"Designer","player_choice":"Transformed Cards","floor":28.0,"gold_loss":75.0,"damage_taken":0.0,"cards_obtained":["Venomology","Night Terror"]},{"damage_healed":0.0,"max_hp_gain":0.0,"max_hp_loss":0.0,"gold_gain":0.0,"event_name":"Mysterious Sphere","player_choice":"Fight","floor":37.0,"gold_loss":0.0,"damage_taken":0.0},{"damage_healed":0.0,"max_hp_gain":0.0,"max_hp_loss":0.0,"gold_gain":0.0,"event_name":"SecretPortal","player_choice":"Ignored","floor":38.0,"gold_loss":0.0,"damage_taken":0.0},{"damage_healed":0.0,"max_hp_gain":0.0,"max_hp_loss":0.0,"gold_gain":0.0,"event_name":"The Woman in Blue","player_choice":"Bought 0 Potions","floor":44.0,"gold_loss":0.0,"damage_taken":0.0},{"damage_healed":0.0,"max_hp_gain":0.0,"max_hp_loss":0.0,"gold_gain":0.0,"event_name":"SensoryStone","player_choice":"Memory 3","floor":46.0,"gold_loss":0.0,"damage_taken":10.0}],"is_beta":false,"boss_relics":[{"not_picked":["Calling Bell","SacredBark"],"picked":"Snecko Eye"},{"not_picked":["Coffee Dripper","Runic Pyramid"],"picked":"Philosopher\u0027s Stone"}],"items_purged_floors":[20],"is_endless":false,"potions_floor_spawned":[1,3,6,12,16,33,35,37,47,48],"killed_by":"The Heart","ascension_level":20}}