{"host":"2461dio7vetlq1z3","time":1609361959,"event":{"mods":["2.2 Compatiblity","AchievementEnabler","Aspiration","BaseMod","Better Third Choice","Friendly Minions","Hermit","Minty Spire (QoL Compilation)","Relic Stats","Spicy Shops","StSLib","The Hierophant","Waifu the Spire"],"gold_per_floor":[119,119,119,139,154,154,189,200,200,200,200],"floor_reached":10,"playtime":319,"items_purged":[],"score":136,"play_id":"e09bdac3-8b01-40f0-b801-7d39da34ec3f","local_time":"20201230215919","is_ascension_mode":true,"campfire_choices":[{"data":"Neutralize","floor":6,"key":"SMITH"}],"circlet_count":0,"master_deck":["AscendersBane","Strike_G","Strike_G","Strike_G","Strike_G","Defend_G","Defend_G","Defend_G","Defend_G","Defend_G","Survivor","Neutralize+1","Sucker Punch","Underhanded Strike","Cloak And Dagger"],"relics":["aspiration:PoetsPen_weak","Lantern","Ornamental Fan","Blood Vial"],"acts_visited":["Exordium"],"potions_floor_usage":[10],"damage_taken":[{"damage":4,"enemies":"Jaw Worm","floor":1,"turns":5},{"damage":2,"enemies":"Small Slimes","floor":4,"turns":4},{"damage":0,"enemies":"Cultist","floor":5,"turns":3},{"damage":41,"enemies":"3 Sentries","floor":7,"turns":15},{"damage":0,"enemies":"2 Fungi Beasts","floor":8,"turns":2},{"damage":11,"enemies":"Gremlin Nob","floor":10,"turns":3}],"seed_played":"-4741264955013314389","potions_obtained":[{"floor":4,"key":"Weak Potion"},{"floor":7,"key":"Energy Potion"}],"is_trial":false,"path_per_floor":["M","?","?","M","M","R","E","M","T","E"],"character_chosen":"THE_SILENT","items_purchased":[],"campfire_rested":0,"item_purchase_floors":[],"current_hp_per_floor":[55,48,48,46,46,46,5,5,5,0,0],"gold":200,"neow_bonus":"BOSS_RELIC","is_daily":false,"chose_seed":false,"campfire_upgraded":1,"win_rate":0.0,"timestamp":1609361959,"path_taken":["M","?","?","M","?","R","E","M","T","E"],"items_purchased_type":[],"build_version":"2020-12-22","purchased_purges":0,"victory":false,"max_hp_per_floor":[66,66,66,66,66,66,66,66,66,66,66],"relic_stats":{"Blood Vial":2,"counters":[6,32],"Ornamental Fan":[20],"obtain_stats":[{"Blood Vial":9,"Lantern":3,"Ornamental Fan":7,"aspiration:PoetsPen_weak":0,"Ring of the Snake":0},{"Blood Vial":5,"Lantern":1,"Ornamental Fan":4,"aspiration:PoetsPen_weak":0,"Ring of the Snake":0},{"Blood Vial":29,"Lantern":5,"Ornamental Fan":27,"aspiration:PoetsPen_weak":0,"Ring of the Snake":0}]},"card_choices":[{"not_picked":["Prepared","Slice"],"picked":"Cloak And Dagger","floor":1},{"not_picked":["Acrobatics","Backflip","Concentrate"],"picked":"SKIP","floor":4},{"not_picked":["Slice","Bane"],"picked":"Sucker Punch","floor":5},{"not_picked":["Blade Dance","Deadly Poison"],"picked":"Underhanded Strike","floor":7},{"not_picked":["Grand Finale","Acrobatics"],"picked":"Cloak And Dagger","floor":8}],"player_experience":1026081,"relics_obtained":[{"floor":7,"key":"Ornamental Fan"},{"floor":9,"key":"Blood Vial"}],"event_choices":[{"cards_removed":["Strike_G"],"damage_healed":0,"gold_gain":0,"player_choice":"Card Removal","damage_taken":7,"max_hp_gain":0,"max_hp_loss":0,"event_name":"Golden Wing","floor":2,"gold_loss":0},{"cards_removed":["Cloak And Dagger"],"damage_healed":0,"gold_gain":0,"player_choice":"Gave Card","damage_taken":0,"relics_obtained":["Lantern"],"max_hp_gain":0,"max_hp_loss":0,"event_name":"WeMeetAgain","floor":3,"gold_loss":0}],"is_beta":false,"boss_relics":[],"items_purged_floors":[],"is_endless":false,"potions_floor_spawned":[4,7,8],"killed_by":"Gremlin Nob","ascension_level":20}}