{"host":"q229ysid750dmjme","time":1609330508,"event":{"mods":["AchievementEnabler","BaseMod","Colored Map","Minty Spire (QoL Compilation)","Prisma Mod","StSLib","The Animator","everything is the same but u backflip on backflip"],"gold_per_floor":[114,114,133,133,146,172,186,186,213,223,241,191,191,219,219,314,314,331,347,347,116,131,156,156,211,238,258,274,199,199,214,214,314,364,376,394,394,394,126,0,32,32,56,75,104,104,129,149,149,149,149,149,5,38,38,38],"floor_reached":55,"playtime":6885,"items_purged":["Strike_P","Defend_P","Defend_P"],"score":891,"play_id":"74573128-7b4a-4bc8-9c5c-317075720cd4","local_time":"20201230211508","is_ascension_mode":true,"campfire_choices":[{"floor":8.0,"key":"REST"},{"floor":13.0,"key":"REST"},{"data":"MentalFortress","floor":15.0,"key":"SMITH"},{"data":"Meditate","floor":24.0,"key":"SMITH"},{"floor":32.0,"key":"REST"},{"floor":42.0,"key":"RECALL"},{"data":"DeusExMachina","floor":46.0,"key":"SMITH"},{"data":"Tantrum","floor":49.0,"key":"SMITH"},{"data":"Madness","floor":52.0,"key":"SMITH"}],"circlet_count":0,"master_deck":["Strike_P","Defend_P","Defend_P","Eruption+1","Vigilance","Prostrate","FlurryOfBlows","Meditate+1","MentalFortress+1","BattleHymn+1","Sanctity","DeusExMachina+1","CurseOfTheBell","Indignation","Protect+1","Crescendo+1","Prostrate+1","Tantrum+1","SpiritShield","SignatureMove+1","TalkToTheHand+1","Impatience","Madness","Madness+1","CutThroughFate+1","Brilliance","Swivel+1","Thinking Ahead"],"relics":["PureWater","Sundial","Damaru","Gremlin Horn","Calling Bell","Centennial Puzzle","Blue Candle","Gambling Chip","Strange Spoon","Anchor","Art of War","Toy Ornithopter","Tiny House","Membership Card","Boot","Red Mask","Pen Nib","Bronze Scales","Bottled Flame","Nunchaku","Blood Vial"],"acts_visited":["Exordium","TheCity","TheBeyond","TheEnding"],"potions_floor_usage":[55,55],"damage_taken":[{"damage":9.0,"enemies":"2 Louse","floor":1.0,"turns":2.0},{"damage":17.0,"enemies":"Cultist","floor":3.0,"turns":5.0},{"damage":2.0,"enemies":"Jaw Worm","floor":5.0,"turns":4.0},{"damage":45.0,"enemies":"3 Sentries","floor":6.0,"turns":13.0},{"damage":0.0,"enemies":"Exordium Wildlife","floor":7.0,"turns":5.0},{"damage":17.0,"enemies":"Gremlin Gang","floor":10.0,"turns":5.0},{"damage":6.0,"enemies":"Large Slime","floor":11.0,"turns":4.0},{"damage":11.0,"enemies":"Gremlin Nob","floor":14.0,"turns":4.0},{"damage":4.0,"enemies":"The Guardian","floor":16.0,"turns":6.0},{"damage":7.0,"enemies":"Spheric Guardian","floor":18.0,"turns":3.0},{"damage":2.0,"enemies":"Shell Parasite","floor":19.0,"turns":6.0},{"damage":0.0,"enemies":"Cultist and Chosen","floor":22.0,"turns":5.0},{"damage":27.0,"enemies":"Slavers","floor":23.0,"turns":5.0},{"damage":0.0,"enemies":"Centurion and Healer","floor":27.0,"turns":5.0},{"damage":8.0,"enemies":"Chosen and Byrds","floor":28.0,"turns":5.0},{"damage":2.0,"enemies":"3 Cultists","floor":31.0,"turns":5.0},{"damage":15.0,"enemies":"Champ","floor":33.0,"turns":12.0},{"damage":10.0,"enemies":"Orb Walker","floor":35.0,"turns":4.0},{"damage":26.0,"enemies":"3 Darklings","floor":36.0,"turns":6.0},{"damage":0.0,"enemies":"Nemesis","floor":41.0,"turns":3.0},{"damage":0.0,"enemies":"Spire Growth","floor":44.0,"turns":4.0},{"damage":10.0,"enemies":"Reptomancer","floor":45.0,"turns":4.0},{"damage":3.0,"enemies":"Giant Head","floor":47.0,"turns":7.0},{"damage":7.0,"enemies":"Jaw Worm Horde","floor":48.0,"turns":5.0},{"damage":49.0,"enemies":"Awakened One","floor":50.0,"turns":16.0},{"damage":14,"enemies":"Shield and Spear","floor":54,"turns":9},{"damage":93,"enemies":"The Heart","floor":55,"turns":6}],"seed_played":"7017847914292258176","potions_obtained":[{"floor":1.0,"key":"DistilledChaos"},{"floor":6.0,"key":"BlessingOfTheForge"},{"floor":10.0,"key":"LiquidMemories"},{"floor":11.0,"key":"FearPotion"},{"floor":14.0,"key":"Strength Potion"},{"floor":18.0,"key":"Dexterity Potion"},{"floor":22.0,"key":"ColorlessPotion"},{"floor":33.0,"key":"StancePotion"},{"floor":34.0,"key":"LiquidMemories"},{"floor":35.0,"key":"LiquidBronze"},{"floor":36.0,"key":"Ancient Potion"},{"floor":47.0,"key":"Regen Potion"},{"floor":48.0,"key":"AttackPotion"},{"floor":54,"key":"Strength Potion"}],"is_trial":false,"path_per_floor":["M","?","M","T","M","E","M","R","T","M","M","?","R","E","R","B",null,"M","M","?","$","M","E","R","T","T","M","M","?","?","M","R","B",null,"M","M","?","?","$","?","E","R","T","M","E","R","E","M","R","B",null,"R","$","E","B"],"character_chosen":"WATCHER","items_purchased":["Strange Spoon","Membership Card","Boot","Thinking Ahead"],"campfire_rested":3,"item_purchase_floors":[21,39,39,53],"current_hp_per_floor":[70,70,53,53,51,6,6,29,29,12,6,6,29,18,18,14,79,72,70,55,55,55,28,28,28,28,28,20,20,20,18,43,28,89,79,58,58,47,47,47,52,52,52,52,47,47,44,37,37,13,89,89,89,75,0,0],"gold":38,"neow_bonus":"TEN_PERCENT_HP_BONUS","is_daily":false,"chose_seed":false,"campfire_upgraded":5,"win_rate":0.0,"timestamp":1609330508,"path_taken":["M","?","?","?","M","E","M","R","T","M","M","?","R","E","R","BOSS","M","M","?","$","M","E","R","?","T","?","?","?","?","M","R","BOSS","M","M","?","?","$","?","E","R","T","M","E","R","E","M","R","BOSS","R","$","E","BOSS"],"items_purchased_type":["Relic","Relic","Relic","Card"],"build_version":"2020-12-22","purchased_purges":3,"victory":false,"max_hp_per_floor":[79,79,79,79,79,79,79,79,79,79,79,79,79,79,79,79,79,79,79,84,84,84,84,84,84,84,84,84,84,84,84,84,84,89,89,89,89,89,89,89,89,89,89,89,89,89,89,89,89,89,89,89,89,89,89,89],"card_choices":[{"not_picked":["Evaluate","ThirdEye"],"picked":"Prostrate","floor":1.0},{"not_picked":["WindmillStrike","Consecrate"],"picked":"FlurryOfBlows","floor":3.0},{"not_picked":["JustLucky","TalkToTheHand"],"picked":"Meditate","floor":5.0},{"not_picked":["FlurryOfBlows","Omniscience"],"picked":"MentalFortress","floor":6.0},{"not_picked":["Halt","Wireheading","CrushJoints"],"picked":"SKIP","floor":7.0},{"not_picked":["Consecrate","BowlingBash"],"picked":"BattleHymn","floor":10.0},{"not_picked":["MentalFortress","FollowUp"],"picked":"Sanctity","floor":11.0},{"not_picked":["WreathOfFlame","PathToVictory","ThirdEye"],"picked":"SKIP","floor":14.0},{"not_picked":["Alpha","DevaForm"],"picked":"DeusExMachina","floor":16.0},{"not_picked":["EmptyFist","FlurryOfBlows","BattleHymn"],"picked":"SKIP","floor":18.0},{"not_picked":["ForeignInfluence","Wireheading+1"],"picked":"Indignation","floor":19.0},{"not_picked":["BattleHymn","Consecrate","Pray"],"picked":"SKIP","floor":22.0},{"not_picked":["Worship","Vengeance+1"],"picked":"Protect+1","floor":23.0},{"not_picked":["FlurryOfBlows","Consecrate"],"picked":"Crescendo+1","floor":27.0},{"not_picked":["ReachHeaven","CutThroughFate"],"picked":"Prostrate+1","floor":28.0},{"not_picked":["JustLucky","SignatureMove+1","Wireheading+1"],"picked":"SKIP","floor":31.0},{"not_picked":["Alpha","Vault"],"picked":"SpiritShield","floor":33.0},{"not_picked":["Fasting2+1","CarveReality"],"picked":"SignatureMove+1","floor":34.0},{"not_picked":["SashWhip+1","FlurryOfBlows","Study+1"],"picked":"SKIP","floor":35.0},{"not_picked":["Study+1","Protect+1"],"picked":"TalkToTheHand+1","floor":36.0},{"not_picked":["Good Instincts","Mind Blast"],"picked":"Impatience","floor":37.0},{"not_picked":["CutThroughFate+1","PathToVictory+1","EmptyFist"],"picked":"SKIP","floor":41.0},{"not_picked":["PathToVictory+1","EmptyFist"],"picked":"CutThroughFate+1","floor":41.0},{"not_picked":["JustLucky+1","BattleHymn"],"picked":"Brilliance","floor":44.0},{"not_picked":["BowlingBash","CutThroughFate+1","EmptyBody+1"],"picked":"SKIP","floor":45.0},{"not_picked":["BowlingBash","CutThroughFate+1","EmptyBody+1"],"picked":"SKIP","floor":45.0},{"not_picked":["CrushJoints","MentalFortress","CutThroughFate+1"],"picked":"SKIP","floor":47.0},{"not_picked":["SandsOfTime","Meditate"],"picked":"Swivel+1","floor":48.0},{"not_picked":["CutThroughFate+1","Evaluate+1","EmptyFist+1"],"picked":"SKIP","floor":54}],"player_experience":333618,"relics_obtained":[{"floor":6.0,"key":"Sundial"},{"floor":9.0,"key":"Damaru"},{"floor":14.0,"key":"Gremlin Horn"},{"floor":17.0,"key":"Centennial Puzzle"},{"floor":17.0,"key":"Blue Candle"},{"floor":17.0,"key":"Gambling Chip"},{"floor":23.0,"key":"Anchor"},{"floor":25.0,"key":"Art of War"},{"floor":26.0,"key":"Toy Ornithopter"},{"floor":41.0,"key":"Pen Nib"},{"floor":43.0,"key":"Bronze Scales"},{"floor":45.0,"key":"Bottled Flame"},{"floor":47.0,"key":"Nunchaku"},{"floor":54,"key":"Blood Vial"}],"event_choices":[{"damage_healed":0.0,"max_hp_gain":0.0,"max_hp_loss":0.0,"gold_gain":0.0,"event_name":"Upgrade Shrine","player_choice":"Upgraded","floor":2.0,"gold_loss":0.0,"damage_taken":0.0,"cards_upgraded":["Eruption"]},{"cards_removed":["Strike_P"],"damage_healed":0.0,"max_hp_gain":0.0,"max_hp_loss":0.0,"gold_gain":0.0,"event_name":"The Cleric","player_choice":"Card Removal","floor":12.0,"gold_loss":50.0,"damage_taken":0.0},{"damage_healed":0.0,"max_hp_gain":5.0,"max_hp_loss":0.0,"gold_gain":0.0,"event_name":"Forgotten Altar","player_choice":"Shed Blood","floor":20.0,"gold_loss":0.0,"damage_taken":20.0},{"cards_removed":["Strike_P"],"damage_healed":0.0,"max_hp_gain":0.0,"max_hp_loss":0.0,"gold_gain":0.0,"event_name":"Beggar","player_choice":"Gave Gold","floor":29.0,"gold_loss":75.0,"damage_taken":0.0},{"damage_healed":0.0,"max_hp_gain":0.0,"max_hp_loss":0.0,"gold_gain":0.0,"event_name":"The Library","player_choice":"Read","floor":30.0,"gold_loss":0.0,"damage_taken":0.0,"cards_obtained":["Tantrum"]},{"damage_healed":0.0,"max_hp_gain":0.0,"max_hp_loss":0.0,"gold_gain":0.0,"event_name":"SensoryStone","player_choice":"Memory 1","floor":37.0,"gold_loss":0.0,"damage_taken":0.0},{"damage_healed":0.0,"max_hp_gain":0.0,"max_hp_loss":0.0,"gold_gain":0.0,"event_name":"Winding Halls","player_choice":"Embrace Madness","floor":38.0,"gold_loss":0.0,"damage_taken":11.0,"cards_obtained":["Madness","Madness"]},{"damage_healed":0.0,"max_hp_gain":0.0,"max_hp_loss":0.0,"gold_gain":0.0,"event_name":"Tomb of Lord Red Mask","player_choice":"Paid","floor":40.0,"gold_loss":126.0,"damage_taken":0.0,"relics_obtained":["Red Mask"]}],"is_beta":false,"boss_relics":[{"not_picked":["Ectoplasm","Fusion Hammer"],"picked":"Calling Bell"},{"not_picked":["Sozu","Cursed Key"],"picked":"Tiny House"}],"items_purged_floors":[21,39,53],"is_endless":false,"potions_floor_spawned":[1,6,10,11,14,18,22,33,35,36,47,48,54],"killed_by":"The Heart","ascension_level":2}}