{"host":"xy5qih4nvxccm4rc","time":1609319756,"event":{"mods":["AchievementEnabler","BaseMod","Minty Spire (QoL Compilation)","StSLib"],"gold_per_floor":[110,110,185,185,197,229,229,255,255,255,220,220,236,261,261,362,362,382,432,482,532,582,582,617,617,672,275,356,4,35,51,51,149,149,163,213,263,276,99,131,181,216,216,226,258,269,674,724,724,724,724],"floor_reached":50,"playtime":2141,"items_purged":["Injury","Defend_P","Writhe"],"score":812,"play_id":"fab0ad4f-0ad3-4b4c-b4cb-0289ac464185","local_time":"20201230031556","is_ascension_mode":true,"campfire_choices":[{"data":"Eruption","floor":7,"key":"SMITH"},{"data":"Blasphemy","floor":10,"key":"SMITH"},{"data":"ForeignInfluence","floor":15,"key":"SMITH"},{"data":"Alpha","floor":23,"key":"SMITH"},{"data":"Vault","floor":25,"key":"SMITH"},{"floor":32,"key":"REST"},{"floor":49,"key":"RECALL"}],"circlet_count":0,"master_deck":["Defend_P","Eruption+1","Vigilance","FlyingSleeves","Blasphemy+1","DeceiveReality","Prostrate","TalkToTheHand","BowlingBash","ForeignInfluence+1","CrushJoints","Alpha+1","ReachHeaven+1","FollowUp","Vault+1","Bite","Bite","Bite","Bite","Bite","Indignation+1","Crescendo","WheelKick","Perseverance","CutThroughFate","BowlingBash+1","LessonLearned","CurseOfTheBell","WheelKick+1","Consecrate","FlurryOfBlows","Evaluate+1","Tantrum+1","ClearTheMind","ClearTheMind+1","Crescendo+1"],"relics":["PureWater","Juzu Bracelet","TungstenRod","SsserpentHead","Pear","Busted Crown","Nilry\u0027s Codex","TeardropLocket","Bag of Marbles","Question Card","Red Mask","Sling","Girya","Calling Bell","Potion Belt","HornCleat","Lizard Tail","Pantograph","Smiling Mask","Ice Cream","Eternal Feather","Omamori","Old Coin"],"acts_visited":["Exordium","TheCity","TheBeyond"],"potions_floor_usage":[6,8,18,29,30,31,31,35,40,40,42,42,45,46,47],"damage_taken":[{"damage":0,"enemies":"Small Slimes","floor":1,"turns":2},{"damage":0,"enemies":"Cultist","floor":5,"turns":3},{"damage":30,"enemies":"Gremlin Nob","floor":6,"turns":3},{"damage":15,"enemies":"3 Sentries","floor":8,"turns":11},{"damage":0,"enemies":"2 Louse","floor":13,"turns":3},{"damage":0,"enemies":"Gremlin Nob","floor":14,"turns":2},{"damage":27,"enemies":"Hexaghost","floor":16,"turns":9},{"damage":18,"enemies":"2 Thieves","floor":18,"turns":5},{"damage":38,"enemies":"Slavers","floor":24,"turns":6},{"damage":17,"enemies":"Masked Bandits","floor":28,"turns":5},{"damage":0,"enemies":"Gremlin Leader","floor":30,"turns":2},{"damage":21,"enemies":"3 Byrds","floor":31,"turns":5},{"damage":21,"enemies":"Automaton","floor":33,"turns":7},{"damage":25,"enemies":"3 Darklings","floor":35,"turns":7},{"damage":2,"enemies":"Orb Walker","floor":38,"turns":2},{"damage":10,"enemies":"Giant Head","floor":40,"turns":5},{"damage":24,"enemies":"Nemesis","floor":42,"turns":5},{"damage":33,"enemies":"Spire Growth","floor":44,"turns":4},{"damage":0,"enemies":"Giant Head","floor":45,"turns":4},{"damage":49,"enemies":"Maw","floor":46,"turns":8},{"damage":36,"enemies":"2 Orb Walkers","floor":47,"turns":5},{"damage":87,"enemies":"Time Eater","floor":50,"turns":5}],"seed_played":"164682154650544003","potions_obtained":[{"floor":1,"key":"Fire Potion"},{"floor":5,"key":"PowerPotion"},{"floor":18,"key":"Fruit Juice"},{"floor":28,"key":"Strength Potion"},{"floor":30,"key":"Swift Potion"},{"floor":33,"key":"AttackPotion"},{"floor":35,"key":"DuplicationPotion"},{"floor":36,"key":"LiquidBronze"},{"floor":36,"key":"SkillPotion"},{"floor":36,"key":"Fire Potion"},{"floor":38,"key":"Dexterity Potion"},{"floor":42,"key":"SteroidPotion"},{"floor":45,"key":"SpeedPotion"},{"floor":46,"key":"GamblersBrew"}],"is_trial":false,"path_per_floor":["M","?","?","?","M","E","R","E","T","R","?","?","M","E","R","B",null,"M","?","?","?","?","R","E","R","T","$","?","$","E","M","R","B",null,"M","?","?","M","$","E","?","E","T","M","E","M","?","?","R","B"],"character_chosen":"WATCHER","items_purchased":["Question Card","WheelKick","BottledMiracle","Fruit Juice","Sling","FlurryOfBlows"],"campfire_rested":1,"item_purchase_floors":[27,27,27,29,29,39],"current_hp_per_floor":[72,72,61,61,61,31,31,16,16,16,34,34,36,48,48,23,82,69,69,69,69,57,57,25,25,25,25,12,17,17,6,33,20,92,73,73,92,90,90,86,86,64,64,33,35,39,3,80,80,0,0],"gold":724,"neow_bonus":"RANDOM_COMMON_RELIC","is_daily":false,"chose_seed":false,"campfire_upgraded":5,"win_rate":0.0,"timestamp":1609319756,"path_taken":["M","?","?","?","M","E","R","E","T","R","?","?","M","E","R","BOSS","M","?","?","?","?","R","E","R","T","$","?","$","E","M","R","BOSS","M","?","?","M","$","E","?","E","T","M","E","M","?","?","R","BOSS"],"items_purchased_type":["Relic","Card","Potion","Potion","Relic","Card"],"build_version":"2020-12-22","purchased_purges":3,"victory":false,"max_hp_per_floor":[72,72,72,72,72,72,72,72,72,72,72,72,72,82,82,82,82,87,87,87,87,87,87,87,87,87,87,87,92,92,92,92,92,92,92,92,92,92,92,92,92,92,92,92,92,92,92,80,80,80,80],"card_choices":[{"not_picked":["Swivel","Adaptation"],"picked":"FlyingSleeves","floor":1},{"not_picked":["Nirvana","FearNoEvil"],"picked":"Prostrate","floor":5},{"not_picked":["Consecrate","Collect"],"picked":"TalkToTheHand","floor":6},{"not_picked":["FollowUp","EmptyBody"],"picked":"BowlingBash","floor":8},{"not_picked":["Nirvana","DeceiveReality"],"picked":"ForeignInfluence","floor":13},{"not_picked":["BowlingBash","Worship"],"picked":"CrushJoints","floor":14},{"not_picked":["DeusExMachina","Devotion"],"picked":"Alpha","floor":16},{"not_picked":[],"picked":"ReachHeaven","floor":18},{"not_picked":[],"picked":"Crescendo","floor":24},{"not_picked":["Study"],"picked":"Perseverance","floor":28},{"not_picked":["CarveReality"],"picked":"CutThroughFate","floor":30},{"not_picked":["Evaluate"],"picked":"BowlingBash+1","floor":31},{"not_picked":["MasterReality"],"picked":"LessonLearned","floor":33},{"not_picked":["Perseverance+1"],"picked":"WheelKick+1","floor":35},{"not_picked":["BowlingBash"],"picked":"Consecrate","floor":38},{"not_picked":["Perseverance+1"],"picked":"Evaluate+1","floor":40},{"not_picked":["Protect","Vengeance"],"picked":"SKIP","floor":42},{"not_picked":["Prostrate"],"picked":"Tantrum+1","floor":44},{"not_picked":["CarveReality"],"picked":"ClearTheMind","floor":45},{"not_picked":["FlurryOfBlows"],"picked":"ClearTheMind+1","floor":46},{"not_picked":["Prostrate"],"picked":"Crescendo+1","floor":47}],"player_experience":323637,"relics_obtained":[{"floor":6,"key":"TungstenRod"},{"floor":8,"key":"Blood Vial"},{"floor":14,"key":"Pear"},{"floor":22,"key":"Nilry\u0027s Codex"},{"floor":24,"key":"TeardropLocket"},{"floor":26,"key":"Bag of Marbles"},{"floor":28,"key":"Red Mask"},{"floor":30,"key":"Girya"},{"floor":34,"key":"Potion Belt"},{"floor":34,"key":"HornCleat"},{"floor":34,"key":"Lizard Tail"},{"floor":40,"key":"Pantograph"},{"floor":41,"key":"Smiling Mask"},{"floor":42,"key":"Ice Cream"},{"floor":43,"key":"Eternal Feather"},{"floor":45,"key":"Omamori"},{"floor":47,"key":"Old Coin"}],"event_choices":[{"cards_removed":["Strike_P"],"damage_healed":0,"gold_gain":0,"player_choice":"Offered Basic","damage_taken":0,"max_hp_gain":0,"max_hp_loss":0,"event_name":"Bonfire Elementals","floor":2,"gold_loss":0},{"damage_healed":0,"gold_gain":75,"player_choice":"Gather Gold","damage_taken":11,"max_hp_gain":0,"max_hp_loss":0,"event_name":"World of Goop","floor":3,"gold_loss":0},{"damage_healed":0,"gold_gain":0,"player_choice":"3 cards matched","damage_taken":0,"max_hp_gain":0,"max_hp_loss":0,"event_name":"Match and Keep!","floor":4,"gold_loss":0,"cards_obtained":["Injury","Blasphemy","DeceiveReality"]},{"damage_healed":18,"gold_gain":0,"player_choice":"Healed","damage_taken":0,"max_hp_gain":0,"max_hp_loss":0,"event_name":"The Cleric","floor":11,"gold_loss":35},{"damage_healed":0,"gold_gain":0,"player_choice":"Trade","damage_taken":0,"relics_obtained":["SsserpentHead"],"max_hp_gain":0,"max_hp_loss":0,"event_name":"FaceTrader","floor":12,"gold_loss":0},{"damage_healed":0,"gold_gain":0,"cards_transformed":["Defend_P","Defend_P"],"player_choice":"Became Test Subject","damage_taken":0,"max_hp_gain":0,"max_hp_loss":0,"event_name":"Drug Dealer","floor":19,"gold_loss":0,"cards_obtained":["FollowUp","Vault"]},{"damage_healed":0,"gold_gain":0,"player_choice":"Became a vampire (Vial)","damage_taken":0,"max_hp_gain":0,"max_hp_loss":0,"event_name":"Vampires","floor":20,"relics_lost":["Blood Vial"],"gold_loss":0,"cards_obtained":["Bite","Bite","Bite","Bite","Bite"]},{"damage_healed":0,"gold_gain":0,"player_choice":"Read","damage_taken":0,"max_hp_gain":0,"max_hp_loss":0,"event_name":"The Library","floor":21,"gold_loss":0,"cards_obtained":["Indignation"]},{"damage_healed":0,"gold_gain":0,"player_choice":"Obtained Book","damage_taken":16,"max_hp_gain":0,"max_hp_loss":0,"event_name":"Cursed Tome","floor":22,"gold_loss":0},{"damage_healed":0,"gold_gain":0,"player_choice":"Fought Bandits","damage_taken":0,"max_hp_gain":0,"max_hp_loss":0,"event_name":"Masked Bandits","floor":28,"gold_loss":0},{"damage_healed":0,"gold_gain":0,"player_choice":"Got Potions","damage_taken":0,"max_hp_gain":0,"max_hp_loss":0,"event_name":"Lab","floor":36,"gold_loss":0},{"damage_healed":23,"gold_gain":0,"player_choice":"Writhe","damage_taken":0,"max_hp_gain":0,"max_hp_loss":0,"event_name":"Winding Halls","floor":37,"gold_loss":0,"cards_obtained":["Writhe"]},{"damage_healed":0,"gold_gain":0,"player_choice":"Relic","damage_taken":0,"max_hp_gain":0,"max_hp_loss":0,"event_name":"Wheel of Change","floor":41,"gold_loss":0},{"damage_healed":0,"gold_gain":0,"player_choice":"Fight","damage_taken":0,"max_hp_gain":0,"max_hp_loss":0,"event_name":"Mysterious Sphere","floor":47,"gold_loss":0},{"damage_healed":80,"gold_gain":0,"player_choice":"Heal","damage_taken":0,"max_hp_gain":0,"max_hp_loss":12,"event_name":"The Moai Head","floor":48,"gold_loss":0}],"is_beta":false,"boss_relics":[{"not_picked":["Runic Dome","Ectoplasm"],"picked":"Busted Crown"},{"not_picked":["Pandora\u0027s Box","Snecko Eye"],"picked":"Calling Bell"}],"items_purged_floors":[27,29,39],"is_endless":false,"potions_floor_spawned":[1,5,18,28,30,33,35,38,42,45,46],"killed_by":"Time Eater","ascension_level":1}}