{"host":"6wux4armhsntp4yb","time":1609340966,"event":{"mods":["BaseMod","Colored Map","DeckTracker","Minty Spire (QoL Compilation)","Relic Stats"],"gold_per_floor":[118,138,97,197,212,212,26,101,101,118,118,118,118,152,152,231,231,246,246,311,145,5,5,5],"floor_reached":23,"playtime":923,"items_purged":["Strike_G"],"score":370,"play_id":"dc3d1a9a-9f6f-4cf6-9a42-016a3517a18e","local_time":"20201231000926","is_ascension_mode":true,"campfire_choices":[{"data":"Noxious Fumes","floor":6.0,"key":"SMITH"},{"data":"Neutralize","floor":11,"key":"SMITH"},{"data":"Sadistic Nature","floor":13,"key":"SMITH"},{"floor":15,"key":"REST"}],"circlet_count":0,"master_deck":["AscendersBane","Strike_G","Strike_G","Strike_G","Strike_G","Defend_G","Defend_G","Defend_G","Defend_G","Defend_G","Survivor","Neutralize+1","Reflex","Dagger Spray","Noxious Fumes+1","Slice","Sadistic Nature+1","Crippling Poison","PiercingWail","A Thousand Cuts+1","Setup+1","Calculated Gamble","Noxious Fumes+1"],"relics":["Ring of the Snake","NeowsBlessing","Ice Cream","Frozen Egg 2","Fusion Hammer","Red Mask","Membership Card"],"acts_visited":["Exordium","TheCity"],"potions_floor_usage":[16,16,20,23],"damage_taken":[{"damage":0.0,"enemies":"Cultist","floor":1.0,"turns":1.0},{"damage":0.0,"enemies":"2 Louse","floor":2.0,"turns":1.0},{"damage":0.0,"enemies":"Small Slimes","floor":5.0,"turns":1.0},{"damage":17,"enemies":"Exordium Wildlife","floor":10,"turns":5},{"damage":20,"enemies":"Lagavulin","floor":14,"turns":5},{"damage":7,"enemies":"Slime Boss","floor":16,"turns":7},{"damage":16,"enemies":"Shell Parasite","floor":18,"turns":6},{"damage":33,"enemies":"Masked Bandits","floor":20,"turns":5},{"damage":22,"enemies":"Slavers","floor":23,"turns":2}],"seed_played":"7921073453435414288","potions_obtained":[{"floor":2.0,"key":"SpeedPotion"},{"floor":14,"key":"Fire Potion"},{"floor":16,"key":"ColorlessPotion"}],"is_trial":false,"path_per_floor":["M","M","$","?","M","R","$","?","T","M","R","?","R","E","R","B",null,"M","?","?","$","$","E"],"character_chosen":"THE_SILENT","items_purchased":["Noxious Fumes","Sadistic Nature","Membership Card","Calculated Gamble","Regen Potion","Noxious Fumes+1"],"campfire_rested":1,"item_purchase_floors":[3,7,21,22,22,22],"current_hp_per_floor":[59,59,59,59,59,59,59,48,48,31,31,31,31,11,30,23,55,39,39,6,6,6,0,0],"gold":5,"neow_bonus":"THREE_ENEMY_KILL","is_daily":false,"chose_seed":false,"campfire_upgraded":3,"win_rate":0.0,"timestamp":1609340966,"path_taken":["M","M","?","?","?","R","$","?","T","M","R","?","R","E","R","BOSS","M","?","?","?","$","E"],"items_purchased_type":["Card","Card","Relic","Card","Potion","Card"],"build_version":"2020-12-22","purchased_purges":1,"victory":false,"max_hp_per_floor":[66,66,66,66,66,66,66,66,66,66,66,66,66,66,66,66,66,66,66,66,66,66,66,66],"relic_stats":{"counters":[9,33],"obtain_stats":[{"Ice Cream":9,"NeowsBlessing":0,"Fusion Hammer":17,"Red Mask":20,"Membership Card":21,"Frozen Egg 2":14,"Ring of the Snake":0},{"Ice Cream":3,"NeowsBlessing":0,"Fusion Hammer":6,"Red Mask":8,"Membership Card":8,"Frozen Egg 2":5,"Ring of the Snake":0},{"Ice Cream":3,"NeowsBlessing":0,"Fusion Hammer":20,"Red Mask":31,"Membership Card":31,"Frozen Egg 2":13,"Ring of the Snake":0}],"Ring of the Snake":[18]},"card_choices":[{"not_picked":["Blade Dance","Underhanded Strike"],"picked":"Reflex","floor":1.0},{"not_picked":["PiercingWail","Flechettes"],"picked":"Dagger Spray","floor":2.0},{"not_picked":["Poisoned Stab","Dodge and Roll"],"picked":"Slice","floor":5.0},{"not_picked":["Setup","Backflip"],"picked":"Crippling Poison","floor":10},{"not_picked":["Flying Knee","Infinite Blades+1"],"picked":"PiercingWail","floor":14},{"not_picked":["Adrenaline","Die Die Die"],"picked":"A Thousand Cuts+1","floor":16},{"not_picked":["Dodge and Roll+1","Masterful Stab"],"picked":"Setup+1","floor":18}],"player_experience":5724347,"relics_obtained":[{"floor":9.0,"key":"Ice Cream"},{"floor":14,"key":"Frozen Egg 2"},{"floor":20,"key":"Red Mask"}],"event_choices":[{"damage_healed":0.0,"max_hp_gain":0.0,"max_hp_loss":0.0,"gold_gain":100.0,"event_name":"Wheel of Change","player_choice":"Gold","floor":4.0,"gold_loss":0.0,"damage_taken":0.0},{"damage_healed":0.0,"max_hp_gain":0.0,"max_hp_loss":0.0,"gold_gain":75.0,"event_name":"World of Goop","player_choice":"Gather Gold","floor":8.0,"gold_loss":0.0,"damage_taken":11.0},{"damage_healed":0,"gold_gain":0,"player_choice":"Ignored","damage_taken":0,"max_hp_gain":0,"max_hp_loss":0,"event_name":"Liars Game","floor":12,"gold_loss":0},{"damage_healed":0,"gold_gain":0,"player_choice":"Ignored","damage_taken":0,"max_hp_gain":0,"max_hp_loss":0,"event_name":"Ghosts","floor":19,"gold_loss":0},{"damage_healed":0,"gold_gain":0,"player_choice":"Fought Bandits","damage_taken":0,"max_hp_gain":0,"max_hp_loss":0,"event_name":"Masked Bandits","floor":20,"gold_loss":0}],"is_beta":false,"boss_relics":[{"not_picked":["Velvet Choker","Ring of the Serpent"],"picked":"Fusion Hammer"}],"items_purged_floors":[22],"is_endless":false,"potions_floor_spawned":[2,14,16],"killed_by":"Slavers","ascension_level":20}}