{"host":"os9owiyb0rak6c8n","time":1609356314,"event":{"mods":["AchievementEnabler","BaseMod","Beaked The Cultist","Better Third Choice","Block Reminder","Colored Map","Colored Powertips","Dio Mod","Minty Spire (QoL Compilation)","Robot Space Explorer","Spicy Shops","StSLib","The Death Knight"],"gold_per_floor":[114,289,262,280,298,330,348,348,348],"floor_reached":8,"playtime":383,"items_purged":[],"score":90,"play_id":"4b9988d7-db58-4d5f-8fe7-1e2b38ad8ed0","local_time":"20201230202514","is_ascension_mode":true,"campfire_choices":[],"circlet_count":0,"master_deck":["AscendersBane","Strike_B","Strike_B","Strike_B","Strike_B","Defend_B","Defend_B","Defend_B","Defend_B","Zap","Dualcast","Doom and Gloom","Hologram","Doubt","Coolheaded","Glacier","Beam Cell","Buffer"],"relics":["Cracked Core","Emotion Chip"],"acts_visited":["Exordium"],"potions_floor_usage":[],"damage_taken":[{"damage":0,"enemies":"2 Louse","floor":1,"turns":1},{"damage":0,"enemies":"Small Slimes","floor":4,"turns":3},{"damage":2,"enemies":"Jaw Worm","floor":5,"turns":3},{"damage":36,"enemies":"Lagavulin","floor":6,"turns":7},{"damage":10,"enemies":"Red Slaver","floor":7,"turns":3},{"damage":18,"enemies":"3 Sentries","floor":8,"turns":4}],"seed_played":"-5278211895790071839","potions_obtained":[{"floor":5,"key":"Energy Potion"}],"is_trial":false,"path_per_floor":["M","?","?","M","M","E","M","E"],"character_chosen":"DEFECT","items_purchased":[],"campfire_rested":0,"item_purchase_floors":[],"current_hp_per_floor":[68,68,68,68,66,30,20,2,2],"gold":348,"neow_bonus":"THREE_CARDS","is_daily":false,"chose_seed":false,"campfire_upgraded":0,"win_rate":0.0,"timestamp":1609356314,"path_taken":["M","?","?","M","M","E","M","E"],"items_purchased_type":[],"build_version":"2020-12-22","purchased_purges":0,"victory":false,"max_hp_per_floor":[75,75,75,75,75,75,75,75,75],"card_choices":[{"not_picked":["Glacier","Melter"],"picked":"Doom and Gloom","floor":0},{"not_picked":["Force Field","Compile Driver"],"picked":"Hologram","floor":1},{"not_picked":["Sweeping Beam","Aggregate"],"picked":"Coolheaded","floor":4},{"not_picked":["Undo","Steam"],"picked":"Glacier","floor":5},{"not_picked":["Double Energy","Chill"],"picked":"Beam Cell","floor":6},{"not_picked":["Gash","Self Repair"],"picked":"Buffer","floor":7}],"player_experience":513420,"relics_obtained":[{"floor":6,"key":"Emotion Chip"}],"event_choices":[{"damage_healed":0,"gold_gain":175,"player_choice":"AGREE","damage_taken":114,"max_hp_gain":0,"max_hp_loss":0,"event_name":"betterThird:BetterSerpent","floor":2,"gold_loss":0},{"damage_healed":0,"gold_gain":0,"player_choice":"Left","damage_taken":0,"max_hp_gain":0,"max_hp_loss":0,"event_name":"betterThird:BetterGoop","floor":3,"gold_loss":27}],"is_beta":false,"boss_relics":[],"items_purged_floors":[],"is_endless":false,"potions_floor_spawned":[5],"killed_by":"3 Sentries","ascension_level":11}}