{"host":"Nexxot","time":1609360743,"event":{"mods":["AchievementEnabler","BaseMod","Colored Map","Downfall","Highlight Path","Jorbs\u0027s Wanderer Trilogy","Minty Spire (QoL Compilation)","Relic Stats","StSLib"],"gold_per_floor":[99,110,128,140,204,204,204,223,223,234,249,349,349,361,376,477,477,477,490,490,508,519,519,519,559,559,585,627,643,568,568,596,693,693,693,715,715,729,749,749,749,749,785,847,218,218,228,2,30,30],"floor_reached":51,"playtime":2893,"items_purged":["hexamod:Strike+1"],"score":740,"play_id":"0e9e66dc-d7f6-4f36-a9fe-ce102b8e347f","local_time":"20201230213903","is_ascension_mode":false,"campfire_choices":[{"data":"Panache","floor":1,"key":"SMITH"},{"data":"hexamod:GhostOfSpirePresent","floor":9,"key":"SMITH"},{"data":"hexamod:HeatCrush","floor":18,"key":"SMITH"},{"data":"hexamod:SearingWound","floor":23,"key":"SMITH"},{"floor":30,"key":"REST"},{"data":"hexamod:GiftsFromTheDead","floor":35,"key":"SMITH"},{"data":"hexamod:NightmareStrike","floor":40,"key":"SMITH"},{"floor":42,"key":"REST"}],"circlet_count":0,"master_deck":["hexamod:Strike+1","hexamod:Strike+1","hexamod:Defend+1","hexamod:Defend+1","hexamod:Defend+1","hexamod:Defend+1","hexamod:Sear+1","hexamod:Float","Panache+1","hexamod:GhostOfSpirePresent+1","hexamod:Hexaguard","hexamod:RainOfEmbers","hexamod:FlamesFromBeyond","hexamod:GhostShield","hexamod:UnleashSpirits","hexamod:SwordOfDarkness","hexamod:HeatCrush+1","hexamod:RadiantFlame","hexamod:TimeOfNeed","hexamod:ThirdSeal","hexamod:SpectersWail+1","hexamod:SearingWound+1","hexamod:SecondSeal","hexamod:NightmareStrike+1","hexamod:Incineration","hexamod:GhostflameBarrier+1","hexamod:WildfireWeapon","hexamod:HeatShield+1","hexamod:PowerFromBeyond+1","hexamod:VolcanoVisage","hexamod:GiftsFromTheDead+1","hexamod:NightmareGuise+1","hexamod:SoulSteal+1","hexamod:PowerFromBeyond+1","hexamod:GhostflameBarrier+1","hexamod:HeatCrush","hexamod:HauntingEcho+1","hexamod:InspiringFlames+1","hexamod:HexaLevel","expansioncontent:Collect","expansioncontent:DarkVoid","hexamod:FirstSeal","hexamod:RainOfEmbers+1","expansioncontent:DefensiveStance","hexamod:HeatCrush","hexamod:VolcanoVisage"],"relics":["hexamod:SpiritBrand","Orichalcum","Gremlin Horn","Snecko Eye","Toxic Egg 2","Juzu Bracelet","hexamod:InflammatoryLetter","downfall:HeartBlessingGreen","Cursed Key","Meat on the Bone","hexamod:SoulConsumer","Thread and Needle","Chemical X"],"acts_visited":["Exordium","TheCity","TheBeyond"],"potions_floor_usage":[5,14,21,22,28,31,33,33,43,45,50],"damage_taken":[{"damage":0,"enemies":"Cultist","floor":2,"turns":3},{"damage":4,"enemies":"2 Louse","floor":3,"turns":4},{"damage":5,"enemies":"Small Slimes","floor":4,"turns":3},{"damage":11,"enemies":"Gremlin Nob","floor":5,"turns":5},{"damage":8,"enemies":"Red Slaver","floor":8,"turns":4},{"damage":5,"enemies":"3 Louse","floor":10,"turns":3},{"damage":3,"enemies":"2 Fungi Beasts","floor":11,"turns":4},{"damage":0,"enemies":"Lots of Slimes","floor":14,"turns":1},{"damage":2,"enemies":"Exordium Thugs","floor":15,"turns":4},{"damage":31,"enemies":"downfall:Watcher","floor":16,"turns":10},{"damage":0,"enemies":"Spheric Guardian","floor":19,"turns":3},{"damage":0,"enemies":"3 Byrds","floor":21,"turns":2},{"damage":9,"enemies":"Snake Plant","floor":22,"turns":3},{"damage":10,"enemies":"Book of Stabbing","floor":25,"turns":4},{"damage":7,"enemies":"Centurion and Healer","floor":27,"turns":5},{"damage":1,"enemies":"Gremlin Leader","floor":28,"turns":4},{"damage":17,"enemies":"Shelled Parasite and Fungi","floor":29,"turns":4},{"damage":0,"enemies":"Snake Plant","floor":31,"turns":1},{"damage":8,"enemies":"Centurion and Healer","floor":32,"turns":5},{"damage":19,"enemies":"downfall:Defect","floor":33,"turns":6},{"damage":0,"enemies":"Orb Walker","floor":36,"turns":3},{"damage":2,"enemies":"3 Darklings","floor":38,"turns":4},{"damage":18,"enemies":"Writhing Mass","floor":39,"turns":4},{"damage":0,"enemies":"Giant Head","floor":43,"turns":7},{"damage":22,"enemies":"2 Orb Walkers","floor":44,"turns":4},{"damage":0,"enemies":"downfall:FleeingMerchant","floor":45,"turns":4},{"damage":0,"enemies":"Sphere and 2 Shapes","floor":47,"turns":3},{"damage":0,"enemies":"downfall:FleeingMerchant","floor":48,"turns":4},{"damage":4,"enemies":"Jaw Worm Horde","floor":49,"turns":4},{"damage":31,"enemies":"downfall:Silent","floor":50,"turns":9}],"seed_played":"1960859929013008676","potions_obtained":[{"floor":3,"key":"AttackPotion"},{"floor":4,"key":"SpeedPotion"},{"floor":8,"key":"Explosive Potion"},{"floor":10,"key":"Fruit Juice"},{"floor":11,"key":"LiquidBronze"},{"floor":16,"key":"Ancient Potion"},{"floor":21,"key":"Weak Potion"},{"floor":22,"key":"SpeedPotion"},{"floor":28,"key":"SmokeBomb"},{"floor":33,"key":"BlessingOfTheForge"},{"floor":39,"key":"SkillPotion"},{"floor":44,"key":"FearPotion"},{"floor":49,"key":"FairyPotion"}],"is_trial":false,"path_per_floor":["R","M","M","M","?","?","T","M","R","M","M","?","?","M","M","B",null,"R","M","?","M","M","R","T","E","?","M","E","M","R","M","M","B",null,"R","M","?","M","M","R","T","R","E","?","$","?","M","$","M","B",null],"character_chosen":"THE_SPIRIT","items_purchased":["Thread and Needle","Chemical X","expansioncontent:Collect","expansioncontent:DefensiveStance","Weak Potion","hexamod:HeatCrush"],"campfire_rested":2,"item_purchase_floors":[45,45,45,48,48,48],"current_hp_per_floor":[49,49,45,40,29,70,70,62,62,57,54,54,54,54,52,21,70,70,70,70,70,61,61,61,51,51,44,43,26,47,47,39,20,70,70,70,62,60,42,42,42,63,63,41,41,41,41,41,37,18],"gold":30,"neow_bonus":"RANDOM_COLORLESS_2","is_daily":false,"chose_seed":false,"campfire_upgraded":6,"win_rate":0.0,"timestamp":1609360743,"path_taken":["R","M","M","?","?","?","T","?","R","M","M","?","?","?","M","BOSS","R","M","?","M","M","R","T","E","?","M","E","M","R","M","M","BOSS","R","M","?","M","M","R","T","R","E","?","$","?","M","$","M","BOSS"],"items_purchased_type":["Relic","Relic","Card","Card","Potion","Card"],"build_version":"2020-12-18","purchased_purges":1,"victory":true,"max_hp_per_floor":[70,70,70,70,70,70,70,70,70,70,70,70,70,70,70,70,70,70,70,70,70,70,70,70,70,70,70,70,70,70,70,70,70,70,70,70,70,70,70,70,70,70,70,70,70,70,70,70,70,70],"relic_stats":{"Gremlin Horn":[15,15],"counters":[30,124],"Snecko Eye":[137,145,153,136],"Juzu Bracelet":1,"Chemical X":[4],"Orichalcum":[84],"Cursed Key":0,"obtain_stats":[{"Gremlin Horn":7,"downfall:HeartBlessingGreen":30,"Thread and Needle":45,"hexamod:InflammatoryLetter":28,"Juzu Bracelet":25,"Orichalcum":5,"Cursed Key":34,"Snecko Eye":17,"hexamod:SoulConsumer":44,"Chemical X":45,"Toxic Egg 2":24,"hexamod:SpiritBrand":0,"Meat on the Bone":43},{"Gremlin Horn":4,"downfall:HeartBlessingGreen":17,"Thread and Needle":26,"hexamod:InflammatoryLetter":16,"Juzu Bracelet":14,"Orichalcum":3,"Cursed Key":20,"Snecko Eye":10,"hexamod:SoulConsumer":25,"Chemical X":26,"Toxic Egg 2":13,"hexamod:SpiritBrand":0,"Meat on the Bone":24},{"Gremlin Horn":15,"downfall:HeartBlessingGreen":66,"Thread and Needle":104,"hexamod:InflammatoryLetter":62,"Juzu Bracelet":53,"Orichalcum":10,"Cursed Key":78,"Snecko Eye":41,"hexamod:SoulConsumer":100,"Chemical X":104,"Toxic Egg 2":49,"hexamod:SpiritBrand":0,"Meat on the Bone":96}],"Meat on the Bone":12},"card_choices":[{"not_picked":["Secret Weapon","The Bomb"],"picked":"Panache","floor":0},{"not_picked":["hexamod:SpectersWail","hexamod:GhostLash"],"picked":"hexamod:GhostOfSpirePresent","floor":2},{"not_picked":["hexamod:RadiantFlame","hexamod:ThermalTransfer"],"picked":"hexamod:Hexaguard","floor":3},{"not_picked":["hexamod:ShieldOfDarkness","hexamod:SwordOfDarkness"],"picked":"hexamod:RainOfEmbers","floor":4},{"not_picked":["hexamod:AdvancingGuard","hexamod:ThermalTransfer"],"picked":"hexamod:FlamesFromBeyond","floor":5},{"not_picked":["hexamod:ThermalTransfer","hexamod:BacktrackSmack"],"picked":"hexamod:GhostShield","floor":8},{"not_picked":["hexamod:InspiringFlames","hexamod:RainOfEmbers"],"picked":"hexamod:UnleashSpirits","floor":10},{"not_picked":["hexamod:PhantomFireball","hexamod:FastForward"],"picked":"hexamod:SwordOfDarkness","floor":11},{"not_picked":["hexamod:Haunt","hexamod:FastForward"],"picked":"hexamod:HeatCrush","floor":14},{"not_picked":["hexamod:NightmareStrike","hexamod:HauntingEcho"],"picked":"hexamod:RadiantFlame","floor":15},{"not_picked":["hexamod:ParanormalForm","hexamod:GiftsFromTheDead"],"picked":"hexamod:TimeOfNeed","floor":16},{"not_picked":["hexamod:FastForward+1","hexamod:GhostLash"],"picked":"hexamod:ThirdSeal","floor":19},{"not_picked":["hexamod:HauntingEcho+1","hexamod:Again+1"],"picked":"hexamod:SpectersWail+1","floor":21},{"not_picked":["hexamod:SpectralAdrenaline","hexamod:AdvancingGuard+1","hexamod:GhostOfSpireFuture"],"picked":"SKIP","floor":21},{"not_picked":["hexamod:GhostLash+1","hexamod:FastForward"],"picked":"hexamod:SearingWound","floor":22},{"not_picked":["hexamod:BurningTouch","hexamod:GhostOfSpirePresent"],"picked":"hexamod:SecondSeal","floor":22},{"not_picked":["hexamod:BacktrackSmack+1","hexamod:AdvancingGuard+1"],"picked":"hexamod:NightmareStrike","floor":25},{"not_picked":["hexamod:Firestarter+1","hexamod:ThermalTransfer","hexamod:RainOfEmbers"],"picked":"SKIP","floor":25},{"not_picked":["hexamod:SwordOfDarkness","hexamod:NightmareStrike"],"picked":"hexamod:Incineration","floor":27},{"not_picked":["hexamod:ShieldOfDarkness+1","hexamod:Hexaguard+1"],"picked":"hexamod:GhostflameBarrier+1","floor":27},{"not_picked":["hexamod:Firestarter","hexamod:Again+1"],"picked":"hexamod:WildfireWeapon","floor":28},{"not_picked":["hexamod:FourthSeal","hexamod:SecondSeal"],"picked":"hexamod:HeatShield+1","floor":29},{"not_picked":["hexamod:BurningTouch+1","hexamod:GhostLash","hexamod:FlamesFromBeyond+1"],"picked":"SKIP","floor":29},{"not_picked":["hexamod:GhostShield+1","hexamod:RadiantFlame"],"picked":"hexamod:PowerFromBeyond+1","floor":32},{"not_picked":["hexamod:TurnItUp+1","hexamod:WildfireWeapon"],"picked":"hexamod:VolcanoVisage","floor":33},{"not_picked":["hexamod:UnleashSpirits","hexamod:TurnItUp+1"],"picked":"hexamod:GiftsFromTheDead","floor":33},{"not_picked":["hexamod:ChargedBarrage+1","hexamod:GhostShield+1"],"picked":"hexamod:NightmareGuise+1","floor":36},{"not_picked":["hexamod:Firestarter+1","hexamod:InspiringFlames+1"],"picked":"hexamod:SoulSteal+1","floor":38},{"not_picked":["hexamod:SpectralAdrenaline+1","hexamod:Hexaguard+1"],"picked":"hexamod:PowerFromBeyond+1","floor":38},{"not_picked":["hexamod:SwordOfDarkness+1","hexamod:NightmareGuise+1"],"picked":"hexamod:GhostflameBarrier+1","floor":39},{"not_picked":["hexamod:NightmareGuise+1","hexamod:WildfireWeapon"],"picked":"hexamod:HeatCrush","floor":43},{"not_picked":["hexamod:NightmareStrike+1","hexamod:SecondSeal","hexamod:SpectersWail"],"picked":"SKIP","floor":43},{"not_picked":["hexamod:InspiringFlames+1","hexamod:EtherealExpedition+1"],"picked":"hexamod:HauntingEcho+1","floor":44},{"not_picked":["hexamod:RainOfEmbers+1","hexamod:SwordOfDarkness"],"picked":"hexamod:InspiringFlames+1","floor":44},{"not_picked":["hexamod:PhantomCloak","hexamod:NightmareGuise+1"],"picked":"hexamod:HexaLevel","floor":45},{"not_picked":["hexamod:Hexaguard+1","hexamod:ChargedBarrage+1","hexamod:InspiringFlames+1"],"picked":"SKIP","floor":45},{"not_picked":["expansioncontent:PolyBeam","expansioncontent:Torchfire"],"picked":"expansioncontent:DarkVoid","floor":46},{"not_picked":["hexamod:InspiringFlames+1","hexamod:SpectersWail+1"],"picked":"hexamod:FirstSeal","floor":47},{"not_picked":["hexamod:Hexaguard+1","hexamod:NightmareGuise+1"],"picked":"hexamod:RainOfEmbers+1","floor":48},{"not_picked":["hexamod:NightmareStrike","hexamod:GhostLash","hexamod:GhostShield+1"],"picked":"SKIP","floor":48},{"not_picked":["hexamod:PhantomFireball","hexamod:SwordOfDarkness+1"],"picked":"hexamod:VolcanoVisage","floor":49}],"player_experience":375150,"relics_obtained":[{"floor":7,"key":"Gremlin Horn"},{"floor":24,"key":"Toxic Egg 2"},{"floor":25,"key":"Juzu Bracelet"},{"floor":28,"key":"hexamod:InflammatoryLetter"},{"floor":43,"key":"Meat on the Bone"},{"floor":44,"key":"hexamod:SoulConsumer"}],"event_choices":[{"damage_healed":41,"gold_gain":0,"player_choice":"Full Heal","damage_taken":0,"max_hp_gain":0,"max_hp_loss":0,"event_name":"Wheel of Change","floor":6,"gold_loss":0},{"damage_healed":0,"gold_gain":0,"player_choice":"Simplicity","damage_taken":0,"max_hp_gain":0,"max_hp_loss":0,"event_name":"Back to Basics","floor":26,"gold_loss":0,"cards_upgraded":["hexamod:Strike","hexamod:Strike","hexamod:Strike","hexamod:Strike","hexamod:Defend","hexamod:Defend","hexamod:Defend","hexamod:Defend"]},{"damage_healed":0,"gold_gain":0,"player_choice":"Fight","damage_taken":0,"max_hp_gain":0,"max_hp_loss":0,"event_name":"Mysterious Sphere","floor":44,"gold_loss":0}],"is_beta":true,"boss_relics":[{"not_picked":["SlaversCollar","Calling Bell"],"picked":"Snecko Eye"},{"not_picked":["Pandora\u0027s Box","Coffee Dripper"],"picked":"Cursed Key"}],"items_purged_floors":[45],"is_endless":false,"potions_floor_spawned":[3,4,8,10,11,16,21,22,28,33,39,44,49],"ascension_level":0}}