{"host":"Nexxot","time":1609350593,"event":{"mods":["AchievementEnabler","BaseMod","Colored Map","Downfall","Highlight Path","Jorbs\u0027s Wanderer Trilogy","Minty Spire (QoL Compilation)","Relic Stats","StSLib"],"gold_per_floor":[99,117,29,29,48,63,90,90,106,106,106,206,271,300,317,422,422,422,440,540,540,552,571,571,679,604,604,619,661,511,314,338,450,450,450,472,491,491,201,201,252,252,280,280,280,280],"floor_reached":44,"playtime":3496,"items_purged":["hexamod:Haunt"],"score":476,"play_id":"d55e7056-a250-4b33-8eae-e8018dff205d","local_time":"20201230184953","is_ascension_mode":false,"campfire_choices":[{"data":"hexamod:Float","floor":1,"key":"SMITH"},{"data":"hexamod:EmpoweredFlame","floor":8,"key":"SMITH"},{"data":"hexamod:GhostflameBarrier","floor":11,"key":"SMITH"},{"data":"hexamod:EtherealExpedition","floor":18,"key":"SMITH"},{"floor":26,"key":"RECALL"},{"floor":30,"key":"REST"},{"data":"hexamod:HexaLevel","floor":35,"key":"SMITH"},{"data":"expansioncontent:Corrupt","floor":42,"key":"SMITH"}],"circlet_count":0,"master_deck":["hexamod:Sear","hexamod:Float+1","hexamod:FastForward+1","hexamod:ParanormalForm","hexamod:EmpoweredFlame+1","hexamod:SwordOfDarkness","hexamod:NightmareGuise+1","hexamod:GhostflameBarrier+1","hexamod:Again","hexamod:EtherealExpedition+1","hexamod:FourthSeal","hexamod:BacktrackSmack","hexamod:DynamicBlow","hexamod:TimeWarp","hexamod:RetreatToShadows+1","hexamod:InspiringFlames+1","hexamod:Rewind","hexamod:SecondSeal","hexamod:TimeOfNeed","hexamod:ThirdSeal","Ghostly","Ghostly","Ghostly","hexamod:CouncilsJustice","hexamod:CouncilsJustice","hexamod:CouncilsJustice","hexamod:SpectralAdrenaline+1","hexamod:RadiantFlame","hexamod:ExtraCrispy","hexamod:Hexaguard","hexamod:EmpoweredFlame","hexamod:HeatMetal","hexamod:FirstSeal","hexamod:HexaLevel+1","hexamod:FifthSeal","hexamod:GhostOfSpirePast","hexamod:SwordOfDarkness+1","hexamod:FirstSeal","expansioncontent:BronzeBeam","hexamod:Firestarter+1","expansioncontent:Corrupt+1","hexamod:StepThrough","hexamod:SixthSeal","hexamod:SixthSeal","hexamod:Rewind"],"relics":["hexamod:SpiritBrand","War Paint","downfall:BrokenWingStatue","hexamod:SoulConsumer","Centennial Puzzle","Nloth\u0027s Gift","MutagenicStrength","downfall:HeartBlessingBlue","Sundial","downfall:HeartBlessingGreen","downfall:HeartBlessingRed","Busted Crown","Membership Card","hexamod:MatchstickCase"],"acts_visited":["Exordium","TheCity","TheBeyond"],"potions_floor_usage":[12,12,12,12,14,15,16,19,19,23,23,23,23,25,25,28,29,29,36,37,43,44],"damage_taken":[{"damage":0,"enemies":"Cultist","floor":2,"turns":3},{"damage":0,"enemies":"downfall:FleeingMerchant","floor":3,"turns":4},{"damage":0,"enemies":"Jaw Worm","floor":5,"turns":3},{"damage":1,"enemies":"Small Slimes","floor":6,"turns":3},{"damage":0,"enemies":"3 Louse","floor":9,"turns":4},{"damage":0,"enemies":"downfall:Heads","floor":12,"turns":5},{"damage":8,"enemies":"Lagavulin Event","floor":13,"turns":6},{"damage":0,"enemies":"Lagavulin","floor":14,"turns":8},{"damage":8,"enemies":"Exordium Thugs","floor":15,"turns":4},{"damage":43,"enemies":"downfall:Defect","floor":16,"turns":11},{"damage":3,"enemies":"Shell Parasite","floor":19,"turns":3},{"damage":4,"enemies":"Sentry and Sphere","floor":22,"turns":6},{"damage":11,"enemies":"Centurion and Healer","floor":23,"turns":4},{"damage":3,"enemies":"downfall:Augmenter","floor":25,"turns":6},{"damage":1,"enemies":"Shelled Parasite and Fungi","floor":28,"turns":6},{"damage":16,"enemies":"Slavers","floor":29,"turns":3},{"damage":0,"enemies":"downfall:FleeingMerchant","floor":31,"turns":4},{"damage":15,"enemies":"Snake Plant","floor":32,"turns":5},{"damage":20,"enemies":"downfall:Ironclad","floor":33,"turns":10},{"damage":1,"enemies":"3 Darklings","floor":36,"turns":8},{"damage":4,"enemies":"Orb Walker","floor":37,"turns":4},{"damage":0,"enemies":"downfall:FleeingMerchant","floor":39,"turns":4},{"damage":19,"enemies":"Transient","floor":43,"turns":5},{"damage":27,"enemies":"Nemesis","floor":44,"turns":5}],"seed_played":"-1130689660655775578","potions_obtained":[{"floor":0,"key":"SkillPotion"},{"floor":0,"key":"ColorlessPotion"},{"floor":0,"key":"EssenceOfSteel"},{"floor":6,"key":"EntropicBrew"},{"floor":13,"key":"GamblersBrew"},{"floor":14,"key":"hexamod:DoubleChargePotion"},{"floor":15,"key":"FearPotion"},{"floor":15,"key":"Dexterity Potion"},{"floor":16,"key":"sneckomod:MuddlingPotion"},{"floor":19,"key":"EntropicBrew"},{"floor":19,"key":"Ancient Potion"},{"floor":23,"key":"Swift Potion"},{"floor":23,"key":"SkillPotion"},{"floor":23,"key":"Block Potion"},{"floor":25,"key":"Fire Potion"},{"floor":28,"key":"SneckoOil"},{"floor":29,"key":"SteroidPotion"},{"floor":31,"key":"FairyPotion"},{"floor":32,"key":"Explosive Potion"},{"floor":33,"key":"BlessingOfTheForge"},{"floor":33,"key":"Energy Potion"},{"floor":36,"key":"Slimebound:ThreeZeroPotion"},{"floor":37,"key":"SmokeBomb"},{"floor":43,"key":"PowerPotion"}],"is_trial":false,"path_per_floor":["R","M","$","?","M","M","T","R","M","?","R","?","?","E","M","B",null,"R","M","?","?","M","M","T","?","R","?","M","E","R","$","M","B",null,"R","M","M","?","$","?","T","R","M","E"],"character_chosen":"THE_SPIRIT","items_purchased":["hexamod:EmpoweredFlame","hexamod:EmpoweredFlame","hexamod:HeatMetal","Membership Card","expansioncontent:Corrupt","hexamod:StepThrough"],"campfire_rested":1,"item_purchase_floors":[3,31,31,39,39,39],"current_hp_per_floor":[70,70,70,70,70,69,69,69,69,69,69,69,61,61,53,10,70,70,67,67,67,63,52,52,49,59,40,39,23,35,35,20,19,40,40,40,40,40,40,40,40,40,21,0,0,0],"gold":280,"neow_bonus":"THREE_SMALL_POTIONS","is_daily":false,"chose_seed":false,"campfire_upgraded":6,"win_rate":0.0,"timestamp":1609350593,"path_taken":["R","M","?","?","M","?","T","R","M","?","R","?","?","E","M","BOSS","R","M","?","?","?","M","T","?","R","?","M","E","R","?","M","BOSS","R","M","M","?","$","?","T","R","M","E"],"items_purchased_type":["Card","Card","Card","Relic","Card","Card"],"build_version":"2020-12-18","purchased_purges":1,"victory":false,"max_hp_per_floor":[70,70,70,70,70,70,70,70,70,70,70,70,70,70,70,70,70,70,70,70,70,70,70,70,70,80,40,40,40,40,40,40,40,40,40,40,40,40,40,40,40,40,40,40,40,40],"relic_stats":{"Centennial Puzzle":[42],"Busted Crown":30,"counters":[24,124],"Sundial":[2],"Nloth\u0027s Gift":1,"War Paint":["hexamod:Defend","hexamod:Defend"],"obtain_stats":[{"downfall:HeartBlessingRed":30,"Astrolabe":17,"downfall:HeartBlessingGreen":30,"War Paint":7,"hexamod:MatchstickCase":41,"Centennial Puzzle":14,"downfall:BrokenWingStatue":10,"Busted Crown":34,"downfall:HeartBlessingBlue":26,"Sundial":29,"MutagenicStrength":25,"Nloth\u0027s Gift":21,"hexamod:SoulConsumer":13,"Membership Card":39,"hexamod:SpiritBrand":0},{"downfall:HeartBlessingRed":16,"Astrolabe":10,"downfall:HeartBlessingGreen":16,"War Paint":4,"hexamod:MatchstickCase":22,"Centennial Puzzle":8,"downfall:BrokenWingStatue":5,"Busted Crown":19,"downfall:HeartBlessingBlue":14,"Sundial":16,"MutagenicStrength":14,"Nloth\u0027s Gift":11,"hexamod:SoulConsumer":7,"Membership Card":22,"hexamod:SpiritBrand":0},{"downfall:HeartBlessingRed":79,"Astrolabe":51,"downfall:HeartBlessingGreen":79,"War Paint":13,"hexamod:MatchstickCase":114,"Centennial Puzzle":36,"downfall:BrokenWingStatue":17,"Busted Crown":98,"downfall:HeartBlessingBlue":70,"Sundial":79,"MutagenicStrength":70,"Nloth\u0027s Gift":54,"hexamod:SoulConsumer":28,"Membership Card":114,"hexamod:SpiritBrand":0}]},"card_choices":[{"not_picked":["hexamod:BurningTouch","hexamod:RetreatToShadows"],"picked":"hexamod:FastForward","floor":2},{"not_picked":["hexamod:HeatCrush","hexamod:GhostLash"],"picked":"hexamod:ParanormalForm","floor":3},{"not_picked":["hexamod:GhostShield","hexamod:ShieldOfDarkness"],"picked":"hexamod:SwordOfDarkness","floor":5},{"not_picked":["hexamod:Firestarter","hexamod:NightmareStrike"],"picked":"hexamod:NightmareGuise","floor":6},{"not_picked":["hexamod:GhostOfSpireFuture","hexamod:Hexaguard"],"picked":"hexamod:GhostflameBarrier","floor":9},{"not_picked":["hexamod:GhostOfSpirePresent","hexamod:ThirdSeal"],"picked":"hexamod:Again","floor":12},{"not_picked":["hexamod:Firestarter","hexamod:NightmareGuise"],"picked":"hexamod:FourthSeal","floor":13},{"not_picked":["hexamod:AdvancingGuard","hexamod:ThermalTransfer"],"picked":"hexamod:BacktrackSmack","floor":14},{"not_picked":["hexamod:NecessarySacrifice","hexamod:GhostLash"],"picked":"hexamod:DynamicBlow","floor":15},{"not_picked":["hexamod:TimeOfNeed","hexamod:TurnItUp"],"picked":"hexamod:TimeWarp","floor":16},{"not_picked":["hexamod:ShieldOfDarkness+1","hexamod:AdvancingGuard"],"picked":"hexamod:Rewind","floor":19},{"not_picked":["hexamod:CatchUp","hexamod:BurningTouch"],"picked":"hexamod:SecondSeal","floor":22},{"not_picked":["hexamod:BacktrackSmack","hexamod:GhostLash","hexamod:RetreatToShadows"],"picked":"SKIP","floor":23},{"not_picked":["hexamod:EtherealExpedition","hexamod:Firestarter"],"picked":"hexamod:TimeOfNeed","floor":25},{"not_picked":["hexamod:ExtraCrispy","hexamod:Firestarter+1"],"picked":"hexamod:Haunt","floor":28},{"not_picked":["hexamod:NightmareStrike","hexamod:Again"],"picked":"hexamod:SpectralAdrenaline+1","floor":28},{"not_picked":["hexamod:AdvancingGuard+1","hexamod:NightmareStrike"],"picked":"hexamod:RadiantFlame","floor":29},{"not_picked":["hexamod:AdvancingGuard","hexamod:ThermalTransfer","hexamod:GhostShield"],"picked":"SKIP","floor":29},{"not_picked":["hexamod:ThermalTransfer","hexamod:BacktrackSmack"],"picked":"hexamod:ExtraCrispy","floor":31},{"not_picked":["hexamod:AdvancingGuard","hexamod:InspiringFlames"],"picked":"hexamod:Hexaguard","floor":31},{"not_picked":["hexamod:DynamicBlow","hexamod:NecessarySacrifice"],"picked":"hexamod:FirstSeal","floor":32},{"not_picked":["hexamod:EmpoweringStance","hexamod:SearingWound"],"picked":"hexamod:HexaLevel","floor":33},{"not_picked":["hexamod:HexaLevel","hexamod:GhostflameInferno"],"picked":"hexamod:FifthSeal","floor":33},{"not_picked":[],"picked":"hexamod:GhostOfSpirePast","floor":36},{"not_picked":["hexamod:ThirdSeal"],"picked":"SKIP","floor":36},{"not_picked":["hexamod:FastForward"],"picked":"SKIP","floor":36},{"not_picked":[],"picked":"hexamod:SwordOfDarkness+1","floor":37},{"not_picked":[],"picked":"hexamod:FirstSeal","floor":37},{"not_picked":["hexamod:HeatMetal"],"picked":"SKIP","floor":37},{"not_picked":[],"picked":"expansioncontent:BronzeBeam","floor":38},{"not_picked":[],"picked":"hexamod:Firestarter+1","floor":39},{"not_picked":["hexamod:ShieldOfDarkness"],"picked":"SKIP","floor":39},{"not_picked":[],"picked":"hexamod:SixthSeal","floor":43},{"not_picked":[],"picked":"hexamod:Rewind","floor":43}],"player_experience":364956,"relics_obtained":[{"floor":7,"key":"War Paint"},{"floor":13,"key":"hexamod:SoulConsumer"},{"floor":14,"key":"Centennial Puzzle"},{"floor":25,"key":"MutagenicStrength"},{"floor":29,"key":"Sundial"},{"floor":41,"key":"hexamod:MatchstickCase"}],"event_choices":[{"cards_removed":["hexamod:Strike"],"damage_healed":0,"gold_gain":0,"player_choice":"Offered Basic","damage_taken":0,"max_hp_gain":0,"max_hp_loss":0,"event_name":"Bonfire Elementals","floor":4,"gold_loss":0}],"is_beta":true,"boss_relics":[{"not_picked":["Coffee Dripper","Pandora\u0027s Box"],"picked":"Astrolabe"},{"not_picked":["Calling Bell","Runic Dome"],"picked":"Busted Crown"}],"items_purged_floors":[31],"is_endless":false,"potions_floor_spawned":[6,13,15,16,19,23,28,33,43],"killed_by":"Nemesis","ascension_level":0}}