{"host":"627up2rvtmm0cf0r","time":1609330272,"event":{"mods":["ATMod(阿瑾Mod)","Act Like it!","BaseMod","Better Vampires","CapriCore","Card Filter","Card Forge","Colored Powertips","DeckTracker","Dota2Spire","Friendly Minions","Highlight Path","Infinite Spire","Jedi Mod","Marked Mod","Mimic Mod","Minty Spire (QoL Compilation)","MostiFishMod","Permanent Neow","Practice Mode","Quick Restart","Relic Stats","Shop Mod","Spicy Shops","StSLib","SuperFastMode","TestMod","【遗物卡牌】REMEMod","残留之物","篝火指南"],"gold_per_floor":[20,20,20,35,46,46,72,83,83,113,4,4,33,0,0,77,77,100,100,15,15,65,101,101,120,144,144,187,217,217,236,236,316,316,332,332,332,440,840,875,875,467,517,497,520,416,416,434,119,124,124,36,0,95,135],"floor_reached":56,"playtime":1406,"items_purged":["Strike_P","Eruption","Strike_P","Strike_P","Strike_P","Defend_P","Defend_P"],"score":2919,"play_id":"1bc004e9-02df-4474-afe9-73cae72eede8","local_time":"20201230201112","is_ascension_mode":true,"campfire_choices":[{"data":"AT_RealColorLess","floor":6,"key":"SMITH"},{"data":"testmod-PowerStrike","floor":12,"key":"SMITH"},{"data":"testmod-PowerStrike+1","floor":15,"key":"SMITH"},{"data":"testmod-PowerStrike+2","floor":24,"key":"SMITH"},{"data":"testmod-PowerStrike+3","floor":27,"key":"SMITH"},{"data":"testmod-PowerStrike+4","floor":32,"key":"SMITH"},{"floor":41,"key":"RECALL"}],"circlet_count":0,"master_deck":["AscendersBane","Defend_P","Defend_P","Vigilance","AT_RealColorLess+1","testmod-PowerStrike+5","AT_RealColorLess+1","AT_RealColorLess"],"relics":["PureWater","Hammer of Thor","Seething Fire","Anvil of the Gods","DaveBox","testmod-TestBox","REME_ComplimentaryCards","testmod-ConstraintPeriapt","testmod-Faith","Civilization","SynthV:TestCard","Ornamental Fan","Unceasing Top","Membership Card","testmod-RealStoneCalender","Question Card","PlaceholderMod:FlatBlood","testmod-DeterminationOfClimber","Potion Belt","Kunai","PreservedInsect","Pen Nib","Bottled Tornado","Fusion Hammer","Torii","AT_TimeSand","BrkXgEgg","Dota2Spire:MonkeyKingBar","testmod-Déjàvu","testmod-Antiphasic","Gremlin Horn","infinitespire:Magic Flask","Dota2Spire:PowerTreads","REME_ArchaeologicalTools","Dota2Spire:Satanic"],"acts_visited":["Exordium","TheCity","TheBeyond","TheEnding"],"potions_floor_usage":[28],"damage_taken":[{"damage":0,"enemies":"Small Slimes","floor":1,"turns":3},{"damage":0,"enemies":"2 Louse","floor":4,"turns":1},{"damage":0,"enemies":"Jaw Worm","floor":5,"turns":3},{"damage":0,"enemies":"3 Sentries","floor":7,"turns":3},{"damage":0,"enemies":"3 Louse","floor":8,"turns":2},{"damage":0,"enemies":"Gremlin Nob","floor":10,"turns":4},{"damage":0,"enemies":"3 Sentries","floor":13,"turns":2},{"damage":0,"enemies":"The Guardian","floor":16,"turns":2},{"damage":21,"enemies":"Shell Parasite","floor":18,"turns":2},{"damage":0,"enemies":"Gremlin Leader","floor":23,"turns":2},{"damage":0,"enemies":"2 Thieves","floor":25,"turns":2},{"damage":0,"enemies":"Slavers","floor":28,"turns":2},{"damage":0,"enemies":"Shelled Parasite and Fungi","floor":29,"turns":2},{"damage":0,"enemies":"Snecko","floor":31,"turns":2},{"damage":0,"enemies":"Automaton","floor":33,"turns":2},{"damage":0,"enemies":"3 Shapes","floor":35,"turns":1},{"damage":0,"enemies":"3 Darklings","floor":38,"turns":1},{"damage":0,"enemies":"Giant Head","floor":40,"turns":1},{"damage":0,"enemies":"Transient","floor":43,"turns":1},{"damage":0,"enemies":"Transient","floor":45,"turns":1},{"damage":0,"enemies":"Spire Growth","floor":48,"turns":1},{"damage":0,"enemies":"Time Eater","floor":50,"turns":1},{"damage":0,"enemies":"Shield and Spear","floor":54,"turns":1},{"damage":4,"enemies":"The Heart","floor":55,"turns":1}],"seed_played":"7427074641873051609","potions_obtained":[{"floor":1,"key":"Swift Potion"},{"floor":5,"key":"SteroidPotion"},{"floor":23,"key":"DistilledChaos"},{"floor":29,"key":"Block Potion"},{"floor":31,"key":"Explosive Potion"}],"is_trial":false,"path_per_floor":["M","?","?","M","M","R","E","M","T","E","$","R","E","$","R","B",null,"M","?","?","?","?","E","R","M","T","R","E","M","AVR","M","R","B",null,"M","?","AVR","M","?","E","R","$","MIM","?","M","R","T","M","R","B",null,"R","$","E","B",null],"character_chosen":"WATCHER","items_purchased":["Membership Card","testmod-RealStoneCalender","PlaceholderMod:FlatBlood","BrkXgEgg","Dota2Spire:MonkeyKingBar","testmod-Antiphasic","infinitespire:Magic Flask","Dota2Spire:PowerTreads","REME_ArchaeologicalTools"],"campfire_rested":0,"item_purchase_floors":[11,11,14,42,42,46,49,49,53],"current_hp_per_floor":[65,65,65,69,78,78,79,98,98,110,110,110,125,94,94,113,134,139,139,139,158,158,178,178,200,200,200,225,252,252,280,280,311,311,345,345,345,385,385,426,426,426,468,468,468,468,468,517,517,570,593,593,445,497,551],"gold":135,"neow_bonus":"ONE_RARE_RELIC","is_daily":false,"chose_seed":false,"campfire_upgraded":6,"win_rate":0.0,"timestamp":1609330272,"path_taken":["M","?","?","M","M","R","E","M","T","E","$","R","E","$","R","BOSS","M","?","?","?","?","E","R","M","T","R","E","M","AVR","M","R","BOSS","M","?","AVR","?","?","E","R","?","MIM","?","?","R","?","M","R","BOSS","R","$","E","BOSS"],"items_purchased_type":["Relic","Relic","Relic","Relic","Relic","Relic","Relic","Relic","Relic"],"build_version":"2020-12-22","purchased_purges":7,"victory":true,"max_hp_per_floor":[70,70,70,74,79,79,87,98,98,110,110,110,125,125,125,141,141,158,158,158,158,158,178,178,200,200,200,225,252,252,280,280,311,311,345,345,345,385,385,426,426,426,468,468,511,511,511,555,555,600,600,600,600,647,695],"relic_stats":{"Torii":0,"Gremlin Horn":[0,0],"counters":[24,43],"Ornamental Fan":[48],"PreservedInsect":248,"Pen Nib":[2],"Kunai":[5],"Question Card":20,"obtain_stats":[{"Dota2Spire:PowerTreads":49,"AT_ATBox":0,"DaveBox":0,"Torii":37,"Gremlin Horn":47,"Hammer of Thor":0,"AT_TimeSand":40,"Bottled Tornado":30,"Civilization":0,"Dota2Spire:Satanic":54,"Fusion Hammer":34,"testmod-Déjàvu":43,"testmod-DeterminationOfClimber":17,"REME_ArchaeologicalTools":53,"Kunai":23,"Potion Belt":20,"testmod-TestBox":0,"PreservedInsect":26,"Pen Nib":28,"BrkXgEgg":42,"Seething Fire":0,"infinitespire:Magic Flask":49,"testmod-ConstraintPeriapt":0,"Question Card":13,"testmod-RealStoneCalender":11,"testmod-Antiphasic":46,"SynthV:TestCard":1,"Anvil of the Gods":0,"Ornamental Fan":7,"testmod-Faith":0,"Membership Card":11,"PureWater":0,"Dota2Spire:MonkeyKingBar":42,"Unceasing Top":10,"REME_ComplimentaryCards":0,"PlaceholderMod:FlatBlood":14},{"Dota2Spire:PowerTreads":21,"AT_ATBox":0,"DaveBox":0,"Torii":16,"Gremlin Horn":20,"Hammer of Thor":0,"AT_TimeSand":18,"Bottled Tornado":13,"Civilization":0,"Dota2Spire:Satanic":23,"Fusion Hammer":15,"testmod-Déjàvu":19,"testmod-DeterminationOfClimber":8,"REME_ArchaeologicalTools":22,"Kunai":10,"Potion Belt":9,"testmod-TestBox":0,"PreservedInsect":11,"Pen Nib":12,"BrkXgEgg":18,"Seething Fire":0,"infinitespire:Magic Flask":21,"testmod-ConstraintPeriapt":0,"Question Card":7,"testmod-RealStoneCalender":6,"testmod-Antiphasic":20,"SynthV:TestCard":1,"Anvil of the Gods":0,"Ornamental Fan":4,"testmod-Faith":0,"Membership Card":6,"PureWater":0,"Dota2Spire:MonkeyKingBar":18,"Unceasing Top":6,"REME_ComplimentaryCards":0,"PlaceholderMod:FlatBlood":7},{"Dota2Spire:PowerTreads":40,"AT_ATBox":0,"DaveBox":0,"Torii":35,"Gremlin Horn":39,"Hammer of Thor":0,"AT_TimeSand":37,"Bottled Tornado":30,"Civilization":0,"Dota2Spire:Satanic":42,"Fusion Hammer":34,"testmod-Déjàvu":38,"testmod-DeterminationOfClimber":20,"REME_ArchaeologicalTools":41,"Kunai":24,"Potion Belt":22,"testmod-TestBox":0,"PreservedInsect":26,"Pen Nib":28,"BrkXgEgg":37,"Seething Fire":0,"infinitespire:Magic Flask":40,"testmod-ConstraintPeriapt":0,"Question Card":18,"testmod-RealStoneCalender":16,"testmod-Antiphasic":39,"SynthV:TestCard":3,"Anvil of the Gods":0,"Ornamental Fan":10,"testmod-Faith":0,"Membership Card":16,"PureWater":0,"Dota2Spire:MonkeyKingBar":37,"Unceasing Top":16,"REME_ComplimentaryCards":0,"PlaceholderMod:FlatBlood":18}],"Unceasing Top":[0]},"card_choices":[{"not_picked":["MostiFishMod:Clarity","Prostrate","CutThroughFate"],"picked":"SKIP","floor":1},{"not_picked":["Evaluate","FlurryOfBlows","BowlingBash","Conclude","Crescendo"],"picked":"SKIP","floor":4},{"not_picked":["SashWhip","Consecrate","MarkedMod:Acupuncture","Meditate"],"picked":"AT_RealColorLess","floor":5},{"not_picked":["BattleHymn","FollowUp","AT_SoftenMuscles","Halt","MostiFishMod:Speedup"],"picked":"SKIP","floor":7},{"not_picked":["BattleHymn","FollowUp","AT_SoftenMuscles","Halt","MostiFishMod:Speedup"],"picked":"SKIP","floor":7},{"not_picked":["Halt","Evaluate","ReachHeaven","Crescendo","WaveOfTheHand"],"picked":"SKIP","floor":8},{"not_picked":["Pray","Blasphemy","MentalFortress","Worship","ClearTheMind"],"picked":"SKIP","floor":10},{"not_picked":["Tantrum","BowlingBash","Swivel","CrushJoints","EmptyFist"],"picked":"SKIP","floor":13},{"not_picked":["InnerPeace","Protect","Fasting2","ForeignInfluence","Prostrate+1","PathToVictory"],"picked":"SKIP","floor":18},{"not_picked":["MostiFishMod:KamiSmash","ThirdEye","MostiFishMod:FlowState","Perseverance","Evaluate","Wireheading"],"picked":"SKIP","floor":23},{"not_picked":["WheelKick","Vengeance","FlyingSleeves","MentalFortress","Prostrate","FollowUp"],"picked":"SKIP","floor":25},{"not_picked":["Halt","CrushJoints","DeceiveReality","Vault","Wireheading","REME_Repentance"],"picked":"SKIP","floor":28},{"not_picked":["Crescendo","PathToVictory","WaveOfTheHand+1","FollowUp","SignatureMove","ThirdEye+1"],"picked":"SKIP","floor":29},{"not_picked":["ThirdEye","MarkedMod:Acupuncture","SignatureMove","AT_ChampionStep","Halt","JustLucky"],"picked":"SKIP","floor":31},{"not_picked":["MarkedMod:SlowDance","MostiFishMod:DustFall","REME_WorshipGod","MostiFishMod:Moonprays","MasterReality"],"picked":"AT_RealColorLess","floor":33},{"not_picked":["AT_ChampionStep","Protect","REME_Repentance","CutThroughFate","EmptyBody","BowlingBash"],"picked":"SKIP","floor":35},{"not_picked":["FearNoEvil","Adaptation","SandsOfTime","Wireheading","JustLucky","SashWhip"],"picked":"SKIP","floor":38},{"not_picked":["EmptyMind","ClearTheMind","FollowUp","MarkedMod:GentlePulse","BowlingBash+1","REME_EmptyShield"],"picked":"SKIP","floor":40},{"not_picked":["Evaluate","JustLucky","SashWhip+1","Perseverance","SandsOfTime","FlurryOfBlows+1"],"picked":"SKIP","floor":45},{"not_picked":["Crescendo","InnerPeace","FollowUp","WaveOfTheHand","AT_SoftenMuscles","MarkedMod:Acupuncture+1"],"picked":"SKIP","floor":48},{"not_picked":["Prostrate","ThirdEye","MarkedMod:GentlePulse","MarkedMod:Acupuncture","FlyingSleeves","LikeWater+1"],"picked":"SKIP","floor":54}],"player_experience":67244,"relics_obtained":[{"floor":1,"key":"SynthV:TestCard"},{"floor":7,"key":"Ornamental Fan"},{"floor":10,"key":"Unceasing Top"},{"floor":13,"key":"Question Card"},{"floor":23,"key":"Kunai"},{"floor":26,"key":"PreservedInsect"},{"floor":28,"key":"Pen Nib"},{"floor":40,"key":"AT_TimeSand"},{"floor":43,"key":"testmod-Déjàvu"},{"floor":47,"key":"Gremlin Horn"},{"floor":54,"key":"Dota2Spire:Satanic"}],"event_choices":[{"damage_healed":0,"gold_gain":0,"player_choice":"Ignored","damage_taken":0,"max_hp_gain":0,"max_hp_loss":0,"event_name":"给自己的盒子","floor":2,"gold_loss":0},{"damage_healed":0,"gold_gain":0,"player_choice":"Ignored","damage_taken":0,"max_hp_gain":0,"max_hp_loss":0,"event_name":"Ghosts","floor":19,"gold_loss":0},{"damage_healed":0,"gold_gain":0,"player_choice":"Obtained Relic","damage_taken":0,"relics_obtained":["Potion Belt"],"max_hp_gain":0,"max_hp_loss":0,"event_name":"Addict","floor":20,"gold_loss":85},{"damage_healed":32,"gold_gain":0,"player_choice":"Heal","damage_taken":0,"max_hp_gain":0,"max_hp_loss":0,"event_name":"The Library","floor":21,"gold_loss":0},{"damage_healed":0,"gold_gain":50,"player_choice":"Stole From Cult","damage_taken":0,"max_hp_gain":0,"max_hp_loss":0,"event_name":"Nest","floor":22,"gold_loss":0},{"damage_healed":0,"gold_gain":0,"player_choice":"0 cards matched","damage_taken":0,"max_hp_gain":0,"max_hp_loss":0,"event_name":"Match and Keep!","floor":36,"gold_loss":0,"cards_obtained":[]},{"damage_healed":0,"gold_gain":400,"player_choice":"Sell","damage_taken":0,"max_hp_gain":0,"max_hp_loss":0,"event_name":"恩洛斯的盘子","floor":39,"relics_lost":["AT_ATBox"],"gold_loss":0},{"damage_healed":0,"gold_gain":0,"player_choice":"Bought 1 Potion","damage_taken":0,"max_hp_gain":0,"max_hp_loss":0,"event_name":"The Woman in Blue","floor":44,"gold_loss":0}],"is_beta":false,"boss_relics":[{"not_picked":["RhineSuit","testmod-HarvestTotem"],"picked":"testmod-DeterminationOfClimber"},{"not_picked":["ExusiaiGun","REME_ChargedStone"],"picked":"Fusion Hammer"}],"items_purged_floors":[11,30,37,42,46,49,52],"is_endless":false,"potions_floor_spawned":[1,5,7,10,23,29,31,33,35,45,48],"ascension_level":19}}