{"host":"rcanb95qz4o6v6pp","time":1609323962,"event":{"mods":["AchievementEnabler","BaseMod","Better Third Choice","BetterRewards","Colored Map","Downfall","Googly Eyes","Minty Spire (QoL Compilation)","Replay The Spire","Spicy Shops","StSLib","The Blue Laboratory"],"gold_per_floor":[111,126,126,144,144,175,175,175,175,203,222,251,4,29,79,176,176,191,191,113,113,189,223,223,249,319,353,379,412,412,447,447,545,545,563,103,150,150,150,248,248,1,28,28,111,188,256,298,310,322,334,346,37,81,81],"floor_reached":56,"playtime":5308,"items_purged":[],"score":2027,"play_id":"46b241b5-4438-444b-bbc4-41228b92f8e3","local_time":"20201230052602","daily_mods":["SealedDeck","Specialized","Heirloom","Flight","DeadlyEvents","Elite Swarm","Lethality"],"is_ascension_mode":false,"campfire_choices":[{"data":"Pummel","floor":7,"key":"SMITH"},{"floor":24,"key":"REST"},{"floor":30,"key":"RECALL"},{"data":"Berserk","floor":32,"key":"SMITH"},{"data":"Guardian:BaubleBeam","floor":41,"key":"SMITH"},{"data":"Guardian:PiercingHide","floor":49,"key":"SMITH"},{"data":"Clothesline","floor":52,"key":"SMITH"}],"circlet_count":0,"master_deck":["Shrug It Off","Shrug It Off","Shrug It Off","Shrug It Off","Shrug It Off","Pummel+1","Guardian:DonusPower","Twin Strike","Twin Strike","Pommel Strike","Guardian:Gem_Cyan","Guardian:PiercingHide+1","Guardian:PiercingHide","Armaments+1","Regret","Guardian:RevengeProtocol","Berserk+1","Necronomicurse","Flex+1","Clothesline+1","Run Through+1","Guardian:ExploitGems+1","Guardian:GemFinder+1","Barricade+1","Guardian:BaubleBeam+1","Armaments+1","Panache+1","Guardian:EvasiveProtocol+1","Hallucinations","Offering+1","Impervious+1","Guardian:ExploitGems+1","Impervious+1","Body Slam","Impervious+1"],"relics":["Burning Blood","Ring of Chaos","Ginger","FossilizedHelix","Vajra","Smiling Mask","Toxic Egg 2","Torii","Gambling Chip","Shuriken","ReplayTheSpireMod:TigerMarble","expansioncontent:StudyCardRelic","Necronomicon","Mummified Hand","Orichalcum","champ:DeflectingBracers","White Beast Statue","Blood Vial","Frozen Egg 2","Incense Burner","Nunchaku","Philosopher\u0027s Stone","StrikeDummy","Sling","Magic Flower","ReplayTheSpireMod:Ring of Challenge","ReplayTheSpireMod:Ring of Collecting","CeramicFish","Kunai","Ring of Peace","Strawberry","Guardian:PocketSentry","Replay:PocketPolymizer","Lizard Tail","MawBank","Guardian:GemstoneGun","Medical Kit","Replay:Multitool"],"acts_visited":["Exordium","TheCity","TheBeyond","TheEnding"],"potions_floor_usage":[18,18,29,33,33,40,45,46,55,55,55,55],"damage_taken":[{"damage":0.0,"enemies":"Jaw Worm","floor":1.0,"turns":2.0},{"damage":0.0,"enemies":"Small Slimes","floor":2.0,"turns":2.0},{"damage":0,"enemies":"2 Louse","floor":4,"turns":1},{"damage":1,"enemies":"Gremlin Nob","floor":6,"turns":4},{"damage":5,"enemies":"Lagavulin","floor":10,"turns":5},{"damage":0,"enemies":"Looter","floor":11,"turns":2},{"damage":8,"enemies":"3 Sentries","floor":12,"turns":5},{"damage":6,"enemies":"Gremlin Nob","floor":14,"turns":5},{"damage":14,"enemies":"Fading Forest","floor":16,"turns":11},{"damage":1,"enemies":"2 Thieves","floor":18,"turns":3},{"damage":18,"enemies":"Gremlin Leader","floor":23,"turns":3},{"damage":1,"enemies":"Slavers","floor":25,"turns":3},{"damage":0,"enemies":"Book of Stabbing","floor":27,"turns":3},{"damage":28,"enemies":"Replay:Snechameleon","floor":28,"turns":3},{"damage":0,"enemies":"Slavers","floor":29,"turns":3},{"damage":14,"enemies":"Gremlin Leader","floor":31,"turns":3},{"damage":3,"enemies":"Pondfish","floor":33,"turns":9},{"damage":0,"enemies":"Orb Walker","floor":35,"turns":3},{"damage":1,"enemies":"2 Orb Walkers","floor":37,"turns":4},{"damage":9,"enemies":"R_Hoarder","floor":40,"turns":4},{"damage":12,"enemies":"Nemesis","floor":45,"turns":3},{"damage":32,"enemies":"R_Hoarder","floor":46,"turns":9},{"damage":6,"enemies":"Nemesis","floor":47,"turns":3},{"damage":0,"enemies":"Reptomancer","floor":48,"turns":1},{"damage":8,"enemies":"Time Eater","floor":50,"turns":9},{"damage":0,"enemies":"Shield and Spear","floor":54,"turns":1},{"damage":38,"enemies":"The Heart","floor":55,"turns":7}],"seed_played":"-8306349819234221556","potions_obtained":[{"floor":1.0,"key":"FearPotion"},{"floor":2,"key":"Adrenaline Potion"},{"floor":11,"key":"Dexterity Potion"},{"floor":22,"key":"LifebloodPotion"},{"floor":22,"key":"EssenceOfSteel"},{"floor":29,"key":"blueLaboratory:HummingbirdPotion"},{"floor":33,"key":"blueLaboratory:CorrosionFlask"},{"floor":35,"key":"Swift Potion"},{"floor":37,"key":"Reflective Coating"},{"floor":40,"key":"EntropicBrew"},{"floor":45,"key":"blueLaboratory:BubblePotion"},{"floor":48,"key":"blueLaboratory:FrostheartPotion"}],"is_trial":true,"path_per_floor":["M","M","?","M","?","E","R","?","T","E","M","E","$","E","R_BF","B",null,"M","?","$","T","?","E","R","E","T","E","E","E","R","E","R","B",null,"M","$","?","?","?","E","R","$","T","$","E","E","E","E","R","B",null,"R","$","E","B",null],"character_chosen":"IRONCLAD","items_purchased":["Shuriken","Flex+1","Clothesline","StrikeDummy","Sling","Panache+1","Kunai","Body Slam","Guardian:GemstoneGun","Medical Kit"],"campfire_rested":1,"item_purchase_floors":[13,20,20,36,36,36,42,53,53,53],"current_hp_per_floor":[80,80,80,80,80,80,80,62,62,63,69,67,67,67,67,69,80,80,64,64,64,64,52,76,80,80,80,58,66,66,60,60,65,80,80,80,80,76,76,76,76,76,76,76,80,60,66,78,78,82,83,83,83,83,78],"gold":81,"neow_bonus":"","is_daily":false,"chose_seed":false,"campfire_upgraded":5,"win_rate":0.0,"timestamp":1609323962,"path_taken":["M","M","?","M","?","E","R","?","T","?","?","E","?","E","R_BF","BOSS","M","?","$","?","?","E","R","E","T","E","E","E","R","?","R","BOSS","M","$","?","?","?","E","R","$","T","$","E","E","E","E","R","BOSS","R","$","E","BOSS"],"items_purchased_type":["Relic","Card","Card","Relic","Relic","Card","Relic","Card","Relic","Relic"],"build_version":"2020-12-22","purchased_purges":0,"victory":true,"max_hp_per_floor":[80,80,80,80,80,80,80,80,80,80,80,80,80,80,80,80,80,80,80,80,80,80,80,80,80,80,80,80,80,80,80,80,80,80,80,80,80,76,76,76,76,76,76,76,83,83,83,83,83,83,83,83,83,83,83],"card_choices":[{"not_picked":["Wild Strike","Heavy Blade"],"picked":"Armaments","floor":1.0},{"not_picked":["Uppercut","Guardian:Suspension","Guardian:Orbwalk"],"picked":"SKIP","floor":2},{"not_picked":["Guardian:MultiBeam","Pommel Strike","Guardian:Reroute"],"picked":"SKIP","floor":4},{"not_picked":["Guardian:GemFire","Guardian:GatlingBeam"],"picked":"Guardian:Gem_Synthetic","floor":6},{"not_picked":["Guardian:StasisField+1","Guardian:AncientConstruct","Guardian:StasisEngine"],"picked":"SKIP","floor":10},{"not_picked":["Wild Strike","Guardian:Planning+1","Pommel Strike"],"picked":"SKIP","floor":11},{"not_picked":["Reaper","Immolate"],"picked":"Guardian:RevengeProtocol","floor":12},{"not_picked":["Guardian:GemFinder","Exhume+1"],"picked":"Berserk","floor":14},{"not_picked":["Anger","Reckless Charge","Guardian:TimeBomb+1"],"picked":"SKIP","floor":18},{"not_picked":["Guardian:Incinerate+1","ReplayTheSpireMod:Strike From Hell+1"],"picked":"Run Through+1","floor":22},{"not_picked":["Guardian:ConstructionForm","Hemogenesis"],"picked":"Guardian:Gem_Synthetic","floor":23},{"not_picked":["Demonic Infusion+1","Guardian:HyperBeam_Guardian"],"picked":"Guardian:ExploitGems+1","floor":25},{"not_picked":["Guardian:FastForward+1","Fiend Fire"],"picked":"Guardian:Gem_Orange","floor":27},{"not_picked":["Guardian:TimeSifter+1","Guardian:GemFire","Double Tap+1"],"picked":"SKIP","floor":28},{"not_picked":["Guardian:TimeSifter+1","Corruption+1"],"picked":"Guardian:GemFinder+1","floor":29},{"not_picked":["Guardian:Gem_Cyan","Guardian:Gem_Green"],"picked":"Guardian:Gem_Lightblue","floor":31},{"not_picked":["Demon Form+1","Guardian:AncientConstruct+1"],"picked":"Barricade+1","floor":31},{"not_picked":["Guardian:Gem_Cyan","Guardian:Gem_Green"],"picked":"Guardian:Gem_Red","floor":33},{"not_picked":["Guardian:SphericShield+1","Corruption+1"],"picked":"Guardian:BaubleBeam","floor":33},{"not_picked":["Guardian:Gem_Cyan","Guardian:Gem_Lightblue"],"picked":"Guardian:Gem_Red","floor":35},{"not_picked":["Headbutt","Pommel Strike+1"],"picked":"Armaments+1","floor":35},{"not_picked":["Defy Death+1","Shrug It Off+1"],"picked":"Guardian:EvasiveProtocol+1","floor":37},{"not_picked":["Guardian:Gem_Cyan","Guardian:Gem_Lightblue"],"picked":"Guardian:Gem_Red","floor":40},{"not_picked":["Brutality+1","Guardian:GemFinder+1"],"picked":"Offering+1","floor":40},{"not_picked":["Guardian:ConstructionForm+1","Bludgeon"],"picked":"Impervious+1","floor":45},{"not_picked":["Guardian:StasisField+1","Eclipse+1","Bludgeon"],"picked":"SKIP","floor":46},{"not_picked":["Guardian:GatlingBeam","Fiend Fire"],"picked":"Guardian:ExploitGems+1","floor":47},{"not_picked":["Guardian:Gem_Cyan","Guardian:Gem_Lightblue"],"picked":"Guardian:Gem_Red","floor":47},{"not_picked":["Demon Form+1","Guardian:SphericShield+1"],"picked":"Impervious+1","floor":48},{"not_picked":["Berserk+1","Guardian:Gem_Synthetic"],"picked":"Impervious+1","floor":54}],"player_experience":1748424,"relics_obtained":[{"floor":6,"key":"Vajra"},{"floor":9,"key":"Toxic Egg 2"},{"floor":10,"key":"Torii"},{"floor":12,"key":"Gambling Chip"},{"floor":14,"key":"ReplayTheSpireMod:TigerMarble"},{"floor":19,"key":"Necronomicon"},{"floor":21,"key":"Mummified Hand"},{"floor":23,"key":"Orichalcum"},{"floor":25,"key":"champ:DeflectingBracers"},{"floor":26,"key":"White Beast Statue"},{"floor":27,"key":"Blood Vial"},{"floor":28,"key":"Frozen Egg 2"},{"floor":29,"key":"Incense Burner"},{"floor":31,"key":"Nunchaku"},{"floor":37,"key":"Magic Flower"},{"floor":39,"key":"ReplayTheSpireMod:Ring of Challenge"},{"floor":39,"key":"ReplayTheSpireMod:Ring of Collecting"},{"floor":40,"key":"CeramicFish"},{"floor":43,"key":"Ring of Peace"},{"floor":45,"key":"Strawberry"},{"floor":46,"key":"Guardian:PocketSentry"},{"floor":47,"key":"Replay:PocketPolymizer"},{"floor":47,"key":"Lizard Tail"},{"floor":48,"key":"MawBank"},{"floor":54,"key":"Replay:Multitool"}],"event_choices":[{"damage_healed":0,"gold_gain":0,"player_choice":"Grow","damage_taken":0,"max_hp_gain":0,"max_hp_loss":0,"event_name":"Living Wall","floor":3,"gold_loss":0,"cards_upgraded":["Armaments"]},{"damage_healed":0,"gold_gain":0,"player_choice":"Box","damage_taken":0,"relics_obtained":["FossilizedHelix"],"max_hp_gain":0,"max_hp_loss":0,"event_name":"Big Fish","floor":5,"gold_loss":0,"cards_obtained":["Regret"]},{"damage_healed":0,"gold_gain":0,"player_choice":"Relic ","damage_taken":18,"max_hp_gain":0,"max_hp_loss":0,"event_name":"betterThird:BetterScrap","floor":8,"gold_loss":0,"cards_obtained":["Fasting2"]},{"damage_healed":0,"gold_gain":0,"player_choice":"Obtained Book","damage_taken":16,"max_hp_gain":0,"max_hp_loss":0,"event_name":"Cursed Tome","floor":19,"gold_loss":0},{"damage_healed":0,"gold_gain":0,"player_choice":"Fight","damage_taken":0,"max_hp_gain":0,"max_hp_loss":0,"event_name":"Mysterious Sphere","floor":37,"gold_loss":0},{"damage_healed":0,"gold_gain":0,"player_choice":"Max HP","damage_taken":0,"max_hp_gain":0,"max_hp_loss":4,"event_name":"Winding Halls","floor":38,"gold_loss":0}],"is_beta":false,"boss_relics":[{"not_picked":["Coffee Dripper","Runic Pyramid"],"picked":"expansioncontent:StudyCardRelic"},{"not_picked":["SacredBark","Ring of Chaos"],"picked":"Philosopher\u0027s Stone"}],"items_purged_floors":[],"is_endless":false,"potions_floor_spawned":[1,2,11,25,27,28,29,31,33,35,37,40,45,46,47,48,54],"ascension_level":0}}