{"host":"p7j7o00jacnw7qzt","time":1609304769,"event":{"mods":["BaseMod","Colored Map","Colored Powertips","DeckTracker","Highlight Path","Minty Spire (QoL Compilation)","Relic Stats"],"gold_per_floor":[114,189,114,114,133,163,163,179,203,73,73,73,73,96,96,194,257,275,295,345,366,416,416,457,457,457,470,506,527,527,527,527,621,621,635,649,668,253,321,321,354,354,354,354,389,389,412,462,462,462,462,462,462,9,45,45,45],"floor_reached":56,"playtime":2352,"items_purged":["Strike_G","Strike_G","Strike_G"],"score":2167,"play_id":"9d73da7d-b2af-411c-8d4e-94ba94ffe982","local_time":"20201230000609","is_ascension_mode":true,"campfire_choices":[{"data":"Prepared","floor":7.0,"key":"SMITH"},{"data":"Blade Dance","floor":11.0,"key":"SMITH"},{"data":"Accuracy","floor":15.0,"key":"SMITH"},{"data":"Phantasmal Killer","floor":23.0,"key":"SMITH"},{"data":"Calculated Gamble","floor":25.0,"key":"SMITH"},{"data":"Reflex","floor":30.0,"key":"SMITH"},{"data":"Acrobatics","floor":32.0,"key":"SMITH"},{"data":"Apotheosis","floor":40,"key":"SMITH"},{"data":"Accuracy","floor":42,"key":"SMITH"},{"floor":44,"key":"RECALL"},{"data":"Footwork","floor":49,"key":"SMITH"},{"data":"Doppelganger","floor":53,"key":"SMITH"}],"circlet_count":0,"master_deck":["AscendersBane","Strike_G","Defend_G","Defend_G","Defend_G","Defend_G","Defend_G","Survivor","Neutralize","Prepared+1","Adrenaline","Accuracy+1","Blade Dance+1","Accuracy+1","Backflip","Phantasmal Killer+1","Footwork+1","Calculated Gamble+1","Acrobatics+1","Blade Dance","Expertise+1","Reflex+1","Ghostly","Ghostly","Ghostly","After Image","Tactician","Apotheosis+1","Accuracy+1","Doppelganger+1","Concentrate","Acrobatics"],"relics":["Ring of the Snake","NeowsBlessing","MealTicket","Art of War","Golden Idol","Tiny House","Strawberry","Pear","PreservedInsect","Coffee Dripper","Bird Faced Urn","Happy Flower","The Specimen","CeramicFish","Bottled Lightning","Thread and Needle"],"acts_visited":["Exordium","TheCity","TheBeyond","TheEnding"],"potions_floor_usage":[],"damage_taken":[{"damage":0.0,"enemies":"Jaw Worm","floor":1.0,"turns":1.0},{"damage":0.0,"enemies":"Small Slimes","floor":5.0,"turns":1.0},{"damage":0.0,"enemies":"Gremlin Nob","floor":6.0,"turns":1.0},{"damage":0.0,"enemies":"2 Louse","floor":8.0,"turns":4.0},{"damage":3.0,"enemies":"Exordium Wildlife","floor":14.0,"turns":5.0},{"damage":17.0,"enemies":"The Guardian","floor":16.0,"turns":13.0},{"damage":0.0,"enemies":"Spheric Guardian","floor":18.0,"turns":3.0},{"damage":1.0,"enemies":"2 Thieves","floor":19.0,"turns":4.0},{"damage":39.0,"enemies":"Cultist and Chosen","floor":21.0,"turns":7.0},{"damage":5.0,"enemies":"Gremlin Leader","floor":24.0,"turns":3.0},{"damage":0.0,"enemies":"3 Cultists","floor":27.0,"turns":2.0},{"damage":7.0,"enemies":"Book of Stabbing","floor":28.0,"turns":3.0},{"damage":10.0,"enemies":"Centurion and Healer","floor":29.0,"turns":3.0},{"damage":6,"enemies":"Collector","floor":33,"turns":4},{"damage":0,"enemies":"Orb Walker","floor":35,"turns":4},{"damage":2,"enemies":"3 Darklings","floor":36,"turns":4},{"damage":0,"enemies":"Sphere and 2 Shapes","floor":37,"turns":3},{"damage":0,"enemies":"2 Orb Walkers","floor":39,"turns":3},{"damage":0,"enemies":"Reptomancer","floor":41,"turns":2},{"damage":8,"enemies":"Nemesis","floor":45,"turns":7},{"damage":3,"enemies":"4 Shapes","floor":47,"turns":3},{"damage":0,"enemies":"Giant Head","floor":48,"turns":4},{"damage":6,"enemies":"Awakened One","floor":50,"turns":6},{"damage":7,"enemies":"Donu and Deca","floor":51,"turns":7},{"damage":0,"enemies":"Shield and Spear","floor":55,"turns":4},{"damage":42,"enemies":"The Heart","floor":56,"turns":4}],"seed_played":"4773019385838610932","potions_obtained":[{"floor":1.0,"key":"Fruit Juice"},{"floor":5.0,"key":"Energy Potion"},{"floor":6.0,"key":"SpeedPotion"},{"floor":18.0,"key":"FairyPotion"},{"floor":24.0,"key":"Dexterity Potion"},{"floor":29.0,"key":"Explosive Potion"},{"floor":33,"key":"FairyPotion"}],"is_trial":false,"path_per_floor":["M","?","?","?","M","E","R","M","T","$","R","?","?","M","R","B",null,"M","M","?","M","?","R","E","R","T","M","E","M","R","?","R","B",null,"M","M","M","$","?","R","E","R","T","R","E","?","M","E","R","B","B",null,"R","$","E","B"],"character_chosen":"THE_SILENT","items_purchased":["Blade Dance","Tactician","Apotheosis","Accuracy","Bottled Lightning","Acrobatics"],"campfire_rested":0,"item_purchase_floors":[10,38,38,38,54,54],"current_hp_per_floor":[59,48,48,48,48,53,53,53,53,68,68,44,44,41,41,24,64,64,63,63,24,24,24,26,26,36,36,29,19,19,19,19,13,38,38,36,36,46,46,46,46,46,46,46,38,38,45,46,46,42,41,45,45,46,46,9,9],"gold":45,"neow_bonus":"THREE_ENEMY_KILL","is_daily":false,"chose_seed":false,"campfire_upgraded":11,"win_rate":0.0,"timestamp":1609304769,"path_taken":["M","?","?","?","?","E","R","M","T","$","R","?","?","M","R","BOSS","M","M","?","?","?","R","E","R","T","M","E","M","R","?","R","BOSS","M","M","M","$","?","R","E","R","T","R","E","?","M","E","R","BOSS","BOSS","R","$","E","BOSS"],"items_purchased_type":["Card","Card","Card","Card","Relic","Card"],"build_version":"2020-12-22","purchased_purges":3,"victory":false,"max_hp_per_floor":[66,66,66,66,66,71,71,71,71,71,71,71,71,71,71,71,76,76,76,76,76,76,76,83,83,93,93,93,93,93,46,46,46,46,46,46,46,46,46,46,46,46,46,46,46,46,46,46,46,46,46,46,46,46,46,46,46],"relic_stats":{"Happy Flower":[11],"counters":[26,105],"Golden Idol":187,"Bird Faced Urn":[24],"CeramicFish":18,"MealTicket":26,"PreservedInsect":319,"Art of War":[22],"obtain_stats":[{"Tiny House":17,"Pear":26,"NeowsBlessing":0,"Happy Flower":41,"The Specimen":45,"Golden Idol":12,"CeramicFish":48,"Thread and Needle":55,"PreservedInsect":28,"Strawberry":24,"Bird Faced Urn":39,"MealTicket":6,"Art of War":9,"Coffee Dripper":34,"Bottled Lightning":54,"Ring of the Snake":0},{"Tiny House":6,"Pear":10,"NeowsBlessing":0,"Happy Flower":19,"The Specimen":20,"Golden Idol":4,"CeramicFish":22,"Thread and Needle":25,"PreservedInsect":12,"Strawberry":10,"Bird Faced Urn":18,"MealTicket":3,"Art of War":4,"Coffee Dripper":14,"Bottled Lightning":24,"Ring of the Snake":0},{"Tiny House":25,"Pear":42,"NeowsBlessing":0,"Happy Flower":70,"The Specimen":77,"Golden Idol":7,"CeramicFish":84,"Thread and Needle":101,"PreservedInsect":47,"Strawberry":42,"Bird Faced Urn":68,"MealTicket":3,"Art of War":7,"Coffee Dripper":54,"Bottled Lightning":97,"Ring of the Snake":0}],"Ring of the Snake":[52]},"card_choices":[{"not_picked":["Endless Agony","Sucker Punch","Caltrops"],"picked":"SKIP","floor":1.0},{"not_picked":["Poisoned Stab","Dodge and Roll"],"picked":"Prepared","floor":5.0},{"not_picked":["Acrobatics","Setup"],"picked":"Adrenaline","floor":6.0},{"not_picked":["Dagger Throw","Endless Agony"],"picked":"Accuracy","floor":8.0},{"not_picked":["Predator","Masterful Stab"],"picked":"Backflip","floor":14.0},{"not_picked":["Tools of the Trade","Bullet Time"],"picked":"Phantasmal Killer","floor":16.0},{"not_picked":["Eviscerate","Slice"],"picked":"Footwork","floor":17.0},{"not_picked":["Slice","Underhanded Strike","Choke"],"picked":"SKIP","floor":18.0},{"not_picked":["Dagger Throw","Prepared"],"picked":"Calculated Gamble","floor":19.0},{"not_picked":["Quick Slash","Escape Plan"],"picked":"Acrobatics","floor":21.0},{"not_picked":["Flying Knee+1","Masterful Stab+1"],"picked":"Blade Dance","floor":24.0},{"not_picked":["Cloak And Dagger","Bane","Dagger Spray"],"picked":"SKIP","floor":27.0},{"not_picked":["Cloak And Dagger","Bane","Dagger Spray"],"picked":"SKIP","floor":27.0},{"not_picked":["Deflect","Predator+1"],"picked":"Expertise+1","floor":28.0},{"not_picked":["Noxious Fumes","Adrenaline"],"picked":"Reflex","floor":29.0},{"not_picked":["A Thousand Cuts","Corpse Explosion"],"picked":"After Image","floor":33},{"not_picked":["Choke+1","Quick Slash+1","All Out Attack"],"picked":"SKIP","floor":35},{"not_picked":["Deadly Poison","Prepared+1","Footwork+1"],"picked":"SKIP","floor":36},{"not_picked":["Quick Slash","Crippling Poison+1","Underhanded Strike"],"picked":"SKIP","floor":37},{"not_picked":["Noxious Fumes+1","Blade Dance"],"picked":"Doppelganger","floor":39},{"not_picked":["Predator","Poisoned Stab","Noxious Fumes"],"picked":"SKIP","floor":41},{"not_picked":["Underhanded Strike+1","Crippling Poison","Sucker Punch"],"picked":"SKIP","floor":45},{"not_picked":["Dodge and Roll","PiercingWail","Tactician"],"picked":"SKIP","floor":47},{"not_picked":["Escape Plan","Flechettes+1"],"picked":"Concentrate","floor":48},{"not_picked":["Deadly Poison+1","Well Laid Plans","Caltrops"],"picked":"SKIP","floor":55}],"player_experience":890363,"relics_obtained":[{"floor":6.0,"key":"MealTicket"},{"floor":9.0,"key":"Art of War"},{"floor":24.0,"key":"Strawberry"},{"floor":26.0,"key":"Pear"},{"floor":28.0,"key":"PreservedInsect"},{"floor":39,"key":"Bird Faced Urn"},{"floor":41,"key":"Happy Flower"},{"floor":45,"key":"The Specimen"},{"floor":48,"key":"CeramicFish"},{"floor":55,"key":"Thread and Needle"}],"event_choices":[{"damage_healed":0.0,"max_hp_gain":0.0,"max_hp_loss":0.0,"gold_gain":75.0,"event_name":"World of Goop","player_choice":"Gather Gold","floor":2.0,"gold_loss":0.0,"damage_taken":11.0},{"cards_removed":["Strike_G"],"damage_healed":0.0,"max_hp_gain":0.0,"max_hp_loss":0.0,"gold_gain":0.0,"event_name":"The Cleric","player_choice":"Card Removal","floor":3.0,"gold_loss":75.0,"damage_taken":0.0},{"damage_healed":0.0,"max_hp_gain":0.0,"max_hp_loss":0.0,"gold_gain":0.0,"event_name":"Liars Game","player_choice":"Ignored","floor":4.0,"gold_loss":0.0,"damage_taken":0.0},{"damage_healed":0.0,"max_hp_gain":0.0,"max_hp_loss":0.0,"gold_gain":0.0,"event_name":"Golden Idol","player_choice":"Take Damage","floor":12.0,"gold_loss":0.0,"damage_taken":24.0,"relics_obtained":["Golden Idol"]},{"damage_healed":0.0,"max_hp_gain":0.0,"max_hp_loss":0.0,"gold_gain":0.0,"event_name":"Match and Keep!","player_choice":"1 cards matched","floor":13.0,"gold_loss":0.0,"damage_taken":0.0,"cards_obtained":["Accuracy"]},{"damage_healed":0.0,"max_hp_gain":0.0,"max_hp_loss":0.0,"gold_gain":50.0,"event_name":"Golden Shrine","player_choice":"Pray","floor":20.0,"gold_loss":0.0,"damage_taken":0.0},{"damage_healed":0.0,"max_hp_gain":0.0,"max_hp_loss":0.0,"gold_gain":50.0,"event_name":"Nest","player_choice":"Stole From Cult","floor":22.0,"gold_loss":0.0,"damage_taken":0.0},{"damage_healed":0.0,"max_hp_gain":0.0,"max_hp_loss":47.0,"gold_gain":0.0,"event_name":"Ghosts","player_choice":"Became a Ghost","floor":31.0,"gold_loss":0.0,"damage_taken":0.0,"cards_obtained":["Ghostly","Ghostly","Ghostly"]},{"damage_healed":0,"gold_gain":0,"player_choice":"Fight","damage_taken":0,"max_hp_gain":0,"max_hp_loss":0,"event_name":"Mysterious Sphere","floor":39,"gold_loss":0},{"damage_healed":0,"gold_gain":0,"player_choice":"Ignored","damage_taken":0,"max_hp_gain":0,"max_hp_loss":0,"event_name":"Tomb of Lord Red Mask","floor":46,"gold_loss":0}],"is_beta":false,"boss_relics":[{"not_picked":["Snecko Eye","Cursed Key"],"picked":"Tiny House"},{"not_picked":["Velvet Choker","SacredBark"],"picked":"Coffee Dripper"}],"items_purged_floors":[10,38,54],"is_endless":false,"potions_floor_spawned":[1,5,6,16,18,24,29,33,39,47,48,55],"killed_by":"The Heart","ascension_level":20}}