{"host":"sc0o2qwpf9j16a4i","time":1609334251,"event":{"mods":["AchievementEnabler","BaseMod","BetterRewards","Block Reminder","Colored Map","Colored Powertips","Custom Start","Highlight Path","Minty Spire (QoL Compilation)","Relic Stats"],"gold_per_floor":[109,259,184,201,251,251,281,281,305,339,339,367,387,407,407,484,484,503,503,521,533,559,559,592,592,592,618,633,633,733,743,743,743,743],"floor_reached":33,"playtime":925,"items_purged":[],"score":831,"play_id":"c45ae678-3121-46ad-af03-bfc9411123eb","local_time":"20201230151731","is_ascension_mode":true,"campfire_choices":[{"floor":6,"key":"REST"},{"floor":8,"key":"REST"},{"data":"Uppercut","floor":11,"key":"SMITH"},{"data":"Whirlwind","floor":15,"key":"SMITH"},{"data":"Barricade","floor":23,"key":"SMITH"},{"data":"True Grit","floor":25,"key":"SMITH"},{"floor":29,"key":"DIG"},{"data":"Entrench","floor":32,"key":"SMITH"}],"circlet_count":0,"master_deck":["AscendersBane","Defend_R+1","Defend_R","Defend_R+1","Bash","Whirlwind+1","Flex","Armaments","Reaper","Uppercut+1","Fiend Fire","Carnage","Demon Form","Bite","Bite","Bite","Bite","Bite","True Grit+1","Barricade+1","Impervious","Entrench+1","Shockwave"],"relics":["Burning Blood","PreservedInsect","Chemical X","Medical Kit","War Paint","Toy Ornithopter","Du-Vu Doll","Darkstone Periapt","Coffee Dripper","Orichalcum","Omamori","Shovel","Bag of Marbles","Anchor","Gambling Chip","Ornamental Fan"],"acts_visited":["Exordium","TheCity"],"potions_floor_usage":[10,16,24,33],"damage_taken":[{"damage":4,"enemies":"Small Slimes","floor":1,"turns":2},{"damage":12,"enemies":"Jaw Worm","floor":4,"turns":3},{"damage":35,"enemies":"Lagavulin","floor":7,"turns":6},{"damage":8,"enemies":"Gremlin Nob","floor":10,"turns":3},{"damage":15,"enemies":"3 Sentries","floor":12,"turns":3},{"damage":4,"enemies":"Cultist","floor":13,"turns":4},{"damage":8,"enemies":"Large Slime","floor":14,"turns":4},{"damage":34,"enemies":"Slime Boss","floor":16,"turns":7},{"damage":36,"enemies":"Shell Parasite","floor":18,"turns":4},{"damage":4,"enemies":"Chosen","floor":20,"turns":4},{"damage":13,"enemies":"Centurion and Healer","floor":21,"turns":5},{"damage":18,"enemies":"Slavers","floor":24,"turns":4},{"damage":50,"enemies":"Gremlin Leader","floor":27,"turns":9},{"damage":6,"enemies":"Sentry and Sphere","floor":28,"turns":5},{"damage":19,"enemies":"Colosseum Slavers","floor":30,"turns":6},{"damage":15,"enemies":"Colosseum Nobs","floor":30,"turns":4},{"damage":0,"enemies":"Snecko","floor":31,"turns":6},{"damage":56,"enemies":"Collector","floor":33,"turns":9}],"seed_played":"-6406671793122387769","potions_obtained":[{"floor":1,"key":"Strength Potion"},{"floor":7,"key":"Ancient Potion"},{"floor":12,"key":"SteroidPotion"},{"floor":14,"key":"Explosive Potion"},{"floor":28,"key":"BloodPotion"},{"floor":30,"key":"Dexterity Potion"}],"is_trial":false,"path_per_floor":["M","?","?","M","?","R","E","R","T","E","R","E","M","M","R","B",null,"M","?","M","M","T","R","E","R","T","E","M","R","?","M","R","B"],"character_chosen":"IRONCLAD","items_purchased":["PreservedInsect","Chemical X","Medical Kit","Whirlwind"],"campfire_rested":2,"item_purchase_floors":[0,0,0,0],"current_hp_per_floor":[34,34,34,28,28,50,21,43,43,54,54,62,71,73,73,50,69,55,52,52,52,52,52,52,52,52,34,45,45,52,52,52,0,0],"gold":743,"neow_bonus":"","is_daily":false,"chose_seed":false,"campfire_upgraded":5,"win_rate":0.0,"timestamp":1609334251,"path_taken":["M","?","?","M","?","R","E","R","T","E","R","E","M","?","R","BOSS","M","?","M","M","?","R","E","R","T","E","?","R","?","M","R","BOSS"],"items_purchased_type":["Relic","Relic","Relic","Card"],"build_version":"2020-12-22","purchased_purges":0,"victory":false,"max_hp_per_floor":[75,75,75,75,75,75,75,75,75,75,75,75,75,75,75,75,75,75,52,52,52,52,52,52,52,52,52,52,52,52,52,52,52,52],"relic_stats":{"Darkstone Periapt":0,"counters":[38,179],"PreservedInsect":205,"War Paint":["Defend_R","Defend_R"],"Orichalcum":[90],"Medical Kit":[0],"Burning Blood":177,"Shovel":1,"Ornamental Fan":[4],"Gambling Chip":[5],"Chemical X":[20],"obtain_stats":[{"Darkstone Periapt":12,"Singing Bowl":26,"Ancient Tea Set":10,"Burning Blood":0,"Blood Vial":9,"Sozu":34,"Shovel":26,"Pantograph":25,"Gambling Chip":30,"Chemical X":0,"Lee\u0027s Waffle":21,"Pear":14,"NeowsBlessing":0,"Golden Idol":2,"PreservedInsect":0,"Omamori":24,"Orichalcum":31,"War Paint":7,"Medical Kit":0,"Du-Vu Doll":10,"Anchor":6,"Busted Crown":17,"Ornamental Fan":30,"Bloody Idol":20,"Molten Egg 2":24,"Coffee Dripper":17,"Bag of Marbles":27,"TungstenRod":21,"Toy Ornithopter":9},{"Darkstone Periapt":25,"Singing Bowl":12,"Ancient Tea Set":5,"Burning Blood":0,"Blood Vial":4,"Sozu":15,"Shovel":32,"Pantograph":12,"Gambling Chip":36,"Chemical X":20,"Lee\u0027s Waffle":11,"Pear":9,"NeowsBlessing":0,"Golden Idol":1,"PreservedInsect":20,"Omamori":32,"Orichalcum":14,"War Paint":23,"Medical Kit":20,"Du-Vu Doll":24,"Anchor":3,"Busted Crown":10,"Ornamental Fan":36,"Bloody Idol":11,"Molten Egg 2":11,"Coffee Dripper":28,"Bag of Marbles":33,"TungstenRod":11,"Toy Ornithopter":23},{"Darkstone Periapt":108,"Singing Bowl":43,"Ancient Tea Set":11,"Burning Blood":0,"Blood Vial":7,"Sozu":65,"Shovel":140,"Pantograph":43,"Gambling Chip":164,"Chemical X":91,"Lee\u0027s Waffle":41,"Pear":27,"NeowsBlessing":0,"Golden Idol":1,"PreservedInsect":91,"Omamori":140,"Orichalcum":54,"War Paint":102,"Medical Kit":91,"Du-Vu Doll":105,"Anchor":4,"Busted Crown":38,"Ornamental Fan":164,"Bloody Idol":41,"Molten Egg 2":41,"Coffee Dripper":123,"Bag of Marbles":149,"TungstenRod":41,"Toy Ornithopter":102}],"Toy Ornithopter":10},"card_choices":[{"not_picked":["Warcry","Cleave"],"picked":"Flex","floor":1},{"not_picked":["Twin Strike","Perfected Strike"],"picked":"Armaments","floor":4},{"not_picked":["Thunderclap","Fire Breathing"],"picked":"Reaper","floor":7},{"not_picked":["Spot Weakness","Second Wind"],"picked":"Uppercut","floor":10},{"not_picked":["Exhume","Flex"],"picked":"Fiend Fire","floor":12},{"not_picked":["Warcry","Headbutt","Iron Wave"],"picked":"SKIP","floor":13},{"not_picked":["Fire Breathing","Clash"],"picked":"Carnage","floor":14},{"not_picked":["Impervious","Berserk"],"picked":"Demon Form","floor":16},{"not_picked":["Clash","Clothesline","Sentinel"],"picked":"SKIP","floor":18},{"not_picked":["Thunderclap","Flex"],"picked":"True Grit","floor":20},{"not_picked":["Rupture","Twin Strike"],"picked":"Barricade","floor":21},{"not_picked":["Wild Strike","Power Through+1"],"picked":"Impervious","floor":24},{"not_picked":["Searing Blow","Flex"],"picked":"Entrench","floor":27},{"not_picked":["Clash","Iron Wave"],"picked":"Shockwave","floor":28},{"not_picked":["Twin Strike","Thunderclap","Perfected Strike"],"picked":"SKIP","floor":31}],"player_experience":443688,"relics_obtained":[{"floor":7,"key":"War Paint"},{"floor":9,"key":"Toy Ornithopter"},{"floor":10,"key":"Du-Vu Doll"},{"floor":12,"key":"Darkstone Periapt"},{"floor":22,"key":"Orichalcum"},{"floor":24,"key":"Omamori"},{"floor":26,"key":"Shovel"},{"floor":27,"key":"Bag of Marbles"},{"floor":29,"key":"Anchor"},{"floor":30,"key":"Gambling Chip"},{"floor":30,"key":"Ornamental Fan"}],"event_choices":[{"damage_healed":0,"gold_gain":150,"player_choice":"AGREE","damage_taken":0,"max_hp_gain":0,"max_hp_loss":0,"event_name":"Liars Game","floor":2,"gold_loss":0,"cards_obtained":["Doubt"]},{"cards_removed":["Doubt"],"damage_healed":0,"gold_gain":0,"player_choice":"Card Removal","damage_taken":0,"max_hp_gain":0,"max_hp_loss":0,"event_name":"The Cleric","floor":3,"gold_loss":75},{"damage_healed":0,"gold_gain":50,"player_choice":"Pray","damage_taken":0,"max_hp_gain":0,"max_hp_loss":0,"event_name":"Golden Shrine","floor":5,"gold_loss":0},{"damage_healed":0,"gold_gain":0,"player_choice":"Became a vampire","damage_taken":0,"max_hp_gain":0,"max_hp_loss":23,"event_name":"Vampires","floor":19,"gold_loss":0,"cards_obtained":["Bite","Bite","Bite","Bite","Bite"]},{"damage_healed":0,"gold_gain":0,"player_choice":"Fight","damage_taken":0,"max_hp_gain":0,"max_hp_loss":0,"event_name":"Colosseum","floor":30,"gold_loss":0},{"damage_healed":0,"gold_gain":0,"player_choice":"Fought Nobs","damage_taken":0,"max_hp_gain":0,"max_hp_loss":0,"event_name":"Colosseum","floor":30,"gold_loss":0}],"is_beta":false,"boss_relics":[{"not_picked":["Black Star","Tiny House"],"picked":"Coffee Dripper"}],"items_purged_floors":[],"is_endless":false,"potions_floor_spawned":[1,7,12,13,14,28,30,30],"killed_by":"Collector","ascension_level":20}}