{"host":"vztqq1va2gba8p9y","time":1609291145,"event":{"mods":["AchievementEnabler","BaseMod","DeckTracker","Minty Spire (QoL Compilation)","Permanent Neow","Rare Cards Sparkle","StSLib"],"gold_per_floor":[110,110,35,35,35,35,75,75,75,75,113,134,134,34,34,162,162,186,16,37,37,37,37,50,74,74,95,95,95,95,119,119,239,239,255,318,651,651,666,666,682,695,721,721,748,762,245,258,258,258],"floor_reached":51,"playtime":1401,"items_purged":["Strike_G","Strike_G","Strike_G","Deadly Poison"],"score":793,"play_id":"39212bed-eab8-43f6-ac6b-433074aadfba","local_time":"20201230101905","is_ascension_mode":false,"campfire_choices":[{"data":"Acrobatics","floor":6.0,"key":"SMITH"},{"data":"Neutralize","floor":8.0,"key":"SMITH"},{"data":"1","floor":10.0,"key":"LIFT"},{"data":"2","floor":13.0,"key":"LIFT"},{"data":"3","floor":15.0,"key":"LIFT"},{"data":"Blade Dance","floor":28.0,"key":"SMITH"},{"data":"Blade Dance","floor":30.0,"key":"SMITH"},{"data":"Adrenaline","floor":32.0,"key":"SMITH"},{"data":"Underhanded Strike","floor":40.0,"key":"SMITH"},{"data":"Night Terror","floor":44.0,"key":"SMITH"},{"data":"After Image","floor":49.0,"key":"SMITH"}],"circlet_count":0,"master_deck":["Defend_G","Defend_G","Survivor","Neutralize+1","Acrobatics+1","Underhanded Strike+1","Blade Dance+1","Adrenaline+1","Blade Dance+1","Night Terror+1","Dodge and Roll","Flechettes+1","Tactician+1","Adrenaline+1","Acrobatics","After Image+1","Calculated Gamble"],"relics":["Ring of the Snake","NeowsBlessing","Ornamental Fan","Girya","Odd Mushroom","Runic Pyramid","Sundial","Empty Cage","Ice Cream","Centennial Puzzle","Whetstone","TheAbacus"],"acts_visited":["Exordium","TheCity","TheBeyond"],"potions_floor_usage":[50],"damage_taken":[{"damage":0.0,"enemies":"Jaw Worm","floor":1.0,"turns":1.0},{"damage":0.0,"enemies":"Gremlin Nob","floor":7.0,"turns":1.0},{"damage":0.0,"enemies":"The Mushroom Lair","floor":11.0,"turns":1.0},{"damage":0.0,"enemies":"Cultist","floor":12.0,"turns":2.0},{"damage":29.0,"enemies":"Slime Boss","floor":16.0,"turns":10.0},{"damage":6.0,"enemies":"Chosen","floor":18.0,"turns":3.0},{"damage":0.0,"enemies":"Spheric Guardian","floor":20.0,"turns":3.0},{"damage":2.0,"enemies":"Chosen and Byrds","floor":24.0,"turns":5.0},{"damage":12.0,"enemies":"Shelled Parasite and Fungi","floor":25.0,"turns":4.0},{"damage":0.0,"enemies":"Cultist and Chosen","floor":27.0,"turns":5.0},{"damage":0.0,"enemies":"Centurion and Healer","floor":31.0,"turns":3.0},{"damage":18.0,"enemies":"Collector","floor":33.0,"turns":4.0},{"damage":0.0,"enemies":"3 Shapes","floor":35.0,"turns":3.0},{"damage":0.0,"enemies":"Mind Bloom Boss Battle","floor":36.0,"turns":3.0},{"damage":0.0,"enemies":"3 Darklings","floor":39.0,"turns":2.0},{"damage":0.0,"enemies":"Sphere and 2 Shapes","floor":41.0,"turns":3.0},{"damage":0.0,"enemies":"Jaw Worm Horde","floor":42.0,"turns":2.0},{"damage":0.0,"enemies":"3 Darklings","floor":46.0,"turns":3.0},{"damage":0.0,"enemies":"Writhing Mass","floor":48.0,"turns":3.0},{"damage":0,"enemies":"Time Eater","floor":50,"turns":6}],"seed_played":"-9111116140495040348","potions_obtained":[{"floor":1.0,"key":"Energy Potion"},{"floor":11.0,"key":"SteroidPotion"},{"floor":12.0,"key":"Dexterity Potion"},{"floor":18.0,"key":"CunningPotion"},{"floor":27.0,"key":"FearPotion"},{"floor":41.0,"key":"FearPotion"},{"floor":42.0,"key":"Energy Potion"},{"floor":46.0,"key":"ColorlessPotion"}],"is_trial":false,"path_per_floor":["M","?","$","?","?","R","E","R","T","R","?","M","R","$","R","B",null,"M","$","M","?","?","?","M","M","T","M","R","$","R","M","R","B",null,"M","?","?","?","M","R","M","M","T","R","T","M","$","M","R","B",null],"character_chosen":"THE_SILENT","items_purchased":["Blade Dance","After Image","Calculated Gamble","TheAbacus"],"campfire_rested":0,"item_purchase_floors":[19,47,47,47],"current_hp_per_floor":[70,70,70,53,53,53,53,53,53,53,53,53,53,53,53,24,70,64,64,64,64,64,64,62,50,50,50,50,50,50,50,50,32,70,70,70,70,70,70,70,70,70,70,70,70,70,70,70,70,70],"gold":258,"neow_bonus":"THREE_ENEMY_KILL","is_daily":false,"chose_seed":false,"campfire_upgraded":8,"win_rate":0.0,"timestamp":1609291145,"path_taken":["M","?","?","?","?","R","E","R","T","R","?","M","R","?","R","BOSS","M","$","M","?","?","?","M","M","T","M","R","?","R","M","R","BOSS","M","?","?","?","M","R","?","?","T","R","?","M","$","M","R","BOSS"],"items_purchased_type":["Card","Card","Card","Relic"],"build_version":"2020-12-22","purchased_purges":4,"victory":true,"max_hp_per_floor":[70,70,70,70,70,70,70,70,70,70,70,70,70,70,70,70,70,70,70,70,70,70,70,70,70,70,70,70,70,70,70,70,70,70,70,70,70,70,70,70,70,70,70,70,70,70,70,70,70,70],"card_choices":[{"not_picked":["Skewer","Prepared"],"picked":"Acrobatics","floor":1.0},{"not_picked":["Choke","Outmaneuver","Distraction"],"picked":"SKIP","floor":7.0},{"not_picked":["Dodge and Roll","Blur"],"picked":"Underhanded Strike","floor":11.0},{"not_picked":["Deflect","Blur"],"picked":"Blade Dance","floor":12.0},{"not_picked":["Venomology","Malaise"],"picked":"Adrenaline","floor":16.0},{"not_picked":["Flying Knee","Dagger Spray+1","Skewer"],"picked":"SKIP","floor":18.0},{"not_picked":["PiercingWail+1","Deflect","Flying Knee+1"],"picked":"SKIP","floor":20.0},{"not_picked":["Riddle With Holes","Choke"],"picked":"Dodge and Roll","floor":24.0},{"not_picked":["Underhanded Strike","Sucker Punch","Deadly Poison"],"picked":"SKIP","floor":25.0},{"not_picked":["Deflect+1","Prepared+1","Heel Hook"],"picked":"SKIP","floor":27.0},{"not_picked":["Heel Hook+1","Dodge and Roll","Slice"],"picked":"SKIP","floor":31.0},{"not_picked":["Dodge and Roll+1","Finisher+1"],"picked":"Flechettes+1","floor":35.0},{"not_picked":["Dash","Dagger Throw"],"picked":"Tactician+1","floor":36.0},{"not_picked":["Prepared","Deflect","Terror"],"picked":"SKIP","floor":39.0},{"not_picked":["PiercingWail","Expertise","Underhanded Strike+1"],"picked":"SKIP","floor":41.0},{"not_picked":["Poisoned Stab+1","Underhanded Strike+1","Dagger Throw"],"picked":"SKIP","floor":42.0},{"not_picked":["Calculated Gamble","Dodge and Roll"],"picked":"Acrobatics","floor":46.0},{"not_picked":["Caltrops","Acrobatics","Finisher"],"picked":"SKIP","floor":48.0}],"player_experience":2978,"relics_obtained":[{"floor":7.0,"key":"Ornamental Fan"},{"floor":9.0,"key":"Girya"},{"floor":11.0,"key":"Odd Mushroom"},{"floor":26.0,"key":"Sundial"},{"floor":36.0,"key":"Ice Cream"},{"floor":43.0,"key":"Centennial Puzzle"},{"floor":45.0,"key":"Whetstone"}],"event_choices":[{"damage_healed":0.0,"max_hp_gain":0.0,"max_hp_loss":0.0,"gold_gain":0.0,"event_name":"NoteForYourself","player_choice":"Ignored","floor":2.0,"gold_loss":0.0,"damage_taken":0.0},{"damage_healed":0.0,"max_hp_gain":0.0,"max_hp_loss":0.0,"gold_gain":0.0,"event_name":"Golden Idol","player_choice":"Take Damage","floor":4.0,"gold_loss":0.0,"damage_taken":17.0,"relics_obtained":["Golden Idol"]},{"damage_healed":0.0,"max_hp_gain":0.0,"max_hp_loss":0.0,"gold_gain":0.0,"event_name":"The Cleric","player_choice":"Leave","floor":5.0,"gold_loss":0.0,"damage_taken":0.0},{"damage_healed":0.0,"max_hp_gain":0.0,"max_hp_loss":0.0,"gold_gain":0.0,"event_name":"Mushrooms","player_choice":"Fought Mushrooms","floor":11.0,"gold_loss":0.0,"damage_taken":0.0},{"damage_healed":0.0,"max_hp_gain":0.0,"max_hp_loss":0.0,"gold_gain":0.0,"event_name":"The Mausoleum","player_choice":"Ignored","floor":21.0,"gold_loss":0.0,"damage_taken":0.0},{"cards_removed":["Strike_G"],"damage_healed":0.0,"max_hp_gain":0.0,"max_hp_loss":0.0,"gold_gain":0.0,"event_name":"Back to Basics","player_choice":"Elegance","floor":22.0,"gold_loss":0.0,"damage_taken":0.0},{"damage_healed":0.0,"max_hp_gain":0.0,"max_hp_loss":0.0,"gold_gain":0.0,"cards_transformed":["Strike_G","Defend_G"],"event_name":"Drug Dealer","player_choice":"Became Test Subject","floor":23.0,"gold_loss":0.0,"damage_taken":0.0,"cards_obtained":["Night Terror","Deadly Poison"]},{"damage_healed":0.0,"max_hp_gain":0.0,"max_hp_loss":0.0,"gold_gain":0.0,"event_name":"MindBloom","player_choice":"Fight","floor":36.0,"gold_loss":0.0,"damage_taken":0.0},{"damage_healed":0.0,"max_hp_gain":0.0,"max_hp_loss":0.0,"gold_gain":333.0,"event_name":"The Moai Head","player_choice":"Gave Idol","floor":37.0,"relics_lost":["Golden Idol"],"gold_loss":0.0,"damage_taken":0.0},{"damage_healed":0.0,"max_hp_gain":0.0,"max_hp_loss":0.0,"gold_gain":0.0,"event_name":"Duplicator","player_choice":"Copied","floor":38.0,"gold_loss":0.0,"damage_taken":0.0,"cards_obtained":["Adrenaline"]}],"is_beta":false,"boss_relics":[{"not_picked":["SacredBark","SlaversCollar"],"picked":"Runic Pyramid"},{"not_picked":["Busted Crown","Velvet Choker"],"picked":"Empty Cage"}],"items_purged_floors":[3,14,19,47],"is_endless":false,"potions_floor_spawned":[1,11,12,18,25,27,41,42,46],"ascension_level":0}}