{"host":"a5zr8hf2yymwt50u","time":1609314867,"event":{"mods":["BaseMod","Colored Map","GungeonMod","Minty Spire (QoL Compilation)","StSLib"],"gold_per_floor":[109,127,142,154,164,164,199,219,219,40,54,54,139,12,12,12,12],"floor_reached":16,"playtime":1353,"items_purged":["DemoMod:Strike_Huntress","DemoMod:Strike_Huntress"],"score":189,"play_id":"363a748e-4ead-43c3-80c3-3b6841aa053e","local_time":"20201230165427","is_ascension_mode":false,"campfire_choices":[{"data":"DemoMod:LifeOrb","floor":6,"key":"SMITH"},{"data":"DemoMod:Roll","floor":15,"key":"SMITH"}],"circlet_count":0,"master_deck":["DemoMod:Strike_Huntress","DemoMod:Defend_Huntress","DemoMod:Defend_Huntress","DemoMod:Defend_Huntress","DemoMod:Defend_Huntress","DemoMod:Roll+1","DemoMod:ManualReload","DemoMod:RustySidearm","DemoMod:CrossBow","DemoMod:StickyCrossBow","DemoMod:JK47","DemoMod:RadGun","DemoMod:LifeOrb+1","DemoMod:Unity","DemoMod:HardPowerCard","DemoMod:HungryBullets","DemoMod:HardPowerCard","DemoMod:MegaHand","DemoMod:Unmoved","DemoMod:BlackHoleGun","DemoMod:StickyCrossBow"],"relics":["DemoMod:Dog","DemoMod:MonsterBlood","Bottled Flame","DemoMod:GlassGuonStoneRelic","Golden Idol","DemoMod:NanoMachines"],"acts_visited":["Exordium"],"potions_floor_usage":[4,11,16,16],"damage_taken":[{"damage":5,"enemies":"Cultist","floor":1,"turns":5},{"damage":0,"enemies":"2 Louse","floor":2,"turns":3},{"damage":0,"enemies":"Small Slimes","floor":3,"turns":2},{"damage":4,"enemies":"Exordium Wildlife","floor":4,"turns":2},{"damage":11,"enemies":"Large Slime","floor":5,"turns":4},{"damage":39,"enemies":"3 Sentries","floor":7,"turns":8},{"damage":9,"enemies":"Lots of Slimes","floor":8,"turns":4},{"damage":0,"enemies":"Blue Slaver","floor":11,"turns":1},{"damage":0,"enemies":"Gremlin Nob","floor":13,"turns":2},{"damage":17,"enemies":"Hexaghost","floor":16,"turns":9}],"seed_played":"-5691647651040484126","potions_obtained":[{"floor":1,"key":"Explosive Potion"},{"floor":3,"key":"FearPotion"},{"floor":5,"key":"GamblersBrew"},{"floor":8,"key":"Block Potion"}],"is_trial":false,"path_per_floor":["M","M","M","M","M","R","E","M","T","$","M","?","E","$","R","B"],"character_chosen":"HUNTRESS","items_purchased":["DemoMod:HardPowerCard","DemoMod:MegaHand","DemoMod:StickyCrossBow"],"campfire_rested":0,"item_purchase_floors":[10,10,14],"current_hp_per_floor":[72,72,72,68,57,57,25,16,16,16,16,16,16,16,16,0,0],"gold":12,"neow_bonus":"TEN_PERCENT_HP_BONUS","is_daily":false,"chose_seed":false,"campfire_upgraded":2,"win_rate":0.0,"timestamp":1609314867,"path_taken":["M","M","M","M","M","R","E","?","T","$","M","?","E","$","R","BOSS"],"items_purchased_type":["Card","Card","Card"],"build_version":"2020-12-22","purchased_purges":2,"victory":false,"max_hp_per_floor":[77,77,77,77,77,77,84,84,84,84,84,78,78,78,78,78,78],"card_choices":[{"not_picked":["DemoMod:EasyReloadBullets","DemoMod:Camera"],"picked":"DemoMod:StickyCrossBow","floor":1},{"not_picked":["DemoMod:GunstockTap","DemoMod:BattleInHaste"],"picked":"DemoMod:JK47","floor":2},{"not_picked":["DemoMod:BattleInHaste","DemoMod:SAA"],"picked":"DemoMod:RadGun","floor":3},{"not_picked":["DemoMod:StickyCrossBow","DemoMod:Unmoved"],"picked":"DemoMod:LifeOrb","floor":4},{"not_picked":["DemoMod:HuntsMan","DemoMod:SkilledReload"],"picked":"DemoMod:Unity","floor":5},{"not_picked":["DemoMod:DirectionalPad","DemoMod:EasyReloadBullets"],"picked":"DemoMod:HardPowerCard","floor":7},{"not_picked":["DemoMod:HighKaliber","DemoMod:HuntsMan"],"picked":"DemoMod:HungryBullets","floor":8},{"not_picked":["DemoMod:FeignSurrender","DemoMod:ZorGun"],"picked":"DemoMod:Unmoved","floor":11},{"not_picked":["DemoMod:StickyCrossBow","DemoMod:Unmoved"],"picked":"DemoMod:BlackHoleGun","floor":13}],"player_experience":214520,"relics_obtained":[{"floor":7,"key":"DemoMod:MonsterBlood"},{"floor":9,"key":"Bottled Flame"},{"floor":13,"key":"DemoMod:NanoMachines"}],"event_choices":[{"damage_healed":0,"gold_gain":0,"player_choice":"Lose Max HP","damage_taken":0,"relics_obtained":["Golden Idol"],"max_hp_gain":0,"max_hp_loss":6,"event_name":"Golden Idol","floor":12,"gold_loss":0}],"is_beta":false,"boss_relics":[],"items_purged_floors":[10,14],"is_endless":false,"potions_floor_spawned":[1,3,5,8],"killed_by":"Hexaghost","ascension_level":0}}