{"host":"49c2zf0lajbcs427","time":1609321910,"event":{"mods":["AchievementEnabler","BaseMod","Colored Map","Colored Powertips","Highlight Path","Key Reminder","Minty Spire (QoL Compilation)","Relic Stats","StSLib"],"gold_per_floor":[113,113,113,126,145,145,172,186,210,242,279,291,303,359,371,514,526,526,526,526,526,526,526,526,526,526,526,526,320,320,320,320,320,320],"floor_reached":33,"playtime":1221,"items_purged":[],"score":473,"play_id":"5b7221fd-f000-46fc-af84-2f16ccb75b19","local_time":"20201230225150","is_ascension_mode":true,"campfire_choices":[{"data":"Inflame","floor":6.0,"key":"SMITH"},{"floor":12,"key":"REST"},{"data":"Immolate","floor":15,"key":"SMITH"},{"data":"Seeing Red","floor":23,"key":"SMITH"},{"floor":25,"key":"REST"},{"floor":32,"key":"REST"}],"circlet_count":0,"master_deck":["AscendersBane","Strike_R","Strike_R","Strike_R+1","Strike_R","Strike_R","Defend_R","Defend_R","Defend_R","Defend_R","Bash","Uppercut+1","Inflame+1","Inflame","Blood for Blood","Heavy Blade","Seeing Red+1","Power Through","Immolate+1","Offering","Bloodletting+1","J.A.X.","Feed","Exhume"],"relics":["Runic Cube","Bronze Scales","Blood Vial","MawBank","Red Skull","Golden Idol","Lantern","keyreminder:keyreminder","Ectoplasm","Happy Flower","Mercury Hourglass","Shuriken"],"acts_visited":["Exordium","TheCity"],"potions_floor_usage":[8,8,24,24,30,33],"damage_taken":[{"damage":10.0,"enemies":"Small Slimes","floor":1.0,"turns":3.0},{"damage":2.0,"enemies":"Jaw Worm","floor":4.0,"turns":3.0},{"damage":0.0,"enemies":"2 Louse","floor":5.0,"turns":3.0},{"damage":6.0,"enemies":"Gremlin Nob","floor":7.0,"turns":3.0},{"damage":0,"enemies":"Exordium Wildlife","floor":8,"turns":4},{"damage":4,"enemies":"Looter","floor":10,"turns":3},{"damage":30,"enemies":"Lagavulin","floor":11,"turns":6},{"damage":7,"enemies":"Gremlin Nob","floor":14,"turns":3},{"damage":16,"enemies":"Hexaghost","floor":16,"turns":5},{"damage":7,"enemies":"Chosen","floor":18,"turns":3},{"damage":16,"enemies":"3 Byrds","floor":21,"turns":3},{"damage":9,"enemies":"Cultist and Chosen","floor":22,"turns":3},{"damage":20,"enemies":"Slavers","floor":24,"turns":2},{"damage":24,"enemies":"Gremlin Leader","floor":28,"turns":3},{"damage":14,"enemies":"Shelled Parasite and Fungi","floor":30,"turns":2},{"damage":0,"enemies":"Snecko","floor":31,"turns":3},{"damage":55,"enemies":"Champ","floor":33,"turns":5}],"seed_played":"-2176240377987272743","potions_obtained":[{"floor":1.0,"key":"ColorlessPotion"},{"floor":4.0,"key":"Weak Potion"},{"floor":5.0,"key":"Fire Potion"},{"floor":11,"key":"Block Potion"},{"floor":14,"key":"FearPotion"},{"floor":18,"key":"DuplicationPotion"},{"floor":21,"key":"EssenceOfSteel"},{"floor":30,"key":"Dexterity Potion"}],"is_trial":false,"path_per_floor":["M","?","?","M","M","R","E","M","T","M","E","R","?","E","R","B",null,"M","$","?","M","M","R","E","R","T","?","E","$","M","M","R","B"],"character_chosen":"IRONCLAD","items_purchased":["Feed","PowerPotion"],"campfire_rested":3,"item_purchase_floors":[29,29],"current_hp_per_floor":[62,59,43,41,41,41,35,37,37,35,7,31,31,26,26,12,59,54,54,54,40,33,33,15,37,37,37,15,15,3,8,31,0,0],"gold":320,"neow_bonus":"BOSS_RELIC","is_daily":false,"chose_seed":false,"campfire_upgraded":3,"win_rate":0.0,"timestamp":1609321910,"path_taken":["M","?","?","M","M","R","E","M","T","M","E","R","?","E","R","BOSS","M","$","?","M","M","R","E","R","T","?","E","?","M","M","R","BOSS"],"items_purchased_type":["Card","Potion"],"build_version":"2020-12-22","purchased_purges":0,"victory":false,"max_hp_per_floor":[80,80,80,80,80,80,80,80,80,80,80,80,74,74,74,74,74,74,74,74,74,74,74,74,74,74,74,74,74,74,77,77,77,77],"relic_stats":{"Blood Vial":26,"Happy Flower":[4],"counters":[17,57],"Golden Idol":69,"Shuriken":[0],"Bronze Scales":[133],"Ectoplasm":307,"MawBank":96,"obtain_stats":[{"Lantern":14,"Happy Flower":24,"Golden Idol":13,"MawBank":9,"Burning Blood":0,"Mercury Hourglass":26,"Blood Vial":7,"keyreminder:keyreminder":14,"Shuriken":28,"Bronze Scales":2,"Ectoplasm":17,"Red Skull":11,"Runic Cube":0},{"Lantern":8,"Happy Flower":13,"Golden Idol":7,"MawBank":5,"Burning Blood":0,"Mercury Hourglass":13,"Blood Vial":4,"keyreminder:keyreminder":8,"Shuriken":14,"Bronze Scales":1,"Ectoplasm":9,"Red Skull":7,"Runic Cube":0},{"Lantern":28,"Happy Flower":44,"Golden Idol":25,"MawBank":16,"Burning Blood":0,"Mercury Hourglass":44,"Blood Vial":12,"keyreminder:keyreminder":28,"Shuriken":47,"Bronze Scales":3,"Ectoplasm":33,"Red Skull":25,"Runic Cube":0}],"Runic Cube":[38],"Mercury Hourglass":[48]},"card_choices":[{"not_picked":["Twin Strike","Havoc"],"picked":"Uppercut","floor":1.0},{"not_picked":["Sentinel","True Grit"],"picked":"Inflame","floor":4.0},{"not_picked":["Warcry","Armaments"],"picked":"Inflame","floor":5.0},{"not_picked":["Pommel Strike","Flex"],"picked":"Blood for Blood","floor":7.0},{"not_picked":["Bludgeon","Warcry"],"picked":"Heavy Blade","floor":8},{"not_picked":["Perfected Strike","Thunderclap"],"picked":"Seeing Red","floor":10},{"not_picked":["Second Wind","Rampage"],"picked":"Power Through","floor":11},{"not_picked":["Ghostly Armor","True Grit"],"picked":"Immolate","floor":14},{"not_picked":["Bludgeon","Brutality"],"picked":"Offering","floor":16},{"not_picked":["Anger","Evolve","Havoc"],"picked":"SKIP","floor":18},{"not_picked":["Heavy Blade","Burning Pact","Feel No Pain"],"picked":"SKIP","floor":21},{"not_picked":["Havoc","Clothesline+1"],"picked":"Bloodletting+1","floor":22},{"not_picked":["Thunderclap","Dual Wield+1","Body Slam"],"picked":"SKIP","floor":24},{"not_picked":["Reckless Charge","Twin Strike","Dark Embrace"],"picked":"SKIP","floor":28},{"not_picked":["Headbutt","Flex+1","Body Slam"],"picked":"SKIP","floor":30},{"not_picked":["Rampage+1","Wild Strike+1"],"picked":"Exhume","floor":31}],"player_experience":2204569,"relics_obtained":[{"floor":7.0,"key":"Blood Vial"},{"floor":9,"key":"MawBank"},{"floor":11,"key":"Red Skull"},{"floor":14,"key":"Lantern"},{"floor":24,"key":"Happy Flower"},{"floor":26,"key":"Mercury Hourglass"},{"floor":28,"key":"Shuriken"}],"event_choices":[{"damage_healed":0.0,"max_hp_gain":0.0,"max_hp_loss":0.0,"gold_gain":0.0,"event_name":"Scrap Ooze","player_choice":"Success","floor":2.0,"gold_loss":0.0,"damage_taken":3.0,"relics_obtained":["Bronze Scales"]},{"damage_healed":0.0,"max_hp_gain":0.0,"max_hp_loss":0.0,"gold_gain":0.0,"event_name":"Shining Light","player_choice":"Entered Light","floor":3.0,"gold_loss":0.0,"damage_taken":16.0,"cards_upgraded":["Strike_R","Uppercut"]},{"damage_healed":0,"gold_gain":0,"player_choice":"Lose Max HP","damage_taken":0,"relics_obtained":["Golden Idol"],"max_hp_gain":0,"max_hp_loss":6,"event_name":"Golden Idol","floor":13,"gold_loss":0},{"damage_healed":0,"gold_gain":0,"player_choice":"Ignored","damage_taken":0,"max_hp_gain":0,"max_hp_loss":0,"event_name":"The Mausoleum","floor":20,"gold_loss":0},{"damage_healed":0,"gold_gain":0,"player_choice":"Obtain J.A.X.","damage_taken":0,"max_hp_gain":0,"max_hp_loss":0,"event_name":"Drug Dealer","floor":27,"gold_loss":0,"cards_obtained":["J.A.X."]}],"is_beta":false,"boss_relics":[{"not_picked":["Busted Crown","Tiny House"],"picked":"Ectoplasm"}],"items_purged_floors":[],"is_endless":false,"potions_floor_spawned":[1,4,5,11,14,18,21,30],"killed_by":"Champ","ascension_level":11}}