{"host":"dhyczjm99amxd3qx","time":1609361785,"event":{"mods":["BaseMod","Colored Map","Googly Eyes","Highlight Path","Minty Spire (QoL Compilation)","Quick Restart","StSLib"],"gold_per_floor":[110,110,110,127,146,180,180,180,203,231,231,256,269,285,285,380,380,391,403,14,27,46,76,93,125,204,204,239,259,259,259,259,358,358,378,378,395,415,3,33,33,33,33,58,58,8,24,41,41,41],"floor_reached":51,"playtime":3516,"items_purged":["Strike_R"],"score":1123,"play_id":"7dd84799-b7af-4c6a-a80c-cabf9193f70e","local_time":"20201230155625","is_ascension_mode":true,"campfire_choices":[{"data":"Brutality","floor":8.0,"key":"SMITH"},{"data":"Iron Wave","floor":11.0,"key":"SMITH"},{"data":"Shockwave","floor":15.0,"key":"SMITH"},{"data":"Rage","floor":30.0,"key":"SMITH"},{"data":"Shrug It Off","floor":32.0,"key":"SMITH"},{"data":"Metallicize","floor":42.0,"key":"SMITH"},{"data":"Shrug It Off","floor":45,"key":"SMITH"},{"data":"Demon Form","floor":49,"key":"SMITH"}],"circlet_count":0,"master_deck":["Strike_R","Strike_R","Defend_R+1","Defend_R","Bash","Flex+1","Shockwave+1","Iron Wave+1","Brutality+1","Shrug It Off+1","Rage+1","Thunderclap+1","Shrug It Off+1","Iron Wave+1","Iron Wave+1","Demon Form+1","Blood for Blood+1","Immolate+1","Metallicize+1","Seeing Red+1","Iron Wave+1"],"relics":["Black Blood","White Beast Statue","Ancient Tea Set","Bag of Preparation","Red Skull","MealTicket","Molten Egg 2","Singing Bowl","Omamori","Strawberry","Vajra","Bottled Tornado","Darkstone Periapt","Pear","SacredBark","Boot","Pen Nib","PreservedInsect","Dream Catcher","Blood Vial","Bottled Lightning"],"acts_visited":["Exordium","TheCity","TheBeyond"],"potions_floor_usage":[44,44,50,50,50],"damage_taken":[{"damage":1.0,"enemies":"Cultist","floor":1.0,"turns":3.0},{"damage":0.0,"enemies":"2 Louse","floor":4.0,"turns":3.0},{"damage":0.0,"enemies":"Jaw Worm","floor":5.0,"turns":3.0},{"damage":32.0,"enemies":"3 Sentries","floor":6.0,"turns":10.0},{"damage":9.0,"enemies":"Gremlin Nob","floor":10.0,"turns":3.0},{"damage":1.0,"enemies":"Lagavulin","floor":12.0,"turns":2.0},{"damage":4.0,"enemies":"Exordium Thugs","floor":13.0,"turns":3.0},{"damage":4.0,"enemies":"Lots of Slimes","floor":14.0,"turns":1.0},{"damage":19.0,"enemies":"The Guardian","floor":16.0,"turns":7.0},{"damage":9.0,"enemies":"Shell Parasite","floor":18.0,"turns":5.0},{"damage":32.0,"enemies":"Spheric Guardian","floor":19.0,"turns":6.0},{"damage":31.0,"enemies":"Centurion and Healer","floor":21.0,"turns":8.0},{"damage":6.0,"enemies":"Shelled Parasite and Fungi","floor":22.0,"turns":5.0},{"damage":16.0,"enemies":"Slavers","floor":23.0,"turns":5.0},{"damage":12.0,"enemies":"Snecko","floor":24.0,"turns":5.0},{"damage":25.0,"enemies":"Book of Stabbing","floor":25.0,"turns":7.0},{"damage":35.0,"enemies":"Slavers","floor":28.0,"turns":8.0},{"damage":15.0,"enemies":"Centurion and Healer","floor":29.0,"turns":4.0},{"damage":25.0,"enemies":"Collector","floor":33.0,"turns":6.0},{"damage":0.0,"enemies":"3 Shapes","floor":35.0,"turns":1.0},{"damage":27.0,"enemies":"3 Darklings","floor":37.0,"turns":4.0},{"damage":6.0,"enemies":"Maw","floor":38.0,"turns":7.0},{"damage":18.0,"enemies":"Reptomancer","floor":40.0,"turns":5.0},{"damage":33,"enemies":"Nemesis","floor":44,"turns":5},{"damage":6,"enemies":"Sphere and 2 Shapes","floor":47,"turns":3},{"damage":27,"enemies":"3 Darklings","floor":48,"turns":5},{"damage":18,"enemies":"Donu and Deca","floor":50,"turns":6}],"seed_played":"-6960794092605521496","potions_obtained":[{"floor":4.0,"key":"ElixirPotion"},{"floor":5.0,"key":"PowerPotion"},{"floor":6.0,"key":"Explosive Potion"},{"floor":10.0,"key":"DistilledChaos"},{"floor":12.0,"key":"LiquidBronze"},{"floor":13.0,"key":"Weak Potion"},{"floor":14.0,"key":"Energy Potion"},{"floor":16.0,"key":"EssenceOfSteel"},{"floor":18.0,"key":"EssenceOfSteel"},{"floor":19.0,"key":"ColorlessPotion"},{"floor":21.0,"key":"Strength Potion"},{"floor":22.0,"key":"AttackPotion"},{"floor":23.0,"key":"BlessingOfTheForge"},{"floor":24.0,"key":"CultistPotion"},{"floor":25.0,"key":"Fruit Juice"},{"floor":28.0,"key":"AttackPotion"},{"floor":29.0,"key":"Weak Potion"},{"floor":33.0,"key":"FearPotion"},{"floor":35.0,"key":"ColorlessPotion"},{"floor":37.0,"key":"EssenceOfSteel"},{"floor":38.0,"key":"SkillPotion"},{"floor":40.0,"key":"SpeedPotion"},{"floor":44,"key":"Weak Potion"},{"floor":47,"key":"Energy Potion"}],"is_trial":false,"path_per_floor":["M","?","?","M","M","E","T","R","T","E","R","E","M","M","R","B",null,"M","M","$","M","M","E","M","E","T","?","E","M","R","?","R","B",null,"M","T","M","M","$","E","?","R","T","E","R","$","M","M","R","B",null],"character_chosen":"IRONCLAD","items_purchased":["Singing Bowl","Omamori","Pen Nib","PreservedInsect","Metallicize","Block Potion"],"campfire_rested":0,"item_purchase_floors":[20,20,39,39,39,46],"current_hp_per_floor":[72,58,40,46,52,26,26,26,26,23,23,28,30,32,32,19,59,62,42,57,40,46,49,51,43,43,43,30,29,29,29,29,16,79,93,93,80,88,103,99,99,99,99,80,80,95,103,92,92,88],"gold":41,"neow_bonus":"REMOVE_TWO","is_daily":false,"chose_seed":false,"campfire_upgraded":8,"win_rate":0.0,"timestamp":1609361785,"path_taken":["M","?","?","M","M","E","?","R","T","E","R","E","M","?","R","BOSS","M","M","$","M","M","E","?","E","T","?","E","?","R","?","R","BOSS","M","?","?","M","$","E","?","R","T","E","R","$","M","M","R","BOSS"],"items_purchased_type":["Relic","Relic","Relic","Relic","Card","Potion"],"build_version":"2020-12-22","purchased_purges":1,"victory":true,"max_hp_per_floor":[72,72,72,72,72,72,72,72,72,72,72,72,72,72,72,72,72,72,72,72,74,74,81,83,88,88,88,98,100,100,100,100,100,100,102,102,104,106,106,108,108,108,108,108,108,108,108,110,110,110],"card_choices":[{"not_picked":["Perfected Strike","Battle Trance"],"picked":"Flex","floor":1.0},{"not_picked":["Warcry","Clothesline"],"picked":"Shockwave","floor":4.0},{"not_picked":["True Grit","Wild Strike"],"picked":"Iron Wave","floor":5.0},{"not_picked":["Flex","Spot Weakness"],"picked":"Brutality","floor":6.0},{"not_picked":["Perfected Strike","Clash","Evolve"],"picked":"SKIP","floor":10.0},{"not_picked":["Anger+1","Clash+1"],"picked":"Shrug It Off","floor":12.0},{"not_picked":["Second Wind","Armaments"],"picked":"Rage","floor":13.0},{"not_picked":["Spot Weakness","Barricade"],"picked":"Thunderclap+1","floor":14.0},{"not_picked":["Headbutt+1","Infernal Blade+1","Wild Strike+1"],"picked":"SKIP","floor":18.0},{"not_picked":["Thunderclap+1","Sentinel"],"picked":"Shrug It Off","floor":19.0},{"not_picked":["Shockwave+1","Headbutt+1","Flex"],"picked":"Singing Bowl","floor":21.0},{"not_picked":["Ghostly Armor+1","Cleave+1"],"picked":"Iron Wave+1","floor":22.0},{"not_picked":["Bludgeon+1","Flex"],"picked":"Iron Wave+1","floor":23.0},{"not_picked":["Pommel Strike+1","Headbutt+1","Warcry"],"picked":"Singing Bowl","floor":24.0},{"not_picked":["Clash+1","Warcry"],"picked":"Demon Form","floor":25.0},{"not_picked":["Clash+1","Iron Wave+1"],"picked":"Blood for Blood+1","floor":28.0},{"not_picked":["Body Slam+1","Pommel Strike+1","Thunderclap+1"],"picked":"Singing Bowl","floor":29.0},{"not_picked":["Demon Form","Bludgeon+1"],"picked":"Immolate+1","floor":33.0},{"not_picked":["Cleave+1","Twin Strike+1","Pommel Strike+1"],"picked":"Singing Bowl","floor":35.0},{"not_picked":["Entrench","Juggernaut","Perfected Strike+1"],"picked":"Singing Bowl","floor":37.0},{"not_picked":["Pommel Strike+1","Flex+1","Infernal Blade+1"],"picked":"Singing Bowl","floor":38.0},{"not_picked":["Armaments+1","Thunderclap+1","Power Through+1"],"picked":"Singing Bowl","floor":40.0},{"not_picked":["Perfected Strike+1","Sword Boomerang+1"],"picked":"Seeing Red+1","floor":44},{"not_picked":["Dual Wield","Armaments+1"],"picked":"Iron Wave+1","floor":47},{"not_picked":["Uppercut+1","Sentinel+1","Dark Embrace"],"picked":"Singing Bowl","floor":48}],"player_experience":224943,"relics_obtained":[{"floor":6.0,"key":"Ancient Tea Set"},{"floor":7.0,"key":"Bag of Preparation"},{"floor":9.0,"key":"Red Skull"},{"floor":10.0,"key":"MealTicket"},{"floor":12.0,"key":"Molten Egg 2"},{"floor":23.0,"key":"Strawberry"},{"floor":25.0,"key":"Vajra"},{"floor":26.0,"key":"Bottled Tornado"},{"floor":28.0,"key":"Pear"},{"floor":36.0,"key":"Boot"},{"floor":40.0,"key":"Dream Catcher"},{"floor":43.0,"key":"Blood Vial"},{"floor":44,"key":"Bottled Lightning"}],"event_choices":[{"damage_healed":0.0,"max_hp_gain":0.0,"max_hp_loss":0.0,"gold_gain":0.0,"event_name":"Shining Light","player_choice":"Entered Light","floor":2.0,"gold_loss":0.0,"damage_taken":14.0,"cards_upgraded":["Defend_R","Flex"]},{"damage_healed":0.0,"max_hp_gain":0.0,"max_hp_loss":0.0,"gold_gain":0.0,"event_name":"Scrap Ooze","player_choice":"Success","floor":3.0,"gold_loss":0.0,"damage_taken":18.0,"relics_obtained":["White Beast Statue"]},{"damage_healed":0.0,"max_hp_gain":0.0,"max_hp_loss":0.0,"gold_gain":0.0,"event_name":"WeMeetAgain","player_choice":"Gave Potion","floor":27.0,"gold_loss":0.0,"damage_taken":0.0,"relics_obtained":["Darkstone Periapt"]},{"cards_removed":["Strike_R"],"damage_healed":0.0,"max_hp_gain":0.0,"max_hp_loss":0.0,"gold_gain":0.0,"event_name":"Purifier","player_choice":"Purged","floor":31.0,"gold_loss":0.0,"damage_taken":0.0},{"cards_removed":["Defend_R"],"damage_healed":0.0,"max_hp_gain":0.0,"max_hp_loss":0.0,"gold_gain":0.0,"event_name":"Falling","player_choice":"Removed Skill","floor":41.0,"gold_loss":0.0,"damage_taken":0.0}],"is_beta":false,"boss_relics":[{"not_picked":["Busted Crown","Tiny House"],"picked":"Black Blood"},{"not_picked":["Runic Pyramid","Runic Cube"],"picked":"SacredBark"}],"items_purged_floors":[39],"is_endless":false,"potions_floor_spawned":[4,5,6,10,12,13,14,16,18,19,21,22,23,24,25,28,29,33,35,37,38,40,44,47,48],"ascension_level":6}}