{"host":"nukjzc0ca34w6eem","time":1609346938,"event":{"mods":["2.2 Compatiblity","AchievementEnabler","BaseMod","Colored Powertips","Downfall","Minty Spire (QoL Compilation)","StSLib"],"gold_per_floor":[99,99,99,199,199,199,222,222,239,267,291,391,426,440,458,458,458,458],"floor_reached":16,"playtime":1194,"items_purged":[],"score":117,"play_id":"4c957f69-c08e-46b7-8390-e9a9879d2afa","local_time":"20201230084858","is_ascension_mode":true,"campfire_choices":[{"data":"champ:Taunt","floor":1,"key":"SMITH"},{"data":"champ:SwordSigil","floor":6,"key":"SMITH"},{"floor":8,"key":"RECALL"}],"circlet_count":0,"master_deck":["champ:Strike","champ:Strike+1","champ:Strike","champ:Strike","champ:Defend","champ:Defend","champ:Defend","champ:Defend","champ:Execute+1","champ:Taunt+1","champ:DeathBlow","champ:BerserkersShout","champ:SwordSigil+1","champ:Backstep","champ:HeavySlash","champ:AdrenalArmor"],"relics":["champ:ChampionCrown","downfall:HeartsMalice","Smiling Mask","Whetstone","Toy Ornithopter","Ancient Tea Set"],"acts_visited":["Exordium"],"potions_floor_usage":[12,12,13,16],"damage_taken":[{"damage":0,"enemies":"Cultist","floor":2,"turns":1},{"damage":0,"enemies":"Small Slimes","floor":3,"turns":1},{"damage":0,"enemies":"Jaw Worm","floor":5,"turns":1},{"damage":43,"enemies":"Blue Slaver","floor":9,"turns":4},{"damage":62,"enemies":"Lagavulin","floor":10,"turns":7},{"damage":94,"enemies":"downfall:LadyInBlue","floor":12,"turns":11},{"damage":59,"enemies":"3 Sentries","floor":13,"turns":6},{"damage":29,"enemies":"Red Slaver","floor":14,"turns":5},{"damage":16,"enemies":"Large Slime","floor":15,"turns":4},{"damage":41,"enemies":"downfall:Ironclad","floor":16,"turns":6}],"seed_played":"-3511131965857606464","potions_obtained":[{"floor":9,"key":"Swift Potion"},{"floor":10,"key":"Regen Potion"},{"floor":12,"key":"EssenceOfSteel"},{"floor":12,"key":"FairyPotion"},{"floor":12,"key":"AttackPotion"},{"floor":13,"key":"SteroidPotion"},{"floor":15,"key":"LiquidMemories"}],"is_trial":false,"path_per_floor":["R","M","M","?","M","R","T","R","M","E","T","?","E","M","M","B"],"character_chosen":"THE_CHAMP","items_purchased":[],"campfire_rested":0,"item_purchase_floors":[],"current_hp_per_floor":[90,90,90,90,90,90,90,90,83,58,58,38,23,14,14,17,17,17],"gold":458,"neow_bonus":"THREE_ENEMY_KILL","is_daily":false,"chose_seed":false,"campfire_upgraded":2,"win_rate":0.0,"timestamp":1609346938,"path_taken":["R","M","?","?","M","R","T","R","?","E","?","?","E","?","M","BOSS"],"items_purchased_type":[],"build_version":"2020-12-22","purchased_purges":0,"victory":false,"max_hp_per_floor":[90,90,90,90,90,90,90,90,90,90,90,90,90,90,90,90,90,90],"card_choices":[{"not_picked":["champ:Backstep","champ:PerfectedStrike"],"picked":"champ:DeathBlow","floor":2},{"not_picked":["champ:RisingSlash","champ:DefensiveShout"],"picked":"champ:BerserkersShout","floor":3},{"not_picked":["champ:ShieldWall","champ:FightOn"],"picked":"champ:SwordSigil","floor":5},{"not_picked":["champ:FanOfKnives","champ:PreciseThrust"],"picked":"champ:Backstep","floor":9},{"not_picked":["champ:ViciousMockery","champ:MurderStrike"],"picked":"champ:HeavySlash","floor":10},{"not_picked":["champ:DefensiveShout","champ:FlashCut"],"picked":"champ:AdrenalArmor","floor":13},{"not_picked":["champ:ViciousMockery","champ:DefensiveShout","champ:FanOfKnives"],"picked":"SKIP","floor":14},{"not_picked":["champ:GladiatorsShout","champ:DefensiveShout","champ:FocusedGladiator"],"picked":"SKIP","floor":15}],"player_experience":475414,"relics_obtained":[{"floor":10,"key":"Smiling Mask"},{"floor":11,"key":"Whetstone"},{"floor":12,"key":"Toy Ornithopter"},{"floor":13,"key":"Ancient Tea Set"}],"event_choices":[],"is_beta":false,"boss_relics":[],"items_purged_floors":[],"is_endless":false,"potions_floor_spawned":[9,10,13,15],"killed_by":"downfall:Ironclad","ascension_level":2}}