{"host":"0cgp910o8339lr91","time":1609372791,"event":{"mods":["BaseMod","Colored Map","Filter the Spire","Minty Spire (QoL Compilation)","Relic Stats","Slay-I","ojb\u0027s Better Paths Mod","ojb\u0027s Info Mod"],"gold_per_floor":[112,112,122,136,62,62,74,74,74],"floor_reached":8,"playtime":618,"items_purged":[],"score":94,"play_id":"08de62e2-fd5d-4657-80fc-78ba15795d81","local_time":"20201231005951","is_ascension_mode":true,"campfire_choices":[{"data":"Vault","floor":6,"key":"SMITH"}],"circlet_count":0,"master_deck":["AscendersBane","Eruption","Vigilance","Study","FlyingSleeves","Adaptation","Weave","Conclude","WreathOfFlame","Prostrate","LikeWater","Protect","LikeWater","Vault+1"],"relics":["Pandora\u0027s Box"],"acts_visited":["Exordium"],"potions_floor_usage":[],"damage_taken":[{"damage":2,"enemies":"2 Louse","floor":1,"turns":3},{"damage":0,"enemies":"Cultist","floor":3,"turns":3},{"damage":0,"enemies":"Small Slimes","floor":4,"turns":2},{"damage":20,"enemies":"Exordium Thugs","floor":7,"turns":6},{"damage":41,"enemies":"Gremlin Nob","floor":8,"turns":4}],"seed_played":"-8587206525049079949","potions_obtained":[{"floor":2,"key":"FearPotion"},{"floor":2,"key":"ColorlessPotion"}],"is_trial":false,"path_per_floor":["M","?","M","M","$","R","M","E"],"character_chosen":"WATCHER","items_purchased":["Vault"],"campfire_rested":0,"item_purchase_floors":[5],"current_hp_per_floor":[59,59,59,59,59,59,39,0,0],"gold":74,"neow_bonus":"BOSS_RELIC","is_daily":false,"chose_seed":false,"campfire_upgraded":1,"win_rate":0.0,"timestamp":1609372791,"path_taken":["M","?","M","M","?","R","?","E"],"items_purchased_type":["Card"],"build_version":"2020-12-22","purchased_purges":0,"victory":false,"max_hp_per_floor":[68,68,68,68,68,68,68,68,68],"relic_stats":{"counters":[5,18],"Pandora\u0027s Box":["Study","FlyingSleeves","Adaptation","Weave","Conclude","WreathOfFlame","Prostrate","LikeWater"],"obtain_stats":[{"Pandora\u0027s Box":0,"PureWater":0},{"Pandora\u0027s Box":0,"PureWater":0},{"Pandora\u0027s Box":0,"PureWater":0}]},"card_choices":[{"not_picked":["Crescendo","CutThroughFate"],"picked":"Protect","floor":1},{"not_picked":["ThirdEye","WheelKick"],"picked":"LikeWater","floor":3},{"not_picked":["FlyingSleeves","Prostrate","Vengeance"],"picked":"SKIP","floor":4},{"not_picked":["Crescendo","Prostrate","Sanctity"],"picked":"SKIP","floor":7}],"player_experience":1265761,"relics_obtained":[],"event_choices":[{"damage_healed":0,"gold_gain":0,"player_choice":"Got Potions","damage_taken":0,"max_hp_gain":0,"max_hp_loss":0,"event_name":"Lab","floor":2,"gold_loss":0}],"is_beta":false,"boss_relics":[],"items_purged_floors":[],"is_endless":false,"potions_floor_spawned":[3,7],"killed_by":"Gremlin Nob","ascension_level":19}}