{"host":"48zyk7qbyaqvksy3","time":1609324797,"event":{"mods":["Act Like it!","BaseMod","GifTheSpireLib","Marisa£®ÏF”Í°°ƒß¿Ì…≥£©","Minty Spire (QoL Compilation)","Replay The Spire","Shop Mod","StSLib","The Servant 0.9.4","Waifu the Spire"],"gold_per_floor":[117,77,91,104,123,123,168,168,168,168,195,230,256,281,281,391,491,502,601,601,601,601],"floor_reached":21,"playtime":866,"items_purged":[],"score":244,"play_id":"2de9ae56-8876-4bb1-8f03-2d758a9f6c57","local_time":"20201230183957","is_ascension_mode":true,"campfire_choices":[{"data":"MysteriousBeam","floor":6.0,"key":"SMITH"},{"data":"FinalSpark","floor":8.0,"key":"SMITH"},{"floor":15,"key":"REST"}],"circlet_count":0,"master_deck":["Strike_MRS","Strike_MRS","Strike_MRS","Strike_MRS","Defend_MRS","Defend_MRS","Defend_MRS","Defend_MRS","MasterSpark","UpSweep","ShootTheMoon","MysteriousBeam+1","Robbery","GrandCross","FinalSpark+1","IllusionStar","RefractionSpark","CasketOfStar","TreasureHunter","Occultation+1"],"relics":["MiniHakkero","SacredBark","Replay:Bronze Core","Gremlin Horn","Chameleon Ring","Ancient Tea Set","Replay:Rubber Ducky","Nunchaku","Replay:Wanted Poster"],"acts_visited":["Exordium","TheCity"],"potions_floor_usage":[12,16,16],"damage_taken":[{"damage":2.0,"enemies":"Jaw Worm","floor":1.0,"turns":3.0},{"damage":1.0,"enemies":"Cultist","floor":3.0,"turns":3.0},{"damage":4.0,"enemies":"Small Slimes","floor":4.0,"turns":3.0},{"damage":18.0,"enemies":"2 Fungi Beasts","floor":5.0,"turns":3.0},{"damage":4.0,"enemies":"3 Sentries","floor":7.0,"turns":4.0},{"damage":11.0,"enemies":"Exordium Wildlife","floor":11.0,"turns":6.0},{"damage":0,"enemies":"Gremlin Nob","floor":12,"turns":2},{"damage":22,"enemies":"3 Sentries","floor":14,"turns":5},{"damage":17,"enemies":"Hexaghost","floor":16,"turns":5},{"damage":22,"enemies":"Spheric Guardian","floor":18,"turns":4},{"damage":0,"enemies":"3 Byrds","floor":21,"turns":1}],"seed_played":"-7348185175154326880","potions_obtained":[{"floor":1.0,"key":"PowerPotion"},{"floor":2.0,"key":"GamblersBrew"},{"floor":2.0,"key":"PowerPotion"},{"floor":2.0,"key":"Adrenaline Potion"},{"floor":4.0,"key":"Fire Potion"},{"floor":10.0,"key":"DuplicationPotion"},{"floor":10.0,"key":"SteroidPotion"},{"floor":18,"key":"AttackPotion"}],"is_trial":false,"path_per_floor":["M","?","M","M","M","R","E","R","T","R","M","E","T","E","R","B",null,"M","?","?","M"],"character_chosen":"MARISA","items_purchased":[],"campfire_rested":1,"item_purchase_floors":[],"current_hp_per_floor":[73,73,72,68,50,50,46,46,46,46,35,35,35,13,35,18,75,53,53,39,39,39],"gold":601,"neow_bonus":"DOUBLE_BOSS_RELIC","is_daily":false,"chose_seed":false,"campfire_upgraded":2,"win_rate":0.0,"timestamp":1609324797,"path_taken":["M","?","?","M","M","R","E","R","T","R","M","E","?","E","R","BOSS","M","?","?","?"],"items_purchased_type":[],"build_version":"2020-12-22","purchased_purges":0,"victory":false,"max_hp_per_floor":[75,75,75,75,75,75,75,75,75,75,75,75,75,75,75,75,75,75,75,80,80,80],"card_choices":[{"not_picked":["RefractionSpark","6A"],"picked":"ShootTheMoon","floor":1.0},{"not_picked":["SporeBomb","DeepEcoloBomb"],"picked":"MysteriousBeam","floor":3.0},{"not_picked":["Acceleration","ManaConvection"],"picked":"Robbery","floor":4.0},{"not_picked":["DoubleSpark","AsteroidBelt"],"picked":"GrandCross","floor":5.0},{"not_picked":["GrandCross","ShootTheMoon"],"picked":"FinalSpark","floor":7.0},{"not_picked":["SporeBomb","ManaConvection"],"picked":"IllusionStar","floor":11.0},{"not_picked":["OneTimeOff","GrandCross"],"picked":"RefractionSpark","floor":12},{"not_picked":["DC","ShootingEcho"],"picked":"CasketOfStar","floor":14},{"not_picked":["CasketOfStar","BinaryStars"],"picked":"TreasureHunter","floor":16},{"not_picked":["GrandCross","AsteroidBelt"],"picked":"Occultation+1","floor":18}],"player_experience":261681,"relics_obtained":[{"floor":7.0,"key":"Gremlin Horn"},{"floor":9.0,"key":"Chameleon Ring"},{"floor":12,"key":"Ancient Tea Set"},{"floor":13,"key":"Replay:Rubber Ducky"},{"floor":14,"key":"Nunchaku"}],"event_choices":[{"damage_healed":0.0,"max_hp_gain":0.0,"max_hp_loss":0.0,"gold_gain":0.0,"event_name":"The Woman in Blue","player_choice":"Bought 3 Potions","floor":2.0,"gold_loss":0.0,"damage_taken":0.0},{"damage_healed":0,"gold_gain":99,"player_choice":"Stole From Cult","damage_taken":0,"max_hp_gain":0,"max_hp_loss":0,"event_name":"Nest","floor":19,"gold_loss":0},{"damage_healed":0,"gold_gain":0,"player_choice":"Shed Blood","damage_taken":19,"max_hp_gain":5,"max_hp_loss":0,"event_name":"Forgotten Altar","floor":20,"gold_loss":0}],"is_beta":false,"boss_relics":[{"not_picked":["Honey Jar","Philosopher\u0027s Stone"],"picked":"Replay:Wanted Poster"}],"items_purged_floors":[],"is_endless":false,"potions_floor_spawned":[1,4,5,18],"killed_by":"3 Byrds","ascension_level":2}}