{"host":"51fyd6gkml7xavq8","time":1609350667,"event":{"mods":["BaseMod","BetterRewards","Colored Map","Energized Spire","Infinite Spire","Minty Spire (QoL Compilation)","Replay The Spire","Shop Mod","Spicy Shops","StSLib","The Blue Laboratory","[IsaacMod]????"],"gold_per_floor":[114,129,144,159,174,174,189,189,189,219,234,264,264,18,18,118,168,183,192,216,235,250,274,274,283,292,292,322,322,358,385,385,393,393],"floor_reached":33,"playtime":2012,"items_purged":["Languid","Dualcast"],"score":356,"play_id":"4181b9fb-bc2d-4d3f-b3ef-2cafa7f0d703","local_time":"20201230145107","daily_mods":["Cursed Run","Diverse","DeadlyEvents"],"is_ascension_mode":false,"campfire_choices":[{"data":"Zap","floor":6.0,"key":"SMITH"},{"data":"Noxious Fumes","floor":8.0,"key":"SMITH"},{"data":"Delirium","floor":15.0,"key":"PURGE"},{"data":"infinitespire:Neurotoxin","floor":24,"key":"SMITH"},{"data":"ReplayTheSpireMod:Chaos Vortex","floor":27,"key":"SMITH"},{"data":"ReplayTheSpireMod:Brewmster","floor":32,"key":"SMITH"}],"circlet_count":0,"master_deck":["Strike_B","Strike_B","Strike_B","Strike_B","Defend_B","Defend_B","Defend_B","Defend_B","Zap+1","Reaper","Noxious Fumes+1","ReplayTheSpireMod:Calculation Training+1","ReplayTheSpireMod:Brewmster+1","infinitespire:Neurotoxin+1","Ball Lightning","ReplayTheSpireMod:Chaos Vortex+1","Poisoned Stab","FIFO Queue","Necronomicurse","Shame","Echo Form"],"relics":["Cursed Key","Darkstone Periapt","Du-Vu Doll","HushsDoor","AnarchistCookbook","Incense Burner","Pantograph","infinitespire:BottledMercury","Blood Vial","MerchantsRug","CeramicFish","Necronomicon","TuHaoJin","Replay:Bandana"],"acts_visited":["Exordium","TheCity"],"potions_floor_usage":[30,30],"damage_taken":[{"damage":4.0,"enemies":"infinitespire:Voidling","floor":1.0,"turns":3.0},{"damage":0.0,"enemies":"Cultist","floor":2.0,"turns":4.0},{"damage":3.0,"enemies":"Small Slimes","floor":3.0,"turns":3.0},{"damage":6.0,"enemies":"Red Slaver","floor":4.0,"turns":3.0},{"damage":0.0,"enemies":"2 Fungi Beasts","floor":5.0,"turns":2.0},{"damage":14.0,"enemies":"Blue Slaver","floor":7.0,"turns":3.0},{"damage":0.0,"enemies":"Gremlin Nob","floor":10.0,"turns":3.0},{"damage":25.0,"enemies":"Exordium Thugs","floor":11.0,"turns":4.0},{"damage":0.0,"enemies":"Lagavulin","floor":12.0,"turns":3.0},{"damage":28.0,"enemies":"Fading Forest","floor":16.0,"turns":11.0},{"damage":8.0,"enemies":"Shell Parasite","floor":18.0,"turns":6.0},{"damage":10.0,"enemies":"Spheric Guardian","floor":20.0,"turns":3.0},{"damage":25.0,"enemies":"Snecko","floor":22.0,"turns":5.0},{"damage":1.0,"enemies":"Snake Plant","floor":23.0,"turns":4.0},{"damage":23,"enemies":"Book of Stabbing","floor":28,"turns":5},{"damage":0,"enemies":"Sentry and Sphere","floor":30,"turns":4},{"damage":5,"enemies":"Snecko","floor":31,"turns":4},{"damage":108,"enemies":"Automaton","floor":33,"turns":4}],"seed_played":"9091901603564859836","potions_obtained":[{"floor":4.0,"key":"Languid Potion"},{"floor":5.0,"key":"DistilledChaos"},{"floor":7.0,"key":"blueLaboratory:BottleOfVodka"},{"floor":16.0,"key":"blueLaboratory:Moonshine"},{"floor":17.0,"key":"blueLaboratory:CoolantVial"},{"floor":22.0,"key":"Energy Potion"},{"floor":31,"key":"Energy Potion"}],"is_trial":false,"path_per_floor":["M","M","M","M","M","R","M","R","T","E","M","E","?","$","R_BF","B",null,"M","AVR","M","$","M","M","R","?","T","R","E","?","M","M","R","B"],"character_chosen":"DEFECT","items_purchased":["MerchantsRug","ReplayTheSpireMod:Brewmster"],"campfire_rested":0,"item_purchase_floors":[14,14],"current_hp_per_floor":[75,75,72,67,67,67,57,57,63,68,53,53,38,38,38,61,92,84,84,76,76,57,58,58,48,54,54,45,45,63,72,72,0,0],"gold":393,"neow_bonus":"","is_daily":true,"chose_seed":false,"campfire_upgraded":5,"win_rate":0.0,"timestamp":1609350667,"path_taken":["M","M","?","?","M","R","M","R","T","?","M","E","?","$","R_BF","BOSS","M","AVR","M","$","M","M","R","?","T","R","E","?","M","M","R","BOSS"],"items_purchased_type":["Relic","Card"],"build_version":"2020-12-22","purchased_purges":2,"victory":false,"max_hp_per_floor":[75,75,75,75,75,75,75,75,81,81,81,81,81,81,81,87,92,92,92,92,92,92,92,92,98,104,104,104,104,104,104,104,104,104],"card_choices":[{"not_picked":[],"picked":"Bomb","floor":0.0},{"not_picked":["Endless Agony","Cold Snap"],"picked":"Reaper","floor":1.0},{"not_picked":["Clothesline","Hidden Blade","Twin Strike"],"picked":"SKIP","floor":2.0},{"not_picked":["Replay:Many Hands","Pommel Strike","Melter"],"picked":"SKIP","floor":3.0},{"not_picked":["Wild Strike","Clash","Replay:Undeath\u0027s Touch"],"picked":"SKIP","floor":4.0},{"not_picked":["Rebound","Leap","Beam Cell"],"picked":"SKIP","floor":5.0},{"not_picked":["Dagger Spray","Blade Dance"],"picked":"Noxious Fumes","floor":7.0},{"not_picked":["Leap","Streamline"],"picked":"ReplayTheSpireMod:Calculation Training","floor":10.0},{"not_picked":["Eclipse","Backflip","Bane"],"picked":"SKIP","floor":11.0},{"not_picked":["Dagger Throw","Entrench","Blade Dance"],"picked":"SKIP","floor":12.0},{"not_picked":["Mirror Shield","Venomology"],"picked":"infinitespire:Neurotoxin","floor":16.0},{"not_picked":["Expertise+1","Slice"],"picked":"Ball Lightning","floor":18.0},{"not_picked":["FTL","Run Through"],"picked":"Poisoned Stab","floor":20.0},{"not_picked":["Blade Dance","Compile Driver","Stack"],"picked":"SKIP","floor":22.0},{"not_picked":["Double Energy","PiercingWail"],"picked":"FIFO Queue","floor":23},{"not_picked":["Skim","Rage+1","Life Link"],"picked":"SKIP","floor":28},{"not_picked":["Skim","Backflip"],"picked":"Echo Form","floor":30},{"not_picked":["Outmaneuver","Prepared","Infinite Blades"],"picked":"SKIP","floor":31}],"player_experience":416463,"relics_obtained":[{"floor":9.0,"key":"Incense Burner"},{"floor":10.0,"key":"Pantograph"},{"floor":12.0,"key":"infinitespire:BottledMercury"},{"floor":25,"key":"Necronomicon"},{"floor":26,"key":"TuHaoJin"},{"floor":28,"key":"Replay:Bandana"}],"event_choices":[{"damage_healed":0,"gold_gain":0,"player_choice":"Obtained Book","damage_taken":16,"max_hp_gain":0,"max_hp_loss":0,"event_name":"Cursed Tome","floor":25,"gold_loss":0},{"damage_healed":0,"gold_gain":0,"player_choice":"Ignored","damage_taken":0,"max_hp_gain":0,"max_hp_loss":0,"event_name":"Ghosts","floor":29,"gold_loss":0}],"is_beta":false,"boss_relics":[{"not_picked":["Fusion Hammer","ChampionBelt"],"picked":"Tiny House"},{"not_picked":[]}],"items_purged_floors":[19,21],"is_endless":false,"potions_floor_spawned":[4,5,7,12,16,22,23,31],"killed_by":"Automaton","ascension_level":0}}