{"host":"vmo6qas4tfa0p776","time":1609364696,"event":{"mods":["AchievementEnabler","BaseMod","Bestiary","Better Altar","Better Match","Better Note","Better Sensory Stone","Better Skull","Better Third Choice","Colored Map","Downfall","Minty Spire (QoL Compilation)","Relic Stats","Robot Space Explorer","Spicy Shops","StSLib","The Marked"],"gold_per_floor":[99,118,133,146,156,81,107,12,12,112,1,21,21,6,20,20,20],"floor_reached":16,"playtime":2716,"items_purged":[],"score":117,"play_id":"407c3708-30e9-4fc7-a682-e23376c65a45","local_time":"20201230164456","is_ascension_mode":false,"campfire_choices":[{"floor":1,"key":"RECALL"},{"floor":6,"key":"REST"},{"data":"sneckomod:SnekBite","floor":9,"key":"SMITH"},{"floor":13,"key":"REST"}],"circlet_count":0,"master_deck":["sneckomod:Strike","sneckomod:Strike","sneckomod:Strike","sneckomod:Defend","sneckomod:Defend","sneckomod:Defend","sneckomod:TailWhip","sneckomod:SnekBite+1","sneckomod:Unknown","sneckomod:Unknown","sneckomod:UnknownClassPURPLE","sneckomod:UnknownVulnerable","sneckomod:DiceBlock","sneckomod:SoulDraw","sneckomod:SoulRoll","sneckomod:UnknownUncommonPower","sneckomod:UnknownStrike","sneckomod:Unknown1Cost","sneckomod:Rotation","sneckomod:UnknownClassTHE_CHAMP_GRAY","sneckomod:UnknownClassGREEN"],"relics":["sneckomod:SneckoSoul","Ancient Tea Set","downfall:HeartBlessingRed","downfall:CloakOfManyFaces","CultistMask","FaceOfCleric","NlothsMask","GremlinMask","SsserpentHead","sneckomod:LoadedDie"],"acts_visited":["Exordium"],"potions_floor_usage":[3,8,14,16],"damage_taken":[{"damage":4,"enemies":"Cultist","floor":2,"turns":3},{"damage":22,"enemies":"Small Slimes","floor":3,"turns":3},{"damage":12,"enemies":"Jaw Worm","floor":4,"turns":3},{"damage":0,"enemies":"Large Slime","floor":5,"turns":2},{"damage":0,"enemies":"downfall:FleeingMerchant","floor":8,"turns":4},{"damage":48,"enemies":"downfall:FaceTrader","floor":10,"turns":9},{"damage":5,"enemies":"downfall:FleeingMerchant","floor":11,"turns":4},{"damage":26,"enemies":"2 Fungi Beasts","floor":12,"turns":6},{"damage":10,"enemies":"downfall:FleeingMerchant","floor":14,"turns":4},{"damage":35,"enemies":"Gremlin Gang","floor":15,"turns":5},{"damage":18,"enemies":"downfall:Silent","floor":16,"turns":2}],"seed_played":"-7084888628777021536","potions_obtained":[{"floor":2,"key":"DistilledChaos"},{"floor":4,"key":"Energy Potion"},{"floor":12,"key":"LiquidBronze"},{"floor":15,"key":"Explosive Potion"}],"is_trial":false,"path_per_floor":["R","M","M","M","M","R","T","$","R","?","$","M","R","$","M","B"],"character_chosen":"THE_SNECKO","items_purchased":["sneckomod:UnknownUncommonPower","sneckomod:LoadedDie"],"campfire_rested":2,"item_purchase_floors":[8,11],"current_hp_per_floor":[99,96,75,67,67,97,97,98,98,51,48,23,54,46,13,0,0],"gold":20,"neow_bonus":"TEN_PERCENT_HP_BONUS","is_daily":false,"chose_seed":false,"campfire_upgraded":1,"win_rate":0.0,"timestamp":1609364696,"path_taken":["R","M","M","?","M","R","T","$","R","?","?","M","R","$","M","BOSS"],"items_purchased_type":["Card","Relic"],"build_version":"2020-12-22","purchased_purges":0,"victory":false,"max_hp_per_floor":[99,100,101,101,101,101,101,102,102,103,105,106,106,108,110,110,110],"relic_stats":{"SsserpentHead":50,"FaceOfCleric":4,"counters":[11,44],"obtain_stats":[{"SsserpentHead":10,"downfall:HeartBlessingRed":6,"FaceOfCleric":10,"sneckomod:LoadedDie":11,"GremlinMask":10,"CultistMask":10,"downfall:CloakOfManyFaces":10,"sneckomod:SneckoSoul":0,"Ancient Tea Set":3,"NlothsMask":10},{"SsserpentHead":6,"downfall:HeartBlessingRed":4,"FaceOfCleric":6,"sneckomod:LoadedDie":7,"GremlinMask":6,"CultistMask":6,"downfall:CloakOfManyFaces":6,"sneckomod:SneckoSoul":0,"Ancient Tea Set":2,"NlothsMask":6},{"SsserpentHead":23,"downfall:HeartBlessingRed":10,"FaceOfCleric":23,"sneckomod:LoadedDie":27,"GremlinMask":23,"CultistMask":23,"downfall:CloakOfManyFaces":23,"sneckomod:SneckoSoul":0,"Ancient Tea Set":5,"NlothsMask":23}]},"card_choices":[{"not_picked":["sneckomod:WideSting","sneckomod:IronFang"],"picked":"sneckomod:UnknownClassPURPLE","floor":2},{"not_picked":["sneckomod:SoulRoll","sneckomod:QuickMove"],"picked":"sneckomod:UnknownVulnerable","floor":3},{"not_picked":["sneckomod:UnknownWeak","sneckomod:QuickBite"],"picked":"sneckomod:DiceBlock","floor":4},{"not_picked":["sneckomod:UnknownBlock","sneckomod:UnknownCommonSkill"],"picked":"sneckomod:SoulDraw","floor":5},{"not_picked":["sneckomod:UnknownClassROBOT_ORANGE_COLOR","sneckomod:SerpentMind"],"picked":"sneckomod:SoulRoll","floor":8},{"not_picked":["sneckomod:UnknownCommonAttack","sneckomod:UnknownClassDEFAULT_GRAY_COLOR"],"picked":"sneckomod:UnknownStrike","floor":10},{"not_picked":["sneckomod:SoulDraw","sneckomod:UnknownStrike"],"picked":"sneckomod:Unknown1Cost","floor":11},{"not_picked":["sneckomod:SoulDraw","sneckomod:UnknownStrike"],"picked":"sneckomod:Rotation","floor":12},{"not_picked":["sneckomod:UnknownClassRED","sneckomod:UnknownUncommonPower"],"picked":"sneckomod:UnknownClassTHE_CHAMP_GRAY","floor":14},{"not_picked":["sneckomod:SlitherStrike","sneckomod:RainOfDice"],"picked":"sneckomod:UnknownClassGREEN","floor":15}],"player_experience":199896,"relics_obtained":[{"floor":3,"key":"Ancient Tea Set"},{"floor":10,"key":"downfall:CloakOfManyFaces"}],"event_choices":[],"is_beta":false,"boss_relics":[],"items_purged_floors":[],"is_endless":false,"potions_floor_spawned":[2,4,12,15],"killed_by":"downfall:Silent","ascension_level":0}}