{"host":"npubv26u89aif4fa","time":1609315163,"event":{"mods":["Astrologer","BaseMod","Better Vampires","Better-Laid Plans","Colored Powertips","GifTheSpireLib","GungeonMod","HornydragonMod","Hubris","Jedi Mod","Minty Spire (QoL Compilation)","Quick Restart","Remilia（蕾米莉亚）","Replay The Spire","StSLib","Td1madao Mod","The Administrix","The Alterego","The Bug Knight","The Cursed","The Runesmith","Yuri Mod","残留之物"],"gold_per_floor":[118,138,138,191,64,64,97,97,97,111,124,164,164,189,189,312,312,328,328,328,346,369,403,36,80,104,104,127,148,166,209,209,337,337,357,372,124,144,165,204,217,255,255,255,294,319,319,344,344,344,344,344,66,107,107],"floor_reached":56,"playtime":4411,"items_purged":["Bash","jedi:hate","Defend_R"],"score":1356,"play_id":"2432585a-c1ad-494e-94c2-392e951be943","local_time":"20201230155923","is_ascension_mode":false,"campfire_choices":[{"floor":6.0,"key":"RECALL"},{"data":"Discovery","floor":8.0,"key":"SMITH"},{"floor":15.0,"key":"REST"},{"data":"ReplayTheSpireMod:Brewmster","floor":27,"key":"SMITH"},{"data":"Replay:Many Hands","floor":32,"key":"SMITH"},{"data":"Inflame","floor":44,"key":"SMITH"},{"data":"Exhume","floor":47,"key":"SMITH"},{"data":"Midas Touch","floor":49,"key":"SMITH"},{"data":"Metallicize","floor":52,"key":"SMITH"}],"circlet_count":0,"master_deck":["Defend_R","Defend_R+1","Defend_R","Madness","Shrug It Off","Midas Touch+1","Discovery+1","ReplayTheSpireMod:Brewmster+1","Intimidate","Inflame+1","Metallicize+1","Demonic Infusion","Exhume+1","Bite","Bite","Bite","Bite","Bite","Pommel Strike","Clash","Defy Death","Replay:Many Hands+1","Limit Break+1","Replay:Undeath\u0027s Touch+1","jedi:MakeshiftSword+1","jedi:unlimitedpower","Bloodletting+1"],"relics":["Burning Blood","Golden Idol","Red Skull","ReplayTheSpireMod:ShopPack","Omamori","Quantum Egg","Potion Belt","hubris:Icosahedron","Replay:Bronze Core","Centennial Puzzle","hubris:Potato","Ancient Tea Set","Kunai","hubris:GrandSneckoEye","DemoMod:Relodestone","jedi:crownofsimplicity","Mummified Hand","Durian","Toy Ornithopter","Runesmith:Nanobots"],"acts_visited":["Exordium","TheCity","TheBeyond","TheEnding"],"potions_floor_usage":[21,22,28,29,29,30,33,33,33,39,41,42,46,50,50,50,55,55,55,55,55,55,55,55,55,55],"damage_taken":[{"damage":1.0,"enemies":"2 Louse","floor":1.0,"turns":4.0},{"damage":6.0,"enemies":"Jaw Worm","floor":2.0,"turns":4.0},{"damage":22.0,"enemies":"Gremlin Nob","floor":7.0,"turns":4.0},{"damage":0.0,"enemies":"Cultist","floor":10.0,"turns":4.0},{"damage":17.0,"enemies":"3 Louse","floor":11.0,"turns":5.0},{"damage":21.0,"enemies":"Lagavulin","floor":12.0,"turns":6.0},{"damage":12.0,"enemies":"Large Slime","floor":14.0,"turns":4.0},{"damage":39.0,"enemies":"Hexaghost","floor":16.0,"turns":10.0},{"damage":32.0,"enemies":"Spheric Guardian","floor":18.0,"turns":7.0},{"damage":20,"enemies":"2 Thieves","floor":21,"turns":3},{"damage":2,"enemies":"Snecko","floor":22,"turns":4},{"damage":24,"enemies":"Book of Stabbing","floor":23,"turns":5},{"damage":8,"enemies":"Gremlin Leader","floor":25,"turns":2},{"damage":45,"enemies":"3 Cultists","floor":28,"turns":5},{"damage":8,"enemies":"Snake Plant","floor":29,"turns":5},{"damage":14,"enemies":"Cultist and Chosen","floor":30,"turns":4},{"damage":29,"enemies":"Slavers","floor":31,"turns":5},{"damage":17,"enemies":"Collector","floor":33,"turns":5},{"damage":6,"enemies":"Orb Walker","floor":35,"turns":3},{"damage":15,"enemies":"3 Shapes","floor":36,"turns":5},{"damage":10,"enemies":"Jaw Worm Horde","floor":38,"turns":2},{"damage":6,"enemies":"Spire Growth","floor":39,"turns":3},{"damage":13,"enemies":"R_Hoarder","floor":40,"turns":5},{"damage":5,"enemies":"Maw","floor":41,"turns":4},{"damage":0,"enemies":"Reptomancer","floor":42,"turns":2},{"damage":0,"enemies":"Transient","floor":46,"turns":1},{"damage":0,"enemies":"Sphere and 2 Shapes","floor":48,"turns":1},{"damage":46,"enemies":"Time Eater","floor":50,"turns":5},{"damage":0,"enemies":"Shield and Spear","floor":54,"turns":1},{"damage":33,"enemies":"The Heart","floor":55,"turns":7}],"seed_played":"-5810130724055977868","potions_obtained":[{"floor":1.0,"key":"Weak Potion"},{"floor":7.0,"key":"GamblersBrew"},{"floor":10.0,"key":"Dexterity Potion"},{"floor":16.0,"key":"Toxic Potion"},{"floor":22,"key":"ColorlessPotion"},{"floor":25,"key":"LiquidBronze"},{"floor":28,"key":"LifebloodPotion"},{"floor":40,"key":"Flashbang"},{"floor":42,"key":"EntropicBrew"},{"floor":54,"key":"Weak Potion"}],"is_trial":false,"path_per_floor":["M","M","?","T","$","R","E","R","T","M","M","E","?","M","R","B",null,"M","?","?","M","M","E","$","E","T","R","M","M","M","E","R","B",null,"M","M","$","M","M","E","M","E","T","R","?","M","R","M","R","B",null,"R","$","E","B",null],"character_chosen":"IRONCLAD","items_purchased":["ReplayTheSpireMod:ShopPack","hubris:Potato","jedi:unlimitedpower","Toy Ornithopter"],"campfire_rested":1,"item_purchase_floors":[5,24,37,53],"current_hp_per_floor":[80,80,60,60,60,60,44,44,44,50,39,24,24,18,42,9,80,54,80,56,46,56,52,52,54,54,54,27,43,44,33,33,38,56,56,56,56,56,56,54,56,56,56,56,39,45,45,53,53,17,61,61,61,61,61],"gold":107,"neow_bonus":"RANDOM_COLORLESS","is_daily":false,"chose_seed":false,"campfire_upgraded":7,"win_rate":0.0,"timestamp":1609315163,"path_taken":["M","M","?","?","$","R","E","R","T","M","?","E","?","M","R","BOSS","M","?","?","M","M","E","?","E","T","R","M","?","M","E","R","BOSS","M","?","$","M","M","E","M","E","T","R","?","M","R","M","R","BOSS","R","$","E","BOSS"],"items_purchased_type":["Relic","Relic","Card","Relic"],"build_version":"2020-12-22","purchased_purges":3,"victory":true,"max_hp_per_floor":[80,80,80,80,80,80,80,80,80,80,80,80,80,80,80,80,80,80,80,56,56,56,56,56,56,56,56,56,56,56,56,56,56,56,56,56,56,56,56,56,56,56,56,56,61,61,61,61,61,61,61,61,61,61,61],"card_choices":[{"not_picked":["Blind","Forethought"],"picked":"Madness","floor":0.0},{"not_picked":["Body Slam","Flex"],"picked":"Shrug It Off","floor":1.0},{"not_picked":["Run Through","Warcry"],"picked":"jedi:hate","floor":2.0},{"not_picked":["Metamorphosis","DemoMod:Deposit"],"picked":"Midas Touch","floor":5.0},{"not_picked":["Swift Strike","DemoMod:Spice"],"picked":"Discovery","floor":5.0},{"not_picked":["Bandage Up","Magnetism"],"picked":"ReplayTheSpireMod:Brewmster","floor":5.0},{"not_picked":["ReplayTheSpireMod:Limb From Limb","Perfected Strike"],"picked":"Intimidate","floor":7.0},{"not_picked":["Reckless Charge","Bloodletting"],"picked":"Inflame","floor":10.0},{"not_picked":["Perfected Strike","Battle Trance"],"picked":"Metallicize","floor":11.0},{"not_picked":["DemoMod:BlackBlade","Burning Pact"],"picked":"Demonic Infusion","floor":12.0},{"not_picked":["Perfected Strike","Burning Pact","True Grit"],"picked":"SKIP","floor":14.0},{"not_picked":["Feed","Immolate"],"picked":"Exhume","floor":16.0},{"not_picked":["Iron Wave","Rage","True Grit"],"picked":"SKIP","floor":18.0},{"not_picked":["True Grit","Seeing Red+1"],"picked":"Pommel Strike","floor":21},{"not_picked":["hubris:SharpeningStone+1","Cleave+1"],"picked":"Clash","floor":22},{"not_picked":["Havoc","Seeing Red"],"picked":"Defy Death","floor":23},{"not_picked":["Pommel Strike","hubris:ReadiedAction"],"picked":"Replay:Many Hands","floor":25},{"not_picked":["DemoMod:BlackBlade","Searing Blow+1","Cleave+1"],"picked":"SKIP","floor":28},{"not_picked":["Thunderclap","Shrug It Off+1","Clash"],"picked":"SKIP","floor":29},{"not_picked":["hubris:CleavingFinish","Thunderclap+1","Clash"],"picked":"SKIP","floor":30},{"not_picked":["Life Link","Iron Wave+1","jedi:harder"],"picked":"SKIP","floor":31},{"not_picked":["Eclipse","Corruption"],"picked":"Limit Break","floor":33},{"not_picked":["Body Slam","ReplayTheSpireMod:Limb From Limb+1"],"picked":"Replay:Undeath\u0027s Touch+1","floor":35},{"not_picked":["Pommel Strike+1","Warcry"],"picked":"jedi:MakeshiftSword+1","floor":36},{"not_picked":["Impervious","Twin Strike+1"],"picked":"Bloodletting+1","floor":38},{"not_picked":["Clash","jedi:fear+1","jedi:controlledanger+1"],"picked":"SKIP","floor":39},{"not_picked":["Berserk","Burning Pact","Havoc+1"],"picked":"SKIP","floor":40},{"not_picked":["hubris:ReadiedAction+1","Entrench","Armaments"],"picked":"SKIP","floor":41},{"not_picked":["jedi:controlledanger+1","Headbutt","jedi:fear"],"picked":"SKIP","floor":42},{"not_picked":["Clash+1","Barricade","ReplayTheSpireMod:Limb From Limb+1"],"picked":"SKIP","floor":46},{"not_picked":["Clash","True Grit+1","Armaments"],"picked":"SKIP","floor":48},{"not_picked":["ReplayTheSpireMod:Strike From Hell","Havoc","Shrug It Off"],"picked":"SKIP","floor":54}],"player_experience":208684,"relics_obtained":[{"floor":4.0,"key":"Red Skull"},{"floor":7.0,"key":"Omamori"},{"floor":9.0,"key":"Quantum Egg"},{"floor":12.0,"key":"Potion Belt"},{"floor":23,"key":"Centennial Puzzle"},{"floor":25,"key":"Ancient Tea Set"},{"floor":31,"key":"Kunai"},{"floor":40,"key":"DemoMod:Relodestone"},{"floor":42,"key":"jedi:crownofsimplicity"},{"floor":43,"key":"Mummified Hand"},{"floor":45,"key":"Durian"},{"floor":54,"key":"Runesmith:Nanobots"}],"event_choices":[{"damage_healed":0.0,"max_hp_gain":0.0,"max_hp_loss":0.0,"gold_gain":0.0,"event_name":"Golden Idol","player_choice":"Take Damage","floor":3.0,"gold_loss":0.0,"damage_taken":20.0,"relics_obtained":["Golden Idol"]},{"damage_healed":26,"gold_gain":0,"player_choice":"Heal","damage_taken":0,"max_hp_gain":0,"max_hp_loss":0,"event_name":"The Library","floor":19,"gold_loss":0},{"damage_healed":0,"gold_gain":0,"player_choice":"Became a vampire","damage_taken":0,"max_hp_gain":0,"max_hp_loss":24,"event_name":"Vampires","floor":20,"gold_loss":0,"cards_obtained":["Bite","Bite","Bite","Bite","Bite"]}],"is_beta":false,"boss_relics":[{"not_picked":["hubris:CrackedHourglass","hubris:TerracottaHorce"],"picked":"Replay:Bronze Core"},{"not_picked":["Cursed Key","Fusion Hammer"],"picked":"hubris:GrandSneckoEye"}],"items_purged_floors":[24,37,53],"is_endless":false,"potions_floor_spawned":[1,7,10,16,22,25,28,29,36,40,41,42,54],"ascension_level":0}}