{"host":"8i4doyxqctgl5qb0","time":1609357199,"event":{"mods":["AchievementEnabler","BaseMod","Block Reminder","Colored Powertips","Downfall","Marisa£®ÏF”Í°°ƒß¿Ì…≥£©","Minty Spire (QoL Compilation)","Permanent Neow","Potion Indicator Mod","Rare Cards Sparkle","StSLib","SuperFastMode"],"gold_per_floor":[113,12,12,12,26,26,57,57,57,57,72,72,84,84,84,179,179,191,44,44,56,72,72,105,117,129,66,78,106,118,130,142,154,154],"floor_reached":33,"playtime":1283,"items_purged":["Strike_R"],"score":286,"play_id":"dbd2d9d1-d51f-48d9-940f-54582c7ec440","local_time":"20201231033959","is_ascension_mode":false,"campfire_choices":[{"data":"Inflame","floor":6.0,"key":"SMITH"},{"data":"Flex","floor":8.0,"key":"SMITH"},{"data":"Dual Wield","floor":10.0,"key":"SMITH"},{"data":"Rampage","floor":15.0,"key":"SMITH"},{"data":"Juggernaut","floor":23.0,"key":"SMITH"},{"data":"Rupture","floor":28.0,"key":"SMITH"},{"data":"Flex","floor":32.0,"key":"SMITH"}],"circlet_count":0,"master_deck":["Strike_R","Strike_R","Strike_R","Defend_R","Defend_R","Defend_R","Defend_R","Bash","Pommel Strike+1","Inflame+1","Clash+1","Flex+1","Dual Wield+1","Iron Wave","Rampage+1","Juggernaut+1","Cleave","Twin Strike","Flex+1","Pain","Clothesline","Rupture+1","Flame Barrier","Inflame+1"],"relics":["Burning Blood","NeowsBlessing","Strawberry","Boot","Eternal Feather","Matryoshka","Philosopher\u0027s Stone","WarpedTongs","MawBank","Question Card","Juzu Bracelet"],"acts_visited":["TheCity"],"potions_floor_usage":[33,33],"damage_taken":[{"damage":0.0,"enemies":"2 Louse","floor":1.0,"turns":1.0},{"damage":0.0,"enemies":"Jaw Worm","floor":5.0,"turns":1.0},{"damage":0.0,"enemies":"Gremlin Nob","floor":7.0,"turns":1.0},{"damage":1.0,"enemies":"Cultist","floor":11.0,"turns":3.0},{"damage":16.0,"enemies":"Large Slime","floor":13.0,"turns":6.0},{"damage":71.0,"enemies":"The Guardian","floor":16.0,"turns":11.0},{"damage":9.0,"enemies":"Chosen","floor":18.0,"turns":4.0},{"damage":12.0,"enemies":"Spheric Guardian","floor":21.0,"turns":3.0},{"damage":25.0,"enemies":"Snake Plant","floor":22.0,"turns":3.0},{"damage":32.0,"enemies":"Gremlin Leader","floor":24.0,"turns":6.0},{"damage":36.0,"enemies":"3 Cultists","floor":29.0,"turns":5.0},{"damage":41,"enemies":"Champ","floor":33,"turns":7}],"seed_played":"541990233030081027","potions_obtained":[{"floor":7.0,"key":"Block Potion"},{"floor":11.0,"key":"Block Potion"},{"floor":16.0,"key":"BlessingOfTheForge"},{"floor":29.0,"key":"AttackPotion"}],"is_trial":false,"path_per_floor":["M","$","?","$","M","R","E","R","T","R","M","T","M","?","R","B",null,"M","$","?","M","M","R","E","$","T","?","R","M","?","?","R","B"],"character_chosen":"IRONCLAD","items_purchased":["Inflame","Clash","Twin Strike","Flex"],"campfire_rested":0,"item_purchase_floors":[2,2,19,19],"current_hp_per_floor":[80,80,64,64,70,70,83,83,83,83,87,87,77,77,86,21,87,84,84,84,78,59,71,45,45,45,45,57,27,27,27,39,0,0],"gold":154,"neow_bonus":"THREE_ENEMY_KILL","is_daily":false,"chose_seed":false,"campfire_upgraded":7,"win_rate":0.0,"timestamp":1609357199,"path_taken":["M","$","?","?","?","R","E","R","T","R","M","?","M","?","R","BOSS","M","$","?","M","M","R","E","?","T","?","R","M","?","?","R","BOSS"],"items_purchased_type":["Card","Card","Card","Card"],"build_version":"2020-12-22","purchased_purges":1,"victory":false,"max_hp_per_floor":[80,80,80,80,80,80,87,87,87,87,87,87,87,87,87,87,87,87,87,87,87,87,87,87,87,87,87,87,87,87,87,87,87,87],"card_choices":[{"not_picked":["Anger","Shrug It Off"],"picked":"Pommel Strike","floor":1.0},{"not_picked":["Offering","Shrug It Off"],"picked":"Flex","floor":5.0},{"not_picked":["Perfected Strike","Clash"],"picked":"Dual Wield","floor":7.0},{"not_picked":["Armaments","Headbutt"],"picked":"Iron Wave","floor":11.0},{"not_picked":["Iron Wave","Headbutt"],"picked":"Rampage","floor":13.0},{"not_picked":["Offering","Double Tap"],"picked":"Juggernaut","floor":16.0},{"not_picked":["Iron Wave","Perfected Strike"],"picked":"Cleave","floor":18.0},{"not_picked":["Warcry+1","Body Slam"],"picked":"Clothesline","floor":21.0},{"not_picked":["Infernal Blade","Warcry"],"picked":"Rupture","floor":22.0},{"not_picked":["Iron Wave","Intimidate+1"],"picked":"Flame Barrier","floor":24.0},{"not_picked":["Dropkick","Pommel Strike","Cleave"],"picked":"Inflame","floor":29.0}],"player_experience":0,"relics_obtained":[{"floor":7.0,"key":"Strawberry"},{"floor":9.0,"key":"Boot"},{"floor":12.0,"key":"Eternal Feather"},{"floor":24.0,"key":"MawBank"},{"floor":26.0,"key":"Question Card"},{"floor":26.0,"key":"Juzu Bracelet"}],"event_choices":[{"damage_healed":0.0,"max_hp_gain":0.0,"max_hp_loss":0.0,"gold_gain":0.0,"event_name":"Shining Light","player_choice":"Entered Light","floor":3.0,"gold_loss":0.0,"damage_taken":16.0,"cards_upgraded":["Clash","Pommel Strike"]},{"damage_healed":0.0,"max_hp_gain":0.0,"max_hp_loss":0.0,"gold_gain":0.0,"event_name":"Big Fish","player_choice":"Box","floor":14.0,"gold_loss":0.0,"damage_taken":0.0,"relics_obtained":["Matryoshka"],"cards_obtained":["Regret"]},{"damage_healed":0.0,"max_hp_gain":0.0,"max_hp_loss":0.0,"gold_gain":0.0,"event_name":"Accursed Blacksmith","player_choice":"Rummage","floor":20.0,"gold_loss":0.0,"damage_taken":0.0,"relics_obtained":["WarpedTongs"],"cards_obtained":["Pain"]},{"cards_removed":["Regret"],"damage_healed":0.0,"max_hp_gain":0.0,"max_hp_loss":0.0,"gold_gain":0.0,"event_name":"Beggar","player_choice":"Gave Gold","floor":27.0,"gold_loss":75.0,"damage_taken":0.0},{"cards_removed":["Strike_R"],"damage_healed":0.0,"max_hp_gain":0.0,"max_hp_loss":0.0,"gold_gain":0.0,"event_name":"Purifier","player_choice":"Purged","floor":30.0,"gold_loss":0.0,"damage_taken":0.0},{"damage_healed":0.0,"max_hp_gain":0.0,"max_hp_loss":0.0,"gold_gain":0.0,"event_name":"Upgrade Shrine","player_choice":"Upgraded","floor":31.0,"gold_loss":0.0,"damage_taken":0.0,"cards_upgraded":["Inflame"]}],"is_beta":false,"boss_relics":[{"not_picked":["Empty Cage","Ectoplasm"],"picked":"Philosopher\u0027s Stone"}],"items_purged_floors":[19],"is_endless":false,"potions_floor_spawned":[7,11,16,29],"killed_by":"Champ","ascension_level":0}}