{"host":"wg29woj1pduqw9vg","time":1609355078,"event":{"mods":["BaseMod","Colored Map","Downfall","Minty Spire (QoL Compilation)","StSLib"],"gold_per_floor":[199,211,227,227,239,239,265,58,73,87,87,87,105,90,108,108,108,108],"floor_reached":16,"playtime":1108,"items_purged":[],"score":94,"play_id":"5951572b-a389-4c9f-82ed-79d4ebfa6c83","local_time":"20201230110438","is_ascension_mode":false,"campfire_choices":[{"data":"Slimebound:Split","floor":1,"key":"SMITH"},{"data":"Slimebound:RollThrough","floor":6,"key":"SMITH"},{"data":"Slimebound:FlameTackle","floor":12,"key":"SMITH"}],"circlet_count":0,"master_deck":["Slimebound:Strike_Slimebound","Slimebound:Tackle","Slimebound:Defend_Slimebound","Slimebound:Defend_Slimebound","Slimebound:Defend_Slimebound+1","Slimebound:Defend_Slimebound+1","Slimebound:Split+1","Slimebound:CorrosiveSpit","Slimebound:Equalize","Slimebound:RollThrough+1","Slimebound:FlameTackle+1","Slimebound:BestDefense","Slimebound:FinishingTackle","Slimebound:GoopTackle"],"relics":["Slimebound:AbsorbEndCombat","Toy Ornithopter","War Paint"],"acts_visited":["Exordium"],"potions_floor_usage":[16,16],"damage_taken":[{"damage":15,"enemies":"2 Louse","floor":2,"turns":3},{"damage":9,"enemies":"Cultist","floor":3,"turns":4},{"damage":12,"enemies":"Jaw Worm","floor":5,"turns":3},{"damage":8,"enemies":"downfall:FleeingMerchant","floor":8,"turns":4},{"damage":25,"enemies":"Exordium Thugs","floor":9,"turns":5},{"damage":8,"enemies":"2 Fungi Beasts","floor":10,"turns":4},{"damage":13,"enemies":"3 Louse","floor":13,"turns":3},{"damage":16,"enemies":"downfall:FleeingMerchant","floor":14,"turns":4},{"damage":8,"enemies":"Gremlin Gang","floor":15,"turns":4},{"damage":94,"enemies":"downfall:Ironclad","floor":16,"turns":9}],"seed_played":"-6563348503031888972","potions_obtained":[{"floor":2,"key":"SteroidPotion"},{"floor":9,"key":"Ancient Potion"},{"floor":10,"key":"AttackPotion"}],"is_trial":false,"path_per_floor":["R","M","M","?","M","R","T","$","M","M","?","R","M","$","M","B"],"character_chosen":"SLIMEBOUND","items_purchased":["War Paint","Slimebound:FinishingTackle"],"campfire_rested":0,"item_purchase_floors":[8,8],"current_hp_per_floor":[60,53,58,58,60,60,60,60,49,53,53,53,48,46,50,0,0,0],"gold":108,"neow_bonus":"HUNDRED_GOLD","is_daily":false,"chose_seed":false,"campfire_upgraded":3,"win_rate":0.0,"timestamp":1609355078,"path_taken":["R","M","M","?","M","R","T","$","?","?","?","R","M","$","M","BOSS"],"items_purchased_type":["Relic","Card"],"build_version":"2020-12-22","purchased_purges":0,"victory":false,"max_hp_per_floor":[60,60,60,60,60,60,60,60,60,60,60,60,60,60,60,60,60,60],"card_choices":[{"not_picked":["Slimebound:LeechEnergy","Slimebound:GoopSpray"],"picked":"Slimebound:Equalize","floor":2},{"not_picked":["Slimebound:Replication","Slimebound:FlameTackle"],"picked":"Slimebound:RollThrough","floor":3},{"not_picked":["Slimebound:Schlurp","Slimebound:SplitBruiser","Slimebound:PressTheAttack"],"picked":"SKIP","floor":5},{"not_picked":["Slimebound:TongueLash","Slimebound:GrowthPunch"],"picked":"Slimebound:BestDefense","floor":8},{"not_picked":["Slimebound:MegaLick","Slimebound:DisruptingSlam","Slimebound:SlimeBarrage"],"picked":"SKIP","floor":9},{"not_picked":["Slimebound:RejuvenatingLick","Slimebound:Schlurp","Slimebound:GoopSpray"],"picked":"SKIP","floor":10},{"not_picked":["Slimebound:SplitMire","Slimebound:LeechEnergy"],"picked":"Slimebound:GoopTackle","floor":13},{"not_picked":["Slimebound:LeechEnergy","Slimebound:GrowthPunch","Slimebound:ProtectTheBoss"],"picked":"SKIP","floor":14},{"not_picked":["Slimebound:Schlurp","Slimebound:DivideAndConquer","Slimebound:GoopSpray"],"picked":"SKIP","floor":15}],"player_experience":10130,"relics_obtained":[{"floor":7,"key":"Toy Ornithopter"}],"event_choices":[{"damage_healed":0,"gold_gain":0,"cards_transformed":["Slimebound:Strike_Slimebound"],"player_choice":"Transformed","damage_taken":0,"max_hp_gain":0,"max_hp_loss":0,"event_name":"Transmorgrifier","floor":4,"gold_loss":0,"cards_obtained":["Slimebound:FlameTackle"]},{"cards_removed":["Slimebound:Strike_Slimebound"],"damage_healed":0,"gold_gain":0,"player_choice":"Purged","damage_taken":0,"max_hp_gain":0,"max_hp_loss":0,"event_name":"Purifier","floor":11,"gold_loss":0}],"is_beta":false,"boss_relics":[],"items_purged_floors":[],"is_endless":false,"potions_floor_spawned":[2,9,10],"killed_by":"downfall:Ironclad","ascension_level":0}}