{"host":"hgkb2zpbo2dcws21","time":1609336476,"event":{"mods":["AchievementEnabler","BaseMod","Colored Map","Colored Powertips","Custom Start","DeckTracker","KOR Keyword Fix","Minty Spire (QoL Compilation)","Relic Stats","StSLib","SuperFastMode"],"gold_per_floor":[118,268,268,106,106,106,6,40,65,108,132,166,185,203,203,203,203],"floor_reached":16,"playtime":339,"items_purged":["Doubt","Strike_R"],"score":316,"play_id":"0e73f556-80bd-446a-ad5f-a529e3f6dc53","local_time":"20201230225436","is_ascension_mode":true,"campfire_choices":[{"data":"Battle Trance","floor":6,"key":"SMITH"},{"data":"Perfected Strike","floor":15,"key":"SMITH"}],"circlet_count":0,"master_deck":["AscendersBane","Strike_R","Strike_R","Strike_R","Strike_R","Defend_R","Defend_R","Defend_R","Defend_R","Bash","Ghostly Armor","Battle Trance+1","Shockwave","Blood for Blood","Pommel Strike","Perfected Strike+1","Evolve"],"relics":["Burning Blood","NeowsBlessing","StrikeDummy","Golden Idol","Nunchaku","Boot","Ancient Tea Set","Odd Mushroom"],"acts_visited":["Exordium"],"potions_floor_usage":[],"damage_taken":[{"damage":0,"enemies":"2 Louse","floor":1,"turns":1},{"damage":0,"enemies":"Gremlin Nob","floor":8,"turns":1},{"damage":0,"enemies":"3 Sentries","floor":10,"turns":1},{"damage":5,"enemies":"Jaw Worm","floor":11,"turns":3},{"damage":20,"enemies":"The Mushroom Lair","floor":12,"turns":4},{"damage":0,"enemies":"Small Slimes","floor":13,"turns":3},{"damage":9,"enemies":"3 Louse","floor":14,"turns":4},{"damage":53,"enemies":"The Guardian","floor":16,"turns":8}],"seed_played":"-3112375740306735381","potions_obtained":[{"floor":10,"key":"Regen Potion"},{"floor":11,"key":"BloodPotion"}],"is_trial":false,"path_per_floor":["M","?","T","$","?","R","$","E","T","E","M","?","M","M","R","B"],"character_chosen":"IRONCLAD","items_purchased":["Battle Trance"],"campfire_rested":0,"item_purchase_floors":[4],"current_hp_per_floor":[74,74,74,74,48,48,48,54,54,60,61,47,53,50,50,0,0],"gold":203,"neow_bonus":"THREE_ENEMY_KILL","is_daily":false,"chose_seed":false,"campfire_upgraded":2,"win_rate":0.0,"timestamp":1609336476,"path_taken":["M","?","?","$","?","R","$","E","T","E","M","?","M","M","R","BOSS"],"items_purchased_type":["Card"],"build_version":"2020-12-22","purchased_purges":2,"victory":false,"max_hp_per_floor":[75,75,75,75,75,75,75,75,75,75,75,75,75,75,75,75,75],"relic_stats":{"Nunchaku":[3],"counters":[8,25],"Golden Idol":36,"Boot":[1],"obtain_stats":[{"Nunchaku":8,"NeowsBlessing":0,"Golden Idol":5,"Odd Mushroom":12,"StrikeDummy":3,"Boot":9,"Ancient Tea Set":10,"Burning Blood":0},{"Nunchaku":2,"NeowsBlessing":0,"Golden Idol":1,"Odd Mushroom":5,"StrikeDummy":1,"Boot":2,"Ancient Tea Set":3,"Burning Blood":0},{"Nunchaku":2,"NeowsBlessing":0,"Golden Idol":1,"Odd Mushroom":10,"StrikeDummy":1,"Boot":2,"Ancient Tea Set":3,"Burning Blood":0}],"Burning Blood":42},"card_choices":[{"not_picked":["Clash","True Grit"],"picked":"Ghostly Armor","floor":1},{"not_picked":["Headbutt","Dropkick"],"picked":"Shockwave","floor":8},{"not_picked":["Flex","Sentinel"],"picked":"Blood for Blood","floor":10},{"not_picked":["True Grit","Clothesline","Wild Strike"],"picked":"SKIP","floor":11},{"not_picked":["Thunderclap","Warcry"],"picked":"Pommel Strike","floor":12},{"not_picked":["Feel No Pain","Flex"],"picked":"Perfected Strike","floor":13},{"not_picked":["Feel No Pain","Warcry"],"picked":"Evolve","floor":14}],"player_experience":1120760,"relics_obtained":[{"floor":3,"key":"StrikeDummy"},{"floor":8,"key":"Nunchaku"},{"floor":9,"key":"Boot"},{"floor":10,"key":"Ancient Tea Set"},{"floor":12,"key":"Odd Mushroom"}],"event_choices":[{"damage_healed":0,"gold_gain":150,"player_choice":"AGREE","damage_taken":0,"max_hp_gain":0,"max_hp_loss":0,"event_name":"Liars Game","floor":2,"gold_loss":0,"cards_obtained":["Doubt"]},{"damage_healed":0,"gold_gain":0,"player_choice":"Take Damage","damage_taken":26,"relics_obtained":["Golden Idol"],"max_hp_gain":0,"max_hp_loss":0,"event_name":"Golden Idol","floor":5,"gold_loss":0},{"damage_healed":0,"gold_gain":0,"player_choice":"Fought Mushrooms","damage_taken":0,"max_hp_gain":0,"max_hp_loss":0,"event_name":"Mushrooms","floor":12,"gold_loss":0}],"is_beta":false,"boss_relics":[],"items_purged_floors":[4,7],"is_endless":false,"potions_floor_spawned":[10,11,13],"killed_by":"The Guardian","ascension_level":20}}