{"host":"r53pw7z744tg3fxg","time":1609340387,"event":{"mods":["AchievementEnabler","BaseMod","Colored Map","Colored Powertips","Highlight Path","Minty Spire (QoL Compilation)","Quick Restart","Transform Curses"],"gold_per_floor":[119,136,147,101,101,134,134,134,184,219,219,236,253,272,272,371,421,433,433,446,463,105,130,141,141,168,186,186,186,186,101,101,101,101],"floor_reached":33,"playtime":1079,"items_purged":["Regret"],"score":468,"play_id":"df0baee9-6d6f-4f96-a44d-1d99573b8301","local_time":"20201230075947","is_ascension_mode":true,"campfire_choices":[{"floor":7.0,"key":"REST"},{"data":"Eruption","floor":11.0,"key":"SMITH"},{"data":"Judgement","floor":15.0,"key":"SMITH"},{"floor":25.0,"key":"REST"},{"floor":28.0,"key":"REST"},{"data":"Writhe","floor":30.0,"key":"PURGE"},{"data":"Metamorphosis","floor":32.0,"key":"SMITH"}],"circlet_count":0,"master_deck":["AscendersBane","Strike_P+1","Strike_P","Strike_P","Strike_P","Defend_P","Defend_P","Defend_P","Defend_P","Eruption+1","Vigilance","WheelKick","ClearTheMind","CarveReality","Protect","Conclude","FollowUp","PathToVictory","Judgement+1","PathToVictory","SpiritShield","SashWhip","EmptyBody+1","Crescendo+1","BowlingBash","Metamorphosis+1","Flash of Steel","FlurryOfBlows"],"relics":["PureWater","PreservedInsect","TeardropLocket","Regal Pillow","Nunchaku","Anchor","Nloth\u0027s Gift","Vajra","Ancient Tea Set","Peace Pipe","Unceasing Top"],"acts_visited":["Exordium","TheCity"],"potions_floor_usage":[33],"damage_taken":[{"damage":2.0,"enemies":"Cultist","floor":1.0,"turns":3.0},{"damage":0.0,"enemies":"Small Slimes","floor":2.0,"turns":3.0},{"damage":0.0,"enemies":"2 Louse","floor":3.0,"turns":1.0},{"damage":27.0,"enemies":"3 Sentries","floor":6.0,"turns":5.0},{"damage":0.0,"enemies":"Lagavulin","floor":10.0,"turns":2.0},{"damage":0.0,"enemies":"Lots of Slimes","floor":12.0,"turns":1.0},{"damage":3.0,"enemies":"Blue Slaver","floor":13.0,"turns":3.0},{"damage":0.0,"enemies":"Looter","floor":14.0,"turns":1.0},{"damage":43.0,"enemies":"The Guardian","floor":16.0,"turns":9.0},{"damage":8.0,"enemies":"3 Byrds","floor":18.0,"turns":4.0},{"damage":0.0,"enemies":"Shell Parasite","floor":20.0,"turns":2.0},{"damage":6.0,"enemies":"Snake Plant","floor":21.0,"turns":4.0},{"damage":17.0,"enemies":"Book of Stabbing","floor":23.0,"turns":4.0},{"damage":27.0,"enemies":"Snecko","floor":24.0,"turns":5.0},{"damage":20.0,"enemies":"Cultist and Chosen","floor":27.0,"turns":5.0},{"damage":78,"enemies":"Champ","floor":33,"turns":10}],"seed_played":"-3035163772427813387","potions_obtained":[{"floor":1.0,"key":"SpeedPotion"},{"floor":2.0,"key":"BlessingOfTheForge"},{"floor":13.0,"key":"Dexterity Potion"},{"floor":17.0,"key":"EntropicBrew"},{"floor":18.0,"key":"Energy Potion"},{"floor":23.0,"key":"Explosive Potion"}],"is_trial":false,"path_per_floor":["M","M","M","$","?","E","R","?","T","E","R","M","M","M","R","B",null,"M","?","M","M","$","E","M","R","T","M","R","?","R","?","R","B"],"character_chosen":"WATCHER","items_purchased":["Protect","Metamorphosis","Flash of Steel"],"campfire_rested":3,"item_purchase_floors":[4,22,22],"current_hp_per_floor":[70,70,70,70,70,43,66,66,66,66,66,66,63,63,63,20,69,61,61,61,55,55,38,11,51,51,31,71,71,71,71,71,0,0],"gold":101,"neow_bonus":"TEN_PERCENT_HP_BONUS","is_daily":false,"chose_seed":false,"campfire_upgraded":3,"win_rate":0.0,"timestamp":1609340387,"path_taken":["M","?","M","$","?","E","R","?","T","E","R","M","M","?","R","BOSS","M","?","M","M","$","E","M","R","T","?","R","?","R","?","R","BOSS"],"items_purchased_type":["Card","Card","Card"],"build_version":"2020-12-22","purchased_purges":1,"victory":false,"max_hp_per_floor":[79,79,79,79,79,79,79,79,79,79,79,79,79,79,79,79,84,84,84,84,84,84,84,84,84,84,84,84,84,84,84,84,84,84],"card_choices":[{"not_picked":["CrushJoints","ClearTheMind"],"picked":"WheelKick","floor":1.0},{"not_picked":["Collect","MentalFortress"],"picked":"ClearTheMind","floor":2.0},{"not_picked":["Protect","Fasting2"],"picked":"CarveReality","floor":3.0},{"not_picked":["SashWhip","LikeWater"],"picked":"Conclude","floor":6.0},{"not_picked":["Weave","Wireheading"],"picked":"FollowUp","floor":10.0},{"not_picked":["Consecrate","EmptyFist"],"picked":"PathToVictory","floor":12.0},{"not_picked":["Halt","BattleHymn"],"picked":"Judgement","floor":13.0},{"not_picked":["ClearTheMind","Consecrate"],"picked":"PathToVictory","floor":14.0},{"not_picked":["Ragnarok","Vault"],"picked":"SpiritShield","floor":16.0},{"not_picked":["Meditate","JustLucky"],"picked":"SashWhip","floor":17.0},{"not_picked":["FlurryOfBlows","Halt"],"picked":"EmptyBody+1","floor":18.0},{"not_picked":["ThirdEye","Protect+1"],"picked":"Crescendo+1","floor":20.0},{"not_picked":["EmptyFist","FollowUp+1"],"picked":"BowlingBash","floor":21.0},{"not_picked":["Blasphemy","BowlingBash","Judgement"],"picked":"SKIP","floor":23.0},{"not_picked":["ThirdEye","Halt","PathToVictory+1"],"picked":"SKIP","floor":24.0},{"not_picked":["Prostrate","ClearTheMind+1"],"picked":"FlurryOfBlows","floor":27.0}],"player_experience":1170052,"relics_obtained":[{"floor":6.0,"key":"TeardropLocket"},{"floor":9.0,"key":"Nunchaku"},{"floor":10.0,"key":"Anchor"},{"floor":23.0,"key":"Vajra"},{"floor":26.0,"key":"Ancient Tea Set"}],"event_choices":[{"damage_healed":0.0,"max_hp_gain":0.0,"max_hp_loss":0.0,"gold_gain":0.0,"event_name":"Big Fish","player_choice":"Box","floor":5.0,"gold_loss":0.0,"damage_taken":0.0,"relics_obtained":["PreservedInsect"],"cards_obtained":["Regret"]},{"damage_healed":0.0,"max_hp_gain":0.0,"max_hp_loss":0.0,"gold_gain":0.0,"event_name":"WeMeetAgain","player_choice":"Gave Potion","floor":8.0,"gold_loss":0.0,"damage_taken":0.0,"relics_obtained":["Regal Pillow"]},{"damage_healed":0.0,"max_hp_gain":0.0,"max_hp_loss":0.0,"gold_gain":0.0,"event_name":"N\u0027loth","player_choice":"Traded Relic","floor":19.0,"relics_lost":["Tiny House"],"gold_loss":0.0,"damage_taken":0.0,"relics_obtained":["Nloth\u0027s Gift"]},{"damage_healed":0.0,"max_hp_gain":0.0,"max_hp_loss":0.0,"gold_gain":0.0,"event_name":"The Mausoleum","player_choice":"Opened","floor":29.0,"gold_loss":0.0,"damage_taken":0.0,"relics_obtained":["Peace Pipe"],"cards_obtained":["Writhe"]},{"damage_healed":0.0,"max_hp_gain":0.0,"max_hp_loss":0.0,"gold_gain":0.0,"event_name":"Addict","player_choice":"Obtained Relic","floor":31.0,"gold_loss":85.0,"damage_taken":0.0,"relics_obtained":["Unceasing Top"]}],"is_beta":false,"boss_relics":[{"not_picked":["Fusion Hammer","Runic Dome"],"picked":"Tiny House"}],"items_purged_floors":[22],"is_endless":false,"potions_floor_spawned":[1,2,13,14,18,20,23],"killed_by":"Champ","ascension_level":11}}