{"host":"s0ikvqhe10eopvjn","time":1609296420,"event":{"mods":["Act Like it!","Bard","BaseMod","Block Reminder","Colored Map","Colored Powertips","DeckTracker","Downfall","Halation","Hallownest","Hermit","Highlight Path","Hubris","Infinite Spire","Mad Scientist","Minty Spire (QoL Compilation)","Permanent Neow","Random Character Button","Replay The Spire","StSLib","The Blackbeard","The Blue Laboratory","The Bug Knight","The Cursed","The Disciple","The Mystic","The Necromancer","The Servant 0.9.4"],"gold_per_floor":[119,44,64,64,83,83,115,134,134,147,147,163,194,194,194,294,294,308,323,323,334,334,334,360,360,384,384,384,384,31,60,70,85,85,187,187,202,202,215,0,0,35,35,35,60,75,93,112,137,162,162,162,162],"floor_reached":52,"playtime":3879,"items_purged":["hermit:Defend_Hermit","hermit:Strike_Hermit"],"score":536,"play_id":"3706daee-0009-44b3-9a05-bf42e711b4d1","local_time":"20201230024700","is_ascension_mode":false,"campfire_choices":[{"data":"hermit:Gestalt","floor":6,"key":"SMITH"},{"data":"hermit:GoldenBullet","floor":11,"key":"SMITH"},{"floor":15,"key":"REST"},{"data":"hermit:Magnum","floor":15,"key":"SMITH"},{"floor":23,"key":"REST"},{"data":"hermit:Reprieve","floor":23,"key":"SMITH"},{"data":"hermit:EyeOfTheStorm","floor":25,"key":"SMITH"},{"floor":27,"key":"REST"},{"data":"hermit:Quickdraw","floor":27,"key":"SMITH"},{"floor":34,"key":"REST"},{"data":"hermit:Covet","floor":34,"key":"SMITH"},{"floor":43,"key":"REST"},{"floor":43,"key":"RECALL"},{"floor":51,"key":"REST"},{"data":"hermit:DeadOrAlive","floor":51,"key":"SMITH"}],"circlet_count":0,"master_deck":["hermit:Strike_Hermit","hermit:Strike_Hermit","hermit:Defend_Hermit","hermit:Defend_Hermit","hermit:Defend_Hermit","hermit:Snapshot","hermit:Covet+1","Regret","hermit:HoleUp","hermit:Gestalt+1","hermit:Ricochet","hermit:Vantage","hermit:GoldenBullet+1","hermit:Horror","hermit:EyeOfTheStorm+1","hermit:Magnum+1","hermit:Enervate","hermit:Reprieve+1","hermit:Feint","hermit:Quickdraw+1","hermit:Vantage","Hallownest:curseDreamersLament","hermit:DeadOrAlive+1","Writhe","Delirium","hermit:BodyArmor+1","hermit:CalledShot+1"],"relics":["hermit:ClaspedLocket","halation:AfternoonTea","infinitespire:Magic Flask","Onion Ring","Replay:Mystery Machine","Replay:Grab Bag","Cursed Key","Busted Crown","Runic Pyramid","Black Star","hubris:Icosahedron","halation:PromiseList","infinitespire:Bottled Soul","Toy Ornithopter","infinitespire:BottledMercury","hubris:PeanutButter","Pen Nib","hubris:Towel","Red Mask","Oddly Smooth Stone","Pocketwatch","Molten Egg 2"],"acts_visited":["Exordium","TheCity","TheBeyond"],"potions_floor_usage":[7,13,35,35,50,50],"damage_taken":[{"damage":4,"enemies":"2 Louse","floor":1,"turns":4},{"damage":7,"enemies":"infinitespire:Voidling","floor":3,"turns":3},{"damage":0,"enemies":"Small Slimes","floor":5,"turns":3},{"damage":2,"enemies":"Gremlin Nob","floor":7,"turns":4},{"damage":7,"enemies":"3 Louse","floor":8,"turns":5},{"damage":2,"enemies":"Blue Slaver","floor":10,"turns":4},{"damage":0,"enemies":"2 Fungi Beasts","floor":12,"turns":1},{"damage":11,"enemies":"Lagavulin","floor":13,"turns":6},{"damage":27,"enemies":"Fading Forest","floor":16,"turns":11},{"damage":6,"enemies":"Shell Parasite","floor":18,"turns":3},{"damage":28,"enemies":"Sentry and Sphere","floor":19,"turns":6},{"damage":15,"enemies":"Snake Plant","floor":21,"turns":3},{"damage":17,"enemies":"HollowMod:Nosk","floor":24,"turns":6},{"damage":18,"enemies":"Replay:Snechameleon","floor":31,"turns":5},{"damage":0,"enemies":"Centurion and Healer","floor":32,"turns":7},{"damage":2,"enemies":"Snecko","floor":33,"turns":5},{"damage":77,"enemies":"Collector","floor":35,"turns":12},{"damage":1,"enemies":"Orb Walker","floor":37,"turns":2},{"damage":12,"enemies":"3 Shapes","floor":39,"turns":2},{"damage":42,"enemies":"Giant Head","floor":42,"turns":9},{"damage":1,"enemies":"Transient","floor":46,"turns":5},{"damage":2,"enemies":"Maw","floor":47,"turns":6},{"damage":5,"enemies":"3 Darklings","floor":48,"turns":4},{"damage":36,"enemies":"HollowMod:SlobberingHusk","floor":49,"turns":10},{"damage":0,"enemies":"Sphere and 2 Shapes","floor":50,"turns":5},{"damage":94,"enemies":"infinitespire:MassOfShapes","floor":52,"turns":8}],"seed_played":"2085346980209911108","potions_obtained":[{"floor":1,"key":"EssenceOfSteel"},{"floor":12,"key":"blueLaboratory:BubblePotion"},{"floor":21,"key":"blueLaboratory:PhilterOfMotion"},{"floor":24,"key":"blueLaboratory:ArtificerPotion"},{"floor":32,"key":"LiquidMemories"},{"floor":46,"key":"blueLaboratory:BottledHope"},{"floor":49,"key":"Fire Potion"}],"is_trial":false,"path_per_floor":["M","$","M","?","M","R","E","M","T","M","R","M","E","?","R","B",null,"M","M","?","M","?","R","E","R","T","R","PTL","PTL","$","E","M","M","R","B",null,"M","?","M","?","?","E","R","?","T","M","M","M","M","M","R","B"],"character_chosen":"HERMIT","items_purchased":["infinitespire:BottledMercury"],"campfire_rested":6,"item_purchase_floors":[30],"current_hp_per_floor":[71,71,68,68,68,68,66,59,59,57,57,57,46,46,68,64,75,69,47,47,32,32,54,56,56,56,75,75,75,75,66,66,64,75,14,75,75,75,63,63,75,33,55,55,55,75,75,70,42,61,75,0,0],"gold":162,"neow_bonus":"RANDOM_EVENT","is_daily":false,"chose_seed":false,"campfire_upgraded":8,"win_rate":0.0,"timestamp":1609296420,"path_taken":["M","$","M","?","?","R","E","M","T","M","R","M","E","?","R","BOSS","M","M","?","M","?","R","E","R","T","R","PTL","PTL","$","E","M","M","R","BOSS","M","?","M","?","?","E","R","?","T","M","M","M","M","M","R","BOSS"],"items_purchased_type":["Relic"],"build_version":"2020-12-22","purchased_purges":2,"victory":false,"max_hp_per_floor":[75,75,75,75,75,75,75,75,75,75,75,75,75,75,75,75,75,75,75,75,75,75,75,75,75,75,75,75,75,75,75,75,75,75,75,75,75,75,75,75,75,75,75,75,75,75,75,75,75,75,75,75,75],"card_choices":[{"not_picked":["hermit:GoldenBullet","hermit:Misfire"],"picked":"hermit:HoleUp","floor":1},{"not_picked":["hermit:Roulette","hermit:Brawl"],"picked":"hermit:Gestalt","floor":3},{"not_picked":["hermit:Midnight","hermit:Spite"],"picked":"hermit:Vantage","floor":5},{"not_picked":["hermit:LoneWolf","hermit:Dive"],"picked":"hermit:GoldenBullet","floor":7},{"not_picked":["hermit:TrackingShot","hermit:Vantage"],"picked":"hermit:Horror","floor":8},{"not_picked":["hermit:Desperado","hermit:Manifest"],"picked":"hermit:EyeOfTheStorm","floor":10},{"not_picked":["hermit:GoldenBullet","hermit:LowProfile"],"picked":"hermit:Magnum","floor":12},{"not_picked":["hermit:WideOpen","hermit:HeroicBravado"],"picked":"hermit:Enervate","floor":13},{"not_picked":["hermit:RoundhouseKick","hermit:Magnum"],"picked":"hermit:Reprieve","floor":16},{"not_picked":[],"picked":"hermit:Feint","floor":18},{"not_picked":[],"picked":"hermit:Quickdraw","floor":19},{"not_picked":[],"picked":"hermit:Vantage","floor":21},{"not_picked":["hermit:Feint"],"picked":"SKIP","floor":24},{"not_picked":["hermit:Quickdraw"],"picked":"SKIP","floor":31},{"not_picked":["hermit:WideOpen"],"picked":"SKIP","floor":32},{"not_picked":["hermit:Feint"],"picked":"SKIP","floor":33},{"not_picked":[],"picked":"hermit:DeadOrAlive","floor":35},{"not_picked":["hermit:Headshot+1"],"picked":"SKIP","floor":37},{"not_picked":["hermit:HighCaliber"],"picked":"SKIP","floor":39},{"not_picked":["hermit:HoleUp"],"picked":"SKIP","floor":42},{"not_picked":["hermit:Misfire+1"],"picked":"SKIP","floor":46},{"not_picked":[],"picked":"hermit:BodyArmor+1","floor":47},{"not_picked":["hermit:Desperado+1"],"picked":"SKIP","floor":48},{"not_picked":["hermit:Ricochet+1"],"picked":"SKIP","floor":49},{"not_picked":[],"picked":"hermit:CalledShot+1","floor":50}],"player_experience":87450,"relics_obtained":[{"floor":7,"key":"infinitespire:Magic Flask"},{"floor":9,"key":"Onion Ring"},{"floor":13,"key":"Replay:Mystery Machine"},{"floor":24,"key":"halation:PromiseList"},{"floor":24,"key":"infinitespire:Bottled Soul"},{"floor":26,"key":"Toy Ornithopter"},{"floor":31,"key":"hubris:PeanutButter"},{"floor":31,"key":"Pen Nib"},{"floor":42,"key":"Oddly Smooth Stone"},{"floor":42,"key":"Pocketwatch"}],"event_choices":[{"damage_healed":0,"gold_gain":0,"player_choice":"Box","damage_taken":0,"relics_obtained":["halation:AfternoonTea"],"max_hp_gain":0,"max_hp_loss":0,"event_name":"Big Fish","floor":0,"gold_loss":0,"cards_obtained":["Regret"]},{"damage_healed":0,"gold_gain":0,"cards_transformed":["hermit:Strike_Hermit"],"player_choice":"Transformed","damage_taken":0,"max_hp_gain":0,"max_hp_loss":0,"event_name":"Transmorgrifier","floor":4,"gold_loss":0,"cards_obtained":["hermit:Ricochet"]},{"damage_healed":0,"gold_gain":0,"player_choice":"Paid","damage_taken":0,"relics_obtained":["Red Mask"],"max_hp_gain":0,"max_hp_loss":0,"event_name":"Tomb of Lord Red Mask","floor":40,"gold_loss":215},{"damage_healed":19,"gold_gain":0,"player_choice":"Writhe","damage_taken":0,"max_hp_gain":0,"max_hp_loss":0,"event_name":"Winding Halls","floor":41,"gold_loss":0,"cards_obtained":["Writhe"]},{"damage_healed":0,"gold_gain":0,"player_choice":"Gave Potion","damage_taken":0,"relics_obtained":["Molten Egg 2"],"max_hp_gain":0,"max_hp_loss":0,"event_name":"WeMeetAgain","floor":44,"gold_loss":0}],"is_beta":false,"boss_relics":[{"not_picked":["Velvet Choker","hubris:HollowSoul"],"picked":"Replay:Grab Bag"},{"not_picked":["ReplayTheSpireMod:DimensionalGlitch","halation:ForbiddenBikini"],"picked":"Cursed Key"},{"not_picked":["halation:SmartPhone","Coffee Dripper"],"picked":"Busted Crown"},{"not_picked":["halation:Yufonium","halation:Prosthetics"],"picked":"Runic Pyramid"},{"not_picked":["hubris:BlackHole","Kintsugi"],"picked":"Black Star"},{"not_picked":["hubris:GrandSneckoEye","halation:PlatinumPhoenix"],"picked":"hermit:ClaspedLocket"}],"items_purged_floors":[2,30],"is_endless":false,"potions_floor_spawned":[1,5,10,12,21,24,32,33,46,49],"killed_by":"infinitespire:MassOfShapes","ascension_level":0}}