{"host":"t8l92xzjkmihtain","time":1609320219,"event":{"mods":["AchievementEnabler","BaseMod","Colored Map","Minty Spire (QoL Compilation)","Rare Cards Sparkle","SuperFastMode","everything is the same but u backflip on backflip"],"gold_per_floor":[111,111,32,32,49,74,74,88,88,88,104,117,128,161,161,256,256,267,36,36,36,53,53,73,85,112,112,130,147,47,146,146,249,249,267,267,267,279,299,299,20,53,80,0,30,42,5,24,24,24],"floor_reached":51,"playtime":2488,"items_purged":["Bash","Blood for Blood","Strike_R+1"],"score":842,"play_id":"7e3e69ca-4d20-4351-87c2-167172584bb3","local_time":"20201230182339","is_ascension_mode":true,"campfire_choices":[{"data":"Impervious","floor":7,"key":"SMITH"},{"data":"Body Slam","floor":15,"key":"SMITH"},{"data":"Entrench","floor":23,"key":"SMITH"},{"data":"Entrench","floor":27,"key":"SMITH"},{"data":"Body Slam","floor":32,"key":"SMITH"},{"data":"Anger","floor":40,"key":"PURGE"},{"floor":46,"key":"REST"},{"data":"Double Tap","floor":49,"key":"PURGE"}],"circlet_count":0,"master_deck":["Strike_R+1","Strike_R+1","Defend_R+1","Defend_R+1","Defend_R+1","Defend_R+1","Flex","Battle Trance+1","Impervious+1","Entrench+1","Shrug It Off","Body Slam+1","Armaments","Juggernaut","Body Slam+1","Entrench+1","Ghostly Armor","Shrug It Off","CurseOfTheBell","Body Slam+1"],"relics":["Burning Blood","NeowsBlessing","Regal Pillow","Prayer Wheel","Eternal Feather","NlothsMask","MealTicket","Runic Pyramid","Bronze Scales","Calling Bell","Happy Flower","Ornamental Fan","Peace Pipe","TungstenRod","Medical Kit","Blood Vial","MawBank","Red Mask"],"acts_visited":["Exordium","TheCity","TheBeyond"],"potions_floor_usage":[14,16,16,16,33,45,50,50,50],"damage_taken":[{"damage":0,"enemies":"Jaw Worm","floor":1,"turns":1},{"damage":0,"enemies":"Small Slimes","floor":5,"turns":1},{"damage":0,"enemies":"3 Sentries","floor":6,"turns":1},{"damage":10,"enemies":"Cultist","floor":8,"turns":4},{"damage":17,"enemies":"3 Louse","floor":11,"turns":4},{"damage":27,"enemies":"Red Slaver","floor":12,"turns":4},{"damage":0,"enemies":"Exordium Wildlife","floor":13,"turns":2},{"damage":15,"enemies":"Lagavulin","floor":14,"turns":6},{"damage":25,"enemies":"Hexaghost","floor":16,"turns":7},{"damage":21,"enemies":"Shell Parasite","floor":18,"turns":5},{"damage":8,"enemies":"3 Byrds","floor":22,"turns":3},{"damage":6,"enemies":"Centurion and Healer","floor":24,"turns":4},{"damage":6,"enemies":"Snake Plant","floor":25,"turns":3},{"damage":13,"enemies":"Sentry and Sphere","floor":28,"turns":5},{"damage":7,"enemies":"Cultist and Chosen","floor":29,"turns":5},{"damage":51,"enemies":"Collector","floor":33,"turns":9},{"damage":49,"enemies":"3 Darklings","floor":35,"turns":4},{"damage":7,"enemies":"Orb Walker","floor":38,"turns":3},{"damage":1,"enemies":"3 Darklings","floor":39,"turns":6},{"damage":0,"enemies":"Nemesis","floor":42,"turns":5},{"damage":62,"enemies":"Transient","floor":45,"turns":5},{"damage":0,"enemies":"Maw","floor":48,"turns":6},{"damage":57,"enemies":"Awakened One","floor":50,"turns":13}],"seed_played":"-4110149150271584643","potions_obtained":[{"floor":5,"key":"EssenceOfSteel"},{"floor":11,"key":"Strength Potion"},{"floor":12,"key":"Strength Potion"},{"floor":14,"key":"ColorlessPotion"},{"floor":28,"key":"LiquidBronze"},{"floor":29,"key":"Ancient Potion"},{"floor":33,"key":"Strength Potion"},{"floor":39,"key":"AttackPotion"},{"floor":42,"key":"HeartOfIron"}],"is_trial":false,"path_per_floor":["M","?","$","?","M","E","R","M","T","?","M","M","M","E","R","B",null,"M","$","?","?","M","R","M","M","T","R","M","M","$","?","R","B",null,"M","?","?","M","M","R","$","E","T","?","M","R","$","M","R","B",null],"character_chosen":"IRONCLAD","items_purchased":["Battle Trance","Bronze Scales","Medical Kit","Block Potion"],"campfire_rested":1,"item_purchase_floors":[3,19,41,47],"current_hp_per_floor":[80,73,73,73,79,80,80,76,76,76,65,44,50,41,50,31,80,65,80,80,80,78,80,80,80,80,80,73,72,80,80,80,35,80,37,37,37,36,41,53,68,74,74,74,20,71,80,80,80,29],"gold":24,"neow_bonus":"THREE_ENEMY_KILL","is_daily":false,"chose_seed":false,"campfire_upgraded":5,"win_rate":0.0,"timestamp":1609320219,"path_taken":["M","?","$","?","?","E","R","M","T","?","?","M","M","E","R","BOSS","M","$","?","?","M","R","M","M","T","R","M","M","$","?","R","BOSS","M","?","?","M","?","R","$","E","T","?","M","R","?","M","R","BOSS"],"items_purchased_type":["Card","Relic","Relic","Potion"],"build_version":"2020-12-22","purchased_purges":3,"victory":true,"max_hp_per_floor":[80,80,80,80,80,80,80,80,80,80,80,80,80,80,80,80,80,80,80,80,80,80,80,80,80,80,80,80,80,80,80,80,80,80,80,80,80,80,80,80,80,80,80,80,80,80,80,80,80,80],"card_choices":[{"not_picked":["Metallicize","Clash"],"picked":"Flex","floor":1},{"not_picked":["Wild Strike","Body Slam"],"picked":"Impervious","floor":5},{"not_picked":["Cleave","Twin Strike","Perfected Strike"],"picked":"SKIP","floor":6},{"not_picked":["Warcry","Cleave"],"picked":"Anger","floor":8},{"not_picked":["Pommel Strike","Perfected Strike"],"picked":"Entrench","floor":8},{"not_picked":["Berserk","Clash"],"picked":"Shrug It Off","floor":11},{"not_picked":["Thunderclap","Feel No Pain","True Grit"],"picked":"SKIP","floor":11},{"not_picked":["Bloodletting","Power Through","Twin Strike"],"picked":"SKIP","floor":12},{"not_picked":["Pummel","Sentinel","Pommel Strike"],"picked":"SKIP","floor":12},{"not_picked":["Power Through","Twin Strike"],"picked":"Body Slam","floor":13},{"not_picked":["Headbutt","Wild Strike"],"picked":"Armaments","floor":13},{"not_picked":["Limit Break","Twin Strike","Whirlwind"],"picked":"SKIP","floor":14},{"not_picked":["Fiend Fire","Immolate"],"picked":"Juggernaut","floor":16},{"not_picked":["Twin Strike","Iron Wave"],"picked":"Armaments+1","floor":18},{"not_picked":["Flex+1","Twin Strike","Searing Blow"],"picked":"SKIP","floor":18},{"not_picked":["Hemokinesis","Carnage","Battle Trance"],"picked":"SKIP","floor":22},{"not_picked":["Twin Strike+1","Bloodletting","Metallicize"],"picked":"SKIP","floor":22},{"not_picked":["Whirlwind","Twin Strike+1","Clash"],"picked":"SKIP","floor":24},{"not_picked":["Searing Blow","Seeing Red+1","Havoc+1"],"picked":"SKIP","floor":24},{"not_picked":["Cleave","Thunderclap+1"],"picked":"Entrench","floor":25},{"not_picked":["True Grit","Dual Wield+1","Shrug It Off"],"picked":"SKIP","floor":25},{"not_picked":["True Grit","Dual Wield+1","Shrug It Off"],"picked":"SKIP","floor":25},{"not_picked":["Corruption","Power Through"],"picked":"Ghostly Armor","floor":28},{"not_picked":["Thunderclap","Twin Strike","Blood for Blood"],"picked":"SKIP","floor":28},{"not_picked":["Sword Boomerang+1","Uppercut"],"picked":"Shrug It Off","floor":29},{"not_picked":["Inflame","Anger+1","Metallicize"],"picked":"SKIP","floor":29},{"not_picked":["Shockwave+1","Twin Strike","Flex"],"picked":"SKIP","floor":35},{"not_picked":["Sword Boomerang","Hemokinesis","Sentinel+1"],"picked":"SKIP","floor":35},{"not_picked":["Pummel+1","Power Through","Spot Weakness+1"],"picked":"SKIP","floor":38},{"not_picked":["Rage","Sword Boomerang","Disarm"],"picked":"SKIP","floor":38},{"not_picked":["Headbutt+1","Spot Weakness+1","Rage"],"picked":"SKIP","floor":39},{"not_picked":["Heavy Blade+1","Iron Wave+1","Fire Breathing"],"picked":"SKIP","floor":39},{"not_picked":["Clash","Twin Strike"],"picked":"Double Tap","floor":42},{"not_picked":["Thunderclap","Wild Strike","Clash"],"picked":"SKIP","floor":45},{"not_picked":["Perfected Strike","Blood for Blood","Wild Strike+1"],"picked":"SKIP","floor":45},{"not_picked":["Offering","Blood for Blood"],"picked":"Body Slam+1","floor":48},{"not_picked":["Clothesline","Burning Pact","Anger+1"],"picked":"SKIP","floor":48}],"player_experience":33130,"relics_obtained":[{"floor":6,"key":"Prayer Wheel"},{"floor":9,"key":"Eternal Feather"},{"floor":14,"key":"MealTicket"},{"floor":34,"key":"Happy Flower"},{"floor":34,"key":"Ornamental Fan"},{"floor":34,"key":"Peace Pipe"},{"floor":42,"key":"Blood Vial"},{"floor":43,"key":"MawBank"}],"event_choices":[{"damage_healed":0,"gold_gain":0,"player_choice":"Success","damage_taken":7,"relics_obtained":["Regal Pillow"],"max_hp_gain":0,"max_hp_loss":0,"event_name":"Scrap Ooze","floor":2,"gold_loss":0},{"damage_healed":0,"gold_gain":0,"player_choice":"Upgraded","damage_taken":0,"max_hp_gain":0,"max_hp_loss":0,"event_name":"Upgrade Shrine","floor":4,"gold_loss":0,"cards_upgraded":["Battle Trance"]},{"damage_healed":0,"gold_gain":0,"player_choice":"Trade","damage_taken":0,"relics_obtained":["NlothsMask"],"max_hp_gain":0,"max_hp_loss":0,"event_name":"FaceTrader","floor":10,"gold_loss":0},{"damage_healed":0,"gold_gain":0,"cards_transformed":["Strike_R","Strike_R"],"player_choice":"Became Test Subject","damage_taken":0,"max_hp_gain":0,"max_hp_loss":0,"event_name":"Drug Dealer","floor":20,"gold_loss":0,"cards_obtained":["Blood for Blood","Body Slam"]},{"damage_healed":0,"gold_gain":0,"player_choice":"Simplicity","damage_taken":0,"max_hp_gain":0,"max_hp_loss":0,"event_name":"Back to Basics","floor":21,"gold_loss":0,"cards_upgraded":["Strike_R","Strike_R","Strike_R","Defend_R","Defend_R","Defend_R","Defend_R"]},{"damage_healed":0,"gold_gain":99,"player_choice":"Stole From Cult","damage_taken":0,"max_hp_gain":0,"max_hp_loss":0,"event_name":"Nest","floor":31,"gold_loss":0},{"damage_healed":0,"gold_gain":0,"player_choice":"Ignored","damage_taken":0,"max_hp_gain":0,"max_hp_loss":0,"event_name":"Mysterious Sphere","floor":36,"gold_loss":0},{"cards_removed":["Armaments"],"damage_healed":0,"gold_gain":0,"player_choice":"Gave Card","damage_taken":0,"relics_obtained":["TungstenRod"],"max_hp_gain":0,"max_hp_loss":0,"event_name":"WeMeetAgain","floor":37,"gold_loss":0},{"damage_healed":0,"gold_gain":0,"player_choice":"Paid","damage_taken":0,"relics_obtained":["Red Mask"],"max_hp_gain":0,"max_hp_loss":0,"event_name":"Tomb of Lord Red Mask","floor":44,"gold_loss":92}],"is_beta":false,"boss_relics":[{"not_picked":["SlaversCollar","Snecko Eye"],"picked":"Runic Pyramid"},{"not_picked":["Black Star","Astrolabe"],"picked":"Calling Bell"}],"items_purged_floors":[19,30,41],"is_endless":false,"potions_floor_spawned":[5,11,12,14,28,29,33,39,42],"ascension_level":3}}