{"host":"56ghxnzsglgdq727","time":1609295243,"event":{"mods":["AchievementEnabler","BaseMod","Minty Spire (QoL Compilation)"],"gold_per_floor":[133,133,308,351,407,407,453,453,480,519,259,259,324,349,349,494,494,544,544,612,501,564,564,603,603,603,603,603,641,318,358,358,482,482,496,509,509,555,327,327,327],"floor_reached":40,"playtime":3138,"items_purged":["Doubt","Defend_P","Writhe","Bite"],"score":496,"play_id":"0b8eef5a-eec1-46e7-94df-ee12ffc26533","local_time":"20201229212723","is_ascension_mode":true,"campfire_choices":[{"data":"HandOfGreed","floor":6.0,"key":"SMITH"},{"floor":8.0,"key":"REST"},{"floor":15.0,"key":"REST"},{"data":"Wish","floor":23.0,"key":"SMITH"},{"floor":32.0,"key":"REST"}],"circlet_count":0,"master_deck":["Defend_P","Defend_P","Defend_P","Eruption","Vigilance","HandOfGreed+1","Prostrate","Wish+1","Brilliance","Brilliance","Prostrate","Bite","Bite","Bite","Bite","Pray"],"relics":["PureWater","Golden Idol","Lantern","Membership Card","Juzu Bracelet","Empty Cage","HornCleat","Toy Ornithopter","Sundial","Bag of Marbles","PreservedInsect","HandDrill","SacredBark","Damaru","ClockworkSouvenir"],"acts_visited":["Exordium","TheCity","TheBeyond"],"potions_floor_usage":[],"damage_taken":[{"damage":0.0,"enemies":"Jaw Worm","floor":1.0,"turns":3.0},{"damage":10.0,"enemies":"Small Slimes","floor":4.0,"turns":4.0},{"damage":1.0,"enemies":"2 Louse","floor":5.0,"turns":7.0},{"damage":3.0,"enemies":"Exordium Thugs","floor":7.0,"turns":4.0},{"damage":10.0,"enemies":"Red Slaver","floor":10.0,"turns":8.0},{"damage":10.0,"enemies":"3 Louse","floor":13.0,"turns":4.0},{"damage":0.0,"enemies":"Large Slime","floor":14.0,"turns":2.0},{"damage":4.0,"enemies":"Slime Boss","floor":16.0,"turns":7.0},{"damage":0.0,"enemies":"Spheric Guardian","floor":18.0,"turns":2.0},{"damage":4.0,"enemies":"3 Byrds","floor":20.0,"turns":6.0},{"damage":15.0,"enemies":"3 Cultists","floor":22.0,"turns":5.0},{"damage":28.0,"enemies":"Gremlin Leader","floor":24.0,"turns":6.0},{"damage":21.0,"enemies":"Snake Plant","floor":29.0,"turns":4.0},{"damage":0.0,"enemies":"Snecko","floor":31.0,"turns":2.0},{"damage":49.0,"enemies":"Champ","floor":33.0,"turns":8.0},{"damage":45.0,"enemies":"3 Darklings","floor":35.0,"turns":9.0},{"damage":34.0,"enemies":"Orb Walker","floor":36.0,"turns":4.0},{"damage":20.0,"enemies":"4 Shapes","floor":38.0,"turns":7.0},{"damage":16,"enemies":"Jaw Worm Horde","floor":40,"turns":1}],"seed_played":"3159209893707498188","potions_obtained":[{"floor":5.0,"key":"SpeedPotion"},{"floor":10.0,"key":"EntropicBrew"},{"floor":16.0,"key":"StancePotion"},{"floor":18.0,"key":"Weak Potion"},{"floor":19.0,"key":"CultistPotion"},{"floor":19.0,"key":"Swift Potion"},{"floor":24.0,"key":"BottledMiracle"},{"floor":29.0,"key":"StancePotion"}],"is_trial":false,"path_per_floor":["M","?","?","M","M","R","M","R","T","M","$","?","M","M","R","B",null,"M","?","M","$","M","R","E","?","T","?","?","M","$","M","R","B",null,"M","M","?","M","$","M"],"character_chosen":"WATCHER","items_purchased":["Membership Card","Juzu Bracelet","Brilliance","Prostrate","Bag of Marbles","PreservedInsect","HandDrill","DistilledChaos","Damaru","ClockworkSouvenir"],"campfire_rested":3,"item_purchase_floors":[11,11,21,21,30,30,30,30,39,39],"current_hp_per_floor":[72,54,54,44,43,43,40,61,61,51,51,33,25,27,48,46,72,72,72,68,68,55,55,29,29,29,29,29,23,23,25,46,25,72,43,13,13,7,7,0,0],"gold":327,"neow_bonus":"RANDOM_COLORLESS_2","is_daily":false,"chose_seed":false,"campfire_upgraded":2,"win_rate":0.0,"timestamp":1609295243,"path_taken":["M","?","?","M","M","R","M","R","T","M","$","?","M","M","R","BOSS","M","?","M","?","M","R","E","?","T","?","?","M","$","M","R","BOSS","M","M","?","M","$","M"],"items_purchased_type":["Relic","Relic","Card","Card","Relic","Relic","Relic","Potion","Relic","Relic"],"build_version":"2020-12-22","purchased_purges":4,"victory":false,"max_hp_per_floor":[72,72,72,72,72,72,72,72,72,72,72,72,72,72,72,72,72,72,72,72,72,72,72,72,72,72,72,72,72,72,72,72,72,72,72,72,72,72,72,72,72],"card_choices":[{"not_picked":["Apotheosis","Mayhem"],"picked":"HandOfGreed","floor":0.0},{"not_picked":["Indignation","JustLucky","Meditate"],"picked":"SKIP","floor":1.0},{"not_picked":["Adaptation","EmptyFist","WindmillStrike"],"picked":"SKIP","floor":4.0},{"not_picked":["FlyingSleeves","BowlingBash","Meditate"],"picked":"SKIP","floor":5.0},{"not_picked":["EmptyBody","CutThroughFate"],"picked":"Prostrate","floor":7.0},{"not_picked":["FearNoEvil","InnerPeace","FollowUp"],"picked":"SKIP","floor":10.0},{"not_picked":["ThirdEye","WaveOfTheHand","FlurryOfBlows"],"picked":"SKIP","floor":13.0},{"not_picked":["Meditate","Collect"],"picked":"Wish","floor":14.0},{"not_picked":["DeusExMachina","Omniscience"],"picked":"Brilliance","floor":16.0},{"not_picked":["CutThroughFate","SignatureMove","Indignation+1"],"picked":"SKIP","floor":18.0},{"not_picked":["CutThroughFate","Nirvana","EmptyBody"],"picked":"SKIP","floor":20.0},{"not_picked":["Crescendo","JustLucky","Protect"],"picked":"SKIP","floor":22.0},{"not_picked":["Conclude","FollowUp","Protect"],"picked":"SKIP","floor":24.0},{"not_picked":["ReachHeaven","ForeignInfluence","Crescendo+1"],"picked":"SKIP","floor":29.0},{"not_picked":["Tantrum","WindmillStrike+1"],"picked":"Pray","floor":31.0},{"not_picked":["Scrawl","Vault"],"picked":"Establishment","floor":33.0},{"not_picked":["Consecrate+1","Meditate","SignatureMove"],"picked":"SKIP","floor":35.0},{"not_picked":["EmptyBody","CrushJoints+1","Nirvana+1"],"picked":"SKIP","floor":36.0},{"not_picked":["Crescendo","Weave+1","FlurryOfBlows+1"],"picked":"SKIP","floor":38.0}],"player_experience":52462,"relics_obtained":[{"floor":9.0,"key":"Lantern"},{"floor":24.0,"key":"HornCleat"},{"floor":26.0,"key":"Toy Ornithopter"}],"event_choices":[{"damage_healed":0.0,"max_hp_gain":0.0,"max_hp_loss":0.0,"gold_gain":0.0,"event_name":"Golden Idol","player_choice":"Take Damage","floor":2.0,"gold_loss":0.0,"damage_taken":18.0,"relics_obtained":["Golden Idol"]},{"damage_healed":0.0,"max_hp_gain":0.0,"max_hp_loss":0.0,"gold_gain":175.0,"event_name":"Liars Game","player_choice":"AGREE","floor":3.0,"gold_loss":0.0,"damage_taken":0.0,"cards_obtained":["Doubt"]},{"damage_healed":0.0,"max_hp_gain":0.0,"max_hp_loss":0.0,"gold_gain":0.0,"event_name":"Scrap Ooze","player_choice":"Success","floor":12.0,"gold_loss":0.0,"damage_taken":18.0,"relics_obtained":["Blood Vial"]},{"damage_healed":0.0,"max_hp_gain":0.0,"max_hp_loss":0.0,"gold_gain":0.0,"event_name":"Lab","player_choice":"Got Potions","floor":19.0,"gold_loss":0.0,"damage_taken":0.0},{"damage_healed":0.0,"max_hp_gain":0.0,"max_hp_loss":0.0,"gold_gain":0.0,"event_name":"Ghosts","player_choice":"Ignored","floor":25.0,"gold_loss":0.0,"damage_taken":0.0},{"damage_healed":0.0,"max_hp_gain":0.0,"max_hp_loss":0.0,"gold_gain":0.0,"event_name":"Vampires","player_choice":"Became a vampire (Vial)","floor":27.0,"relics_lost":["Blood Vial"],"gold_loss":0.0,"damage_taken":0.0,"cards_obtained":["Bite","Bite","Bite","Bite","Bite"]},{"damage_healed":0.0,"max_hp_gain":0.0,"max_hp_loss":0.0,"gold_gain":0.0,"event_name":"The Mausoleum","player_choice":"Opened","floor":28.0,"gold_loss":0.0,"damage_taken":0.0,"relics_obtained":["Sundial"],"cards_obtained":["Writhe"]},{"cards_removed":["Establishment"],"damage_healed":0.0,"max_hp_gain":0.0,"max_hp_loss":0.0,"gold_gain":0.0,"event_name":"Falling","player_choice":"Removed Power","floor":37.0,"gold_loss":0.0,"damage_taken":0.0}],"is_beta":false,"boss_relics":[{"not_picked":["Ectoplasm","Tiny House"],"picked":"Empty Cage"},{"not_picked":["Fusion Hammer","Calling Bell"],"picked":"SacredBark"}],"items_purged_floors":[11,21,30,39],"is_endless":false,"potions_floor_spawned":[5,10,16,18,24,29],"killed_by":"Jaw Worm Horde","ascension_level":1}}