{"host":"sav7uxregyirlf69","time":1609326576,"event":{"mods":["AchievementEnabler","BaseMod","Colored Map","DeckTracker","Keyboard Shortcuts","Minty Spire (QoL Compilation)","READ ME - Guardian Mod","StSLib","SuperFastMode"],"gold_per_floor":[117,117,137,62,130,164,176,176,176,190,190,221,221,234,234,234,234],"floor_reached":16,"playtime":254,"items_purged":[],"score":270,"play_id":"576af984-ed55-4d68-8b9c-3eddff064f4c","local_time":"20201230200936","is_ascension_mode":true,"campfire_choices":[{"data":"Envenom","floor":8,"key":"SMITH"},{"data":"Neutralize","floor":11,"key":"SMITH"},{"data":"Crippling Poison","floor":13,"key":"SMITH"},{"data":"Adrenaline","floor":15,"key":"SMITH"}],"circlet_count":0,"master_deck":["AscendersBane","Strike_G","Strike_G","Strike_G","Defend_G","Defend_G","Defend_G","Defend_G","Defend_G","Survivor","Neutralize+1","All Out Attack","Envenom+1","Crippling Poison+1","Reflex","Adrenaline+1","Backflip"],"relics":["Ring of the Snake","NeowsBlessing","StrikeDummy","Ornamental Fan","Paper Crane","Art of War"],"acts_visited":["Exordium"],"potions_floor_usage":[12,16],"damage_taken":[{"damage":0,"enemies":"Small Slimes","floor":1,"turns":1},{"damage":0,"enemies":"Jaw Worm","floor":3,"turns":1},{"damage":0,"enemies":"Gremlin Nob","floor":6,"turns":1},{"damage":2,"enemies":"Cultist","floor":7,"turns":4},{"damage":12,"enemies":"Gremlin Gang","floor":10,"turns":4},{"damage":17,"enemies":"Lagavulin","floor":12,"turns":7},{"damage":9,"enemies":"Large Slime","floor":14,"turns":5},{"damage":26,"enemies":"Slime Boss","floor":16,"turns":7}],"seed_played":"-7033686277883079926","potions_obtained":[{"floor":1,"key":"SmokeBomb"},{"floor":3,"key":"LiquidMemories"},{"floor":7,"key":"EssenceOfSteel"},{"floor":12,"key":"GhostInAJar"}],"is_trial":false,"path_per_floor":["M","?","M","?","T","E","M","R","T","M","R","E","R","M","R","B"],"character_chosen":"THE_SILENT","items_purchased":[],"campfire_rested":0,"item_purchase_floors":[],"current_hp_per_floor":[59,59,59,59,59,59,57,57,57,45,45,28,28,19,19,0,0],"gold":234,"neow_bonus":"THREE_ENEMY_KILL","is_daily":false,"chose_seed":false,"campfire_upgraded":4,"win_rate":0.0,"timestamp":1609326576,"path_taken":["M","?","M","?","?","E","M","R","T","?","R","E","R","?","R","BOSS"],"items_purchased_type":[],"build_version":"2020-12-22","purchased_purges":0,"victory":false,"max_hp_per_floor":[66,66,66,66,66,66,66,66,66,66,66,66,66,66,66,66,66],"card_choices":[{"not_picked":["Riddle With Holes","Acrobatics"],"picked":"All Out Attack","floor":1},{"not_picked":["Accuracy","Setup"],"picked":"Crippling Poison","floor":3},{"not_picked":["Deadly Poison","Choke"],"picked":"Reflex","floor":6},{"not_picked":["Blur","Catalyst","PiercingWail"],"picked":"SKIP","floor":7},{"not_picked":["Backflip","Slice","Quick Slash"],"picked":"SKIP","floor":10},{"not_picked":["Underhanded Strike","Blade Dance"],"picked":"Adrenaline","floor":12},{"not_picked":["Bane","Expertise"],"picked":"Backflip","floor":14}],"player_experience":1073763,"relics_obtained":[{"floor":5,"key":"StrikeDummy"},{"floor":6,"key":"Ornamental Fan"},{"floor":9,"key":"Paper Crane"},{"floor":12,"key":"Art of War"}],"event_choices":[{"damage_healed":0,"gold_gain":0,"cards_transformed":["Strike_G"],"player_choice":"Change","damage_taken":0,"max_hp_gain":0,"max_hp_loss":0,"event_name":"Living Wall","floor":2,"gold_loss":0,"cards_obtained":["Envenom"]},{"cards_removed":["Strike_G"],"damage_healed":0,"gold_gain":0,"player_choice":"Card Removal","damage_taken":0,"max_hp_gain":0,"max_hp_loss":0,"event_name":"The Cleric","floor":4,"gold_loss":75}],"is_beta":false,"boss_relics":[],"items_purged_floors":[],"is_endless":false,"potions_floor_spawned":[1,3,7,12],"killed_by":"Slime Boss","ascension_level":20}}