{"host":"963ykkbusvcbqwtq","time":1609335673,"event":{"mods":["2.2 Compatiblity","AchievementEnabler","Arknights The Spire","BaseMod","Colored Map","GifTheSpireLib","GungeonMod","Lobotomy","Luminous","Minty Spire (QoL Compilation)","StSLib","SuperFastMode","The Bug Knight"],"gold_per_floor":[112,572,572,583,583,614,614,632,632,632,661,661,661,1183,1183,1282,1282,1299,1299,1299,804,804,804,504,504,504,504,522,532,549,563,581,581,581,682,682,693,240,240,240,240,240,270,270,296,330,330,930,955,970,970,970,970,970,122,149,149],"floor_reached":58,"playtime":2537,"items_purged":["HollowMod:NailStrikeStart","HollowMod:Grubsong","HollowMod:NewGlowingWomb","HollowMod:LifebloodCore","DemoMod:Elimentaler","HollowMod:NewJinnsSoul"],"score":1280,"play_id":"91ea7869-ef21-4f5c-b4c3-0913a603ee36","local_time":"20201230224113","is_ascension_mode":true,"campfire_choices":[{"data":"HollowMod:VengefulVoid","floor":7.0,"key":"SMITH"},{"data":"HollowMod:GreatSlash","floor":10.0,"key":"SMITH"},{"floor":13.0,"key":"REST"},{"floor":15.0,"key":"REST"},{"floor":25.0,"key":"REST"},{"data":"HollowMod:NewLastStag","floor":27.0,"key":"SMITH"},{"floor":33.0,"key":"REST"},{"data":"HollowMod:MylasSalvation","floor":42.0,"key":"SMITH"},{"data":"HollowMod:GrimmsGift","floor":44.0,"key":"SMITH"},{"floor":47.0,"key":"RECALL"},{"floor":51.0,"key":"REST"},{"data":"HollowMod:HuntersJournal","floor":54,"key":"SMITH"}],"circlet_count":0,"master_deck":["HollowMod:FocusHealStart","HollowMod:PogoStrike","UniverseFragment","HollowMod:VengefulVoid+1","Variant","HollowMod:GreatSlash+1","HollowMod:DescendingDark","HollowMod:NewLittleFool","HollowMod:HuntersJournal+1","HollowMod:Weaversong","HollowMod:GrimmsGift+1","HollowMod:Weaversong","HollowMod:CloakDash+1","HollowMod:CoiledNail","CrumblingArmor","HollowMod:VengefulVoid+1","Necronomicurse","HollowMod:DescendingDark","HollowMod:VengefulVoid+1","HollowMod:NewLastStag+1","HollowMod:FastStrike","HollowMod:VoidDash+1","HollowMod:AbyssShriek+1","HollowMod:HeavyBlow+1","HollowMod:MylasSalvation+1","Flash of Steel","HollowMod:SharpenedNail+1","HollowMod:NewLittleFool","Laetitia","HollowMod:BlackTendrils"],"relics":["HollowMod:VesselMask","CogitoBucket","HollowMod:PaleOreRelic","DemoMod:MeatBun","Mercury Hourglass","DemoMod:LamentConfigurum","ats:Originium","Potion Belt","DemoMod:SerJunkan","Pandora\u0027s Box","FleshIdol","Necronomicon","Mummified Hand","DemoMod:Junk","LuminousBracelet","DemoMod:RatBoots","DemoMod:ResourcefulSack","DemoMod:PartiallyEatenCheese","HollowMod:VoidIdolRelic","Philosopher\u0027s Stone","DemoMod:Metronome","Lee\u0027s Waffle","Gremlin Horn","The Courier","DemoMod:MonsterBlood","Art of War","War Paint","Theresia","AtMidnight","DemoMod:PinkGuonStone","ClockworkSouvenir","Lantern","Mango"],"acts_visited":["Exordium","TheCity","DemoMod:Maze","TheBeyond","TheEnding"],"potions_floor_usage":[],"damage_taken":[{"damage":1.0,"enemies":"Cultist","floor":1.0,"turns":3.0},{"damage":0.0,"enemies":"2 Louse","floor":4.0,"turns":1.0},{"damage":39.0,"enemies":"Lagavulin","floor":6.0,"turns":7.0},{"damage":6.0,"enemies":"Jaw Worm","floor":8.0,"turns":3.0},{"damage":26.0,"enemies":"Gremlin Nob","floor":11.0,"turns":4.0},{"damage":31.0,"enemies":"The Guardian","floor":16.0,"turns":13.0},{"damage":0.0,"enemies":"2 Thieves","floor":18.0,"turns":1.0},{"damage":26.0,"enemies":"Book of Stabbing","floor":23.0,"turns":4.0},{"damage":6.0,"enemies":"DemoMod:Red_and_blue_shotgun_kin","floor":28.0,"turns":1.0},{"damage":16.0,"enemies":"DemoMod:Veteran_shot_gun_kin_and_red_shotgun_kin","floor":29.0,"turns":1.0},{"damage":13.0,"enemies":"DemoMod:Veteran_shot_gun_kin_and_blue_shotgun_kin_with_gunsinger","floor":30.0,"turns":2.0},{"damage":14.0,"enemies":"DemoMod:Veteran_shot_gun_kin_and_red_shotgun_kin_with_gunsinger","floor":31.0,"turns":3.0},{"damage":19.0,"enemies":"DemoMod:Red_and_blue_shotgun_kin_with_gunsinger","floor":32.0,"turns":3.0},{"damage":60.0,"enemies":"DemoMod:ResourcefulRat","floor":35.0,"turns":9.0},{"damage":2.0,"enemies":"3 Darklings","floor":37.0,"turns":2.0},{"damage":24.0,"enemies":"Nemesis","floor":43.0,"turns":3.0},{"damage":38.0,"enemies":"Giant Head","floor":46.0,"turns":5.0},{"damage":0.0,"enemies":"Nemesis","floor":49.0,"turns":5.0},{"damage":0.0,"enemies":"3 Shapes","floor":50.0,"turns":5.0},{"damage":12,"enemies":"Time Eater","floor":52,"turns":6},{"damage":17,"enemies":"Shield and Spear","floor":56,"turns":2},{"damage":64,"enemies":"The Heart","floor":57,"turns":4}],"seed_played":"-6174703477028797467","potions_obtained":[{"floor":32.0,"key":"LiquidMemories"}],"is_trial":false,"path_per_floor":["M","$","?","M","?","E","R","M","T","R","E","?","R","$","R","B",null,"M","?","?","$","?","E","?","R","T","R","M","M","M","M","M","R","B","B",null,"M","$","?","?","?","R","E","R","T","E","R","$","E","M","R","B",null,"R","$","E","B",null],"character_chosen":"THE_BUGKNIGHT","items_purchased":["HollowMod:VengefulVoid","DemoMod:GnawedKey","HollowMod:PaleOreRelic","DemoMod:MeatBun","HollowMod:NewLittleFool","DemoMod:SerJunkan","HollowMod:HuntersJournal","Mummified Hand","HollowMod:DescendingDark","HollowMod:NewGlowingWomb","DemoMod:Metronome","Lee\u0027s Waffle","Art of War","War Paint","HollowMod:NewLittleFool","DemoMod:PinkGuonStone","ClockworkSouvenir","Lantern","Mango"],"campfire_rested":5,"item_purchase_floors":[2,2,2,2,14,14,14,21,21,21,38,38,48,48,48,55,55,55,55],"current_hp_per_floor":[74,75,75,75,75,36,36,30,30,30,4,4,26,26,48,23,75,75,61,45,45,45,19,19,43,80,80,74,58,45,46,34,62,71,35,95,93,102,102,102,102,102,81,81,81,52,52,52,52,52,81,74,99,99,120,103,56],"gold":149,"neow_bonus":"","is_daily":false,"chose_seed":false,"campfire_upgraded":6,"win_rate":0.0,"timestamp":1609335673,"path_taken":["M","$","?","M","?","E","R","?","T","R","E","?","R","$","R","BOSS","M","?","?","$","?","E","?","R","T","R","M","M","M","M","M","R","BOSS","BOSS","M","$","?","?","?","R","E","R","T","E","R","$","E","M","R","BOSS","R","$","E","BOSS"],"items_purchased_type":["Card","Relic","Relic","Relic","Card","Relic","Card","Relic","Card","Card","Relic","Relic","Relic","Relic","Card","Relic","Relic","Card","Relic"],"build_version":"2020-12-22","purchased_purges":6,"victory":true,"max_hp_per_floor":[75,75,75,75,75,75,75,75,75,75,75,75,75,75,75,75,75,75,80,80,80,80,80,80,80,80,80,80,80,80,95,95,95,95,95,95,95,102,102,102,102,102,102,102,102,109,109,109,109,99,99,99,99,99,120,120,120],"card_choices":[{"not_picked":["Murderer","Scorched"],"picked":"UniverseFragment","floor":1.0},{"not_picked":["HollowMod:SharpenedNail","HollowMod:CloakDash"],"picked":"HollowMod:Grubsong","floor":1.0},{"not_picked":["FieryBird","Bloodbath"],"picked":"Variant","floor":4.0},{"not_picked":["HollowMod:InfectedCysts","HollowMod:CornifersMapStart"],"picked":"HollowMod:GreatSlash","floor":4.0},{"not_picked":["HollowMod:GoodIntentions","HollowMod:InfectedAttack","HollowMod:FallenFury"],"picked":"SKIP","floor":6.0},{"not_picked":["HollowMod:Grubsong","HollowMod:DesolateDive","HollowMod:PureNailStrike"],"picked":"SKIP","floor":8.0},{"not_picked":["HollowMod:VengefulVoid","HollowMod:NewJinnsSoul"],"picked":"HollowMod:DescendingDark","floor":11.0},{"not_picked":["HollowMod:ElderbugsWisdom","HollowMod:SoulMaster"],"picked":"HollowMod:Weaversong","floor":16.0},{"not_picked":["CherryBlossoms","MHz"],"picked":"CrumblingArmor","floor":18.0},{"not_picked":["HollowMod:SoulStrike","HollowMod:DoubleDash+1"],"picked":"HollowMod:VengefulVoid+1","floor":18.0},{"not_picked":["HollowMod:InfectedAttack","HollowMod:SoulSplash"],"picked":"HollowMod:VengefulVoid+1","floor":23.0},{"not_picked":["HollowMod:GreatSlash","HollowMod:SoulSplash+1","HollowMod:InfectedCysts+1"],"picked":"SKIP","floor":28.0},{"not_picked":["HollowMod:GreatSlash","HollowMod:CrystalDash+1","HollowMod:BaldurShell"],"picked":"SKIP","floor":29.0},{"not_picked":["HollowMod:ChannelNail","HollowMod:SoulEater+1","HollowMod:DescendingDark+1"],"picked":"SKIP","floor":30.0},{"not_picked":["HollowMod:MonomonsArchive","HollowMod:SoulSplash"],"picked":"HollowMod:FastStrike","floor":31.0},{"not_picked":["HollowMod:SoulSplash","HollowMod:CloakDash","HollowMod:CornifersMapStart+1"],"picked":"SKIP","floor":32.0},{"not_picked":[],"picked":"DemoMod:Elimentaler","floor":35.0},{"not_picked":["HollowMod:HornetsHelp","HollowMod:PureVessel"],"picked":"HollowMod:VoidDash","floor":35.0},{"not_picked":["HollowMod:SoulSplash","HollowMod:InfectedCysts"],"picked":"HollowMod:AbyssShriek+1","floor":36.0},{"not_picked":["HollowMod:ChannelNail+1","HollowMod:InfectedAttack+1"],"picked":"HollowMod:HeavyBlow+1","floor":37.0},{"not_picked":["Bandage Up","Panacea"],"picked":"Flash of Steel","floor":41.0},{"not_picked":["HollowMod:SoulEater+1","HollowMod:DashSlash","HollowMod:SoulSplash"],"picked":"SKIP","floor":43.0},{"not_picked":["HollowMod:DesolateDive","HollowMod:InfectedAttack+1"],"picked":"HollowMod:SharpenedNail+1","floor":46.0},{"not_picked":["HollowMod:InfectionAssault","HollowMod:ChannelNail","HollowMod:CycloneSlash+1"],"picked":"SKIP","floor":49.0},{"not_picked":["NakedNest","LittleHelper"],"picked":"Laetitia","floor":50.0},{"not_picked":["HollowMod:BlackTendrils","HollowMod:CloakDash+1","HollowMod:Weaversong"],"picked":"SKIP","floor":50.0},{"not_picked":["HollowMod:CloakDash+1","HollowMod:Weaversong"],"picked":"HollowMod:BlackTendrils","floor":50.0},{"not_picked":["HollowMod:CycloneSlash","HollowMod:DreamGate","HollowMod:SiblingsSouls"],"picked":"SKIP","floor":56}],"player_experience":208547,"relics_obtained":[{"floor":6.0,"key":"Mercury Hourglass"},{"floor":9.0,"key":"DemoMod:LamentConfigurum"},{"floor":11.0,"key":"ats:Originium"},{"floor":11.0,"key":"Potion Belt"},{"floor":20.0,"key":"Necronomicon"},{"floor":23.0,"key":"DemoMod:Junk"},{"floor":23.0,"key":"DemoMod:Junk"},{"floor":36.0,"key":"DemoMod:RatBoots"},{"floor":36.0,"key":"DemoMod:ResourcefulSack"},{"floor":36.0,"key":"DemoMod:PartiallyEatenCheese"},{"floor":36.0,"key":"HollowMod:VoidIdolRelic"},{"floor":36.0,"key":"Philosopher\u0027s Stone"},{"floor":43.0,"key":"DemoMod:Junk"},{"floor":43.0,"key":"The Courier"},{"floor":46.0,"key":"DemoMod:Junk"},{"floor":46.0,"key":"DemoMod:MonsterBlood"},{"floor":49.0,"key":"DemoMod:Junk"},{"floor":49.0,"key":"DemoMod:Junk"},{"floor":50.0,"key":"AtMidnight"},{"floor":56,"key":"DemoMod:Junk"},{"floor":56,"key":"DemoMod:Junk"}],"event_choices":[{"damage_healed":0.0,"max_hp_gain":0.0,"max_hp_loss":0.0,"gold_gain":0.0,"event_name":"Wheel of Change","player_choice":"Cursed","floor":5.0,"gold_loss":0.0,"damage_taken":0.0,"cards_obtained":["Decay"]},{"cards_removed":["Decay"],"damage_healed":0.0,"max_hp_gain":0.0,"max_hp_loss":0.0,"gold_gain":0.0,"event_name":"Living Wall","player_choice":"Forget","floor":12.0,"gold_loss":0.0,"damage_taken":0.0},{"damage_healed":0.0,"max_hp_gain":5.0,"max_hp_loss":0.0,"gold_gain":0.0,"event_name":"Forgotten Altar","player_choice":"Shed Blood","floor":19.0,"gold_loss":0.0,"damage_taken":19.0},{"damage_healed":0.0,"max_hp_gain":0.0,"max_hp_loss":0.0,"gold_gain":0.0,"event_name":"Cursed Tome","player_choice":"Obtained Book","floor":20.0,"gold_loss":0.0,"damage_taken":16.0},{"damage_healed":0.0,"max_hp_gain":0.0,"max_hp_loss":0.0,"gold_gain":0.0,"event_name":"Vampires","player_choice":"Ignored","floor":22.0,"gold_loss":0.0,"damage_taken":0.0},{"damage_healed":0.0,"max_hp_gain":0.0,"max_hp_loss":0.0,"gold_gain":0.0,"event_name":"Tomb of Lord Red Mask","player_choice":"Ignored","floor":40.0,"gold_loss":0.0,"damage_taken":0.0},{"damage_healed":0.0,"max_hp_gain":0.0,"max_hp_loss":0.0,"gold_gain":0.0,"event_name":"SensoryStone","player_choice":"Memory 1","floor":41.0,"gold_loss":0.0,"damage_taken":0.0}],"is_beta":false,"boss_relics":[{"not_picked":["Velvet Choker","Black Star"],"picked":"Pandora\u0027s Box"},{"not_picked":[]}],"items_purged_floors":[2,14,21,38,48,55],"is_endless":false,"potions_floor_spawned":[29,32],"ascension_level":1}}