{"host":"u3zhfyeznnb1kiy1","time":1609298339,"event":{"mods":["BaseMod","Colored Map","Colored Powertips","Downfall","GifTheSpireLib","Highlight Path","Minty Spire (QoL Compilation)","StSLib"],"gold_per_floor":[99,110,121,135,135,154,154,4,29,29,46,104,129,149,164,260,260,185,185,201,35,35,61,84,100,125,135,135,146,179,196,216,311,311,311,325,336,336,264,264,311,345,363,115,143,143,172,182,194,194,194,221,18,18,18],"floor_reached":56,"playtime":5802,"items_purged":["Guardian:Defend_Guardian","Guardian:Defend_Guardian","Guardian:Defend_Guardian"],"score":1465,"play_id":"45aafc7b-0b95-4425-befe-87f033a53c51","local_time":"20201229221859","is_ascension_mode":true,"campfire_choices":[{"floor":1,"key":"RECALL"},{"data":"Guardian:SpikerProtocol","floor":8,"key":"SMITH"},{"data":"Guardian:DonusPower","floor":10,"key":"SMITH"},{"data":"Guardian:PiercingHide","floor":18,"key":"SMITH"},{"data":"Guardian:Orbwalk","floor":28,"key":"SMITH"},{"data":"Guardian:DonusPower","floor":35,"key":"SMITH"},{"data":"Guardian:Harden","floor":40,"key":"SMITH"},{"data":"Guardian:TimeCapacitor","floor":54,"key":"SMITH"}],"circlet_count":0,"master_deck":["Guardian:Strike_Guardian","Guardian:Strike_Guardian","Guardian:Strike_Guardian","Guardian:CurlUp","Guardian:TwinSlam","Guardian:Planning","Guardian:DonusPower+1","Guardian:SpikerProtocol+1","Guardian:Incinerate","Guardian:PiercingHide+1","Guardian:ChargeCore+1","Guardian:TimeCapacitor+1","Guardian:PrismaticBeam+1","Guardian:Orbwalk+1","Guardian:Preprogram","Guardian:ArmoredProtocol+1","Guardian:DonusPower+1","Guardian:Recover+1","Guardian:Planning+1","Guardian:TimeSifter","Guardian:Harden+1","expansioncontent:TimeRipple","Guardian:ArmoredProtocol","Guardian:Harden+1","Guardian:AncientConstruct","Guardian:DonusPower","Guardian:SpikerProtocol","expansioncontent:CaCaw","Guardian:Reroute","Guardian:SentryBeam","Guardian:Gem_Cyan","expansioncontent:Chronoboost"],"relics":["Guardian:ModeShifter","Guardian:PickAxe","downfall:HeartBlessingRed","downfall:HeartBlessingBlue","Singing Bowl","Lizard Tail","Art of War","Busted Crown","downfall:HeartBlessingGreen","ClockworkSouvenir","Bronze Scales","Whetstone","Gambling Chip","Juzu Bracelet","Sozu","Membership Card","Bottled Flame","War Paint","Du-Vu Doll","Oddly Smooth Stone","Strawberry","Happy Flower","Toy Ornithopter","Chemical X"],"acts_visited":["Exordium","TheCity","TheBeyond","TheEnding"],"potions_floor_usage":[13,13,16,23,55,55,55],"damage_taken":[{"damage":0,"enemies":"2 Louse","floor":2,"turns":3},{"damage":0,"enemies":"Jaw Worm","floor":3,"turns":4},{"damage":0,"enemies":"Cultist","floor":4,"turns":3},{"damage":15,"enemies":"Cultist","floor":5,"turns":4},{"damage":0,"enemies":"Large Slime","floor":6,"turns":7},{"damage":5,"enemies":"3 Sentries","floor":9,"turns":9},{"damage":1,"enemies":"3 Louse","floor":11,"turns":3},{"damage":5,"enemies":"3 Sentries","floor":12,"turns":4},{"damage":2,"enemies":"Gremlin Nob","floor":13,"turns":3},{"damage":4,"enemies":"2 Fungi Beasts","floor":14,"turns":2},{"damage":8,"enemies":"Blue Slaver","floor":15,"turns":2},{"damage":14,"enemies":"downfall:Silent","floor":16,"turns":9},{"damage":0,"enemies":"Shell Parasite","floor":20,"turns":3},{"damage":0,"enemies":"downfall:FleeingMerchant","floor":21,"turns":4},{"damage":0,"enemies":"Gremlin Leader","floor":23,"turns":5},{"damage":0,"enemies":"Sentry and Sphere","floor":25,"turns":4},{"damage":16,"enemies":"Slavers","floor":26,"turns":3},{"damage":2,"enemies":"Centurion and Healer","floor":27,"turns":4},{"damage":0,"enemies":"Snecko","floor":29,"turns":5},{"damage":1,"enemies":"Book of Stabbing","floor":30,"turns":4},{"damage":0,"enemies":"Snake Plant","floor":31,"turns":1},{"damage":0,"enemies":"Cultist and Chosen","floor":32,"turns":4},{"damage":7,"enemies":"downfall:Defect","floor":33,"turns":4},{"damage":0,"enemies":"3 Shapes","floor":36,"turns":3},{"damage":0,"enemies":"Orb Walker","floor":37,"turns":3},{"damage":0,"enemies":"downfall:FleeingMerchant","floor":39,"turns":4},{"damage":0,"enemies":"Nemesis","floor":42,"turns":5},{"damage":5,"enemies":"Transient","floor":43,"turns":5},{"damage":11,"enemies":"Giant Head","floor":45,"turns":8},{"damage":0,"enemies":"Nemesis","floor":47,"turns":5},{"damage":1,"enemies":"Sphere and 2 Shapes","floor":48,"turns":3},{"damage":11,"enemies":"Jaw Worm Horde","floor":49,"turns":4},{"damage":13,"enemies":"downfall:Ironclad","floor":50,"turns":9},{"damage":18,"enemies":"downfall:CharBossMerchant","floor":52,"turns":7},{"damage":31,"enemies":"downfall:NeowBoss","floor":55,"turns":18}],"seed_played":"8125435740652859320","potions_obtained":[{"floor":6,"key":"PowerPotion"},{"floor":9,"key":"ColorlessPotion"},{"floor":14,"key":"SkillPotion"},{"floor":15,"key":"DuplicationPotion"},{"floor":20,"key":"BlessingOfTheForge"},{"floor":23,"key":"AttackPotion"},{"floor":27,"key":"champ:CounterPotion"},{"floor":30,"key":"AttackPotion"}],"is_trial":false,"path_per_floor":["R","M","M","M","?","M","T","R","E","R","M","?","E","M","M","B",null,"R","?","M","$","?","E","T","M","E","M","R","M","E","M","M","B",null,"R","M","M","?","$","R","T","E","M","$","E","?","E","M","M","B",null,"E","$","R","B",null],"character_chosen":"GUARDIAN","items_purchased":["ClockworkSouvenir","Membership Card","Guardian:ArmoredProtocol","Guardian:Harden","Bottled Flame","Guardian:Gem_White","Oddly Smooth Stone","Guardian:SpikerProtocol","expansioncontent:CaCaw","Guardian:Reroute","Guardian:Gem_Cyan","expansioncontent:Chronoboost","Chemical X"],"campfire_rested":0,"item_purchase_floors":[21,39,39,39,39,44,44,44,44,44,53,53,53],"current_hp_per_floor":[88,88,88,88,67,67,67,77,72,72,71,66,64,60,52,38,98,98,98,100,100,100,102,102,102,86,84,84,84,83,85,85,78,104,104,106,106,106,106,106,106,106,101,101,97,97,99,100,91,78,119,101,101,101,85],"gold":18,"neow_bonus":"TEN_PERCENT_HP_BONUS","is_daily":false,"chose_seed":false,"campfire_upgraded":7,"win_rate":0.0,"timestamp":1609298339,"path_taken":["R","M","M","M","?","M","T","R","E","R","M","?","E","M","M","BOSS","R","?","M","$","?","E","T","M","E","M","R","M","E","M","M","BOSS","R","M","M","?","$","R","T","E","M","$","E","?","E","M","M","BOSS","E","$","R","BOSS"],"items_purchased_type":["Relic","Relic","Card","Card","Relic","Card","Relic","Card","Card","Card","Card","Card","Relic"],"build_version":"2020-12-22","purchased_purges":3,"victory":true,"max_hp_per_floor":[88,88,88,88,88,88,88,98,98,98,98,98,98,98,98,98,98,98,98,100,100,100,102,102,102,102,102,102,102,102,104,104,104,104,104,106,106,106,106,106,106,106,106,106,113,113,115,117,119,119,119,119,119,119,119],"card_choices":[{"not_picked":["Guardian:VentSteam","Guardian:PolyBeam"],"picked":"Guardian:Planning","floor":2},{"not_picked":["Guardian:Suspension","Guardian:CrystalBeam"],"picked":"Guardian:DonusPower","floor":3},{"not_picked":["Guardian:PolyBeam","Guardian:Gem_Lightblue"],"picked":"Guardian:SpikerProtocol","floor":4},{"not_picked":["Guardian:Recover","Guardian:TemporalShield"],"picked":"Guardian:Incinerate","floor":6},{"not_picked":["Guardian:GemFire","Guardian:PolyBeam"],"picked":"Guardian:Gem_Cyan","floor":9},{"not_picked":["Guardian:TemporalShield","Guardian:ShieldCharger"],"picked":"Guardian:Gem_Yellow","floor":11},{"not_picked":["Guardian:Gem_Blue","Guardian:Gem_Green"],"picked":"Guardian:PiercingHide","floor":12},{"not_picked":["Guardian:CrystalBeam","Guardian:PiercingHide"],"picked":"Guardian:ChargeCore","floor":13},{"not_picked":["Guardian:EvasiveProtocol","Guardian:Gem_White"],"picked":"Guardian:TimeCapacitor","floor":14},{"not_picked":["Guardian:VentSteam","Guardian:ChargeUp"],"picked":"Guardian:PrismaticBeam","floor":15},{"not_picked":["Guardian:FierceBash","Guardian:HyperBeam_Guardian"],"picked":"Guardian:Gem_Synthetic","floor":16},{"not_picked":["Guardian:ChargeCore"],"picked":"Singing Bowl","floor":20},{"not_picked":[],"picked":"Guardian:Orbwalk","floor":21},{"not_picked":["Guardian:RollAttack"],"picked":"Singing Bowl","floor":23},{"not_picked":[],"picked":"Guardian:Preprogram","floor":25},{"not_picked":[],"picked":"Guardian:Gem_Green","floor":26},{"not_picked":[],"picked":"Guardian:ArmoredProtocol+1","floor":27},{"not_picked":[],"picked":"Guardian:DonusPower","floor":29},{"not_picked":[],"picked":"Guardian:Recover","floor":30},{"not_picked":["Guardian:Suspension"],"picked":"Singing Bowl","floor":31},{"not_picked":[],"picked":"Guardian:Planning","floor":32},{"not_picked":[],"picked":"Guardian:TimeSifter","floor":33},{"not_picked":["Guardian:PrismaticBeam+1"],"picked":"Singing Bowl","floor":36},{"not_picked":[],"picked":"Guardian:Harden+1","floor":37},{"not_picked":[],"picked":"expansioncontent:TimeRipple","floor":38},{"not_picked":[],"picked":"Guardian:Gem_Lightblue","floor":39},{"not_picked":[],"picked":"Guardian:AncientConstruct","floor":42},{"not_picked":[],"picked":"Guardian:DonusPower","floor":43},{"not_picked":[],"picked":"Guardian:SentryBeam","floor":45},{"not_picked":["Guardian:CrystalBeam"],"picked":"Singing Bowl","floor":47},{"not_picked":["Guardian:Emergency+1"],"picked":"Singing Bowl","floor":48},{"not_picked":["Guardian:Reroute"],"picked":"Singing Bowl","floor":49},{"not_picked":[],"picked":"Guardian:Gem_Cyan","floor":52}],"player_experience":1182465,"relics_obtained":[{"floor":9,"key":"Singing Bowl"},{"floor":12,"key":"Lizard Tail"},{"floor":13,"key":"Art of War"},{"floor":23,"key":"Bronze Scales"},{"floor":24,"key":"Whetstone"},{"floor":26,"key":"Gambling Chip"},{"floor":30,"key":"Juzu Bracelet"},{"floor":41,"key":"War Paint"},{"floor":42,"key":"Du-Vu Doll"},{"floor":45,"key":"Strawberry"},{"floor":47,"key":"Happy Flower"},{"floor":52,"key":"Toy Ornithopter"}],"event_choices":[],"is_beta":false,"boss_relics":[{"not_picked":["Pandora\u0027s Box","Guardian:StasisSlotReductionRelic"],"picked":"Busted Crown"},{"not_picked":["Calling Bell","Fusion Hammer"],"picked":"Sozu"}],"items_purged_floors":[39,44,53],"is_endless":false,"potions_floor_spawned":[5,6,9,14,15,20,23,27,30,45,48,49],"ascension_level":1}}