{"host":"h4lp0eeso8a0ssq0","time":1609347237,"event":{"mods":["2.2 Compatiblity","AchievementEnabler","Astrologer","BaseMod","CapriCore","Colored Map","Downfall","Hermit","Lobotomy","Marisa£¨Ùöéë¡¡Øª×âÞÞ£©","Minty Spire (QoL Compilation)","StSLib","SuperFastMode","The Cursed","The Hierophant","The Immortal"],"gold_per_floor":[113,48,60,78,3,3,38,48,48,48,48,79,79,97,97,216,216,234,248,264,278,292,325,325,356,403,403,403,403,424,468,468,593,593,617,640,660,660,683,719,719,758,758,1091,1091,1107,1107,1124,1124,1124,1124,1124,1124,725,751,751],"floor_reached":57,"playtime":2154,"items_purged":["Strike_G","Choke"],"score":1409,"play_id":"12552ae7-fd18-44fa-a0ec-3ead2e267370","local_time":"20201231015357","is_ascension_mode":true,"campfire_choices":[{"data":"Neutralize","floor":6.0,"key":"SMITH"},{"data":"Prepared","floor":11.0,"key":"SMITH"},{"floor":15.0,"key":"REST"},{"floor":24.0,"key":"REST"},{"data":"A Thousand Cuts","floor":27.0,"key":"SMITH"},{"data":"Choke","floor":29.0,"key":"SMITH"},{"data":"Accuracy","floor":32.0,"key":"SMITH"},{"floor":41.0,"key":"REST"},{"floor":45.0,"key":"REST"},{"floor":47.0,"key":"RECALL"},{"data":"Burst","floor":49.0,"key":"SMITH"},{"data":"Acrobatics","floor":53.0,"key":"SMITH"}],"circlet_count":0,"master_deck":["Strike_G","Strike_G","Strike_G","Defend_G","Defend_G","Defend_G","Defend_G","Survivor","Neutralize+1","Heel Hook","Blade Dance","Choke+1","Blade Dance","Prepared+1","Blade Dance","Blade Dance","Prepared","Burst+1","Infinite Blades+1","Dodge and Roll+1","Blur+1","A Thousand Cuts+1","Accuracy+1","Die Die Die","Acrobatics+1","Acrobatics+1","Footwork+1","Blade Dance+1","Terror+1","Accuracy+1"],"relics":["Ring of the Snake","Dream Catcher","Mercury Hourglass","Mummified Hand","Boot","InkBottle","Sozu","Kunai","Bag of Marbles","Happy Flower","Anchor","WristBlade","Ninja Scroll","Tough Bandages","DollysMirror","Nunchaku"],"acts_visited":["Exordium","TheCity","TheBeyond","TheEnding"],"potions_floor_usage":[],"damage_taken":[{"damage":1.0,"enemies":"Cultist","floor":1.0,"turns":3.0},{"damage":0.0,"enemies":"Jaw Worm","floor":3.0,"turns":3.0},{"damage":0.0,"enemies":"2 Louse","floor":4.0,"turns":2.0},{"damage":8.0,"enemies":"Lagavulin","floor":7.0,"turns":6.0},{"damage":0.0,"enemies":"Looter","floor":8.0,"turns":2.0},{"damage":7.0,"enemies":"Gremlin Nob","floor":12.0,"turns":3.0},{"damage":13.0,"enemies":"Gremlin Gang","floor":14.0,"turns":2.0},{"damage":26.0,"enemies":"Slime Boss","floor":16.0,"turns":8.0},{"damage":0.0,"enemies":"Spheric Guardian","floor":18.0,"turns":3.0},{"damage":0.0,"enemies":"3 Byrds","floor":19.0,"turns":3.0},{"damage":0.0,"enemies":"Cultist and Chosen","floor":20.0,"turns":3.0},{"damage":12.0,"enemies":"Snake Plant","floor":21.0,"turns":3.0},{"damage":1.0,"enemies":"Shelled Parasite and Fungi","floor":22.0,"turns":4.0},{"damage":11.0,"enemies":"Book of Stabbing","floor":23.0,"turns":4.0},{"damage":0.0,"enemies":"Gremlin Leader","floor":25.0,"turns":4.0},{"damage":0.0,"enemies":"Centurion and Healer","floor":30.0,"turns":3.0},{"damage":17.0,"enemies":"Slavers","floor":31.0,"turns":2.0},{"damage":20.0,"enemies":"Automaton","floor":33.0,"turns":5.0},{"damage":8.0,"enemies":"3 Darklings","floor":35.0,"turns":4.0},{"damage":0.0,"enemies":"3 Shapes","floor":36.0,"turns":2.0},{"damage":0.0,"enemies":"Sphere and 2 Shapes","floor":37.0,"turns":2.0},{"damage":1.0,"enemies":"3 Darklings","floor":39.0,"turns":3.0},{"damage":30.0,"enemies":"Nemesis","floor":40.0,"turns":5.0},{"damage":0.0,"enemies":"Reptomancer","floor":42.0,"turns":3.0},{"damage":0.0,"enemies":"Maw","floor":46.0,"turns":4.0},{"damage":0.0,"enemies":"Writhing Mass","floor":48.0,"turns":3.0},{"damage":26.0,"enemies":"Time Eater","floor":50.0,"turns":6.0},{"damage":12,"enemies":"Shield and Spear","floor":55,"turns":2},{"damage":53,"enemies":"The Heart","floor":56,"turns":6}],"seed_played":"-630676957304793660","potions_obtained":[{"floor":3.0,"key":"LiquidMemories"},{"floor":4.0,"key":"Weak Potion"}],"is_trial":false,"path_per_floor":["M","?","M","M","$","R","E","M","T","?","R","E","?","M","R","B",null,"M","M","M","M","M","E","R","E","T","R","?","R","M","E","R","B",null,"M","M","M","?","M","E","R","E","T","?","R","M","R","M","R","B",null,null,"R","$","E","B",null],"character_chosen":"THE_SILENT","items_purchased":["DollysMirror","Nunchaku"],"campfire_rested":4,"item_purchase_floors":[54,54],"current_hp_per_floor":[69,69,69,69,69,69,61,61,61,61,61,54,37,24,45,19,70,70,70,70,58,57,46,67,67,67,67,67,67,67,50,50,30,70,62,62,62,62,61,31,52,52,52,52,70,70,70,70,70,44,44,70,70,70,58,5],"gold":751,"neow_bonus":"TRANSFORM_CARD","is_daily":false,"chose_seed":false,"campfire_upgraded":7,"win_rate":0.0,"timestamp":1609347237,"path_taken":["M","?","M","?","?","R","E","M","T","?","R","E","?","M","R","BOSS","M","M","M","M","M","E","R","E","T","R","?","R","?","E","R","BOSS","M","M","M","?","M","E","R","E","T","?","R","M","R","M","R","BOSS","R","$","E","BOSS"],"items_purchased_type":["Relic","Relic"],"build_version":"2020-12-22","purchased_purges":2,"victory":true,"max_hp_per_floor":[70,70,70,70,70,70,70,70,70,70,70,70,70,70,70,70,70,70,70,70,70,70,70,70,70,70,70,70,70,70,70,70,70,70,70,70,70,70,70,70,70,70,70,70,70,70,70,70,70,70,70,70,70,70,70,70],"card_choices":[{"not_picked":["Slice","Tactician"],"picked":"Blade Dance","floor":1.0},{"not_picked":["Blade Dance","Poisoned Stab"],"picked":"Choke","floor":3.0},{"not_picked":["Backstab","Sucker Punch"],"picked":"Blade Dance","floor":4.0},{"not_picked":["Dagger Throw","Escape Plan","Noxious Fumes"],"picked":"SKIP","floor":7.0},{"not_picked":["Corpse Explosion","Deadly Poison"],"picked":"Prepared","floor":8.0},{"not_picked":["Footwork","Backflip"],"picked":"Blade Dance","floor":12.0},{"not_picked":["Bane","Deadly Poison"],"picked":"Blade Dance","floor":14.0},{"not_picked":["Quick Slash","Expertise"],"picked":"Prepared","floor":15.0},{"not_picked":["Envenom","Die Die Die"],"picked":"Burst","floor":16.0},{"not_picked":["Cloak And Dagger","Dagger Spray"],"picked":"Infinite Blades+1","floor":18.0},{"not_picked":["Crippling Poison","Underhanded Strike+1"],"picked":"Dodge and Roll+1","floor":19.0},{"not_picked":["Slice","Crippling Poison","Grand Finale"],"picked":"SKIP","floor":20.0},{"not_picked":["Distraction+1","Masterful Stab","Prepared"],"picked":"SKIP","floor":21.0},{"not_picked":["Dash","Eviscerate","Poisoned Stab"],"picked":"SKIP","floor":22.0},{"not_picked":["Infinite Blades","Dagger Spray"],"picked":"Choke","floor":23.0},{"not_picked":["Distraction","PiercingWail"],"picked":"Blur+1","floor":24.0},{"not_picked":["Backflip+1","Backstab"],"picked":"A Thousand Cuts","floor":25.0},{"not_picked":["Quick Slash","Deflect"],"picked":"Accuracy","floor":30.0},{"not_picked":["Burst","Underhanded Strike","Dodge and Roll"],"picked":"SKIP","floor":31.0},{"not_picked":["Night Terror","Doppelganger"],"picked":"Die Die Die","floor":33.0},{"not_picked":["Crippling Poison+1","Bane","Distraction+1"],"picked":"SKIP","floor":35.0},{"not_picked":["Catalyst+1","Leg Sweep+1"],"picked":"Acrobatics","floor":36.0},{"not_picked":["Predator+1","Cloak And Dagger+1"],"picked":"Acrobatics+1","floor":37.0},{"not_picked":["Sucker Punch","Deadly Poison","Grand Finale"],"picked":"SKIP","floor":39.0},{"not_picked":["Eviscerate+1","Dagger Throw","Envenom"],"picked":"SKIP","floor":40.0},{"not_picked":["Leg Sweep","Dagger Throw"],"picked":"Footwork+1","floor":42.0},{"not_picked":["Outmaneuver+1","Underhanded Strike"],"picked":"Blade Dance+1","floor":45.0},{"not_picked":["Slice+1","Catalyst+1"],"picked":"Terror+1","floor":46.0},{"not_picked":["Flying Knee","Prepared+1","Dagger Spray+1"],"picked":"SKIP","floor":48.0},{"not_picked":["Quick Slash+1","Slice","Deadly Poison"],"picked":"SKIP","floor":55}],"player_experience":57848,"relics_obtained":[{"floor":7.0,"key":"Mercury Hourglass"},{"floor":9.0,"key":"Mummified Hand"},{"floor":12.0,"key":"InkBottle"},{"floor":23.0,"key":"Kunai"},{"floor":25.0,"key":"Bag of Marbles"},{"floor":26.0,"key":"Happy Flower"},{"floor":31.0,"key":"Anchor"},{"floor":40.0,"key":"Ninja Scroll"},{"floor":42.0,"key":"Tough Bandages"}],"event_choices":[{"damage_healed":0.0,"max_hp_gain":0.0,"max_hp_loss":0.0,"gold_gain":0.0,"event_name":"WeMeetAgain","player_choice":"Paid Gold","floor":2.0,"gold_loss":65.0,"damage_taken":0.0,"relics_obtained":["Dream Catcher"]},{"damage_healed":0.0,"max_hp_gain":0.0,"max_hp_loss":0.0,"gold_gain":0.0,"event_name":"Dead Adventurer","player_choice":"Searched \u00272\u0027 times","floor":10.0,"gold_loss":0.0,"damage_taken":0.0,"relics_obtained":["Boot"]},{"damage_healed":0.0,"max_hp_gain":0.0,"max_hp_loss":0.0,"gold_gain":0.0,"event_name":"Golden Idol","player_choice":"Take Damage","floor":13.0,"gold_loss":0.0,"damage_taken":17.0,"relics_obtained":["Golden Idol"]},{"damage_healed":0.0,"max_hp_gain":0.0,"max_hp_loss":0.0,"gold_gain":0.0,"event_name":"The Woman in Blue","player_choice":"Bought 0 Potions","floor":28.0,"gold_loss":0.0,"damage_taken":0.0},{"cards_removed":["Defend_G"],"damage_healed":0.0,"max_hp_gain":0.0,"max_hp_loss":0.0,"gold_gain":0.0,"event_name":"Falling","player_choice":"Removed Skill","floor":38.0,"gold_loss":0.0,"damage_taken":0.0},{"damage_healed":0.0,"max_hp_gain":0.0,"max_hp_loss":0.0,"gold_gain":333.0,"event_name":"The Moai Head","player_choice":"Gave Idol","floor":44.0,"relics_lost":["Golden Idol"],"gold_loss":0.0,"damage_taken":0.0}],"is_beta":false,"boss_relics":[{"not_picked":["Busted Crown","Snecko Eye"],"picked":"Sozu"},{"not_picked":["Black Star","Fusion Hammer"],"picked":"WristBlade"}],"items_purged_floors":[5,54],"is_endless":false,"potions_floor_spawned":[3,4,21,22,30,33,40,42,46],"ascension_level":1}}