{"host":"i09pxcjttd31eh4q","time":1609300861,"event":{"mods":["AchievementEnabler","BaseMod","Colored Map","Keyboard Shortcuts","Minty Spire (QoL Compilation)","StSLib","SuperFastMode"],"gold_per_floor":[118,133,183,14,24,24,24,24,93,122,138,173,173,198,198,198,198],"floor_reached":16,"playtime":267,"items_purged":[],"score":220,"play_id":"64ebed7d-1e22-46aa-b876-f9616be617e2","local_time":"20201230130101","is_ascension_mode":true,"campfire_choices":[{"data":"Deadly Poison","floor":6.0,"key":"SMITH"},{"data":"Poisoned Stab","floor":8.0,"key":"SMITH"},{"data":"Catalyst","floor":15.0,"key":"SMITH"}],"circlet_count":0,"master_deck":["AscendersBane","Strike_G","Strike_G","Strike_G","Strike_G","Strike_G","Defend_G","Defend_G","Defend_G","Defend_G","Defend_G","Survivor","Neutralize","Tactician","Poisoned Stab+1","Deadly Poison+1","Catalyst+1","Escape Plan"],"relics":["Ring of the Snake","NeowsBlessing","PreservedInsect","Oddly Smooth Stone","HornCleat","Centennial Puzzle","CeramicFish"],"acts_visited":["Exordium"],"potions_floor_usage":[],"damage_taken":[{"damage":0.0,"enemies":"2 Louse","floor":1.0,"turns":1.0},{"damage":0.0,"enemies":"Cultist","floor":2.0,"turns":1.0},{"damage":0.0,"enemies":"Small Slimes","floor":5.0,"turns":1.0},{"damage":16.0,"enemies":"Gremlin Nob","floor":10.0,"turns":4.0},{"damage":0.0,"enemies":"3 Louse","floor":11.0,"turns":4.0},{"damage":21.0,"enemies":"3 Sentries","floor":12.0,"turns":8.0},{"damage":6.0,"enemies":"Lots of Slimes","floor":14.0,"turns":6.0},{"damage":11,"enemies":"Hexaghost","floor":16,"turns":7}],"seed_played":"1248854692048013155","potions_obtained":[{"floor":2.0,"key":"Block Potion"},{"floor":10.0,"key":"GhostInAJar"},{"floor":12.0,"key":"SkillPotion"},{"floor":13.0,"key":"Fruit Juice"},{"floor":13.0,"key":"Fruit Juice"},{"floor":14.0,"key":"Weak Potion"}],"is_trial":false,"path_per_floor":["M","M","?","$","M","R","?","R","T","E","M","E","?","M","R","B"],"character_chosen":"THE_SILENT","items_purchased":["PreservedInsect"],"campfire_rested":0,"item_purchase_floors":[4],"current_hp_per_floor":[59,59,59,59,59,59,41,41,41,25,25,4,14,8,8,0,0],"gold":198,"neow_bonus":"THREE_ENEMY_KILL","is_daily":false,"chose_seed":false,"campfire_upgraded":3,"win_rate":0.0,"timestamp":1609300861,"path_taken":["M","M","?","?","?","R","?","R","T","E","M","E","?","?","R","BOSS"],"items_purchased_type":["Relic"],"build_version":"2020-12-22","purchased_purges":0,"victory":false,"max_hp_per_floor":[66,66,66,66,66,66,66,66,66,66,66,66,76,76,76,76,76],"card_choices":[{"not_picked":["Blade Dance","Eviscerate"],"picked":"Tactician","floor":1.0},{"not_picked":["Tactician","Dagger Spray"],"picked":"Poisoned Stab","floor":2.0},{"not_picked":["Cloak And Dagger","Flechettes"],"picked":"Deadly Poison","floor":5.0},{"not_picked":["Slice","Masterful Stab","Cloak And Dagger"],"picked":"SKIP","floor":10.0},{"not_picked":["Blade Dance","PiercingWail"],"picked":"Catalyst","floor":11.0},{"not_picked":["Dodge and Roll","Bane","Envenom"],"picked":"SKIP","floor":12.0},{"not_picked":["Eviscerate","Sucker Punch"],"picked":"Escape Plan","floor":14.0}],"player_experience":788268,"relics_obtained":[{"floor":9.0,"key":"HornCleat"},{"floor":10.0,"key":"Centennial Puzzle"},{"floor":12.0,"key":"CeramicFish"}],"event_choices":[{"damage_healed":0.0,"max_hp_gain":0.0,"max_hp_loss":0.0,"gold_gain":50.0,"event_name":"Golden Shrine","player_choice":"Pray","floor":3.0,"gold_loss":0.0,"damage_taken":0.0},{"damage_healed":0.0,"max_hp_gain":0.0,"max_hp_loss":0.0,"gold_gain":0.0,"event_name":"Scrap Ooze","player_choice":"Success","floor":7.0,"gold_loss":0.0,"damage_taken":18.0,"relics_obtained":["Oddly Smooth Stone"]},{"damage_healed":0.0,"max_hp_gain":0.0,"max_hp_loss":0.0,"gold_gain":0.0,"event_name":"Lab","player_choice":"Got Potions","floor":13.0,"gold_loss":0.0,"damage_taken":0.0}],"is_beta":false,"boss_relics":[],"items_purged_floors":[],"is_endless":false,"potions_floor_spawned":[2,10,12,14],"killed_by":"Hexaghost","ascension_level":20}}