{"host":"kh6fvhxn285ncg0o","time":1609336839,"event":{"mods":["Act Like it!","BaseMod","Colored Map","Friendly Minions","Keyboard Shortcuts","Minty Spire (QoL Compilation)","Quick Restart","Relic Stats","StSLib","SuperFastMode"],"gold_per_floor":[117,42,56,73,86,86,116,147,147,72,89,102,128,203,203,280,280,292,304,333,343,343,343],"floor_reached":22,"playtime":769,"items_purged":["Strike_P"],"score":396,"play_id":"31aa3e5d-b96c-4f9e-a94e-a2eefc1885bd","local_time":"20201230230039","is_ascension_mode":true,"campfire_choices":[{"data":"Eruption","floor":6.0,"key":"SMITH"},{"floor":15.0,"key":"REST"}],"circlet_count":0,"master_deck":["AscendersBane","Strike_P","Defend_P","Eruption+1","Vigilance","Scrawl","InnerPeace","EmptyFist","SandsOfTime","SignatureMove+1","Collect+1","WindmillStrike+1"],"relics":["PureWater","Centennial Puzzle","Pen Nib","StrikeDummy","Astrolabe","Red Mask"],"acts_visited":["Exordium","TheCity"],"potions_floor_usage":[],"damage_taken":[{"damage":0.0,"enemies":"2 Louse","floor":1.0,"turns":3.0},{"damage":6.0,"enemies":"Small Slimes","floor":3.0,"turns":4.0},{"damage":2.0,"enemies":"Jaw Worm","floor":4.0,"turns":4.0},{"damage":1.0,"enemies":"Blue Slaver","floor":5.0,"turns":6.0},{"damage":27.0,"enemies":"Lagavulin","floor":8.0,"turns":6.0},{"damage":0.0,"enemies":"2 Fungi Beasts","floor":11.0,"turns":2.0},{"damage":0.0,"enemies":"Lots of Slimes","floor":12.0,"turns":2.0},{"damage":2.0,"enemies":"3 Sentries","floor":13.0,"turns":6.0},{"damage":4.0,"enemies":"The Guardian","floor":16.0,"turns":11.0},{"damage":9.0,"enemies":"2 Thieves","floor":18.0,"turns":3.0},{"damage":4.0,"enemies":"Chosen","floor":19.0,"turns":3.0},{"damage":15.0,"enemies":"Masked Bandits","floor":20.0,"turns":3.0},{"damage":0.0,"enemies":"Snecko","floor":21.0,"turns":2.0},{"damage":0,"enemies":"Shelled Parasite and Fungi","floor":22,"turns":1}],"seed_played":"4486593727944270862","potions_obtained":[{"floor":3.0,"key":"Block Potion"},{"floor":5.0,"key":"PowerPotion"},{"floor":11.0,"key":"Explosive Potion"},{"floor":12.0,"key":"Dexterity Potion"},{"floor":20.0,"key":"SteroidPotion"}],"is_trial":false,"path_per_floor":["M","?","M","M","M","R","?","E","T","$","M","M","E","?","R","B",null,"M","M","?","M","M"],"character_chosen":"WATCHER","items_purchased":[],"campfire_rested":1,"item_purchase_floors":[],"current_hp_per_floor":[61,61,55,53,52,52,52,25,25,25,25,25,23,12,32,28,58,49,45,30,30,30,30],"gold":343,"neow_bonus":"TRANSFORM_CARD","is_daily":false,"chose_seed":false,"campfire_upgraded":1,"win_rate":0.0,"timestamp":1609336839,"path_taken":["M","?","M","M","M","R","?","E","T","$","M","M","E","?","R","BOSS","M","M","?","M","M"],"items_purchased_type":[],"build_version":"2020-12-22","purchased_purges":1,"victory":false,"max_hp_per_floor":[68,68,68,68,68,68,68,68,68,68,68,68,68,68,68,68,68,68,68,68,68,68,68],"relic_stats":{"Centennial Puzzle":[15],"counters":[14,56],"Astrolabe":["SignatureMove","Collect","WindmillStrike"],"Pen Nib":[6],"obtain_stats":[{"Centennial Puzzle":8,"Astrolabe":17,"Pen Nib":9,"Red Mask":20,"PureWater":0,"StrikeDummy":13},{"Centennial Puzzle":5,"Astrolabe":9,"Pen Nib":5,"Red Mask":12,"PureWater":0,"StrikeDummy":8},{"Centennial Puzzle":23,"Astrolabe":44,"Pen Nib":23,"Red Mask":53,"PureWater":0,"StrikeDummy":33}]},"card_choices":[{"not_picked":["FlyingSleeves","FollowUp"],"picked":"InnerPeace","floor":4.0},{"not_picked":["Vengeance","EmptyMind"],"picked":"EmptyFist","floor":5.0},{"not_picked":["Protect","Consecrate"],"picked":"SandsOfTime","floor":8.0},{"not_picked":["SashWhip","ThirdEye","Tantrum"],"picked":"SKIP","floor":11.0},{"not_picked":["ThirdEye","Crescendo","CutThroughFate"],"picked":"SKIP","floor":12.0},{"not_picked":["Swivel","Prostrate","SignatureMove"],"picked":"SKIP","floor":13.0},{"not_picked":["ReachHeaven","Pray","ClearTheMind"],"picked":"SKIP","floor":18.0},{"not_picked":["BattleHymn+1","Meditate","InnerPeace"],"picked":"SKIP","floor":19.0},{"not_picked":["FlyingSleeves","Study","Tantrum"],"picked":"SKIP","floor":21.0}],"player_experience":3324222,"relics_obtained":[{"floor":8.0,"key":"Centennial Puzzle"},{"floor":9.0,"key":"Pen Nib"},{"floor":13.0,"key":"StrikeDummy"},{"floor":20.0,"key":"Red Mask"}],"event_choices":[{"cards_removed":["Strike_P"],"damage_healed":0.0,"max_hp_gain":0.0,"max_hp_loss":0.0,"gold_gain":0.0,"event_name":"The Cleric","player_choice":"Card Removal","floor":2.0,"gold_loss":75.0,"damage_taken":0.0},{"damage_healed":0.0,"max_hp_gain":0.0,"max_hp_loss":0.0,"gold_gain":30.0,"event_name":"Dead Adventurer","player_choice":"Searched \u00271\u0027 times","floor":7.0,"gold_loss":0.0,"damage_taken":0.0},{"damage_healed":0.0,"max_hp_gain":0.0,"max_hp_loss":0.0,"gold_gain":75.0,"event_name":"World of Goop","player_choice":"Gather Gold","floor":14.0,"gold_loss":0.0,"damage_taken":11.0},{"damage_healed":0.0,"max_hp_gain":0.0,"max_hp_loss":0.0,"gold_gain":0.0,"event_name":"Masked Bandits","player_choice":"Fought Bandits","floor":20.0,"gold_loss":0.0,"damage_taken":0.0}],"is_beta":false,"boss_relics":[{"not_picked":["Cursed Key","Calling Bell"],"picked":"Astrolabe"}],"items_purged_floors":[10],"is_endless":false,"potions_floor_spawned":[3,5,11,12,20,21],"killed_by":"Shelled Parasite and Fungi","ascension_level":20}}