{"host":"v52ntiwll8g9892u","time":1609331907,"event":{"mods":["ATMod(°¢èªMod)","BaseMod","Minty Spire (QoL Compilation)","Prisma Mod","StSLib"],"gold_per_floor":[118,118,118,131,56,90,90,119,164,164,193,221,221,234,234,360,360,423,483,533,533,433,514,596,666,690,774,854,930,845,959,959,1108,1158,1397,769,769,963,191,299,299,299,299,556,661,761,1018,1018,1018,1368,1743,1743,1743,802,1133,1358],"floor_reached":57,"playtime":4074,"items_purged":["PrismaMod:MiyuCommonAttack","Pain","PrismaMod:MiyuCommonDefend","PrismaMod:MiyuCommonAttack","PrismaMod:MiyuCommonAttack"],"score":3876,"play_id":"eb0d93d6-bb02-4ff9-af10-5ba865c71f5d","local_time":"20201230203827","daily_mods":["Heirloom","Time Dilation","Flight"],"is_ascension_mode":true,"campfire_choices":[{"data":"PrismaMod:MiyuCheapChannelAttack","floor":7.0,"key":"SMITH"},{"data":"PrismaMod:MiyuCheapChannelDefend","floor":10.0,"key":"SMITH"},{"data":"PrismaMod:MiyuEvokeBuffStr","floor":15.0,"key":"SMITH"},{"floor":32.0,"key":"RECALL"},{"data":"Madness","floor":49.0,"key":"SMITH"},{"data":"Madness","floor":53.0,"key":"SMITH"}],"circlet_count":0,"master_deck":["AscendersBane","PrismaMod:MiyuCommonDefend","PrismaMod:MiyuCommonDefend","PrismaMod:MiyuCommonAttack+1","PrismaMod:MiyuCheapChannelAttack+1","PrismaMod:MiyuCheapChannelDefend+1","AT_KingSlayer+1","PrismaMod:MiyuEvokeAll+1","PrismaMod:MiyuDevil","PrismaMod:MiyuChannelAttackEvoke","PrismaMod:MiyuEvokeAll+1","PrismaMod:MiyuEvokeBuffStr+1","PrismaMod:MiyuBride","PrismaMod:MiyuMaid+1","PrismaMod:MiyuUncommonDexBuff+1","PrismaMod:MiyuEvokeBuffStr+1","PrismaMod:MiyuUberAttack","PrismaMod:MiyuUncommonStrBuff+1","AT_KingSlayer+1","Madness+1","Madness+1","PrismaMod:MiyuChristmas+1"],"relics":["PrismaMod:PrismaSapphire","AT_ATBox","Ice Cream","AT_BladeRuinedKing","Vajra","Akabeko","Dream Catcher","Centennial Puzzle","WarpedTongs","Coffee Dripper","Bag of Preparation","AT_GuinsooRageblade","Pen Nib","Bronze Scales","InkBottle","AT_SilvercatRing","AT_MibuBalloonWealth","Tiny House","War Paint","AT_SunfireAegis","ClockworkSouvenir","AT_ChloranthyRing","DollysMirror","HornCleat","AT_ArchangelStaff","Potion Belt","Orichalcum","AT_TheCollector","Letter Opener","Bag of Marbles","Pantograph","Chemical X","Incense Burner"],"acts_visited":["Exordium","TheCity","TheBeyond","TheEnding"],"potions_floor_usage":[56,56,56],"damage_taken":[{"damage":6.0,"enemies":"2 Louse","floor":1.0,"turns":5.0},{"damage":1.0,"enemies":"Jaw Worm","floor":4.0,"turns":7.0},{"damage":14.0,"enemies":"Lagavulin","floor":6.0,"turns":10.0},{"damage":8.0,"enemies":"Gremlin Nob","floor":8.0,"turns":3.0},{"damage":6.0,"enemies":"3 Sentries","floor":11.0,"turns":6.0},{"damage":0.0,"enemies":"Gremlin Nob","floor":12.0,"turns":2.0},{"damage":0.0,"enemies":"Cultist","floor":14.0,"turns":1.0},{"damage":10.0,"enemies":"Hexaghost","floor":16.0,"turns":9.0},{"damage":2.0,"enemies":"2 Thieves","floor":18.0,"turns":3.0},{"damage":0.0,"enemies":"Chosen","floor":19.0,"turns":1.0},{"damage":0.0,"enemies":"Gremlin Leader","floor":23.0,"turns":1.0},{"damage":10.0,"enemies":"Book of Stabbing","floor":24.0,"turns":2.0},{"damage":0.0,"enemies":"3 Cultists","floor":25.0,"turns":3.0},{"damage":16.0,"enemies":"Slavers","floor":27.0,"turns":6.0},{"damage":0.0,"enemies":"Book of Stabbing","floor":28.0,"turns":2.0},{"damage":1.0,"enemies":"Gremlin Leader","floor":29.0,"turns":2.0},{"damage":0.0,"enemies":"Shelled Parasite and Fungi","floor":31.0,"turns":2.0},{"damage":0.0,"enemies":"Collector","floor":33.0,"turns":1.0},{"damage":0.0,"enemies":"3 Darklings","floor":35.0,"turns":4.0},{"damage":0.0,"enemies":"3 Shapes","floor":38.0,"turns":5.0},{"damage":11.0,"enemies":"Nemesis","floor":40.0,"turns":3.0},{"damage":0.0,"enemies":"Reptomancer","floor":44.0,"turns":2.0},{"damage":0.0,"enemies":"Giant Head","floor":45.0,"turns":1.0},{"damage":0.0,"enemies":"Mind Bloom Boss Battle","floor":46.0,"turns":1.0},{"damage":0.0,"enemies":"Reptomancer","floor":47.0,"turns":1.0},{"damage":0.0,"enemies":"Donu and Deca","floor":50.0,"turns":2.0},{"damage":30.0,"enemies":"Awakened One","floor":51.0,"turns":5.0},{"damage":0.0,"enemies":"Shield and Spear","floor":55.0,"turns":2.0},{"damage":39,"enemies":"The Heart","floor":56,"turns":5}],"seed_played":"-1685071170812769325","potions_obtained":[{"floor":1.0,"key":"Explosive Potion"},{"floor":4.0,"key":"DuplicationPotion"},{"floor":11.0,"key":"ColorlessPotion"},{"floor":31.0,"key":"LiquidBronze"},{"floor":33.0,"key":"LiquidMemories"},{"floor":47.0,"key":"Fire Potion"}],"is_trial":true,"path_per_floor":["M","?","?","M","$","E","R","E","T","R","E","E","?","M","R","B",null,"M","M","?","?","$","E","E","M","T","E","E","E","?","M","R","B",null,"M","$","?","M","$","E","?","?","T","E","E","?","E","?","R","B","B",null,"R","$","E","B",null],"character_chosen":"MIYU","items_purchased":["War Paint","AT_SunfireAegis","ClockworkSouvenir","AT_ChloranthyRing","DollysMirror","HornCleat","Bag of Marbles","Pantograph","Chemical X","PrismaMod:MiyuChristmas","DuplicationPotion"],"campfire_rested":0,"item_purchase_floors":[36,36,36,39,39,39,54,54,54,54,54],"current_hp_per_floor":[58,51,51,50,50,36,36,28,28,28,22,22,22,22,22,12,56,54,54,54,54,54,54,44,44,44,28,28,27,27,27,27,27,65,65,65,76,76,76,69,69,69,69,69,69,69,69,55,55,55,29,64,64,64,64,41],"gold":1358,"neow_bonus":"","is_daily":false,"chose_seed":false,"campfire_upgraded":5,"win_rate":0.0,"timestamp":1609331907,"path_taken":["M","?","?","?","?","E","R","E","T","R","E","E","?","?","R","BOSS","M","?","?","?","$","E","E","M","T","E","E","E","?","M","R","BOSS","M","$","?","?","$","E","?","?","T","E","E","?","E","?","R","BOSS","BOSS","R","$","E","BOSS"],"items_purchased_type":["Relic","Relic","Relic","Relic","Relic","Relic","Relic","Relic","Relic","Card","Potion"],"build_version":"2020-12-22","purchased_purges":5,"victory":true,"max_hp_per_floor":[71,71,71,71,71,71,71,71,71,71,71,71,71,71,71,71,71,71,71,71,71,71,71,71,71,71,71,71,71,71,71,71,71,76,76,76,76,76,76,76,76,76,76,76,76,76,76,76,76,76,76,76,76,76,76,76],"card_choices":[{"not_picked":["PrismaMod:MiyuCheapPlate","PrismaMod:MiyuUncommonAttack"],"picked":"PrismaMod:MiyuEvokeAll","floor":1.0},{"not_picked":["PrismaMod:MiyuAttackChannelWeak","PrismaMod:MiyuCheapChannelVul"],"picked":"PrismaMod:MiyuDevil","floor":4.0},{"not_picked":["PrismaMod:MiyuDevil","PrismaMod:MiyuCheapStrBuff"],"picked":"PrismaMod:MiyuChannelAttackEvoke","floor":6.0},{"not_picked":["PrismaMod:MiyuCheapDefend1","PrismaMod:MiyuUncommonPlate"],"picked":"PrismaMod:MiyuEvokeAll","floor":8.0},{"not_picked":["PrismaMod:MiyuEvokeBuffDex","PrismaMod:MiyuUncommonAOEAttack","PrismaMod:MiyuChannelAttackEvoke"],"picked":"SKIP","floor":11.0},{"not_picked":["PrismaMod:MiyuAttackChannelVul","PrismaMod:MiyuUncommonDefend","PrismaMod:MiyuCheapChannelRandom"],"picked":"SKIP","floor":12.0},{"not_picked":["PrismaMod:MiyuMaid","PrismaMod:MiyuOrbIncreasePerm"],"picked":"PrismaMod:MiyuEvokeBuffStr","floor":14.0},{"not_picked":["PrismaMod:MiyuChannelDefendEvoke","PrismaMod:MiyuCheapDefend2"],"picked":"PrismaMod:MiyuBride","floor":16.0},{"not_picked":["PrismaMod:MiyuUberAOEAttack","PrismaMod:MiyuEvokeCheapAttack","PrismaMod:MiyuDefenseExplosion"],"picked":"SKIP","floor":18.0},{"not_picked":["PrismaMod:MiyuCommonAOEAttack","PrismaMod:MiyuUncommonPlate","PrismaMod:MiyuCheapStrBuff"],"picked":"SKIP","floor":19.0},{"not_picked":["PrismaMod:MiyuCheapAttack2","PrismaMod:MiyuEvokeAll+1","PrismaMod:MiyuCheapChannelWeak+1"],"picked":"SKIP","floor":23.0},{"not_picked":["PrismaMod:MiyuCarnivalAttack","PrismaMod:MiyuCheapStrBuff"],"picked":"PrismaMod:MiyuMaid+1","floor":24.0},{"not_picked":["PrismaMod:MiyuUncommonAttack","PrismaMod:MiyuCheapChannelAttack+1","PrismaMod:MiyuCheapChannelRandom"],"picked":"SKIP","floor":25.0},{"not_picked":["PrismaMod:MiyuChristmas","PrismaMod:MiyuCommonAOEAttack","PrismaMod:MiyuDefendChannelDefend"],"picked":"SKIP","floor":27.0},{"not_picked":["PrismaMod:MiyuEvokeCheapAttack+1","PrismaMod:MiyuDefenseRemoval","PrismaMod:MiyuCheapAttack2"],"picked":"SKIP","floor":28.0},{"not_picked":["PrismaMod:MiyuCheapEvoke","PrismaMod:MiyuEvokeCheapAttack"],"picked":"PrismaMod:MiyuUncommonDexBuff","floor":29.0},{"not_picked":["PrismaMod:MiyuEvokeBuffDex","PrismaMod:MiyuCheapEvoke","PrismaMod:MiyuUncommonAttack"],"picked":"SKIP","floor":31.0},{"not_picked":["PrismaMod:MiyuCheapChannelVul","PrismaMod:MiyuDevil"],"picked":"PrismaMod:MiyuEvokeBuffStr+1","floor":34.0},{"not_picked":["PrismaMod:MiyuCheapPlate+1","PrismaMod:MiyuDevil+1"],"picked":"PrismaMod:MiyuUberAttack","floor":35.0},{"not_picked":["PrismaMod:MiyuCheapStrBuff","PrismaMod:MiyuCheapChannelVul"],"picked":"PrismaMod:MiyuUncommonStrBuff+1","floor":38.0},{"not_picked":["PrismaMod:MiyuEvokeBuffStr","PrismaMod:MiyuUberAttack","PrismaMod:MiyuUberDefend"],"picked":"SKIP","floor":40.0},{"not_picked":["PrismaMod:MiyuCheapChannelDefend","PrismaMod:MiyuCheapDexBuff+1","PrismaMod:MiyuAttackChannelAttack"],"picked":"SKIP","floor":44.0},{"not_picked":["PrismaMod:MiyuCheapEvoke+1","PrismaMod:MiyuCheapChannelHeal+1","PrismaMod:MiyuCarnivalAttack"],"picked":"SKIP","floor":45.0},{"not_picked":["PrismaMod:MiyuCheapAttack1","PrismaMod:MiyuCarnivalAttack","PrismaMod:MiyuUncommonAOEAttack+1"],"picked":"SKIP","floor":47.0},{"not_picked":["PrismaMod:MiyuCheapChannelWeak+1","PrismaMod:MiyuCheapEvoke","PrismaMod:MiyuUberDefend"],"picked":"SKIP","floor":55.0}],"player_experience":1236687,"relics_obtained":[{"floor":6.0,"key":"AT_BladeRuinedKing"},{"floor":8.0,"key":"Vajra"},{"floor":9.0,"key":"Akabeko"},{"floor":11.0,"key":"Dream Catcher"},{"floor":12.0,"key":"Centennial Puzzle"},{"floor":23.0,"key":"Bag of Preparation"},{"floor":24.0,"key":"AT_GuinsooRageblade"},{"floor":26.0,"key":"Pen Nib"},{"floor":27.0,"key":"Bronze Scales"},{"floor":28.0,"key":"InkBottle"},{"floor":29.0,"key":"AT_SilvercatRing"},{"floor":40.0,"key":"AT_ArchangelStaff"},{"floor":44.0,"key":"Potion Belt"},{"floor":45.0,"key":"Orichalcum"},{"floor":46.0,"key":"AT_TheCollector"},{"floor":47.0,"key":"Letter Opener"},{"floor":55.0,"key":"Incense Burner"}],"event_choices":[{"cards_removed":["PrismaMod:MiyuCommonDefend"],"damage_healed":0.0,"max_hp_gain":0.0,"max_hp_loss":0.0,"gold_gain":0.0,"event_name":"Golden Wing","player_choice":"Card Removal","floor":2.0,"gold_loss":0.0,"damage_taken":7.0},{"cards_removed":["PrismaMod:MiyuCommonAttack"],"damage_healed":0.0,"max_hp_gain":0.0,"max_hp_loss":0.0,"gold_gain":0.0,"event_name":"Living Wall","player_choice":"Forget","floor":3.0,"gold_loss":0.0,"damage_taken":0.0},{"damage_healed":0.0,"max_hp_gain":0.0,"max_hp_loss":0.0,"gold_gain":0.0,"event_name":"Accursed Blacksmith","player_choice":"Rummage","floor":13.0,"gold_loss":0.0,"damage_taken":0.0,"relics_obtained":["WarpedTongs"],"cards_obtained":["Pain"]},{"damage_healed":0.0,"max_hp_gain":0.0,"max_hp_loss":0.0,"gold_gain":50.0,"event_name":"Nest","player_choice":"Stole From Cult","floor":20.0,"gold_loss":0.0,"damage_taken":0.0},{"damage_healed":0.0,"max_hp_gain":0.0,"max_hp_loss":0.0,"gold_gain":0.0,"event_name":"Cursed Tome","player_choice":"Ignored","floor":21.0,"gold_loss":0.0,"damage_taken":0.0},{"damage_healed":0.0,"max_hp_gain":0.0,"max_hp_loss":0.0,"gold_gain":0.0,"event_name":"Addict","player_choice":"Obtained Relic","floor":30.0,"gold_loss":85.0,"damage_taken":0.0,"relics_obtained":["AT_MibuBalloonWealth"]},{"damage_healed":11.0,"max_hp_gain":0.0,"max_hp_loss":0.0,"gold_gain":0.0,"event_name":"Wheel of Change","player_choice":"Full Heal","floor":37.0,"gold_loss":0.0,"damage_taken":0.0},{"cards_removed":["PrismaMod:MiyuCommonDefend"],"damage_healed":0.0,"max_hp_gain":0.0,"max_hp_loss":0.0,"gold_gain":0.0,"event_name":"Falling","player_choice":"Removed Skill","floor":41.0,"gold_loss":0.0,"damage_taken":0.0},{"damage_healed":0.0,"max_hp_gain":0.0,"max_hp_loss":0.0,"gold_gain":0.0,"event_name":"Tomb of Lord Red Mask","player_choice":"Ignored","floor":42.0,"gold_loss":0.0,"damage_taken":0.0},{"damage_healed":0.0,"max_hp_gain":0.0,"max_hp_loss":0.0,"gold_gain":0.0,"event_name":"MindBloom","player_choice":"Fight","floor":46.0,"gold_loss":0.0,"damage_taken":0.0},{"damage_healed":0.0,"max_hp_gain":0.0,"max_hp_loss":0.0,"gold_gain":0.0,"event_name":"Winding Halls","player_choice":"Embrace Madness","floor":48.0,"gold_loss":0.0,"damage_taken":14.0,"cards_obtained":["Madness","Madness"]}],"is_beta":false,"boss_relics":[{"not_picked":["Velvet Choker","Empty Cage"],"picked":"Coffee Dripper"},{"not_picked":["Cursed Key","Busted Crown"],"picked":"Tiny House"}],"items_purged_floors":[5,22,36,39,54],"is_endless":false,"potions_floor_spawned":[1,4,6,11,24,25,29,31,33,40,47],"ascension_level":20}}