{"host":"ixqzyafodex1tsi5","time":1609324179,"event":{"mods":["AchievementEnabler","Act Like it!","BaseMod","Downfall","Gensokyo","GifTheSpireLib","Lobotomy","LobotomyExtend","Minty Spire (QoL Compilation)","Relic Stats","Replay The Spire","RumiaBox-露米娅的神秘盒子","Spicy Shops","StSLib","【功能Mod】混沌之环修复补丁"],"gold_per_floor":[11,24,24,24,24,55,55,94,117,19,19,44,80,2,2,126,126,147,147,422,446,470,470,470],"floor_reached":23,"playtime":975,"items_purged":["Injury"],"score":265,"play_id":"da51f914-e508-43d7-b717-1c84232af6d5","local_time":"20201230182939","is_ascension_mode":true,"campfire_choices":[{"floor":11,"key":"REST"},{"floor":15,"key":"REST"}],"circlet_count":0,"master_deck":["SpecialBullet","SpecialBullet","Spore","ShedSkin","RapturousDream","Woodsman","Beak","CENSORED_ego","Slimebound:CheckThePlaybook","Regret"],"relics":["CogitoBucket","Bird Faced Urn","LetterFromLob","Baka","Golden Idol","Tiny Chest","Orichalcum","Replay:Baseball","Membership Card","Bronze Scales","Dream Catcher","Black Star","ResearcherNote"],"acts_visited":["Exordium","TheCity"],"potions_floor_usage":[],"damage_taken":[{"damage":12.0,"enemies":"Small Slimes","floor":1.0,"turns":2.0},{"damage":0.0,"enemies":"2 Louse","floor":2.0,"turns":1.0},{"damage":33.0,"enemies":"3 Sentries","floor":6.0,"turns":6.0},{"damage":20,"enemies":"Lagavulin","floor":8,"turns":3},{"damage":0,"enemies":"Cultist","floor":12,"turns":4},{"damage":8,"enemies":"Replay:BlueRogue","floor":13,"turns":2},{"damage":6,"enemies":"The Guardian","floor":16,"turns":9},{"damage":9,"enemies":"Shell Parasite","floor":18,"turns":7},{"damage":21,"enemies":"Spheric Guardian","floor":22,"turns":1},{"damage":34,"enemies":"Gremlin Leader","floor":23,"turns":3}],"seed_played":"8870779104620665866","potions_obtained":[{"floor":12,"key":"Guardian:BlockOnCardUsePotion"}],"is_trial":false,"path_per_floor":["M","M","?","?","?","E","R","E","T","$","R","M","E","$","R","B",null,"M","?","?","T","M","E"],"character_chosen":"Angela","items_purchased":["Membership Card","Dream Catcher"],"campfire_rested":2,"item_purchase_floors":[10,14],"current_hp_per_floor":[58,58,70,53,58,25,25,5,5,5,26,26,24,24,45,45,70,67,43,43,43,28,0,0],"gold":470,"neow_bonus":"ONE_RARE_RELIC","is_daily":false,"chose_seed":false,"campfire_upgraded":0,"win_rate":0.0,"timestamp":1609324179,"path_taken":["M","M","?","?","?","E","R","E","T","$","R","?","E","$","R","BOSS","M","?","?","?","?","E"],"items_purchased_type":["Relic","Relic"],"build_version":"2020-12-22","purchased_purges":1,"victory":false,"max_hp_per_floor":[70,70,70,70,70,70,70,70,70,70,70,70,70,70,70,70,70,70,70,70,70,70,70,70],"relic_stats":{"Dream Catcher":1,"counters":[11,38],"Golden Idol":66,"Bird Faced Urn":[0],"Bronze Scales":[81],"Tiny Chest":1,"Black Star":0,"Orichalcum":[78],"obtain_stats":[{"Golden Idol":4,"ResearcherNote":18,"Baka":1,"Orichalcum":8,"CogitoBucket":0,"Replay:Baseball":9,"Dream Catcher":14,"Bird Faced Urn":0,"Bronze Scales":13,"Tiny Chest":6,"LetterFromLob":1,"Black Star":17,"Membership Card":10},{"Golden Idol":2,"ResearcherNote":9,"Baka":1,"Orichalcum":4,"CogitoBucket":0,"Replay:Baseball":4,"Dream Catcher":6,"Bird Faced Urn":0,"Bronze Scales":6,"Tiny Chest":3,"LetterFromLob":1,"Black Star":7,"Membership Card":4},{"Golden Idol":3,"ResearcherNote":34,"Baka":2,"Orichalcum":12,"CogitoBucket":0,"Replay:Baseball":12,"Dream Catcher":18,"Bird Faced Urn":0,"Bronze Scales":18,"Tiny Chest":9,"LetterFromLob":2,"Black Star":26,"Membership Card":12}]},"card_choices":[{"not_picked":["BlueScar"],"picked":"Spore","floor":1.0},{"not_picked":["WhitesApple","ShyLook"],"picked":"MeatLantern","floor":1.0},{"not_picked":["SpiderBud","Yin"],"picked":"BigBird","floor":2.0},{"not_picked":["Soda","RapturousDream"],"picked":"SKIP","floor":2.0},{"not_picked":["Galaxy","Heaven"],"picked":"SKIP","floor":6},{"not_picked":["Loneliness"],"picked":"ShedSkin","floor":8},{"not_picked":["QueenBee","Murderer"],"picked":"Woodsman","floor":12},{"not_picked":["Regret_ego"],"picked":"Beak","floor":12},{"not_picked":["SomewhereSpear","Loneliness"],"picked":"SKIP","floor":13},{"not_picked":["Mimicry"],"picked":"CENSORED_ego","floor":16},{"not_picked":["Hypocrisy","Horn+1"],"picked":"SKIP","floor":18},{"not_picked":["RedEyes","Hypocrisy","Soda"],"picked":"SKIP","floor":22}],"player_experience":158624,"relics_obtained":[{"floor":1.0,"key":"LetterFromLob"},{"floor":1.0,"key":"Baka"},{"floor":6,"key":"Tiny Chest"},{"floor":8,"key":"Orichalcum"},{"floor":9,"key":"Replay:Baseball"},{"floor":13,"key":"Bronze Scales"}],"event_choices":[{"damage_healed":0.0,"max_hp_gain":0.0,"max_hp_loss":0.0,"gold_gain":0.0,"event_name":"Golden Idol","player_choice":"Take Damage","floor":4.0,"gold_loss":0.0,"damage_taken":17.0,"relics_obtained":["Golden Idol"]},{"cards_removed":["InformationCode"],"damage_healed":5.0,"max_hp_gain":0.0,"max_hp_loss":0.0,"gold_gain":0.0,"event_name":"Bonfire Elementals","player_choice":"Offered Special","floor":5.0,"gold_loss":0.0,"damage_taken":0.0},{"damage_healed":0,"gold_gain":275,"player_choice":"Desecrate","damage_taken":0,"max_hp_gain":0,"max_hp_loss":0,"event_name":"Golden Shrine","floor":20,"gold_loss":0,"cards_obtained":["Regret"]}],"is_beta":false,"boss_relics":[{"not_picked":["Abe\u0027s Treasure","Sozu"],"picked":"Black Star"}],"items_purged_floors":[10],"is_endless":false,"potions_floor_spawned":[12],"killed_by":"Gremlin Leader","ascension_level":3}}