{"host":"6z6y4ky8uzsz1dpj","time":1609335089,"event":{"mods":["AchievementEnabler","BaseMod","BetterRewards","Challenge The Spire","Colored Map","Custom Start","Hubris","Minty Spire (QoL Compilation)","Quick Restart","Replay The Spire","StSLib"],"gold_per_floor":[111,111,122,137,154,183,183,67,115,115,143,162,117,148,148,250,250,263,297,297,315,20,20,20,45,45,55,65,80,91,118,118,118,118],"floor_reached":33,"playtime":1393,"items_purged":[],"score":332,"play_id":"07a3c862-4968-4191-9add-b17617bf3bb0","local_time":"20201230083129","is_ascension_mode":false,"campfire_choices":[{"data":"MentalFortress","floor":10,"key":"SMITH"},{"floor":15,"key":"REST"},{"data":"PathToVictory","floor":23,"key":"SMITH"},{"data":"Scrawl","floor":23,"key":"SMITH"},{"data":"PathToVictory","floor":32,"key":"SMITH"},{"data":"FlurryOfBlows","floor":32,"key":"SMITH"}],"circlet_count":0,"master_deck":["Strike_P","Strike_P","Strike_P","Strike_P","Defend_P","Defend_P","Defend_P+1","Defend_P","Eruption","Vigilance+1","MentalFortress+1","JustLucky","Replay:AtTheReady","CutThroughFate","FlurryOfBlows+1","ThirdEye","ClearTheMind","Consecrate","Scrawl+1","Replay:ManipulateFuture","PathToVictory+1","PathToVictory+1","Wish","EmptyFist+1","Writhe","JustLucky","EmptyBody","FlurryOfBlows+1","Meditate","Replay:ManipulateFuture+1","PathToVictory","Establishment"],"relics":["PureWater","GoldenEye","War Paint","Vajra","Replay:Arrowhead","hubris:Zylophone","Sozu","Red Mask","Sundial","Orichalcum","Replay:Baseball","Replay:Rubber Ducky","Bottled Lightning","Kunai"],"acts_visited":["Exordium","TheCity"],"potions_floor_usage":[6,11,19],"damage_taken":[{"damage":0,"enemies":"Jaw Worm","floor":1,"turns":5},{"damage":0,"enemies":"Cultist","floor":3,"turns":3},{"damage":0,"enemies":"2 Louse","floor":4,"turns":3},{"damage":0,"enemies":"Exordium Wildlife","floor":5,"turns":4},{"damage":40,"enemies":"Gremlin Nob","floor":6,"turns":6},{"damage":6,"enemies":"Lagavulin","floor":11,"turns":4},{"damage":0,"enemies":"Large Slime","floor":12,"turns":3},{"damage":14,"enemies":"3 Sentries","floor":14,"turns":6},{"damage":16,"enemies":"Hexaghost","floor":16,"turns":4},{"damage":0,"enemies":"Chosen","floor":18,"turns":3},{"damage":17,"enemies":"Masked Bandits","floor":19,"turns":3},{"damage":0,"enemies":"Shell Parasite","floor":21,"turns":2},{"damage":36,"enemies":"Slavers","floor":25,"turns":4},{"damage":0,"enemies":"Centurion and Healer","floor":27,"turns":3},{"damage":0,"enemies":"Sentry and Sphere","floor":28,"turns":2},{"damage":0,"enemies":"Snake Plant","floor":29,"turns":1},{"damage":0,"enemies":"Shelled Parasite and Fungi","floor":30,"turns":2},{"damage":0,"enemies":"Replay:Snechameleon","floor":31,"turns":2},{"damage":25,"enemies":"Champ","floor":33,"turns":6}],"seed_played":"-21150580315811394","potions_obtained":[{"floor":3,"key":"Fruit Juice"},{"floor":6,"key":"Flashbang"},{"floor":12,"key":"Fire Potion"},{"floor":14,"key":"Death Potion"}],"is_trial":false,"path_per_floor":["M","?","M","M","M","E","?","$","T","R","E","M","$","E","R_BF","B",null,"M","?","?","M","$","R","?","E","T","M","M","M","M","E","R","B"],"character_chosen":"WATCHER","items_purchased":["MentalFortress","ThirdEye","ClearTheMind","Consecrate","PathToVictory","Orichalcum","Replay:Baseball"],"campfire_rested":1,"item_purchase_floors":[0,8,8,8,13,22,22],"current_hp_per_floor":[72,72,72,72,72,37,37,37,37,37,31,31,31,17,40,24,77,77,60,60,60,60,60,60,24,24,24,24,24,24,24,24,0,0],"gold":118,"neow_bonus":"","is_daily":false,"chose_seed":false,"campfire_upgraded":5,"win_rate":0.0,"timestamp":1609335089,"path_taken":["M","?","M","?","M","E","?","$","T","R","E","M","?","E","R_BF","BOSS","M","?","?","M","$","R","?","E","T","M","M","M","M","E","R","BOSS"],"items_purchased_type":["Card","Card","Card","Card","Card","Relic","Relic"],"build_version":"2020-12-22","purchased_purges":0,"victory":false,"max_hp_per_floor":[72,72,72,72,72,77,77,77,77,77,77,77,77,77,77,77,77,77,77,77,77,77,77,77,77,77,77,77,77,77,77,77,77,77],"card_choices":[{"not_picked":["EmptyMind","EmptyBody"],"picked":"JustLucky","floor":1},{"not_picked":["Halt","Replay:DivineShield","WaveOfTheHand"],"picked":"SKIP","floor":3},{"not_picked":["WaveOfTheHand","Evaluate"],"picked":"Replay:AtTheReady","floor":4},{"not_picked":["FlyingSleeves","Consecrate"],"picked":"CutThroughFate","floor":5},{"not_picked":["Evaluate","ClearTheMind"],"picked":"FlurryOfBlows","floor":6},{"not_picked":["Pray","Consecrate"],"picked":"Scrawl","floor":11},{"not_picked":["Halt","Prostrate"],"picked":"Replay:ManipulateFuture","floor":12},{"not_picked":["Replay:Cycle","Blasphemy"],"picked":"PathToVictory","floor":14},{"not_picked":["Omniscience","Devotion"],"picked":"Wish","floor":16},{"not_picked":["Indignation","EmptyBody"],"picked":"EmptyFist+1","floor":18},{"not_picked":["Halt+1","EmptyFist","SashWhip"],"picked":"SKIP","floor":21},{"not_picked":["EmptyMind","Consecrate+1"],"picked":"EmptyBody","floor":25},{"not_picked":["SignatureMove","CutThroughFate"],"picked":"FlurryOfBlows","floor":27},{"not_picked":["CrushJoints+1","EmptyFist"],"picked":"Meditate","floor":28},{"not_picked":["CarveReality","WheelKick"],"picked":"Replay:ManipulateFuture+1","floor":29},{"not_picked":["DevaForm","EmptyFist"],"picked":"PathToVictory","floor":30},{"not_picked":["WaveOfTheHand","Consecrate"],"picked":"Establishment","floor":31}],"player_experience":205536,"relics_obtained":[{"floor":6,"key":"War Paint"},{"floor":9,"key":"Vajra"},{"floor":11,"key":"Replay:Arrowhead"},{"floor":14,"key":"hubris:Zylophone"},{"floor":19,"key":"Red Mask"},{"floor":25,"key":"Replay:Rubber Ducky"},{"floor":26,"key":"Bottled Lightning"},{"floor":31,"key":"Kunai"}],"event_choices":[{"damage_healed":0,"gold_gain":0,"player_choice":"Ignored","damage_taken":0,"max_hp_gain":0,"max_hp_loss":0,"event_name":"NoteForYourself","floor":2,"gold_loss":0},{"damage_healed":0,"gold_gain":0,"player_choice":"Grow","damage_taken":0,"max_hp_gain":0,"max_hp_loss":0,"event_name":"Living Wall","floor":7,"gold_loss":0,"cards_upgraded":["FlurryOfBlows"]},{"damage_healed":0,"gold_gain":0,"player_choice":"Fought Bandits","damage_taken":0,"max_hp_gain":0,"max_hp_loss":0,"event_name":"Masked Bandits","floor":19,"gold_loss":0},{"damage_healed":0,"gold_gain":0,"player_choice":"Opened","damage_taken":0,"relics_obtained":["Sundial"],"max_hp_gain":0,"max_hp_loss":0,"event_name":"The Mausoleum","floor":20,"gold_loss":0,"cards_obtained":["Writhe"]}],"is_beta":false,"boss_relics":[{"not_picked":["hubris:VirtuousBlindfold","Replay:Ancient Bell"],"picked":"Sozu"}],"items_purged_floors":[],"is_endless":false,"potions_floor_spawned":[3,6,12,14,21,25,27,28,31],"killed_by":"Champ","ascension_level":0}}