{"host":"am0cr9xwekqmrere","time":1609291983,"event":{"mods":["AchievementEnabler","Act Like it!","BaseMod","Better Altar","Better Match","Better Note","Better Sensory Stone","Better Skull","Better Third Choice","BetterRewards","Conspire","Hubris","Infinite Spire","Minty Spire (QoL Compilation)","Rare Cards Sparkle","Spicy Shops","StSLib","The Marked","Unceasing Turn Reminder"],"gold_per_floor":[117,38,38,50,67,67,77,109,191,203,220,252,279,279,279,381,381,391,50,0,75,45,45,71,71,71,90,90,110,130,156,156,257,257,270,286,286,334,334,334],"floor_reached":39,"playtime":1243,"items_purged":[],"score":434,"play_id":"36f79d83-52b0-4e8c-a0ef-80cea848d64e","local_time":"20201229193303","is_ascension_mode":false,"campfire_choices":[{"data":"theMarked:ParalyzingBlade","floor":6.0,"key":"SMITH"},{"floor":15.0,"key":"REST"},{"data":"theMarked:Opportunist","floor":23,"key":"SMITH"},{"data":"theMarked:SoldierOfQuellstein","floor":28,"key":"SMITH"},{"floor":32,"key":"REST"}],"circlet_count":0,"master_deck":["theMarked:Strike","theMarked:Strike","theMarked:Strike","theMarked:Strike","theMarked:Strike","theMarked:Defend","theMarked:Defend","theMarked:Defend","theMarked:Defend","theMarked:SoldierOfQuellstein+1","theMarked:ParalyzingBlade+1","theMarked:WardOff","theMarked:DeterminationOfTheMarked","theMarked:WardOff","theMarked:EmpowerWeapon","theMarked:SuspiciousRaven","theMarked:SwordAndMagic","theMarked:RogueSparks","theMarked:Defy+1","theMarked:Opportunist+1","Swift Strike+1","infinitespire:SevenWalls+1","theMarked:SelfDefenseTraining+1","theMarked:EmpowerWeapon","theMarked:ChainLightning+1","theMarked:EternalStudent","theMarked:ElectricStrings+1","theMarked:TwofoldDefense+1","infinitespire:Punishment+1","theMarked:EmpowerWeapon+1"],"relics":["theMarked:ArtifactOfAir","hubris:SlimyHat","Bird Faced Urn","hubris:SphereOfDissonance","infinitespire:Beetle Shell","Bag of Preparation","Molten Egg 2","Black Star","Tiny Chest","conspire:TopHat","Omamori","hubris:BottledRain","Smiling Mask","hubris:Backtick","TungstenRod","theMarked:SpiritSword","hubris:Zylophone","Turnip"],"acts_visited":["TheCity","TheBeyond"],"potions_floor_usage":[27,27,33,33,38,39],"damage_taken":[{"damage":9.0,"enemies":"Cultist","floor":1.0,"turns":4.0},{"damage":7.0,"enemies":"Small Slimes","floor":4.0,"turns":3.0},{"damage":0.0,"enemies":"2 Louse","floor":5.0,"turns":3.0},{"damage":6.0,"enemies":"Exordium Wildlife","floor":7.0,"turns":6.0},{"damage":8.0,"enemies":"Lagavulin","floor":8.0,"turns":7.0},{"damage":13.0,"enemies":"Exordium Thugs","floor":10.0,"turns":6.0},{"damage":13.0,"enemies":"2 Fungi Beasts","floor":11.0,"turns":3.0},{"damage":8.0,"enemies":"Gremlin Nob","floor":12.0,"turns":4.0},{"damage":26.0,"enemies":"Slime Boss","floor":16.0,"turns":6.0},{"damage":14.0,"enemies":"Spheric Guardian","floor":18.0,"turns":4.0},{"damage":0,"enemies":"3 Byrds","floor":27,"turns":5},{"damage":8,"enemies":"Snake Plant","floor":29,"turns":3},{"damage":3,"enemies":"Cultist and Chosen","floor":30,"turns":5},{"damage":21,"enemies":"conspire:SneckoGhost","floor":31,"turns":5},{"damage":46,"enemies":"hubris:MusketHawk","floor":33,"turns":9},{"damage":38,"enemies":"3 Darklings","floor":35,"turns":5},{"damage":16,"enemies":"3 Shapes","floor":36,"turns":3},{"damage":24,"enemies":"2 Orb Walkers","floor":38,"turns":5},{"damage":13,"enemies":"Transient","floor":39,"turns":1}],"seed_played":"-1975594000246837341","potions_obtained":[{"floor":4.0,"key":"infinitespire:BlackPotion"},{"floor":5.0,"key":"EssenceOfSteel"},{"floor":11.0,"key":"Block Potion"},{"floor":16.0,"key":"BlessingOfTheForge"},{"floor":22,"key":"AttackPotion"},{"floor":22,"key":"conspire:TimeTravelPotion"},{"floor":29,"key":"PowerPotion"},{"floor":36,"key":"SneckoOil"},{"floor":38,"key":"PowerPotion"}],"is_trial":false,"path_per_floor":["M","$","?","M","M","R","M","E","T","M","M","E","T","T","R","B",null,"M","$","?","?","?","R","T","?","T","M","R","M","M","E","R","B",null,"M","M","AVR","?","M"],"character_chosen":"THE_DEFAULT","items_purchased":["theMarked:WardOff","Tiny Chest","Swift Strike+1"],"campfire_rested":2,"item_purchase_floors":[2,19,19],"current_hp_per_floor":[68,68,65,58,58,58,52,44,44,33,20,16,16,16,39,17,77,63,63,63,56,56,56,56,56,56,60,60,56,55,38,61,41,77,41,29,29,9,0,0],"gold":334,"neow_bonus":"TEN_PERCENT_HP_BONUS","is_daily":false,"chose_seed":false,"campfire_upgraded":3,"win_rate":0.0,"timestamp":1609291983,"path_taken":["M","?","?","M","M","R","M","E","T","M","?","E","?","?","R","BOSS","M","$","?","?","?","R","?","?","T","M","R","M","M","E","R","BOSS","M","?","AVR","?","M"],"items_purchased_type":["Card","Relic","Card"],"build_version":"2020-12-22","purchased_purges":0,"victory":false,"max_hp_per_floor":[77,77,77,77,77,77,77,77,77,77,77,77,77,77,77,77,77,77,77,77,77,77,77,77,77,77,77,77,77,77,77,77,77,77,77,77,77,77,77,77],"card_choices":[{"not_picked":["theMarked:ChainLightning","theMarked:ElectricStrings"],"picked":"theMarked:ParalyzingBlade","floor":1.0},{"not_picked":["theMarked:RepellingDischarge","theMarked:SwordAndMagic"],"picked":"theMarked:DeterminationOfTheMarked","floor":4.0},{"not_picked":["theMarked:MaelstromOfLightning","theMarked:Improvise"],"picked":"theMarked:WardOff","floor":5.0},{"not_picked":["theMarked:SelfDefenseTraining","theMarked:WastefulAttack"],"picked":"theMarked:EmpowerWeapon","floor":7.0},{"not_picked":["theMarked:Frustration","theMarked:MaelstromOfLightning"],"picked":"theMarked:SuspiciousRaven","floor":8.0},{"not_picked":["theMarked:EmpowerWeapon","theMarked:RepellingDischarge"],"picked":"theMarked:SwordAndMagic","floor":10.0},{"not_picked":["theMarked:TunnelVision","theMarked:Frustration"],"picked":"theMarked:RogueSparks","floor":11.0},{"not_picked":["theMarked:RepellingDischarge","theMarked:HeightenedSenses","theMarked:EmpowerWeapon"],"picked":"SKIP","floor":12.0},{"not_picked":["theMarked:ChannelForce","theMarked:Snap+1"],"picked":"theMarked:Defy+1","floor":16.0},{"not_picked":["theMarked:HeightenedSenses","theMarked:TwofoldDefense"],"picked":"theMarked:Opportunist","floor":18.0},{"not_picked":["theMarked:Electrocute+1","theMarked:RepellingDischarge+1"],"picked":"theMarked:SelfDefenseTraining+1","floor":27},{"not_picked":["theMarked:EmpowerWeapon","theMarked:SelfDefenseTraining+1","theMarked:Defy+1"],"picked":"SKIP","floor":29},{"not_picked":["theMarked:RepellingDischarge","theMarked:Overcharge+1"],"picked":"theMarked:EmpowerWeapon","floor":30},{"not_picked":["theMarked:Aftermath","theMarked:ThrowWeapon+1"],"picked":"theMarked:ChainLightning+1","floor":31},{"not_picked":["theMarked:ChannelForce","theMarked:TurnInvisible"],"picked":"theMarked:EternalStudent","floor":33},{"not_picked":["theMarked:ResourceFulStrike+1","theMarked:SelfDefenseTraining+1"],"picked":"theMarked:ElectricStrings+1","floor":35},{"not_picked":["theMarked:RepellingDischarge+1","theMarked:Frustration+1"],"picked":"theMarked:TwofoldDefense+1","floor":36},{"not_picked":["theMarked:KeepCalmAndFightOn+1","theMarked:Overcharge"],"picked":"theMarked:EmpowerWeapon+1","floor":38}],"player_experience":2535932,"relics_obtained":[{"floor":8.0,"key":"Bird Faced Urn"},{"floor":9.0,"key":"hubris:SphereOfDissonance"},{"floor":12.0,"key":"infinitespire:Beetle Shell"},{"floor":13.0,"key":"Bag of Preparation"},{"floor":14.0,"key":"Molten Egg 2"},{"floor":24,"key":"conspire:TopHat"},{"floor":26,"key":"Omamori"},{"floor":31,"key":"hubris:BottledRain"},{"floor":31,"key":"Smiling Mask"},{"floor":38,"key":"Turnip"}],"event_choices":[{"damage_healed":0.0,"max_hp_gain":0.0,"max_hp_loss":0.0,"gold_gain":0.0,"event_name":"betterThird:BetterScrap","player_choice":"Relic ","floor":3.0,"gold_loss":0.0,"damage_taken":3.0,"cards_obtained":["Thunder Strike"]},{"damage_healed":0.0,"max_hp_gain":0.0,"max_hp_loss":0.0,"gold_gain":0.0,"event_name":"The Joust","player_choice":"Bet on Murderer","floor":20.0,"gold_loss":50.0,"damage_taken":0.0},{"damage_healed":0,"gold_gain":75,"player_choice":"Touch","damage_taken":7,"max_hp_gain":0,"max_hp_loss":0,"event_name":"FaceTrader","floor":21,"gold_loss":0},{"damage_healed":0,"gold_gain":0,"player_choice":"Bought 2 Potions","damage_taken":0,"max_hp_gain":0,"max_hp_loss":0,"event_name":"The Woman in Blue","floor":22,"gold_loss":0},{"cards_removed":["theMarked:Defy"],"damage_healed":0,"gold_gain":0,"player_choice":"Take \u0026 Give","damage_taken":0,"max_hp_gain":0,"max_hp_loss":0,"event_name":"betterNote:BetterNote","floor":25,"gold_loss":0,"cards_obtained":["infinitespire:SevenWalls"]},{"damage_healed":0,"gold_gain":0,"player_choice":"Fight","damage_taken":0,"max_hp_gain":0,"max_hp_loss":0,"event_name":"Mysterious Sphere","floor":38,"gold_loss":0}],"is_beta":false,"boss_relics":[{"not_picked":["hubris:Stopwatch","Ectoplasm"],"picked":"Black Star"},{"not_picked":["Tiny House","SlaversCollar"],"picked":"hubris:Backtick"}],"items_purged_floors":[],"is_endless":false,"potions_floor_spawned":[4,5,11,16,29,36,38],"killed_by":"Transient","ascension_level":0}}