{"host":"31s8hzukbhz1k6i6","time":1609307744,"event":{"mods":["AchievementEnabler","BaseMod","Colored Map","Filter the Spire","Minty Spire (QoL Compilation)","Relic Stats","UnlockEverythingMod","ojb\u0027s Info Mod"],"gold_per_floor":[10,22,22,22,32,32,65,65,65,65,81,116,116,145,145,250,250,231,231,501,501,416,443,542,574,574,574,46,80,46,61,61,159,159,172,183,233,251,298,332,332,366,366,366,381,381,413,429,429,429,429,429,93,122,122],"floor_reached":56,"playtime":3345,"items_purged":["Unload"],"score":2233,"play_id":"d957422f-0265-4063-b09c-66a343dd90dc","local_time":"20201229215544","is_ascension_mode":true,"campfire_choices":[{"data":"Noxious Fumes","floor":6.0,"key":"SMITH"},{"data":"Malaise","floor":8.0,"key":"SMITH"},{"data":"Footwork","floor":10.0,"key":"SMITH"},{"data":"Caltrops","floor":13.0,"key":"SMITH"},{"data":"Poisoned Stab","floor":15.0,"key":"SMITH"},{"data":"Doppelganger","floor":27.0,"key":"SMITH"},{"data":"Outmaneuver","floor":32,"key":"SMITH"},{"data":"Catalyst","floor":46,"key":"SMITH"},{"floor":49,"key":"RECALL"},{"data":"Noxious Fumes","floor":52,"key":"SMITH"}],"circlet_count":0,"master_deck":["AscendersBane","Strike_G","Strike_G","Strike_G","Defend_G","Defend_G","Defend_G","Defend_G","Survivor","Neutralize","Caltrops+1","Poisoned Stab+1","PiercingWail","Noxious Fumes+1","Footwork+1","Malaise+1","Backflip","Acrobatics","Doppelganger+1","Blur","Blur","Catalyst+1","Footwork","Deadly Poison","Noxious Fumes+1","Outmaneuver+1","Calculated Gamble+1","Backflip+1","Concentrate","PiercingWail+1","Dodge and Roll+1","Crippling Poison+1","Blur+1","Acrobatics","PiercingWail+1","Caltrops","Concentrate","Noxious Fumes"],"relics":["Ring of the Snake","Pear","Mummified Hand","Juzu Bracelet","Odd Mushroom","SlaversCollar","Art of War","Letter Opener","FossilizedHelix","Bottled Tornado","Question Card","Lantern","PreservedInsect","Runic Pyramid","Dead Branch","Calipers","HornCleat","Shuriken","Darkstone Periapt","Bag of Preparation","InkBottle"],"acts_visited":["Exordium","TheCity","TheBeyond","TheEnding"],"potions_floor_usage":[47,47,47,47,55,55],"damage_taken":[{"damage":0.0,"enemies":"Small Slimes","floor":1.0,"turns":3.0},{"damage":0.0,"enemies":"Jaw Worm","floor":2.0,"turns":3.0},{"damage":0.0,"enemies":"Cultist","floor":5.0,"turns":3.0},{"damage":28.0,"enemies":"Gremlin Nob","floor":7.0,"turns":5.0},{"damage":1.0,"enemies":"2 Fungi Beasts","floor":11.0,"turns":4.0},{"damage":8.0,"enemies":"3 Sentries","floor":12.0,"turns":6.0},{"damage":8.0,"enemies":"The Mushroom Lair","floor":14.0,"turns":4.0},{"damage":11.0,"enemies":"The Guardian","floor":16.0,"turns":9.0},{"damage":20.0,"enemies":"2 Thieves","floor":18.0,"turns":4.0},{"damage":2.0,"enemies":"Book of Stabbing","floor":23.0,"turns":7.0},{"damage":0.0,"enemies":"Slavers","floor":25.0,"turns":5.0},{"damage":0,"enemies":"Gremlin Leader","floor":29,"turns":8},{"damage":0,"enemies":"Spheric Guardian","floor":31,"turns":5},{"damage":0,"enemies":"Collector","floor":33,"turns":9},{"damage":0,"enemies":"Orb Walker","floor":35,"turns":5},{"damage":0,"enemies":"3 Shapes","floor":36,"turns":4},{"damage":0,"enemies":"Mind Bloom Boss Battle","floor":37,"turns":7},{"damage":0,"enemies":"Writhing Mass","floor":38,"turns":5},{"damage":33,"enemies":"2 Orb Walkers","floor":39,"turns":5},{"damage":0,"enemies":"Nemesis","floor":40,"turns":5},{"damage":0,"enemies":"Giant Head","floor":42,"turns":9},{"damage":0,"enemies":"3 Darklings","floor":45,"turns":4},{"damage":0,"enemies":"Reptomancer","floor":47,"turns":4},{"damage":30,"enemies":"Transient","floor":48,"turns":5},{"damage":0,"enemies":"Awakened One","floor":50,"turns":15},{"damage":0,"enemies":"Shield and Spear","floor":54,"turns":6},{"damage":28,"enemies":"The Heart","floor":55,"turns":7}],"seed_played":"4309174557634822954","potions_obtained":[{"floor":7.0,"key":"LiquidBronze"},{"floor":14.0,"key":"DistilledChaos"},{"floor":25.0,"key":"Energy Potion"},{"floor":29,"key":"AttackPotion"},{"floor":33,"key":"EntropicBrew"},{"floor":35,"key":"Dexterity Potion"},{"floor":47,"key":"Ancient Potion"}],"is_trial":false,"path_per_floor":["M","M","?","?","M","R","E","R","T","R","M","E","R","?","R","B",null,"M","?","?","?","?","E","?","E","T","R","$","E","$","M","R","B",null,"M","M","?","M","?","E","?","E","T","?","M","R","E","M","R","B",null,"R","$","E","B",null],"character_chosen":"THE_SILENT","items_purchased":["Catalyst","Footwork","Question Card","Lantern","Noxious Fumes","Bag of Preparation","Caltrops","Concentrate"],"campfire_rested":0,"item_purchase_floors":[28,28,28,28,30,53,53,53],"current_hp_per_floor":[63,63,63,68,68,68,50,50,50,50,49,41,41,33,33,22,69,49,49,22,22,22,20,20,20,20,20,20,20,20,20,20,20,69,69,69,69,69,36,36,74,74,74,74,74,74,74,44,44,44,67,67,67,67,39],"gold":122,"neow_bonus":"TRANSFORM_TWO_CARDS","is_daily":false,"chose_seed":false,"campfire_upgraded":9,"win_rate":0.0,"timestamp":1609307744,"path_taken":["M","M","?","?","M","R","E","R","T","R","M","E","R","?","R","BOSS","M","?","?","?","?","E","?","E","T","R","?","E","$","M","R","BOSS","M","M","?","M","?","E","?","E","T","?","M","R","E","M","R","BOSS","R","$","E","BOSS"],"items_purchased_type":["Card","Card","Relic","Relic","Card","Relic","Card","Card"],"build_version":"2020-12-22","purchased_purges":1,"victory":true,"max_hp_per_floor":[70,70,70,75,75,75,85,85,85,85,85,85,85,85,85,85,85,85,85,85,85,85,85,85,85,85,85,85,85,85,85,85,85,85,85,85,85,85,85,85,74,74,74,74,74,74,74,74,74,74,74,74,74,74,74],"relic_stats":{"Darkstone Periapt":0,"counters":[27,156],"Dead Branch":[80],"PreservedInsect":317,"Juzu Bracelet":1,"Bag of Preparation":[4],"Letter Opener":[640],"Question Card":14,"Mummified Hand":[104],"Shuriken":[8],"Art of War":[37],"obtain_stats":[{"Darkstone Periapt":47,"Lantern":28,"Pear":7,"Calipers":39,"Dead Branch":37,"PreservedInsect":29,"Juzu Bracelet":12,"Bag of Preparation":53,"Letter Opener":23,"Odd Mushroom":14,"Bottled Tornado":26,"Question Card":28,"SlaversCollar":17,"HornCleat":40,"Mummified Hand":9,"Shuriken":42,"Art of War":22,"FossilizedHelix":25,"InkBottle":54,"Ring of the Snake":0,"Runic Pyramid":34},{"Darkstone Periapt":23,"Lantern":11,"Pear":4,"Calipers":19,"Dead Branch":17,"PreservedInsect":12,"Juzu Bracelet":6,"Bag of Preparation":25,"Letter Opener":10,"Odd Mushroom":7,"Bottled Tornado":11,"Question Card":11,"SlaversCollar":8,"HornCleat":20,"Mummified Hand":4,"Shuriken":21,"Art of War":9,"FossilizedHelix":11,"InkBottle":26,"Ring of the Snake":0,"Runic Pyramid":14},{"Darkstone Periapt":123,"Lantern":53,"Pear":14,"Calipers":101,"Dead Branch":91,"PreservedInsect":61,"Juzu Bracelet":24,"Bag of Preparation":143,"Letter Opener":48,"Odd Mushroom":28,"Bottled Tornado":53,"Question Card":53,"SlaversCollar":37,"HornCleat":106,"Mummified Hand":14,"Shuriken":115,"Art of War":41,"FossilizedHelix":53,"InkBottle":149,"Ring of the Snake":0,"Runic Pyramid":75}],"InkBottle":[3],"Ring of the Snake":[54]},"card_choices":[{"not_picked":["Acrobatics","Slice"],"picked":"Poisoned Stab","floor":1.0},{"not_picked":["Deflect","Prepared"],"picked":"PiercingWail","floor":2.0},{"not_picked":["Quick Slash","Cloak And Dagger"],"picked":"Footwork","floor":5.0},{"not_picked":["Slice","Calculated Gamble"],"picked":"Malaise","floor":7.0},{"not_picked":["Concentrate","Deflect"],"picked":"Backflip","floor":11.0},{"not_picked":["Underhanded Strike","Tools of the Trade","Concentrate"],"picked":"SKIP","floor":12.0},{"not_picked":["Expertise","Dagger Spray"],"picked":"Acrobatics","floor":14.0},{"not_picked":["Unload","Die Die Die"],"picked":"Doppelganger","floor":16.0},{"not_picked":["Riddle With Holes+1","Choke"],"picked":"Blur","floor":18.0},{"not_picked":["Terror+1","Backstab","Reflex"],"picked":"SKIP","floor":23.0},{"not_picked":["Prepared","Deflect","Accuracy"],"picked":"SKIP","floor":25.0},{"not_picked":["Backflip","Underhanded Strike+1","After Image"],"picked":"Deadly Poison","floor":29},{"not_picked":["Concentrate","Acrobatics","Dagger Spray"],"picked":"Outmaneuver","floor":31},{"not_picked":["Choke+1","Prepared+1","Dagger Spray+1"],"picked":"Calculated Gamble+1","floor":35},{"not_picked":["Underhanded Strike+1","Quick Slash","Skewer"],"picked":"Backflip+1","floor":36},{"not_picked":["Reflex","Dagger Spray+1","Backstab+1"],"picked":"Concentrate","floor":37},{"not_picked":["Poisoned Stab","Prepared+1","Quick Slash+1"],"picked":"PiercingWail+1","floor":38},{"not_picked":["Heel Hook+1","Crippling Poison+1","Finisher+1"],"picked":"Dodge and Roll+1","floor":39},{"not_picked":["Dagger Spray","Flying Knee","Doppelganger"],"picked":"Crippling Poison+1","floor":40},{"not_picked":["PiercingWail","Phantasmal Killer","Deadly Poison"],"picked":"Blur+1","floor":42},{"not_picked":["Eviscerate","Heel Hook+1","Flying Knee+1"],"picked":"Acrobatics","floor":45},{"not_picked":["Cloak And Dagger+1","Finisher","Quick Slash+1"],"picked":"PiercingWail+1","floor":47},{"not_picked":["Underhanded Strike+1","Bouncing Flask+1","Backflip","Cloak And Dagger"],"picked":"SKIP","floor":48},{"not_picked":["Slice","Deadly Poison","Outmaneuver+1"],"picked":"Noxious Fumes","floor":54}],"player_experience":86675,"relics_obtained":[{"floor":7.0,"key":"Pear"},{"floor":9.0,"key":"Mummified Hand"},{"floor":12.0,"key":"Juzu Bracelet"},{"floor":14.0,"key":"Odd Mushroom"},{"floor":23.0,"key":"Letter Opener"},{"floor":25.0,"key":"FossilizedHelix"},{"floor":26.0,"key":"Bottled Tornado"},{"floor":29,"key":"PreservedInsect"},{"floor":37,"key":"Dead Branch"},{"floor":39,"key":"Calipers"},{"floor":40,"key":"HornCleat"},{"floor":42,"key":"Shuriken"},{"floor":47,"key":"Darkstone Periapt"},{"floor":54,"key":"InkBottle"}],"event_choices":[{"damage_healed":0.0,"max_hp_gain":0.0,"max_hp_loss":0.0,"gold_gain":0.0,"cards_transformed":["Strike_G"],"event_name":"Living Wall","player_choice":"Change","floor":3.0,"gold_loss":0.0,"damage_taken":0.0,"cards_obtained":["Noxious Fumes"]},{"damage_healed":0.0,"max_hp_gain":5.0,"max_hp_loss":0.0,"gold_gain":0.0,"event_name":"Big Fish","player_choice":"Donut","floor":4.0,"gold_loss":0.0,"damage_taken":0.0},{"damage_healed":0.0,"max_hp_gain":0.0,"max_hp_loss":0.0,"gold_gain":0.0,"event_name":"Mushrooms","player_choice":"Fought Mushrooms","floor":14.0,"gold_loss":0.0,"damage_taken":0.0},{"damage_healed":0.0,"max_hp_gain":0.0,"max_hp_loss":0.0,"gold_gain":0.0,"event_name":"The Library","player_choice":"Read","floor":19.0,"gold_loss":0.0,"damage_taken":0.0,"cards_obtained":["Blur"]},{"damage_healed":0.0,"max_hp_gain":0.0,"max_hp_loss":0.0,"gold_gain":270.0,"event_name":"Knowing Skull","player_choice":"GOLD GOLD GOLD ","floor":20.0,"potions_obtained":[],"gold_loss":0.0,"damage_taken":27.0,"cards_obtained":[]},{"damage_healed":0.0,"max_hp_gain":0.0,"max_hp_loss":0.0,"gold_gain":0.0,"event_name":"Vampires","player_choice":"Ignored","floor":21.0,"gold_loss":0.0,"damage_taken":0.0},{"damage_healed":0.0,"max_hp_gain":0.0,"max_hp_loss":0.0,"gold_gain":0.0,"event_name":"Addict","player_choice":"Obtained Relic","floor":22.0,"gold_loss":85.0,"damage_taken":0.0,"relics_obtained":["Art of War"]},{"damage_healed":0.0,"max_hp_gain":0.0,"max_hp_loss":0.0,"gold_gain":99.0,"event_name":"Nest","player_choice":"Stole From Cult","floor":24.0,"gold_loss":0.0,"damage_taken":0.0},{"damage_healed":0,"gold_gain":0,"player_choice":"Fight","damage_taken":0,"max_hp_gain":0,"max_hp_loss":0,"event_name":"MindBloom","floor":37,"gold_loss":0},{"damage_healed":0,"gold_gain":0,"player_choice":"Fight","damage_taken":0,"max_hp_gain":0,"max_hp_loss":0,"event_name":"Mysterious Sphere","floor":39,"gold_loss":0},{"damage_healed":74,"gold_gain":0,"player_choice":"Heal","damage_taken":0,"max_hp_gain":0,"max_hp_loss":11,"event_name":"The Moai Head","floor":41,"gold_loss":0},{"damage_healed":0,"gold_gain":0,"player_choice":"Ignored","damage_taken":0,"max_hp_gain":0,"max_hp_loss":0,"event_name":"Tomb of Lord Red Mask","floor":44,"gold_loss":0}],"is_beta":false,"boss_relics":[{"not_picked":["WristBlade","Empty Cage"],"picked":"SlaversCollar"},{"not_picked":["Velvet Choker","Busted Crown"],"picked":"Runic Pyramid"}],"items_purged_floors":[53],"is_endless":false,"potions_floor_spawned":[7,14,25,29,33,35,39,45,47],"ascension_level":10}}