{"host":"51f0ad793vly1w6u","time":1609321267,"event":{"mods":["BaseMod","Colored Map","DeckTracker","Minty Spire (QoL Compilation)","StSLib","SuperFastMode"],"gold_per_floor":[116,116,132,207,207,234,234,267,267,284,299,313,313,313,313,389,389,403,403,603,164,180,180,197,232,306,306,306,337,105,140,140,225,225,238,4,4,26,26,58,72,102,128,155,14,14,27,68,68,68,68,68,68,2,28,28],"floor_reached":57,"playtime":1126,"items_purged":["Strike_R","Strike_R","Twin Strike","Defend_R"],"score":3728,"play_id":"2f42a5e9-b842-4de1-90f1-c8c6111e85c1","local_time":"20201230184107","is_ascension_mode":true,"campfire_choices":[{"data":"Body Slam","floor":7,"key":"SMITH"},{"data":"Barricade","floor":15,"key":"SMITH"},{"data":"Offering","floor":23,"key":"SMITH"},{"data":"Feed","floor":28,"key":"SMITH"},{"data":"Exhume","floor":32,"key":"SMITH"},{"data":"Shockwave","floor":49,"key":"SMITH"},{"data":"Impervious","floor":53,"key":"SMITH"}],"circlet_count":0,"master_deck":["AscendersBane","Defend_R","Defend_R","Defend_R","Bash","Shockwave+1","Ghostly Armor","Body Slam+1","Barricade+1","Shrug It Off","Offering+1","Body Slam+1","Feed+1","Shrug It Off","Exhume+1","Bloodletting+1","Impervious+1","Shrug It Off","Impervious"],"relics":["Burning Blood","NeowsBlessing","Mercury Hourglass","Eternal Feather","Singing Bowl","The Courier","Sozu","Oddly Smooth Stone","Art of War","Lee\u0027s Waffle","Charon\u0027s Ashes","InkBottle","CeramicFish","Membership Card","Red Mask","Runic Cube","Bag of Preparation","Mummified Hand","Frozen Egg 2","Meat on the Bone","Bag of Marbles","Vajra","ClockworkSouvenir","Unceasing Top","OrangePellets","Red Skull"],"acts_visited":["Exordium","TheCity","TheBeyond","TheEnding"],"potions_floor_usage":[16,16],"damage_taken":[{"damage":0,"enemies":"Cultist","floor":1,"turns":1},{"damage":0,"enemies":"2 Louse","floor":3,"turns":1},{"damage":0,"enemies":"Gremlin Nob","floor":6,"turns":1},{"damage":45,"enemies":"3 Sentries","floor":8,"turns":9},{"damage":2,"enemies":"Small Slimes","floor":10,"turns":3},{"damage":15,"enemies":"Gremlin Gang","floor":11,"turns":3},{"damage":8,"enemies":"Exordium Wildlife","floor":12,"turns":4},{"damage":20,"enemies":"Slime Boss","floor":16,"turns":11},{"damage":13,"enemies":"Shell Parasite","floor":18,"turns":5},{"damage":6,"enemies":"3 Byrds","floor":22,"turns":5},{"damage":6,"enemies":"Snecko","floor":24,"turns":7},{"damage":14,"enemies":"Book of Stabbing","floor":25,"turns":6},{"damage":13,"enemies":"Gremlin Leader","floor":29,"turns":4},{"damage":12,"enemies":"Masked Bandits","floor":31,"turns":2},{"damage":42,"enemies":"Collector","floor":33,"turns":5},{"damage":0,"enemies":"Orb Walker","floor":35,"turns":3},{"damage":12,"enemies":"3 Darklings","floor":38,"turns":3},{"damage":9,"enemies":"Nemesis","floor":40,"turns":3},{"damage":15,"enemies":"4 Shapes","floor":41,"turns":1},{"damage":18,"enemies":"Giant Head","floor":42,"turns":1},{"damage":9,"enemies":"Nemesis","floor":44,"turns":1},{"damage":6,"enemies":"Spire Growth","floor":47,"turns":2},{"damage":9,"enemies":"Giant Head","floor":48,"turns":2},{"damage":15,"enemies":"Awakened One","floor":50,"turns":5},{"damage":18,"enemies":"Donu and Deca","floor":51,"turns":3},{"damage":15,"enemies":"Shield and Spear","floor":55,"turns":2},{"damage":60,"enemies":"The Heart","floor":56,"turns":5}],"seed_played":"-5418965183615473123","potions_obtained":[{"floor":8,"key":"Swift Potion"},{"floor":10,"key":"LiquidBronze"},{"floor":12,"key":"SpeedPotion"}],"is_trial":false,"path_per_floor":["M","?","M","?","?","E","R","E","T","M","M","M","T","?","R","B",null,"M","?","?","$","M","R","M","E","T","?","R","E","$","?","R","B",null,"M","$","?","M","?","E","M","E","T","E","$","$","M","E","R","B","B",null,"R","$","E","B",null],"character_chosen":"IRONCLAD","items_purchased":["Oddly Smooth Stone","Art of War","Lee\u0027s Waffle","Membership Card","Exhume","Bag of Preparation","Mummified Hand","ClockworkSouvenir","OrangePellets"],"campfire_rested":0,"item_purchase_floors":[21,21,21,30,30,36,36,45,54],"current_hp_per_floor":[74,74,75,64,64,70,70,36,36,42,33,33,33,26,32,18,64,59,59,59,88,90,90,90,82,82,82,90,85,85,83,92,60,90,102,102,98,96,96,95,92,82,82,81,81,81,83,80,89,80,80,113,122,122,115,73],"gold":28,"neow_bonus":"THREE_ENEMY_KILL","is_daily":false,"chose_seed":false,"campfire_upgraded":7,"win_rate":0.0,"timestamp":1609321267,"path_taken":["M","?","?","?","?","E","R","E","T","M","M","?","?","?","R","BOSS","M","?","?","$","?","R","M","E","T","?","R","E","$","?","R","BOSS","M","$","?","M","?","E","M","E","T","E","?","$","M","E","R","BOSS","BOSS","R","$","E","BOSS"],"items_purchased_type":["Relic","Relic","Relic","Relic","Card","Relic","Relic","Relic","Relic"],"build_version":"2020-12-22","purchased_purges":4,"victory":true,"max_hp_per_floor":[75,75,75,75,75,75,75,75,75,77,77,79,79,79,79,79,79,81,81,81,88,90,90,90,90,90,90,90,92,92,96,96,100,100,106,106,112,116,110,112,118,120,120,122,122,122,124,124,124,124,124,124,124,124,126,126],"card_choices":[{"not_picked":["Warcry","Disarm"],"picked":"Twin Strike","floor":1},{"not_picked":["Warcry","Dual Wield"],"picked":"Ghostly Armor","floor":3},{"not_picked":["Havoc","Fire Breathing"],"picked":"Body Slam","floor":6},{"not_picked":["True Grit","Cleave"],"picked":"Barricade","floor":8},{"not_picked":["Sever Soul","Blood for Blood","Twin Strike"],"picked":"Singing Bowl","floor":10},{"not_picked":["Cleave","Uppercut"],"picked":"Shrug It Off","floor":11},{"not_picked":["Combust","Carnage","Inflame"],"picked":"Singing Bowl","floor":12},{"not_picked":["Berserk","Demon Form"],"picked":"Offering","floor":16},{"not_picked":["Rage","Searing Blow+1","Sword Boomerang"],"picked":"Singing Bowl","floor":18},{"not_picked":["Havoc","Disarm","Twin Strike"],"picked":"Singing Bowl","floor":22},{"not_picked":["Twin Strike","Clothesline"],"picked":"Body Slam+1","floor":24},{"not_picked":["Rampage","Dropkick"],"picked":"Feed","floor":25},{"not_picked":["Pommel Strike+1","Flex","Hemokinesis"],"picked":"Singing Bowl","floor":29},{"not_picked":["True Grit","Evolve"],"picked":"Bloodletting+1","floor":31},{"not_picked":["Fiend Fire","Corruption"],"picked":"Impervious","floor":33},{"not_picked":["Sentinel","Pommel Strike","Anger"],"picked":"Singing Bowl","floor":35},{"not_picked":["Madness","Purity","Deep Breath"],"picked":"Singing Bowl","floor":37},{"not_picked":["Metamorphosis","Purity","Swift Strike"],"picked":"Singing Bowl","floor":37},{"not_picked":["Bandage Up","Sadistic Nature","Jack Of All Trades"],"picked":"Singing Bowl","floor":37},{"not_picked":["Metallicize+1","Iron Wave"],"picked":"Shrug It Off","floor":38},{"not_picked":["Thunderclap","Cleave","Warcry"],"picked":"Singing Bowl","floor":40},{"not_picked":["Sever Soul","Pommel Strike","Fire Breathing+1"],"picked":"Singing Bowl","floor":41},{"not_picked":["Pommel Strike","Sentinel","Shrug It Off"],"picked":"Singing Bowl","floor":42},{"not_picked":["Havoc","Cleave","Headbutt+1"],"picked":"Singing Bowl","floor":44},{"not_picked":["Limit Break","Twin Strike","Havoc+1"],"picked":"Singing Bowl","floor":47},{"not_picked":["Clash","Thunderclap+1"],"picked":"Impervious","floor":48},{"not_picked":["Pummel","Clash+1","Fire Breathing+1"],"picked":"Singing Bowl","floor":55}],"player_experience":1378936,"relics_obtained":[{"floor":6,"key":"Mercury Hourglass"},{"floor":8,"key":"Eternal Feather"},{"floor":9,"key":"Singing Bowl"},{"floor":13,"key":"The Courier"},{"floor":25,"key":"Charon\u0027s Ashes"},{"floor":26,"key":"InkBottle"},{"floor":29,"key":"CeramicFish"},{"floor":31,"key":"Red Mask"},{"floor":40,"key":"Frozen Egg 2"},{"floor":42,"key":"Meat on the Bone"},{"floor":43,"key":"Bag of Marbles"},{"floor":44,"key":"Vajra"},{"floor":48,"key":"Unceasing Top"},{"floor":55,"key":"Red Skull"}],"event_choices":[{"damage_healed":0,"gold_gain":0,"cards_transformed":["Strike_R"],"player_choice":"Transformed","damage_taken":0,"max_hp_gain":0,"max_hp_loss":0,"event_name":"Transmorgrifier","floor":2,"gold_loss":0,"cards_obtained":["Shockwave"]},{"damage_healed":0,"gold_gain":75,"player_choice":"Gather Gold","damage_taken":11,"max_hp_gain":0,"max_hp_loss":0,"event_name":"World of Goop","floor":4,"gold_loss":0},{"cards_removed":["Strike_R"],"damage_healed":0,"gold_gain":0,"player_choice":"Purged","damage_taken":0,"max_hp_gain":0,"max_hp_loss":0,"event_name":"Purifier","floor":5,"gold_loss":0},{"cards_removed":["Strike_R"],"damage_healed":0,"gold_gain":0,"player_choice":"Card Removal","damage_taken":7,"max_hp_gain":0,"max_hp_loss":0,"event_name":"Golden Wing","floor":14,"gold_loss":0},{"damage_healed":0,"gold_gain":0,"player_choice":"Ignored","damage_taken":0,"max_hp_gain":0,"max_hp_loss":0,"event_name":"Ghosts","floor":19,"gold_loss":0},{"damage_healed":0,"gold_gain":200,"player_choice":"Gold","damage_taken":0,"max_hp_gain":0,"max_hp_loss":0,"event_name":"Wheel of Change","floor":20,"gold_loss":0},{"damage_healed":0,"gold_gain":0,"player_choice":"Read","damage_taken":0,"max_hp_gain":0,"max_hp_loss":0,"event_name":"The Library","floor":27,"gold_loss":0,"cards_obtained":["Shrug It Off"]},{"damage_healed":0,"gold_gain":0,"player_choice":"Fought Bandits","damage_taken":0,"max_hp_gain":0,"max_hp_loss":0,"event_name":"Masked Bandits","floor":31,"gold_loss":0},{"damage_healed":0,"gold_gain":0,"player_choice":"Memory 3","damage_taken":10,"max_hp_gain":0,"max_hp_loss":0,"event_name":"SensoryStone","floor":37,"gold_loss":0},{"damage_healed":0,"gold_gain":0,"player_choice":"Max HP","damage_taken":0,"max_hp_gain":0,"max_hp_loss":6,"event_name":"Winding Halls","floor":39,"gold_loss":0}],"is_beta":false,"boss_relics":[{"not_picked":["Coffee Dripper","Runic Pyramid"],"picked":"Sozu"},{"not_picked":["Velvet Choker","Runic Dome"],"picked":"Runic Cube"}],"items_purged_floors":[21,30,36,45],"is_endless":false,"potions_floor_spawned":[8,10,12,18,25,29,31,33,35,40,42,47,55],"ascension_level":20}}