{"host":"ufl0k2so27eic2iy","time":1609351347,"event":{"mods":["BaseMod","Minty Spire (QoL Compilation)","StSLib","The Animator"],"gold_per_floor":[122,150,150,174,174,174,200,240,240,254,254,292,292,34,34,127,127,163,163,52,52,52],"floor_reached":21,"playtime":741,"items_purged":["animator:Strike"],"score":371,"play_id":"6824295b-8940-4272-b184-835242cae9bf","local_time":"20201230180227","is_ascension_mode":true,"campfire_choices":[{"data":"animator:YunYun","floor":6.0,"key":"SMITH"},{"data":"animator:Pride","floor":11,"key":"SMITH"},{"data":"animator:Darkness","floor":15,"key":"SMITH"}],"circlet_count":0,"master_deck":["AscendersBane","animator:Strike_MadokaMagica","animator:Defend_MadokaMagica","animator:Strike","animator:Strike","animator:Defend","animator:Defend","animator:Defend","animator:IrohaTamaki","animator:YuiTsuruno","animator:MarisaKirisame","animator:Viivi","animator:Darkness+1","animator:YunYun+1","animator:KyokoSakura","animator:Pride+1","animator:SakuraMatou","animator:SanaeKochiya","animator:Arpeggio","animator:Archer","animator:Kyubey","animator:IrohaTamaki","animator:SayakaMiki","animator:WinryRockbell","animator:LeleiLaLalena"],"relics":["animator:LivingPicture","animator:TheMissingPiece","Golden Idol","Prayer Wheel","animator:WizardHat","Pocketwatch","animator:ShionDessert","Philosopher\u0027s Stone","FaceOfCleric"],"acts_visited":["Exordium","TheCity"],"potions_floor_usage":[8,12],"damage_taken":[{"damage":0.0,"enemies":"Small Slimes","floor":1.0,"turns":4.0},{"damage":0.0,"enemies":"2 Louse","floor":2.0,"turns":2.0},{"damage":1.0,"enemies":"Cultist","floor":4.0,"turns":4.0},{"damage":8.0,"enemies":"Blue Slaver","floor":7.0,"turns":3.0},{"damage":0,"enemies":"Gremlin Nob","floor":8,"turns":2},{"damage":8,"enemies":"Large Slime","floor":10,"turns":5},{"damage":5,"enemies":"3 Sentries","floor":12,"turns":4},{"damage":17,"enemies":"Hexaghost","floor":16,"turns":6},{"damage":6,"enemies":"Shell Parasite","floor":18,"turns":4},{"damage":0,"enemies":"3 Byrds","floor":21,"turns":1}],"seed_played":"-5100893555687559731","potions_obtained":[{"floor":2.0,"key":"AttackPotion"},{"floor":4.0,"key":"PowerPotion"},{"floor":8,"key":"animator:FalseLifePotion"}],"is_trial":false,"path_per_floor":["M","M","?","M","?","R","M","E","T","M","R","E","?","$","R","B",null,"M","?","$","M"],"character_chosen":"THE_ANIMATOR","items_purchased":["animator:ShionDessert","animator:Archer","animator:WinryRockbell","animator:LeleiLaLalena"],"campfire_rested":0,"item_purchase_floors":[14,14,20,20],"current_hp_per_floor":[54,54,54,54,46,46,38,38,38,30,30,25,30,30,30,14,49,43,43,43,43,43],"gold":52,"neow_bonus":"THREE_CARDS","is_daily":false,"chose_seed":true,"campfire_upgraded":3,"win_rate":0.0,"timestamp":1609351347,"path_taken":["M","M","?","M","?","R","?","E","T","M","R","E","?","$","R","BOSS","M","?","$","M"],"items_purchased_type":["Relic","Card","Card","Card"],"build_version":"2020-12-22","purchased_purges":1,"victory":false,"max_hp_per_floor":[60,60,54,55,55,55,55,55,55,55,55,55,60,60,60,61,61,61,61,61,61,61],"card_choices":[{"not_picked":["animator:RoryMercury","animator:Illya"],"picked":"animator:MarisaKirisame","floor":0.0},{"not_picked":["animator:Verdia","animator:MamiTomoe"],"picked":"animator:Viivi","floor":1.0},{"not_picked":["animator:MarisaKirisame","animator:Alexander"],"picked":"animator:Darkness","floor":2.0},{"not_picked":["animator:YuiTsuruno","animator:YaoHaDucy"],"picked":"animator:YunYun","floor":4.0},{"not_picked":["animator:OrikoMikuni","animator:MamiTomoe"],"picked":"animator:KyokoSakura","floor":7.0},{"not_picked":["animator:HomuraAkemi","animator:Berserker"],"picked":"animator:Pride","floor":8},{"not_picked":["animator:Berserker","animator:IrohaTamaki"],"picked":"animator:SakuraMatou","floor":10},{"not_picked":["animator:SuikaIbuki","animator:Clownpiece"],"picked":"animator:SanaeKochiya","floor":10},{"not_picked":["animator:Fredrika","animator:Scar"],"picked":"animator:Arpeggio","floor":12},{"not_picked":["animator:Wiz","animator:AcuraShin"],"picked":"animator:Kyubey","floor":16},{"not_picked":["animator:YuiTsuruno","animator:OrikoMikuni"],"picked":"animator:IrohaTamaki","floor":18},{"not_picked":["animator:Caster","animator:AcuraTooru"],"picked":"animator:SayakaMiki","floor":18}],"player_experience":2385508,"relics_obtained":[{"floor":8,"key":"Prayer Wheel"},{"floor":9,"key":"animator:WizardHat"},{"floor":12,"key":"Pocketwatch"}],"event_choices":[{"damage_healed":0.0,"max_hp_gain":0.0,"max_hp_loss":6.0,"gold_gain":0.0,"event_name":"Golden Idol","player_choice":"Lose Max HP","floor":3.0,"gold_loss":0.0,"damage_taken":0.0,"relics_obtained":["Golden Idol"]},{"damage_healed":0.0,"max_hp_gain":0.0,"max_hp_loss":0.0,"gold_gain":0.0,"event_name":"Wheel of Change","player_choice":"Damaged","floor":5.0,"gold_loss":0.0,"damage_taken":8.0},{"damage_healed":0,"gold_gain":0,"player_choice":"Donut","damage_taken":0,"max_hp_gain":5,"max_hp_loss":0,"event_name":"Big Fish","floor":13,"gold_loss":0},{"damage_healed":0,"gold_gain":0,"player_choice":"Trade","damage_taken":0,"relics_obtained":["FaceOfCleric"],"max_hp_gain":0,"max_hp_loss":0,"event_name":"FaceTrader","floor":19,"gold_loss":0}],"is_beta":false,"boss_relics":[{"not_picked":["animator:CursedBlade","Black Star"],"picked":"Philosopher\u0027s Stone"}],"items_purged_floors":[14],"is_endless":false,"potions_floor_spawned":[2,4,7,8],"killed_by":"3 Byrds","ascension_level":15}}