{"host":"i09pxcjttd31eh4q","time":1609300474,"event":{"mods":["AchievementEnabler","BaseMod","Colored Map","Keyboard Shortcuts","Minty Spire (QoL Compilation)","StSLib","SuperFastMode"],"gold_per_floor":[109,120,120,191,204,234,109,109,188,199,199,99,116,129,129,129,129],"floor_reached":16,"playtime":289,"items_purged":["Strike_G","Strike_G"],"score":204,"play_id":"40bbc076-249a-4097-8352-2910b3db4c8b","local_time":"20201230125434","is_ascension_mode":true,"campfire_choices":[{"floor":8.0,"key":"REST"},{"data":"Cloak And Dagger","floor":15.0,"key":"SMITH"}],"circlet_count":0,"master_deck":["AscendersBane","Strike_G","Strike_G","Strike_G","Defend_G","Defend_G","Defend_G","Defend_G","Defend_G","Survivor","Neutralize","Dagger Spray","Cloak And Dagger+1","Prepared+1","Blade Dance+1","Blade Dance+1","Cloak And Dagger+1","PiercingWail+1","Malaise+1"],"relics":["Ring of the Snake","NeowsBlessing","Toxic Egg 2","Akabeko","Pantograph","Meat on the Bone"],"acts_visited":["Exordium"],"potions_floor_usage":[],"damage_taken":[{"damage":0.0,"enemies":"Small Slimes","floor":1.0,"turns":1.0},{"damage":0.0,"enemies":"Jaw Worm","floor":2.0,"turns":1.0},{"damage":0.0,"enemies":"Cultist","floor":5.0,"turns":1.0},{"damage":58.0,"enemies":"Gremlin Nob","floor":6.0,"turns":6.0},{"damage":0.0,"enemies":"Red Slaver","floor":10.0,"turns":1.0},{"damage":0.0,"enemies":"Exordium Thugs","floor":13.0,"turns":3.0},{"damage":3.0,"enemies":"Lots of Slimes","floor":14.0,"turns":3.0},{"damage":63,"enemies":"Hexaghost","floor":16,"turns":16}],"seed_played":"-7647033318900233678","potions_obtained":[{"floor":2.0,"key":"DuplicationPotion"},{"floor":5.0,"key":"Swift Potion"}],"is_trial":false,"path_per_floor":["M","M","?","T","M","E","$","R","T","M","T","$","M","M","R","B"],"character_chosen":"THE_SILENT","items_purchased":["Blade Dance+1"],"campfire_rested":1,"item_purchase_floors":[7],"current_hp_per_floor":[59,59,64,64,64,6,6,27,27,27,27,27,39,36,36,0,0],"gold":129,"neow_bonus":"THREE_ENEMY_KILL","is_daily":false,"chose_seed":false,"campfire_upgraded":1,"win_rate":0.0,"timestamp":1609300474,"path_taken":["M","M","?","?","?","E","?","R","T","M","?","$","?","M","R","BOSS"],"items_purchased_type":["Card"],"build_version":"2020-12-22","purchased_purges":2,"victory":false,"max_hp_per_floor":[66,66,71,71,71,71,71,71,71,71,71,71,71,71,71,71,71],"card_choices":[{"not_picked":["Outmaneuver","Finisher"],"picked":"Dagger Spray","floor":1.0},{"not_picked":["Riddle With Holes","Finisher"],"picked":"Cloak And Dagger","floor":2.0},{"not_picked":["Underhanded Strike","Riddle With Holes"],"picked":"Prepared+1","floor":5.0},{"not_picked":["Cloak And Dagger+1","Escape Plan+1"],"picked":"Blade Dance+1","floor":6.0},{"not_picked":["Footwork","Sucker Punch"],"picked":"Cloak And Dagger+1","floor":10.0},{"not_picked":["Slice","Underhanded Strike"],"picked":"PiercingWail+1","floor":13.0},{"not_picked":["Dodge and Roll+1","PiercingWail+1"],"picked":"Malaise+1","floor":14.0}],"player_experience":787971,"relics_obtained":[{"floor":4.0,"key":"Toxic Egg 2"},{"floor":6.0,"key":"Akabeko"},{"floor":9.0,"key":"Pantograph"},{"floor":11.0,"key":"Meat on the Bone"}],"event_choices":[{"damage_healed":0.0,"max_hp_gain":5.0,"max_hp_loss":0.0,"gold_gain":0.0,"event_name":"Big Fish","player_choice":"Donut","floor":3.0,"gold_loss":0.0,"damage_taken":0.0}],"is_beta":false,"boss_relics":[],"items_purged_floors":[7,12],"is_endless":false,"potions_floor_spawned":[2,5],"killed_by":"Hexaghost","ascension_level":20}}