{"host":"ohysexhjt9sgbosk","time":1609349838,"event":{"mods":["BaseMod","Colored Map","Colored Powertips","Curses Come First","Evolution","Minty Spire (QoL Compilation)","Rare Cards Sparkle","StSLib"],"gold_per_floor":[113,113,113,132,148,181,199,127,177,177,195,195,224,239,239,343,343,361,33,52,52,63,63,63],"floor_reached":23,"playtime":1716,"items_purged":[],"score":203,"play_id":"a725593b-182b-4b38-858f-db2bc8229e34","local_time":"20201230103718","is_ascension_mode":false,"campfire_choices":[{"floor":15,"key":"REST"}],"circlet_count":0,"master_deck":["Strike_B","Strike_B","Strike_B","Defend_B","Defend_B","Defend_B","Defend_B","Zap","Dualcast","Capacitor+1","Defragment","White Noise","FTL","Sweeping Beam","Storm","Beam Cell","Rip and Tear","Leap","Amplify","Loop","Defragment","Ball Lightning+1","Stack","Double Energy"],"relics":["Cracked Core","EVO:Axolotl","NeowsBlessing","Ornamental Fan","Ancient Tea Set","Regal Pillow","Mummified Hand","Black Star","Toy Ornithopter"],"acts_visited":["Exordium","TheCity"],"potions_floor_usage":[6,13,16,20,20,20,22,23],"damage_taken":[{"damage":0,"enemies":"Jaw Worm","floor":1,"turns":1},{"damage":0,"enemies":"Small Slimes","floor":4,"turns":1},{"damage":0,"enemies":"2 Louse","floor":5,"turns":1},{"damage":52,"enemies":"3 Sentries","floor":6,"turns":9},{"damage":7,"enemies":"Gremlin Gang","floor":7,"turns":2},{"damage":8,"enemies":"Exordium Wildlife","floor":11,"turns":3},{"damage":21,"enemies":"Lagavulin","floor":13,"turns":6},{"damage":5,"enemies":"Looter","floor":14,"turns":3},{"damage":21,"enemies":"Hexaghost","floor":16,"turns":9},{"damage":54,"enemies":"2 Thieves","floor":18,"turns":5},{"damage":10,"enemies":"3 Byrds","floor":20,"turns":4},{"damage":29,"enemies":"Snake Plant","floor":22,"turns":4},{"damage":8,"enemies":"Gremlin Leader","floor":23,"turns":2}],"seed_played":"-3643315870134796055","potions_obtained":[{"floor":4,"key":"Regen Potion"},{"floor":7,"key":"Strength Potion"},{"floor":11,"key":"PowerPotion"},{"floor":13,"key":"Block Potion"},{"floor":16,"key":"Block Potion"},{"floor":20,"key":"DuplicationPotion"},{"floor":22,"key":"Fire Potion"}],"is_trial":false,"path_per_floor":["M","?","?","M","M","E","M","$","T","?","M","?","E","M","R","B",null,"M","$","M","?","M","E"],"character_chosen":"DEFECT","items_purchased":["Storm","Defragment","Toy Ornithopter","Swift Potion","ColorlessPotion"],"campfire_rested":1,"item_purchase_floors":[8,19,19,19,19],"current_hp_per_floor":[75,75,75,75,75,38,31,31,31,31,23,48,27,22,59,38,75,21,21,26,26,2,0,0],"gold":63,"neow_bonus":"THREE_ENEMY_KILL","is_daily":false,"chose_seed":false,"campfire_upgraded":0,"win_rate":0.0,"timestamp":1609349838,"path_taken":["M","?","?","M","M","E","M","$","T","?","?","?","E","M","R","BOSS","M","$","M","?","?","E"],"items_purchased_type":["Card","Card","Relic","Potion","Potion"],"build_version":"2020-12-22","purchased_purges":0,"victory":false,"max_hp_per_floor":[75,75,75,75,75,75,75,75,75,75,75,75,75,75,75,75,75,75,75,75,75,75,75,75],"card_choices":[{"not_picked":["Hologram","Compile Driver"],"picked":"Capacitor","floor":1},{"not_picked":["Hologram","Go for the Eyes"],"picked":"Defragment","floor":4},{"not_picked":["Gash","Redo"],"picked":"White Noise","floor":5},{"not_picked":["Hello World","Stack"],"picked":"FTL","floor":6},{"not_picked":["Go for the Eyes","Leap"],"picked":"Sweeping Beam","floor":7},{"not_picked":["Leap","Seek"],"picked":"Beam Cell","floor":11},{"not_picked":["Compile Driver","Leap"],"picked":"Rip and Tear","floor":13},{"not_picked":["Hologram","Beam Cell"],"picked":"Leap","floor":14},{"not_picked":["All For One","Buffer"],"picked":"Amplify","floor":16},{"not_picked":["Coolheaded","Cold Snap"],"picked":"Loop","floor":18},{"not_picked":["Compile Driver+1","Gash"],"picked":"Ball Lightning+1","floor":20},{"not_picked":["Beam Cell+1","Go for the Eyes"],"picked":"Double Energy","floor":22}],"player_experience":46063,"relics_obtained":[{"floor":6,"key":"Ornamental Fan"},{"floor":9,"key":"Ancient Tea Set"},{"floor":13,"key":"Mummified Hand"}],"event_choices":[{"damage_healed":0,"gold_gain":0,"player_choice":"Grow","damage_taken":0,"max_hp_gain":0,"max_hp_loss":0,"event_name":"Living Wall","floor":2,"gold_loss":0,"cards_upgraded":["Capacitor"]},{"damage_healed":0,"gold_gain":0,"player_choice":"Ignored","damage_taken":0,"max_hp_gain":0,"max_hp_loss":0,"event_name":"Golden Wing","floor":3,"gold_loss":0},{"damage_healed":0,"gold_gain":0,"player_choice":"Gave Potion","damage_taken":0,"relics_obtained":["Regal Pillow"],"max_hp_gain":0,"max_hp_loss":0,"event_name":"WeMeetAgain","floor":10,"gold_loss":0},{"damage_healed":25,"gold_gain":0,"player_choice":"Banana","damage_taken":0,"max_hp_gain":0,"max_hp_loss":0,"event_name":"Big Fish","floor":12,"gold_loss":0},{"damage_healed":0,"gold_gain":0,"cards_transformed":["Strike_B"],"player_choice":"Transformed","damage_taken":0,"max_hp_gain":0,"max_hp_loss":0,"event_name":"Transmorgrifier","floor":21,"gold_loss":0,"cards_obtained":["Stack"]}],"is_beta":false,"boss_relics":[{"not_picked":["Velvet Choker","SlaversCollar"],"picked":"Black Star"}],"items_purged_floors":[],"is_endless":false,"potions_floor_spawned":[4,7,11,13,16,20,22],"killed_by":"Gremlin Leader","ascension_level":0}}