{"host":"9tzam4717zt8ei1o","time":1609328537,"event":{"mods":["BaseMod","Colored Map","Keyboard Shortcuts","Minty Spire (QoL Compilation)","Quick Restart","StSLib","SuperFastMode"],"gold_per_floor":[110,127,140,13,27,27,59,59,59,72,72,82,97,107,107,107,107],"floor_reached":16,"playtime":284,"items_purged":[],"score":212,"play_id":"6d51c1f6-8b0c-4719-934f-ba64c163d5cd","local_time":"20201230204217","is_ascension_mode":true,"campfire_choices":[{"data":"Dagger Spray","floor":6.0,"key":"SMITH"},{"data":"Calculated Gamble","floor":8.0,"key":"SMITH"},{"data":"Neutralize","floor":15,"key":"SMITH"}],"circlet_count":0,"master_deck":["AscendersBane","Strike_G+1","Strike_G","Strike_G","Strike_G","Defend_G","Defend_G","Defend_G","Defend_G","Defend_G","Survivor","Neutralize+1","Dagger Spray+1","Flying Knee+1","Prepared","Backstab","PiercingWail","Backflip","Calculated Gamble+1","Heel Hook","Acrobatics","Leg Sweep"],"relics":["Ring of the Snake","Omamori","Nunchaku","Whetstone"],"acts_visited":["Exordium"],"potions_floor_usage":[16,16],"damage_taken":[{"damage":8.0,"enemies":"Cultist","floor":1.0,"turns":5.0},{"damage":1.0,"enemies":"2 Louse","floor":2.0,"turns":4.0},{"damage":1.0,"enemies":"Jaw Worm","floor":3.0,"turns":4.0},{"damage":3.0,"enemies":"Blue Slaver","floor":5.0,"turns":4.0},{"damage":27.0,"enemies":"Gremlin Nob","floor":7.0,"turns":4.0},{"damage":0.0,"enemies":"2 Fungi Beasts","floor":10.0,"turns":3.0},{"damage":0.0,"enemies":"Looter","floor":12.0,"turns":4.0},{"damage":4.0,"enemies":"Red Slaver","floor":13.0,"turns":3.0},{"damage":0,"enemies":"Large Slime","floor":14,"turns":5},{"damage":8,"enemies":"Slime Boss","floor":16,"turns":7}],"seed_played":"-6544012971234577652","potions_obtained":[{"floor":2.0,"key":"Dexterity Potion"},{"floor":5.0,"key":"DistilledChaos"},{"floor":10.0,"key":"FearPotion"},{"floor":13.0,"key":"DistilledChaos"},{"floor":14,"key":"GhostInAJar"}],"is_trial":false,"path_per_floor":["M","M","M","$","M","R","E","R","T","M","?","M","M","M","R","B"],"character_chosen":"THE_SILENT","items_purchased":["Backstab","PiercingWail"],"campfire_rested":0,"item_purchase_floors":[4,4],"current_hp_per_floor":[51,50,49,49,46,46,19,19,19,19,12,12,8,8,8,0,0],"gold":107,"neow_bonus":"RANDOM_COMMON_RELIC","is_daily":false,"chose_seed":false,"campfire_upgraded":3,"win_rate":0.0,"timestamp":1609328537,"path_taken":["M","?","M","$","M","R","E","R","T","M","?","M","M","M","R","BOSS"],"items_purchased_type":["Card","Card"],"build_version":"2020-12-22","purchased_purges":0,"victory":false,"max_hp_per_floor":[66,66,66,66,66,66,66,66,66,66,66,66,66,66,66,66,66],"card_choices":[{"not_picked":["Dagger Throw","Deflect"],"picked":"Dagger Spray","floor":1.0},{"not_picked":["Sucker Punch","Quick Slash"],"picked":"Flying Knee","floor":2.0},{"not_picked":["Concentrate","Flying Knee"],"picked":"Prepared","floor":3.0},{"not_picked":["Bane","PiercingWail"],"picked":"Backflip","floor":5.0},{"not_picked":["Outmaneuver","Skewer"],"picked":"Calculated Gamble","floor":7.0},{"not_picked":["Outmaneuver","Distraction"],"picked":"Heel Hook","floor":10.0},{"not_picked":["Flying Knee","Infinite Blades"],"picked":"Acrobatics","floor":12.0},{"not_picked":["Outmaneuver","Poisoned Stab"],"picked":"Leg Sweep","floor":13.0},{"not_picked":["Endless Agony","Dodge and Roll","Tools of the Trade"],"picked":"SKIP","floor":14}],"player_experience":131663,"relics_obtained":[{"floor":7.0,"key":"Nunchaku"},{"floor":9.0,"key":"Whetstone"}],"event_choices":[{"cards_removed":["Strike_G"],"damage_healed":0.0,"max_hp_gain":0.0,"max_hp_loss":0.0,"gold_gain":0.0,"event_name":"Golden Wing","player_choice":"Card Removal","floor":11.0,"gold_loss":0.0,"damage_taken":7.0}],"is_beta":false,"boss_relics":[],"items_purged_floors":[],"is_endless":false,"potions_floor_spawned":[2,5,10,13,14],"killed_by":"Slime Boss","ascension_level":20}}