{"host":"hhqi7w94rsi31r70","time":1609314430,"event":{"mods":["Act Like it!","BaseMod","Colored Map","GifTheSpireLib","Hallownest","Highlight Path","Minty Spire (QoL Compilation)","Robot Space Explorer","Shade Mod","StSLib","The Hierophant","The Saiyan","The Servant 0.9.4","[地精首领爬塔]The Maniac"],"gold_per_floor":[115,135,135,148,161,161,176,193,193,207,225,237,312,312,312,417,417,430,430,448,459,472,472,492,417,492,407,407,407,419,431,431,431,431],"floor_reached":33,"playtime":2652,"items_purged":["Defend_S"],"score":321,"play_id":"49b81867-ccaf-4cc2-af9c-c827574c3210","local_time":"20201230154709","is_ascension_mode":true,"campfire_choices":[{"data":"Initiator","floor":6.0,"key":"SMITH"},{"data":"FastForward","floor":15.0,"key":"SMITH"},{"data":"Luminosity","floor":23.0,"key":"SMITH"},{"data":"SurpressingFire","floor":29.0,"key":"SMITH"},{"data":"Defy","floor":32.0,"key":"SMITH"}],"circlet_count":0,"master_deck":["Defend_S","Defend_S","Defend_S","KidneyShot+1","Exchange","Defy+1","ShatteredReality","Initiator+1","SurpressingFire+1","Rearm","Luminosity+1","BottledTime","FastForward+1","MurderousAura","Bite","Bite","Bite","Bite","Bite","Comet+1","BottledTime"],"relics":["Uniform","Lizard Tail","Sundial","Black Star","Darkstone Periapt","Shovel","MutagenicStrength"],"acts_visited":["Exordium","TheCity"],"potions_floor_usage":[33,33],"damage_taken":[{"damage":2.0,"enemies":"2 Louse","floor":1.0,"turns":3.0},{"damage":2.0,"enemies":"Cultist","floor":2.0,"turns":4.0},{"damage":7.0,"enemies":"Jaw Worm","floor":4.0,"turns":4.0},{"damage":4.0,"enemies":"Blue Slaver","floor":5.0,"turns":3.0},{"damage":0.0,"enemies":"Large Slime","floor":7.0,"turns":3.0},{"damage":1.0,"enemies":"2 Fungi Beasts","floor":8.0,"turns":3.0},{"damage":7.0,"enemies":"3 Louse","floor":10.0,"turns":2.0},{"damage":3.0,"enemies":"Looter","floor":11.0,"turns":5.0},{"damage":6.0,"enemies":"Large Slime","floor":12.0,"turns":6.0},{"damage":24.0,"enemies":"The Guardian","floor":16.0,"turns":14.0},{"damage":6.0,"enemies":"Chosen","floor":18.0,"turns":5.0},{"damage":6.0,"enemies":"3 Byrds","floor":20.0,"turns":6.0},{"damage":34.0,"enemies":"Sentry and Sphere","floor":21.0,"turns":7.0},{"damage":24.0,"enemies":"Chosen and Byrds","floor":22.0,"turns":8.0},{"damage":13.0,"enemies":"Snecko","floor":24.0,"turns":4.0},{"damage":10.0,"enemies":"Shelled Parasite and Fungi","floor":30.0,"turns":6.0},{"damage":10.0,"enemies":"Centurion and Healer","floor":31.0,"turns":6.0},{"damage":60,"enemies":"Automaton","floor":33,"turns":6}],"seed_played":"-5788433168492845844","potions_obtained":[{"floor":4.0,"key":"SteroidPotion"},{"floor":8.0,"key":"Block Potion"},{"floor":10.0,"key":"Fruit Juice"},{"floor":12.0,"key":"LiquidMemories"},{"floor":16.0,"key":"LiquidMemories"},{"floor":18.0,"key":"Dexterity Potion"},{"floor":21.0,"key":"Explosive Potion"},{"floor":31.0,"key":"Weak Potion"}],"is_trial":false,"path_per_floor":["M","M","?","M","M","R","M","M","T","M","M","M","?","?","R","B",null,"M","?","M","M","M","R","M","$","T","?","?","R","M","M","R","B"],"character_chosen":"THE_SERVANT","items_purchased":[],"campfire_rested":0,"item_purchase_floors":[],"current_hp_per_floor":[63,61,61,54,50,50,50,49,49,47,44,38,27,27,27,3,70,64,49,49,25,17,17,12,12,12,12,12,12,16,18,18,0,0],"gold":431,"neow_bonus":"THREE_CARDS","is_daily":false,"chose_seed":false,"campfire_upgraded":5,"win_rate":0.0,"timestamp":1609314429,"path_taken":["M","M","?","M","?","R","M","M","T","M","M","M","?","?","R","BOSS","M","?","M","M","M","R","M","$","T","?","?","R","M","M","R","BOSS"],"items_purchased_type":[],"build_version":"2020-12-22","purchased_purges":1,"victory":false,"max_hp_per_floor":[65,65,65,65,65,65,65,65,65,70,70,70,70,70,70,70,70,70,49,49,49,49,49,49,49,49,49,49,49,49,49,49,49,49],"card_choices":[{"not_picked":["Revamp","DoubleEdge"],"picked":"Defy","floor":0.0},{"not_picked":["DoubleEdge","Revamp"],"picked":"ShatteredReality","floor":1.0},{"not_picked":["Defy","Collapse","Barrier"],"picked":"SKIP","floor":2.0},{"not_picked":["Alleviate","ShatteredReality"],"picked":"Initiator","floor":4.0},{"not_picked":["FastForward","Comet"],"picked":"SurpressingFire","floor":5.0},{"not_picked":["MoonPhase","Rewind"],"picked":"Rearm","floor":7.0},{"not_picked":["Potential","ReturningBlade"],"picked":"Luminosity","floor":8.0},{"not_picked":["Manipulate","Potential"],"picked":"BottledTime","floor":10.0},{"not_picked":["Revamp","Spin","Replace"],"picked":"SKIP","floor":11.0},{"not_picked":["Rewind","Potential"],"picked":"FastForward","floor":12.0},{"not_picked":["KillingDoll","SoulSculpture"],"picked":"MurderousAura","floor":16.0},{"not_picked":["Replace","ShatteredReality","Potential"],"picked":"SKIP","floor":18.0},{"not_picked":["Revamp","Ricochet"],"picked":"Comet+1","floor":20.0},{"not_picked":["Defy+1","DualDimension+1","Orbit"],"picked":"SKIP","floor":21.0},{"not_picked":["Embodiment","Gouge"],"picked":"BottledTime","floor":22.0},{"not_picked":["ShatteredReality+1","Unruled+1","Defy"],"picked":"SKIP","floor":24.0},{"not_picked":["Rewind","Replace","Potential"],"picked":"SKIP","floor":30.0},{"not_picked":["FastForward+1","Hightail","Moondial+1"],"picked":"SKIP","floor":31.0}],"player_experience":508335,"relics_obtained":[{"floor":9.0,"key":"Lizard Tail"},{"floor":26.0,"key":"Darkstone Periapt"}],"event_choices":[{"damage_healed":0.0,"max_hp_gain":0.0,"max_hp_loss":0.0,"gold_gain":0.0,"event_name":"Upgrade Shrine","player_choice":"Upgraded","floor":3.0,"gold_loss":0.0,"damage_taken":0.0,"cards_upgraded":["KidneyShot"]},{"damage_healed":0.0,"max_hp_gain":0.0,"max_hp_loss":0.0,"gold_gain":75.0,"event_name":"World of Goop","player_choice":"Gather Gold","floor":13.0,"gold_loss":0.0,"damage_taken":11.0},{"damage_healed":0.0,"max_hp_gain":0.0,"max_hp_loss":0.0,"gold_gain":0.0,"event_name":"Dead Adventurer","player_choice":"Searched \u00272\u0027 times","floor":14.0,"gold_loss":0.0,"damage_taken":0.0,"relics_obtained":["Sundial"]},{"damage_healed":0.0,"max_hp_gain":0.0,"max_hp_loss":21.0,"gold_gain":0.0,"event_name":"Vampires","player_choice":"Became a vampire","floor":19.0,"gold_loss":0.0,"damage_taken":0.0,"cards_obtained":["Bite","Bite","Bite","Bite","Bite"]},{"damage_healed":0.0,"max_hp_gain":0.0,"max_hp_loss":0.0,"gold_gain":0.0,"event_name":"Addict","player_choice":"Obtained Relic","floor":27.0,"gold_loss":85.0,"damage_taken":0.0,"relics_obtained":["Shovel"]},{"damage_healed":0.0,"max_hp_gain":0.0,"max_hp_loss":0.0,"gold_gain":0.0,"event_name":"Drug Dealer","player_choice":"Inject Mutagens","floor":28.0,"gold_loss":0.0,"damage_taken":0.0,"relics_obtained":["MutagenicStrength"]}],"is_beta":false,"boss_relics":[{"not_picked":["Coffee Dripper","Philosopher\u0027s Stone"],"picked":"Black Star"}],"items_purged_floors":[25],"is_endless":false,"potions_floor_spawned":[4,8,10,12,16,18,20,21,31],"killed_by":"Automaton","ascension_level":4}}