{"host":"873t0y8ybyo38pfq","time":1609339502,"event":{"mods":["BaseMod","Bestiary","Colored Map","Colored Powertips","Highlight Path","Minty Spire (QoL Compilation)","Quick Restart","RNG Fix","Rare Cards Sparkle","Relic Stats","StSLib"],"gold_per_floor":[16,30,30,30,45,45,63,63,63,79,91,91,104,135,135,206,206,206,206,206,206,206,206,206,206,206,206,206,206,75,75,75,75,75,75,19,19,19,19,19,19,19,19,19,19],"floor_reached":44,"playtime":4173,"items_purged":["Pain"],"score":984,"play_id":"efaae49d-55d2-46f2-919c-768de203d07d","local_time":"20201230094502","is_ascension_mode":true,"campfire_choices":[{"data":"Neutralize","floor":6,"key":"SMITH"},{"data":"Flying Knee","floor":8,"key":"SMITH"},{"data":"Footwork","floor":12,"key":"SMITH"},{"data":"Noxious Fumes","floor":15,"key":"SMITH"},{"data":"RitualDagger","floor":24,"key":"SMITH"},{"data":"Cloak And Dagger","floor":29,"key":"SMITH"},{"data":"Cloak And Dagger","floor":32,"key":"SMITH"},{"data":"After Image","floor":41,"key":"SMITH"}],"circlet_count":0,"master_deck":["AscendersBane","Strike_G","Strike_G","Defend_G","Defend_G","Defend_G","Defend_G","Survivor","Neutralize+1","Dagger Spray","Cloak And Dagger","Flying Knee+1","Terror","Footwork+1","Noxious Fumes+1","Cloak And Dagger+1","Unload","Bane","PiercingWail","Dash","RitualDagger+1","Cloak And Dagger+1","Acrobatics","Backflip+1","Dodge and Roll","After Image+1","Dodge and Roll","Predator","Envenom"],"relics":["Ring of the Snake","Eternal Feather","Mercury Hourglass","Kunai","Ectoplasm","Red Mask","Anchor","WarpedTongs","Empty Cage","Oddly Smooth Stone","Bronze Scales","Singing Bowl"],"acts_visited":["Exordium","TheCity","TheBeyond"],"potions_floor_usage":[18,19,25,28,33,35,39,40],"damage_taken":[{"damage":1,"enemies":"Jaw Worm","floor":1,"turns":4},{"damage":5,"enemies":"Small Slimes","floor":2,"turns":5},{"damage":0,"enemies":"Cultist","floor":5,"turns":4},{"damage":1,"enemies":"Blue Slaver","floor":7,"turns":4},{"damage":1,"enemies":"3 Louse","floor":10,"turns":2},{"damage":6,"enemies":"Exordium Thugs","floor":11,"turns":3},{"damage":0,"enemies":"Red Slaver","floor":13,"turns":3},{"damage":11,"enemies":"3 Sentries","floor":14,"turns":6},{"damage":12,"enemies":"The Guardian","floor":16,"turns":10},{"damage":13,"enemies":"Shell Parasite","floor":18,"turns":6},{"damage":7,"enemies":"Masked Bandits","floor":19,"turns":4},{"damage":2,"enemies":"Chosen","floor":20,"turns":5},{"damage":14,"enemies":"3 Cultists","floor":22,"turns":5},{"damage":13,"enemies":"Snake Plant","floor":23,"turns":5},{"damage":3,"enemies":"Gremlin Leader","floor":25,"turns":6},{"damage":4,"enemies":"Cultist and Chosen","floor":28,"turns":5},{"damage":5,"enemies":"3 Cultists","floor":31,"turns":5},{"damage":16,"enemies":"Automaton","floor":33,"turns":13},{"damage":20,"enemies":"3 Darklings","floor":35,"turns":8},{"damage":0,"enemies":"3 Shapes","floor":38,"turns":5},{"damage":0,"enemies":"Sphere and 2 Shapes","floor":39,"turns":6},{"damage":8,"enemies":"Reptomancer","floor":40,"turns":8},{"damage":38,"enemies":"Giant Head","floor":42,"turns":12},{"damage":26,"enemies":"Spire Growth","floor":44,"turns":4}],"seed_played":"-1896944412627123717","potions_obtained":[{"floor":1,"key":"DistilledChaos"},{"floor":2,"key":"SteroidPotion"},{"floor":14,"key":"Regen Potion"},{"floor":20,"key":"EssenceOfSteel"},{"floor":22,"key":"Strength Potion"},{"floor":33,"key":"SkillPotion"},{"floor":35,"key":"SteroidPotion"},{"floor":38,"key":"DistilledChaos"},{"floor":42,"key":"Weak Potion"}],"is_trial":false,"path_per_floor":["M","M","?","?","M","R","M","R","T","M","M","R","M","E","R","B",null,"M","?","M","?","M","M","R","E","T","?","M","R","$","M","R","B",null,"M","$","?","M","M","E","R","E","T","M"],"character_chosen":"THE_SILENT","items_purchased":["Block Potion","Block Potion"],"campfire_rested":0,"item_purchase_floors":[30,36],"current_hp_per_floor":[58,53,58,53,53,59,58,67,67,66,60,69,69,58,67,55,67,68,61,59,53,39,26,41,38,38,38,34,49,49,44,59,43,64,44,44,44,44,44,36,51,13,13,0,0],"gold":19,"neow_bonus":"REMOVE_TWO","is_daily":false,"chose_seed":false,"campfire_upgraded":8,"win_rate":0.0,"timestamp":1609339502,"path_taken":["M","M","?","?","M","R","M","R","T","?","M","R","M","E","R","BOSS","M","?","M","?","?","M","R","E","T","?","M","R","$","M","R","BOSS","M","?","?","M","M","E","R","E","T","?"],"items_purchased_type":["Potion","Potion"],"build_version":"2020-12-22","purchased_purges":1,"victory":false,"max_hp_per_floor":[66,66,71,71,71,71,71,71,71,71,71,71,71,71,71,71,71,71,71,71,71,71,71,71,71,71,71,71,71,71,71,71,71,71,71,71,71,71,71,71,71,71,71,71,71],"relic_stats":{"Singing Bowl":0,"counters":[24,137],"Bronze Scales":[6],"Eternal Feather":93,"Ectoplasm":326,"Kunai":[57],"obtain_stats":[{"Anchor":25,"Singing Bowl":43,"Bronze Scales":42,"Oddly Smooth Stone":40,"Eternal Feather":4,"Ectoplasm":17,"Red Mask":19,"Kunai":14,"Empty Cage":34,"Ring of the Snake":0,"Mercury Hourglass":9,"WarpedTongs":27},{"Anchor":15,"Singing Bowl":23,"Bronze Scales":23,"Oddly Smooth Stone":22,"Eternal Feather":2,"Ectoplasm":9,"Red Mask":11,"Kunai":8,"Empty Cage":18,"Ring of the Snake":0,"Mercury Hourglass":4,"WarpedTongs":15},{"Anchor":71,"Singing Bowl":133,"Bronze Scales":133,"Oddly Smooth Stone":121,"Eternal Feather":9,"Ectoplasm":40,"Red Mask":50,"Kunai":30,"Empty Cage":94,"Ring of the Snake":0,"Mercury Hourglass":17,"WarpedTongs":71}],"Ring of the Snake":[48],"Mercury Hourglass":[535],"WarpedTongs":[65]},"card_choices":[{"not_picked":["Acrobatics","Heel Hook"],"picked":"Dagger Spray","floor":1},{"not_picked":["Accuracy","Well Laid Plans"],"picked":"Cloak And Dagger","floor":2},{"not_picked":["Tactician","Backflip"],"picked":"Flying Knee","floor":5},{"not_picked":["Finisher","Dagger Spray"],"picked":"Terror","floor":7},{"not_picked":["Acrobatics","Calculated Gamble"],"picked":"Poisoned Stab","floor":10},{"not_picked":["Dodge and Roll","Terror"],"picked":"Footwork","floor":11},{"not_picked":["Flechettes","Distraction"],"picked":"Noxious Fumes","floor":13},{"not_picked":["Deflect","Masterful Stab"],"picked":"Cloak And Dagger","floor":14},{"not_picked":["Bullet Time","Night Terror"],"picked":"Unload","floor":16},{"not_picked":["Dodge and Roll","Sucker Punch","Bane"],"picked":"SKIP","floor":18},{"not_picked":["Dodge and Roll","Sucker Punch"],"picked":"Bane","floor":18},{"not_picked":["Reflex","Catalyst"],"picked":"PiercingWail","floor":19},{"not_picked":["Expertise","Slice"],"picked":"Dash","floor":20},{"not_picked":["Quick Slash","Underhanded Strike+1"],"picked":"Cloak And Dagger","floor":22},{"not_picked":["Slice","PiercingWail"],"picked":"Acrobatics","floor":23},{"not_picked":["After Image","Outmaneuver"],"picked":"Backflip+1","floor":25},{"not_picked":["Flying Knee","Poisoned Stab"],"picked":"Dodge and Roll","floor":28},{"not_picked":["Finisher","Reflex+1","Prepared"],"picked":"SKIP","floor":31},{"not_picked":["Unload","Glass Knife"],"picked":"After Image","floor":33},{"not_picked":["Accuracy","Outmaneuver"],"picked":"Dodge and Roll","floor":35},{"not_picked":["Dodge and Roll","Underhanded Strike","Quick Slash"],"picked":"SKIP","floor":38},{"not_picked":["Deflect","Caltrops","Underhanded Strike+1"],"picked":"SKIP","floor":39},{"not_picked":["Bane+1","Acrobatics"],"picked":"Predator","floor":40},{"not_picked":["Sucker Punch","Bouncing Flask"],"picked":"Envenom","floor":42}],"player_experience":1412370,"relics_obtained":[{"floor":9,"key":"Mercury Hourglass"},{"floor":14,"key":"Kunai"},{"floor":19,"key":"Red Mask"},{"floor":25,"key":"Anchor"},{"floor":40,"key":"Oddly Smooth Stone"},{"floor":42,"key":"Bronze Scales"},{"floor":43,"key":"Singing Bowl"}],"event_choices":[{"damage_healed":0,"gold_gain":0,"player_choice":"Donut","damage_taken":0,"max_hp_gain":5,"max_hp_loss":0,"event_name":"Big Fish","floor":3,"gold_loss":0},{"damage_healed":0,"gold_gain":0,"player_choice":"Success","damage_taken":5,"relics_obtained":["Eternal Feather"],"max_hp_gain":0,"max_hp_loss":0,"event_name":"Scrap Ooze","floor":4,"gold_loss":0},{"damage_healed":0,"gold_gain":0,"player_choice":"Fought Bandits","damage_taken":0,"max_hp_gain":0,"max_hp_loss":0,"event_name":"Masked Bandits","floor":19,"gold_loss":0},{"damage_healed":0,"gold_gain":0,"player_choice":"Joined the Cult","damage_taken":6,"max_hp_gain":0,"max_hp_loss":0,"event_name":"Nest","floor":21,"gold_loss":0,"cards_obtained":["RitualDagger"]},{"damage_healed":0,"gold_gain":0,"player_choice":"Rummage","damage_taken":0,"relics_obtained":["WarpedTongs"],"max_hp_gain":0,"max_hp_loss":0,"event_name":"Accursed Blacksmith","floor":27,"gold_loss":0,"cards_obtained":["Pain"]},{"cards_removed":["Poisoned Stab"],"damage_healed":0,"gold_gain":0,"player_choice":"Removed Attack","damage_taken":0,"max_hp_gain":0,"max_hp_loss":0,"event_name":"Falling","floor":37,"gold_loss":0}],"is_beta":false,"boss_relics":[{"not_picked":["Fusion Hammer","Velvet Choker"],"picked":"Ectoplasm"},{"not_picked":["Runic Dome","Black Star"],"picked":"Empty Cage"}],"items_purged_floors":[30],"is_endless":false,"potions_floor_spawned":[1,2,11,14,20,22,23,33,35,38,42],"killed_by":"Spire Growth","ascension_level":20}}