{"host":"tw8gm4p1o2j6gfl4","time":1609358798,"event":{"mods":["Aspiration","BaseMod","BetterRewards","Colored Map","Colored Powertips","Curses Come First","Downfall","Hermit","Hubris","Infinite Spire","Lobotomy","Luminous","Minty Spire (QoL Compilation)","Quick Restart","Replay The Spire","StSLib","SuperFastMode","The Cursed","The Jungle","The Marked","Trackpad","[IsaacMod]????"],"gold_per_floor":[99,117,128,146,246,246,246,152,2,28,45,72,91,91,110,206,206,206,217,237,18,18,28,105,137,153,78,93,103,103,88,108,207,207,207,225,241,148,165,165,240,259,259,259,259,259],"floor_reached":44,"playtime":3405,"items_purged":[],"score":644,"play_id":"fdf6d46c-ab6e-4072-9731-a566ae66b3c4","local_time":"20201230120638","is_ascension_mode":false,"campfire_choices":[{"floor":1.0,"key":"RECALL"},{"data":"Guardian:PrismaticBeam","floor":9.0,"key":"SMITH"},{"data":"Guardian:TimeSifter","floor":18.0,"key":"SMITH"},{"data":"Guardian:RefractedBeam","floor":27.0,"key":"SMITH"},{"data":"Guardian:BaubleBeam","floor":35.0,"key":"SMITH"},{"data":"Apotheosis","floor":43,"key":"SMITH"}],"circlet_count":0,"master_deck":["Guardian:Defend_Guardian","Guardian:Defend_Guardian","Guardian:Defend_Guardian","Guardian:Defend_Guardian","Guardian:CurlUp","Guardian:TwinSlam","Guardian:FloatingOrbs","Guardian:PrismaticBeam+1","Guardian:BronzeOrb","Guardian:EvasiveProtocol","Guardian:Planning","Guardian:TemporalStrike","Guardian:ChargeCore","Guardian:TimeSifter+1","Guardian:PrismaticBeam+1","Guardian:CrystalBeam","Guardian:StasisField","Guardian:RefractedBeam+1","Bite","Bite","Bite","Bite","Bite","Guardian:BaubleBeam+1","Guardian:PiercingHide+1","Guardian:BronzeOrb+1","Guardian:Planning+1","Apotheosis+1","Guardian:EvasiveProtocol+1"],"relics":["Guardian:ModeShifter","HushsDoor","GuppysTail","hubris:Icosahedron","downfall:HeartBlessingRed","downfall:HeartBlessingBlue","DeadEye","FossilizedHelix","SlaversCollar","hubris:BottledHeart","Garlic","aspiration:HummingbirdHeart","downfall:HeartBlessingGreen","Replay:Grab Bag","trackpad:Compendium","ReplayTheSpireMod:Ninjato"],"acts_visited":["Exordium","TheCity","TheBeyond"],"potions_floor_usage":[42,42],"damage_taken":[{"damage":4.0,"enemies":"2 Louse","floor":2.0,"turns":3.0},{"damage":0.0,"enemies":"Small Slimes","floor":3.0,"turns":5.0},{"damage":3.0,"enemies":"Jaw Worm","floor":4.0,"turns":5.0},{"damage":0.0,"enemies":"downfall:FleeingMerchant","floor":8.0,"turns":4.0},{"damage":36.0,"enemies":"Lagavulin","floor":10.0,"turns":7.0},{"damage":2.0,"enemies":"Blue Slaver","floor":11.0,"turns":3.0},{"damage":0.0,"enemies":"3 Sentries","floor":12.0,"turns":2.0},{"damage":0.0,"enemies":"Large Slime","floor":13.0,"turns":4.0},{"damage":13.0,"enemies":"Gremlin Gang","floor":15.0,"turns":5.0},{"damage":0.0,"enemies":"downfall:Watcher","floor":16.0,"turns":5.0},{"damage":9.0,"enemies":"Chosen","floor":19.0,"turns":5.0},{"damage":4.0,"enemies":"Centurion and Healer","floor":20.0,"turns":4.0},{"damage":9.0,"enemies":"downfall:FleeingMerchant","floor":21.0,"turns":4.0},{"damage":0.0,"enemies":"Shelled Parasite and Fungi","floor":23.0,"turns":6.0},{"damage":0.0,"enemies":"Slavers","floor":25.0,"turns":6.0},{"damage":0.0,"enemies":"Snecko","floor":26.0,"turns":5.0},{"damage":0.0,"enemies":"Chosen and Byrds","floor":28.0,"turns":5.0},{"damage":0.0,"enemies":"Centurion and Healer","floor":29.0,"turns":4.0},{"damage":0.0,"enemies":"downfall:FleeingMerchant","floor":31.0,"turns":4.0},{"damage":0.0,"enemies":"3 Cultists","floor":32.0,"turns":4.0},{"damage":0.0,"enemies":"downfall:Silent","floor":33.0,"turns":7.0},{"damage":0.0,"enemies":"Orb Walker","floor":36.0,"turns":4.0},{"damage":0.0,"enemies":"3 Shapes","floor":37.0,"turns":7.0},{"damage":0.0,"enemies":"downfall:FleeingMerchant","floor":38.0,"turns":4.0},{"damage":0.0,"enemies":"Sphere and 2 Shapes","floor":39.0,"turns":6.0},{"damage":0,"enemies":"Writhing Mass","floor":42,"turns":5},{"damage":14,"enemies":"Maw","floor":44,"turns":9}],"seed_played":"5786651400840129031","potions_obtained":[{"floor":2.0,"key":"EssenceOfSteel"},{"floor":10.0,"key":"Guardian:DefensiveModePotion"},{"floor":11.0,"key":"Doom Potion"},{"floor":12.0,"key":"BlessingOfTheForge"},{"floor":20.0,"key":"Fire Potion"},{"floor":23.0,"key":"Swift Potion"},{"floor":36.0,"key":"ColorlessPotion"},{"floor":39.0,"key":"Guardian:StasisDiscoveryPotion"},{"floor":42,"key":"Cursed Concoction"}],"is_trial":false,"path_per_floor":["R","M","M","M","?","?","T","$","R","E","M","E","M","?","M","B",null,"R","M","M","$","?","M","T","E","M","R","M","M","?","$","M","B",null,"R","M","M","$","M","?","T","M","R","M"],"character_chosen":"GUARDIAN","items_purchased":["Guardian:BronzeOrb","Guardian:Gem_Orange","PowerPotion","trackpad:Compendium","Apotheosis","Strength Potion","Explosive Potion"],"campfire_rested":0,"item_purchase_floors":[8,21,21,38,38,38,38],"current_hp_per_floor":[72,68,68,65,65,65,65,65,75,39,37,37,37,37,24,24,106,106,97,93,84,1,1,1,1,1,1,1,1,1,1,1,1,1,1,1,1,1,1,1,1,1,1,0,0,0],"gold":259,"neow_bonus":"TWENTY_PERCENT_HP_BONUS","is_daily":false,"chose_seed":false,"campfire_upgraded":5,"win_rate":0.0,"timestamp":1609358798,"path_taken":["R","M","M","M","?","?","T","$","R","E","M","E","M","?","M","BOSS","R","M","M","$","?","M","T","E","M","R","M","M","?","$","M","BOSS","R","M","M","$","M","?","T","M","R","M"],"items_purchased_type":["Card","Card","Potion","Relic","Card","Potion","Potion"],"build_version":"2020-12-22","purchased_purges":0,"victory":false,"max_hp_per_floor":[96,96,96,96,96,96,96,96,106,106,106,106,106,106,106,106,106,106,106,106,106,1,1,1,1,1,1,1,1,1,1,1,1,1,1,1,1,1,1,1,1,1,1,1,1,1],"card_choices":[{"not_picked":[],"picked":"Bomb","floor":0.0},{"not_picked":["Guardian:ChargeCore","Guardian:PolyBeam"],"picked":"Guardian:Gem_Lightblue","floor":2.0},{"not_picked":["Guardian:Gem_White","Guardian:PrimingBeam"],"picked":"Guardian:FloatingOrbs","floor":3.0},{"not_picked":["Guardian:ShieldCharger","Guardian:Suspension"],"picked":"Guardian:Gem_Red","floor":4.0},{"not_picked":["Guardian:Emergency","Guardian:StasisStrike"],"picked":"Guardian:PrismaticBeam","floor":8.0},{"not_picked":["Bomb","Guardian:ChargeUp"],"picked":"Guardian:EvasiveProtocol","floor":10.0},{"not_picked":["Guardian:Gem_Lightblue","Guardian:ChargeCore"],"picked":"Guardian:Gem_Purple","floor":11.0},{"not_picked":["Guardian:Gem_Lightblue","Guardian:Gem_White"],"picked":"Guardian:Planning","floor":12.0},{"not_picked":["Guardian:VentSteam","Guardian:Harden"],"picked":"Guardian:TemporalStrike","floor":13.0},{"not_picked":["Guardian:Harden","Guardian:Orbwalk"],"picked":"Guardian:ChargeCore","floor":15.0},{"not_picked":["Guardian:HyperBeam_Guardian","Guardian:AncientConstruct"],"picked":"Guardian:TimeSifter","floor":16.0},{"not_picked":["Guardian:FloatingOrbs","Guardian:BronzeArmor"],"picked":"Guardian:PrismaticBeam+1","floor":19.0},{"not_picked":["Guardian:PolyBeam+1","Guardian:EvasiveProtocol"],"picked":"Guardian:Gem_White","floor":20.0},{"not_picked":["Guardian:Harden","Guardian:ShieldSpikes+1"],"picked":"Guardian:CrystalBeam","floor":21.0},{"not_picked":["Guardian:WalkerClaw","Guardian:Recover+1"],"picked":"Guardian:Gem_Purple","floor":23.0},{"not_picked":["Guardian:TemporalStrike","Guardian:Recover"],"picked":"Guardian:StasisField","floor":25.0},{"not_picked":["Guardian:PrismaticBarrier","Guardian:Recover"],"picked":"Guardian:RefractedBeam","floor":26.0},{"not_picked":["Guardian:TemporalStrike","Guardian:HyperBeam_Guardian","Guardian:Orbwalk"],"picked":"SKIP","floor":28.0},{"not_picked":["Guardian:Gem_Lightblue","Guardian:ShieldCharger"],"picked":"Guardian:Gem_Red","floor":29.0},{"not_picked":["Guardian:StasisField","Guardian:Clone"],"picked":"Guardian:Gem_Red","floor":31.0},{"not_picked":["Guardian:ShieldCharger","Guardian:TemporalShield","Guardian:TemporalStrike"],"picked":"SKIP","floor":32.0},{"not_picked":["Guardian:RevengeProtocol","Guardian:ConstructionForm"],"picked":"Guardian:BaubleBeam","floor":33.0},{"not_picked":["Guardian:PrismaticBeam","Guardian:ShieldCharger+1"],"picked":"Guardian:PiercingHide+1","floor":36.0},{"not_picked":["Guardian:ChargeCore","Guardian:PolyBeam+1"],"picked":"Guardian:BronzeOrb+1","floor":37.0},{"not_picked":["Guardian:TemporalShield","Guardian:ChargeCore+1"],"picked":"Guardian:Planning+1","floor":38.0},{"not_picked":["Guardian:CrystalBeam","Guardian:ShieldCharger+1"],"picked":"Guardian:EvasiveProtocol+1","floor":39.0},{"not_picked":["Guardian:Recover","Guardian:Orbwalk","Guardian:AncientConstruct"],"picked":"SKIP","floor":42}],"player_experience":159791,"relics_obtained":[{"floor":10.0,"key":"DeadEye"},{"floor":12.0,"key":"FossilizedHelix"},{"floor":24.0,"key":"Garlic"},{"floor":25.0,"key":"aspiration:HummingbirdHeart"},{"floor":41.0,"key":"ReplayTheSpireMod:Ninjato"}],"event_choices":[{"damage_healed":0.0,"max_hp_gain":0.0,"max_hp_loss":0.0,"gold_gain":0.0,"event_name":"Vampires","player_choice":"Became a vampire","floor":30.0,"gold_loss":0.0,"damage_taken":0.0,"cards_obtained":["Bite","Bite","Bite","Bite","Bite"]}],"is_beta":false,"boss_relics":[{"not_picked":["hubris:RunicObelisk","Ring of Chaos"],"picked":"SlaversCollar"},{"not_picked":[]},{"not_picked":["ReplayTheSpireMod:DimensionalGlitch","Runic Pyramid"],"picked":"Replay:Grab Bag"},{"not_picked":[]}],"items_purged_floors":[],"is_endless":false,"potions_floor_spawned":[2,10,11,12,20,23,25,36,39,42],"killed_by":"Maw","ascension_level":0}}