{"host":"hhk99zdwe8tkcyq7","time":1609361140,"event":{"mods":["AchievementEnabler","BaseMod","Minty Spire (QoL Compilation)"],"gold_per_floor":[216,216,119,119,129,129,140,140,212,232,60,76,92,111,111,111,111],"floor_reached":16,"playtime":1045,"items_purged":["Strike_G","Defend_G"],"score":94,"play_id":"b4fa9296-cd18-433a-9d62-8ee25c94c8f6","local_time":"20201230144540","is_ascension_mode":false,"campfire_choices":[{"data":"Backflip","floor":6,"key":"SMITH"},{"data":"Slice","floor":8,"key":"SMITH"},{"floor":15,"key":"REST"}],"circlet_count":0,"master_deck":["Strike_G","Strike_G","Strike_G","Strike_G","Defend_G+1","Defend_G","Defend_G+1","Defend_G","Survivor","Neutralize","Backflip+1","Slice+1","Blur","Footwork","Backflip"],"relics":["Ring of the Snake","Sundial"],"acts_visited":["Exordium"],"potions_floor_usage":[16,16],"damage_taken":[{"damage":0,"enemies":"2 Louse","floor":1,"turns":4},{"damage":0,"enemies":"Jaw Worm","floor":5,"turns":7},{"damage":2,"enemies":"Cultist","floor":7,"turns":7},{"damage":4,"enemies":"Large Slime","floor":10,"turns":10},{"damage":0,"enemies":"Exordium Wildlife","floor":12,"turns":7},{"damage":13,"enemies":"Gremlin Gang","floor":13,"turns":8},{"damage":0,"enemies":"Blue Slaver","floor":14,"turns":6},{"damage":63,"enemies":"Slime Boss","floor":16,"turns":15}],"seed_played":"-334530014267644082","potions_obtained":[{"floor":10,"key":"FearPotion"},{"floor":13,"key":"Dexterity Potion"},{"floor":14,"key":"ColorlessPotion"}],"is_trial":false,"path_per_floor":["M","?","$","?","M","R","M","R","T","M","$","M","M","M","R","B"],"character_chosen":"THE_SILENT","items_purchased":["Backflip","Footwork"],"campfire_rested":1,"item_purchase_floors":[3,11],"current_hp_per_floor":[70,70,70,56,56,56,54,54,54,50,50,50,37,37,58,0,0],"gold":111,"neow_bonus":"HUNDRED_GOLD","is_daily":false,"chose_seed":false,"campfire_upgraded":2,"win_rate":0.0,"timestamp":1609361140,"path_taken":["M","?","$","?","M","R","M","R","T","M","$","M","M","M","R","BOSS"],"items_purchased_type":["Card","Card"],"build_version":"2020-12-22","purchased_purges":2,"victory":false,"max_hp_per_floor":[70,70,70,70,70,70,70,70,70,70,70,70,70,70,70,70,70],"card_choices":[{"not_picked":["Sucker Punch","Terror","Deadly Poison"],"picked":"SKIP","floor":1},{"not_picked":["Poisoned Stab","Endless Agony","Sucker Punch"],"picked":"SKIP","floor":5},{"not_picked":["Poisoned Stab","Dagger Spray"],"picked":"Slice","floor":7},{"not_picked":["Footwork","Dagger Throw"],"picked":"Blur","floor":10},{"not_picked":["Deadly Poison","Blade Dance"],"picked":"Backflip","floor":12},{"not_picked":["Leg Sweep","Underhanded Strike","Prepared"],"picked":"SKIP","floor":13},{"not_picked":["Caltrops","Dodge and Roll","Riddle With Holes"],"picked":"SKIP","floor":14}],"player_experience":19531,"relics_obtained":[{"floor":9,"key":"Sundial"}],"event_choices":[{"damage_healed":0,"gold_gain":0,"player_choice":"Ignored","damage_taken":0,"max_hp_gain":0,"max_hp_loss":0,"event_name":"Liars Game","floor":2,"gold_loss":0},{"damage_healed":0,"gold_gain":0,"player_choice":"Entered Light","damage_taken":14,"max_hp_gain":0,"max_hp_loss":0,"event_name":"Shining Light","floor":4,"gold_loss":0,"cards_upgraded":["Defend_G","Defend_G"]}],"is_beta":false,"boss_relics":[],"items_purged_floors":[3,11],"is_endless":false,"potions_floor_spawned":[10,13,14],"killed_by":"Slime Boss","ascension_level":0}}