{"host":"¿à÷økuyou","time":1609307430,"event":{"mods":["ATMod(°¢èªMod)","Act Like it!","BaseMod","Minty Spire (QoL Compilation)","Pale of the Ancients","Quick Restart","StSLib"],"gold_per_floor":[110,35,35,35,58,101,120,151,229,229,250,293,293,21,21,145,145,159,159,18,18,41,41,59,80,128,171,187,187,187],"floor_reached":29,"playtime":983,"items_purged":["Strike_B","Defend_B"],"score":403,"play_id":"4793ac6d-95cf-4db8-bf13-43144b293c38","local_time":"20201230135030","is_ascension_mode":true,"campfire_choices":[{"floor":10.0,"key":"REST"},{"data":"AT_ThreeBodyProblem","floor":15.0,"key":"SMITH"},{"data":"Biased Cognition","floor":23,"key":"SMITH"}],"circlet_count":0,"master_deck":["Strike_B+1","Defend_B","Defend_B","Zap","Dualcast","AT_WaterDrop","AT_ThunderBolt","Fission","White Noise","Core Surge+1","AT_ThreeBodyProblem+1","Biased Cognition+1","Machine Learning+1","Recycle+1","Reinforced Body+1","Ball Lightning","Hologram","AT_HeatAcrobatics+1","Capacitor","Biased Cognition","Reprogram"],"relics":["Cracked Core","AT_ATBox","NeowsBlessing","Golden Idol","TungstenRod","Whetstone","The Courier","MealTicket","AT_GuinsooRageblade","Astrolabe","Enchiridion","Membership Card","Centennial Puzzle","White Beast Statue"],"acts_visited":["Exordium","TheCity"],"potions_floor_usage":[24,27],"damage_taken":[{"damage":0.0,"enemies":"2 Louse","floor":1.0,"turns":1.0},{"damage":0.0,"enemies":"Small Slimes","floor":5.0,"turns":1.0},{"damage":0.0,"enemies":"3 Sentries","floor":6.0,"turns":1.0},{"damage":1.0,"enemies":"Cultist","floor":7.0,"turns":5.0},{"damage":27.0,"enemies":"Gremlin Nob","floor":8.0,"turns":6.0},{"damage":11.0,"enemies":"Lots of Slimes","floor":11.0,"turns":5.0},{"damage":14.0,"enemies":"Lagavulin","floor":12.0,"turns":6.0},{"damage":25.0,"enemies":"Hexaghost","floor":16.0,"turns":12.0},{"damage":19,"enemies":"Spheric Guardian","floor":18,"turns":8},{"damage":2,"enemies":"Chosen","floor":22,"turns":4},{"damage":4,"enemies":"Snecko","floor":24,"turns":4},{"damage":10,"enemies":"Chosen and Byrds","floor":25,"turns":5},{"damage":29,"enemies":"Slavers","floor":27,"turns":6},{"damage":22,"enemies":"3 Cultists","floor":28,"turns":4},{"damage":12,"enemies":"Gremlin Leader","floor":29,"turns":2}],"seed_played":"-2465539193741537075","potions_obtained":[{"floor":1.0,"key":"Swift Potion"},{"floor":8.0,"key":"Swift Potion"},{"floor":16.0,"key":"Dexterity Potion"},{"floor":22,"key":"EssenceOfDarkness"},{"floor":25,"key":"Block Potion"},{"floor":27,"key":"BlessingOfTheForge"}],"is_trial":false,"path_per_floor":["M","$","?","?","M","E","M","E","T","R","M","E","?","$","R","B",null,"M","?","$","?","M","R","M","M","T","E","M","E"],"character_chosen":"DEFECT","items_purchased":["AT_GuinsooRageblade","Membership Card","Ball Lightning"],"campfire_rested":1,"item_purchase_floors":[14,20,20],"current_hp_per_floor":[68,68,68,50,50,50,49,22,22,44,33,19,19,34,34,9,59,40,28,43,75,73,73,69,59,59,30,8,0,0],"gold":187,"neow_bonus":"THREE_ENEMY_KILL","is_daily":false,"chose_seed":false,"campfire_upgraded":2,"win_rate":0.0,"timestamp":1609307430,"path_taken":["M","$","?","?","M","E","M","E","T","R","M","E","?","$","R","BOSS","M","?","$","?","M","R","M","M","T","E","M","E"],"items_purchased_type":["Relic","Relic","Card"],"build_version":"2020-12-18","purchased_purges":2,"victory":false,"max_hp_per_floor":[75,75,75,75,75,75,75,75,75,75,75,75,75,75,75,75,75,75,75,75,75,75,75,75,75,75,75,75,75,75],"card_choices":[{"not_picked":["BootSequence","Barrage","Double Energy"],"picked":"SKIP","floor":1.0},{"not_picked":["Steam Power","Compile Driver"],"picked":"Streamline","floor":5.0},{"not_picked":["Streamline","Gash"],"picked":"Fission","floor":6.0},{"not_picked":["Auto Shields","Steam"],"picked":"White Noise","floor":7.0},{"not_picked":["Streamline","Rip and Tear"],"picked":"Core Surge","floor":8.0},{"not_picked":["AT_RobotInSpace","AT_WarpDrive","Leap"],"picked":"SKIP","floor":11.0},{"not_picked":["Seek","Darkness"],"picked":"AT_ThreeBodyProblem","floor":12.0},{"not_picked":["Creative AI","Rainbow"],"picked":"Biased Cognition","floor":16.0},{"not_picked":["Conserve Battery","Steam","Undo"],"picked":"SKIP","floor":18},{"not_picked":["Darkness","Compile Driver+1"],"picked":"Hologram","floor":22},{"not_picked":["Go for the Eyes","AT_WarpDrive"],"picked":"AT_HeatAcrobatics+1","floor":24},{"not_picked":["Gash","Hologram"],"picked":"Capacitor","floor":25},{"not_picked":["Stack+1","Reprogram"],"picked":"Biased Cognition","floor":27},{"not_picked":["Leap+1","Tempest+1"],"picked":"Reprogram","floor":28}],"player_experience":153749,"relics_obtained":[{"floor":6.0,"key":"TungstenRod"},{"floor":8.0,"key":"Whetstone"},{"floor":9.0,"key":"The Courier"},{"floor":12.0,"key":"MealTicket"},{"floor":19,"key":"Enchiridion"},{"floor":26,"key":"Centennial Puzzle"},{"floor":27,"key":"White Beast Statue"}],"event_choices":[{"damage_healed":0.0,"max_hp_gain":0.0,"max_hp_loss":0.0,"gold_gain":0.0,"cards_transformed":["Strike_B"],"event_name":"Living Wall","player_choice":"Change","floor":3.0,"gold_loss":0.0,"damage_taken":0.0,"cards_obtained":["AT_ThunderBolt"]},{"damage_healed":0.0,"max_hp_gain":0.0,"max_hp_loss":0.0,"gold_gain":0.0,"event_name":"Golden Idol","player_choice":"Take Damage","floor":4.0,"gold_loss":0.0,"damage_taken":18.0,"relics_obtained":["Golden Idol"]},{"damage_healed":0.0,"max_hp_gain":0.0,"max_hp_loss":0.0,"gold_gain":0.0,"event_name":"Dead Adventurer","player_choice":"Searched \u00270\u0027 times","floor":13.0,"gold_loss":0.0,"damage_taken":0.0},{"damage_healed":0,"gold_gain":0,"player_choice":"Obtained Book","damage_taken":16,"max_hp_gain":0,"max_hp_loss":0,"event_name":"Cursed Tome","floor":19,"gold_loss":0},{"damage_healed":32,"gold_gain":0,"player_choice":"Full Heal","damage_taken":0,"max_hp_gain":0,"max_hp_loss":0,"event_name":"Wheel of Change","floor":21,"gold_loss":0}],"is_beta":true,"boss_relics":[{"not_picked":["Cursed Key","Black Star"],"picked":"Astrolabe"}],"items_purged_floors":[2,14],"is_endless":false,"potions_floor_spawned":[1,8,16,22,25,27,28],"killed_by":"Gremlin Leader","ascension_level":8}}