{"host":"dhyczjm99amxd3qx","time":1609309924,"event":{"mods":["BaseMod","Colored Map","Googly Eyes","Highlight Path","Minty Spire (QoL Compilation)","Quick Restart","StSLib"],"gold_per_floor":[109,122,297,315,315,342,342,342,342],"floor_reached":8,"playtime":308,"items_purged":[],"score":67,"play_id":"18e6afe2-4c8f-4289-8b29-db2df726fa99","local_time":"20201230013204","is_ascension_mode":true,"campfire_choices":[{"data":"Inflame","floor":7,"key":"SMITH"}],"circlet_count":0,"master_deck":["Strike_R","Strike_R","Strike_R","Strike_R","Strike_R","Defend_R","Defend_R","Defend_R","Defend_R","Bash","Inflame+1","Flex","Doubt","Bloodletting","Clash"],"relics":["Burning Blood","Ornamental Fan","Boot"],"acts_visited":["Exordium"],"potions_floor_usage":[6,6],"damage_taken":[{"damage":3.0,"enemies":"2 Louse","floor":1.0,"turns":4.0},{"damage":0.0,"enemies":"Small Slimes","floor":2.0,"turns":3.0},{"damage":2.0,"enemies":"Jaw Worm","floor":4.0,"turns":3.0},{"damage":31,"enemies":"Lagavulin","floor":6,"turns":5},{"damage":33,"enemies":"3 Sentries","floor":8,"turns":4}],"seed_played":"-7113266268610749489","potions_obtained":[{"floor":2.0,"key":"DuplicationPotion"},{"floor":4.0,"key":"ElixirPotion"}],"is_trial":false,"path_per_floor":["M","M","?","M","?","E","R","E"],"character_chosen":"IRONCLAD","items_purchased":[],"campfire_rested":0,"item_purchase_floors":[],"current_hp_per_floor":[88,88,88,88,55,30,30,0,0],"gold":342,"neow_bonus":"TEN_PERCENT_HP_BONUS","is_daily":false,"chose_seed":false,"campfire_upgraded":1,"win_rate":0.0,"timestamp":1609309924,"path_taken":["M","M","?","M","?","E","R","E"],"items_purchased_type":[],"build_version":"2020-12-22","purchased_purges":0,"victory":false,"max_hp_per_floor":[88,88,88,88,88,88,88,88,88],"card_choices":[{"not_picked":["Clothesline","Havoc"],"picked":"Inflame","floor":1.0},{"not_picked":["Sword Boomerang","Anger"],"picked":"Flex","floor":2.0},{"not_picked":["Anger","Armaments"],"picked":"Bloodletting","floor":4.0},{"not_picked":["Uppercut","Ghostly Armor"],"picked":"Clash","floor":6}],"player_experience":206276,"relics_obtained":[{"floor":6,"key":"Boot"}],"event_choices":[{"damage_healed":0.0,"max_hp_gain":0.0,"max_hp_loss":0.0,"gold_gain":175.0,"event_name":"Liars Game","player_choice":"AGREE","floor":3.0,"gold_loss":0.0,"damage_taken":0.0,"cards_obtained":["Doubt"]},{"damage_healed":0.0,"max_hp_gain":0.0,"max_hp_loss":0.0,"gold_gain":0.0,"event_name":"Scrap Ooze","player_choice":"Success","floor":5.0,"gold_loss":0.0,"damage_taken":33.0,"relics_obtained":["Ornamental Fan"]}],"is_beta":false,"boss_relics":[],"items_purged_floors":[],"is_endless":false,"potions_floor_spawned":[2,4],"killed_by":"3 Sentries","ascension_level":4}}