{"host":"qxeepl7ydvsgmfdb","time":1609316145,"event":{"mods":["AchievementEnabler","BaseMod","Colored Powertips","Minty Spire (QoL Compilation)","Quick Restart","slay the spire mod where everything is the same but ironclad has a cowboy hat"],"gold_per_floor":[116,19,19,33,33,63,63,63,63,63,63,63,79,94,94,192,192,203,52,71,71,71,71,71,91,138,63,74,93,103,117,117,220,220,238,252,252,264,264,8,24,0,25,25,37,53,53,71,71,71],"floor_reached":51,"playtime":1752,"items_purged":["Strike_G","Strike_G"],"score":801,"play_id":"274b0bd2-6d43-4613-9189-e67d0b6fc94a","local_time":"20201230031545","is_ascension_mode":false,"campfire_choices":[{"data":"Dagger Spray","floor":7.0,"key":"SMITH"},{"data":"Quick Slash","floor":10.0,"key":"SMITH"},{"floor":15.0,"key":"REST"},{"data":"After Image","floor":23.0,"key":"SMITH"},{"floor":32.0,"key":"REST"},{"floor":47,"key":"REST"},{"floor":49,"key":"REST"}],"circlet_count":0,"master_deck":["Defend_G","Defend_G","Defend_G","Defend_G","Defend_G","Survivor","Neutralize","Slice","Slice+1","Poisoned Stab+1","Quick Slash+1","Dagger Spray+1","Poisoned Stab","Backflip","After Image+1","CurseOfTheBell","Poisoned Stab","Blade Dance+1","Ghostly+1","Ghostly+1","Ghostly+1","Ghostly+1","Ghostly+1","Cloak And Dagger+1","Deadly Poison+1","Slice+1","Slice+1"],"relics":["Ring of the Snake","NeowsBlessing","Sundial","Tingsha","Kunai","Prayer Wheel","Calling Bell","Oddly Smooth Stone","Toxic Egg 2","TungstenRod","Lee\u0027s Waffle","Ninja Scroll","Bag of Preparation","Empty Cage","Vajra","Red Mask","Centennial Puzzle"],"acts_visited":["Exordium","TheCity","TheBeyond"],"potions_floor_usage":[33,33,33,38,38,50,50,50],"damage_taken":[{"damage":0.0,"enemies":"Small Slimes","floor":1.0,"turns":1.0},{"damage":0.0,"enemies":"Cultist","floor":4.0,"turns":1.0},{"damage":0.0,"enemies":"Gremlin Nob","floor":6.0,"turns":1.0},{"damage":8.0,"enemies":"Jaw Worm","floor":13.0,"turns":2.0},{"damage":10.0,"enemies":"Looter","floor":14.0,"turns":3.0},{"damage":51.0,"enemies":"The Guardian","floor":16.0,"turns":8.0},{"damage":15.0,"enemies":"Spheric Guardian","floor":18.0,"turns":4.0},{"damage":13.0,"enemies":"Shell Parasite","floor":20.0,"turns":4.0},{"damage":5.0,"enemies":"Snecko","floor":25.0,"turns":6.0},{"damage":4.0,"enemies":"Centurion and Healer","floor":28.0,"turns":4.0},{"damage":0.0,"enemies":"Chosen and Byrds","floor":29.0,"turns":6.0},{"damage":6.0,"enemies":"Snecko","floor":30.0,"turns":6.0},{"damage":0.0,"enemies":"Cultist and Chosen","floor":31.0,"turns":5.0},{"damage":0,"enemies":"Collector","floor":33,"turns":8},{"damage":9,"enemies":"Orb Walker","floor":35,"turns":4},{"damage":6,"enemies":"3 Shapes","floor":36,"turns":4},{"damage":0,"enemies":"3 Darklings","floor":38,"turns":6},{"damage":0,"enemies":"Maw","floor":41,"turns":9},{"damage":20,"enemies":"Spire Growth","floor":45,"turns":5},{"damage":1,"enemies":"Writhing Mass","floor":46,"turns":7},{"damage":0,"enemies":"Transient","floor":48,"turns":5},{"damage":31,"enemies":"Donu and Deca","floor":50,"turns":15}],"seed_played":"7549219831304326497","potions_obtained":[{"floor":4.0,"key":"EssenceOfSteel"},{"floor":6.0,"key":"ColorlessPotion"},{"floor":13.0,"key":"SkillPotion"},{"floor":16.0,"key":"SkillPotion"},{"floor":24.0,"key":"Strength Potion"},{"floor":29.0,"key":"Strength Potion"},{"floor":30.0,"key":"Strength Potion"},{"floor":33,"key":"SpeedPotion"},{"floor":35,"key":"SkillPotion"},{"floor":41,"key":"Ancient Potion"},{"floor":45,"key":"PowerPotion"}],"is_trial":false,"path_per_floor":["M","$","?","M","?","E","R","?","T","R","?","T","M","M","R","B",null,"M","$","M","?","?","R","?","M","T","$","M","M","M","M","R","B",null,"M","M","?","M","?","$","M","?","T","?","M","M","R","M","R","B",null],"character_chosen":"THE_SILENT","items_purchased":["Slice","Poisoned Stab","Lee\u0027s Waffle","Vajra"],"campfire_rested":4,"item_purchase_floors":[2,2,19,40],"current_hp_per_floor":[70,70,70,70,70,70,70,63,63,63,63,63,55,45,66,15,70,55,77,64,38,38,38,38,33,33,33,29,29,23,23,34,34,38,29,23,23,23,48,48,48,48,48,48,28,27,41,41,48,17],"gold":71,"neow_bonus":"THREE_ENEMY_KILL","is_daily":false,"chose_seed":false,"campfire_upgraded":3,"win_rate":0.0,"timestamp":1609316145,"path_taken":["M","$","?","?","?","E","R","?","T","R","?","?","M","M","R","BOSS","M","$","M","?","?","R","?","?","T","$","?","M","?","M","R","BOSS","M","M","?","M","?","$","?","?","T","?","M","?","R","M","R","BOSS"],"items_purchased_type":["Card","Card","Relic","Relic"],"build_version":"2020-12-22","purchased_purges":2,"victory":true,"max_hp_per_floor":[70,70,70,70,70,70,70,70,70,70,70,70,70,70,70,70,70,70,77,77,38,38,38,38,38,38,38,38,38,38,38,38,38,38,38,38,38,38,48,48,48,48,48,48,48,48,48,48,48,48],"card_choices":[{"not_picked":["Outmaneuver","Quick Slash"],"picked":"Slice","floor":1.0},{"not_picked":["Leg Sweep","Escape Plan"],"picked":"Quick Slash","floor":4.0},{"not_picked":["Crippling Poison","Deflect"],"picked":"Dagger Spray","floor":6.0},{"not_picked":["Malaise","Prepared"],"picked":"Poisoned Stab","floor":13.0},{"not_picked":["Underhanded Strike","Outmaneuver","Blur"],"picked":"SKIP","floor":13.0},{"not_picked":["Setup","Caltrops"],"picked":"Backflip","floor":14.0},{"not_picked":["Leg Sweep","Bane","Dodge and Roll"],"picked":"SKIP","floor":14.0},{"not_picked":["Night Terror","A Thousand Cuts"],"picked":"After Image","floor":16.0},{"not_picked":["Masterful Stab","All Out Attack"],"picked":"Poisoned Stab","floor":18.0},{"not_picked":["Outmaneuver+1","Acrobatics+1"],"picked":"Blade Dance+1","floor":18.0},{"not_picked":["Riddle With Holes","Leg Sweep+1","Choke"],"picked":"SKIP","floor":20.0},{"not_picked":["Bouncing Flask+1","Masterful Stab","Predator"],"picked":"SKIP","floor":20.0},{"not_picked":["Quick Slash","Skewer"],"picked":"Cloak And Dagger+1","floor":25.0},{"not_picked":["Poisoned Stab","Prepared+1"],"picked":"Deadly Poison+1","floor":25.0},{"not_picked":["Expertise+1","Prepared+1","Reflex+1"],"picked":"SKIP","floor":28.0},{"not_picked":["Malaise+1","Sucker Punch","Dagger Throw+1"],"picked":"SKIP","floor":28.0},{"not_picked":["Sucker Punch","Slice+1"],"picked":"Venomology+1","floor":29.0},{"not_picked":["Catalyst+1","PiercingWail+1","Masterful Stab+1"],"picked":"SKIP","floor":29.0},{"not_picked":["Quick Slash","Setup+1"],"picked":"Slice+1","floor":30.0},{"not_picked":["Masterful Stab+1","Riddle With Holes","Setup+1"],"picked":"SKIP","floor":30.0},{"not_picked":["Prepared+1","Wraith Form v2"],"picked":"Slice+1","floor":31.0},{"not_picked":["Acrobatics+1","Dagger Throw","Underhanded Strike"],"picked":"SKIP","floor":31.0},{"not_picked":["Finisher","Poisoned Stab","Deflect+1"],"picked":"SKIP","floor":35},{"not_picked":["Flying Knee+1","Dagger Throw+1","Backflip+1"],"picked":"SKIP","floor":35},{"not_picked":["Flying Knee","Backflip+1","Blur+1"],"picked":"SKIP","floor":36},{"not_picked":["Bouncing Flask+1","Sucker Punch","Deadly Poison+1"],"picked":"SKIP","floor":36},{"not_picked":["Slice","Skewer","Bane"],"picked":"SKIP","floor":38},{"not_picked":["Flying Knee","All Out Attack+1","Deflect+1"],"picked":"SKIP","floor":38},{"not_picked":["Deflect+1","Setup+1","Outmaneuver+1"],"picked":"SKIP","floor":41},{"not_picked":["Outmaneuver+1","Cloak And Dagger+1","Dagger Throw+1"],"picked":"SKIP","floor":41},{"not_picked":["Cloak And Dagger+1","Accuracy+1","Infinite Blades"],"picked":"SKIP","floor":45},{"not_picked":["Acrobatics+1","Catalyst+1","Backflip+1"],"picked":"SKIP","floor":45},{"not_picked":["Backflip+1","Grand Finale","Cloak And Dagger+1"],"picked":"SKIP","floor":46},{"not_picked":["Deflect+1","Infinite Blades+1","Quick Slash+1"],"picked":"SKIP","floor":46},{"not_picked":["Outmaneuver+1","Quick Slash","Prepared+1"],"picked":"SKIP","floor":48},{"not_picked":["Deflect+1","Backflip+1","Bane+1"],"picked":"SKIP","floor":48}],"player_experience":319906,"relics_obtained":[{"floor":6.0,"key":"Tingsha"},{"floor":9.0,"key":"Kunai"},{"floor":12.0,"key":"Prayer Wheel"},{"floor":17.0,"key":"Oddly Smooth Stone"},{"floor":17.0,"key":"Toxic Egg 2"},{"floor":17.0,"key":"TungstenRod"},{"floor":26.0,"key":"Bag of Preparation"},{"floor":43,"key":"Centennial Puzzle"}],"event_choices":[{"damage_healed":0.0,"max_hp_gain":0.0,"max_hp_loss":0.0,"gold_gain":0.0,"event_name":"Accursed Blacksmith","player_choice":"Forge","floor":3.0,"gold_loss":0.0,"damage_taken":0.0,"cards_upgraded":["Poisoned Stab"]},{"damage_healed":0.0,"max_hp_gain":0.0,"max_hp_loss":0.0,"gold_gain":0.0,"event_name":"Big Fish","player_choice":"Box","floor":5.0,"gold_loss":0.0,"damage_taken":0.0,"relics_obtained":["Sundial"],"cards_obtained":["Regret"]},{"cards_removed":["Regret"],"damage_healed":0.0,"max_hp_gain":0.0,"max_hp_loss":0.0,"gold_gain":0.0,"event_name":"Golden Wing","player_choice":"Card Removal","floor":8.0,"gold_loss":0.0,"damage_taken":7.0},{"damage_healed":0.0,"max_hp_gain":0.0,"max_hp_loss":0.0,"gold_gain":0.0,"event_name":"Living Wall","player_choice":"Grow","floor":11.0,"gold_loss":0.0,"damage_taken":0.0,"cards_upgraded":["Slice"]},{"damage_healed":0.0,"max_hp_gain":0.0,"max_hp_loss":39.0,"gold_gain":0.0,"event_name":"Ghosts","player_choice":"Became a Ghost","floor":21.0,"gold_loss":0.0,"damage_taken":0.0,"cards_obtained":["Ghostly","Ghostly","Ghostly","Ghostly","Ghostly"]},{"damage_healed":0.0,"max_hp_gain":0.0,"max_hp_loss":0.0,"gold_gain":0.0,"event_name":"The Mausoleum","player_choice":"Opened","floor":22.0,"gold_loss":0.0,"damage_taken":0.0,"relics_obtained":["Ninja Scroll"]},{"damage_healed":0.0,"max_hp_gain":0.0,"max_hp_loss":0.0,"gold_gain":0.0,"event_name":"Lab","player_choice":"Got Potions","floor":24.0,"gold_loss":0.0,"damage_taken":0.0},{"damage_healed":0,"gold_gain":0,"player_choice":"Memory 1","damage_taken":0,"max_hp_gain":0,"max_hp_loss":0,"event_name":"SensoryStone","floor":37,"gold_loss":0},{"cards_removed":["Venomology"],"damage_healed":15,"gold_gain":0,"player_choice":"Offered Rare","damage_taken":0,"max_hp_gain":10,"max_hp_loss":0,"event_name":"Bonfire Elementals","floor":39,"gold_loss":0},{"damage_healed":0,"gold_gain":0,"player_choice":"Paid","damage_taken":0,"relics_obtained":["Red Mask"],"max_hp_gain":0,"max_hp_loss":0,"event_name":"Tomb of Lord Red Mask","floor":42,"gold_loss":24},{"cards_removed":["Strike_G"],"damage_healed":0,"gold_gain":0,"player_choice":"Purged","damage_taken":0,"max_hp_gain":0,"max_hp_loss":0,"event_name":"Purifier","floor":44,"gold_loss":0}],"is_beta":false,"boss_relics":[{"not_picked":["Ring of the Serpent","Philosopher\u0027s Stone"],"picked":"Calling Bell"},{"not_picked":["Tiny House","Busted Crown"],"picked":"Empty Cage"}],"items_purged_floors":[27,40],"is_endless":false,"potions_floor_spawned":[4,6,13,16,25,29,30,33,35,41,45],"ascension_level":0}}