{"host":"w5ovz9boloi14a0g","time":1609299959,"event":{"mods":["BaseMod","Googly Eyes","Minty Spire (QoL Compilation)","StSLib","SuperFastMode"],"gold_per_floor":[119,69,69,89,89,100,112,124,124,153,165,165,182,215,215,318,368,381,480,430,443,459,486,505,505,505,517,548,548,548],"floor_reached":29,"playtime":695,"items_purged":[],"score":293,"play_id":"8f34ea7a-65ee-4d9b-b206-36455d8e176b","local_time":"20201229214559","is_ascension_mode":true,"campfire_choices":[{"data":"Inflame","floor":12.0,"key":"SMITH"},{"data":"Clothesline","floor":15.0,"key":"SMITH"},{"floor":25.0,"key":"REST"}],"circlet_count":0,"master_deck":["Strike_R","Strike_R","Strike_R+1","Strike_R","Defend_R","Defend_R+1","Defend_R","Defend_R","Bash+1","Cleave","Clothesline+1","Inflame+1","Sword Boomerang+1","Battle Trance","Pommel Strike+1","Flame Barrier","Metallicize","Twin Strike+1","Dropkick+1"],"relics":["Burning Blood","Bag of Marbles","Molten Egg 2","Paper Frog","Darkstone Periapt","Tiny House","Regal Pillow","Singing Bowl","Magic Flower"],"acts_visited":["Exordium","TheCity"],"potions_floor_usage":[],"damage_taken":[{"damage":6.0,"enemies":"2 Louse","floor":1.0,"turns":4.0},{"damage":8.0,"enemies":"Jaw Worm","floor":4.0,"turns":3.0},{"damage":0.0,"enemies":"Cultist","floor":6.0,"turns":3.0},{"damage":0.0,"enemies":"2 Fungi Beasts","floor":7.0,"turns":3.0},{"damage":26.0,"enemies":"Exordium Thugs","floor":8.0,"turns":8.0},{"damage":18.0,"enemies":"Gremlin Nob","floor":10.0,"turns":4.0},{"damage":7.0,"enemies":"Gremlin Gang","floor":11.0,"turns":4.0},{"damage":5.0,"enemies":"Looter","floor":13.0,"turns":2.0},{"damage":8.0,"enemies":"Lagavulin","floor":14.0,"turns":5.0},{"damage":20.0,"enemies":"Slime Boss","floor":16.0,"turns":9.0},{"damage":21.0,"enemies":"Spheric Guardian","floor":18.0,"turns":6.0},{"damage":5.0,"enemies":"Chosen","floor":21.0,"turns":4.0},{"damage":6.0,"enemies":"Centurion and Healer","floor":22.0,"turns":7.0},{"damage":38.0,"enemies":"Gremlin Leader","floor":23.0,"turns":9.0},{"damage":30.0,"enemies":"Snake Plant","floor":24.0,"turns":5.0},{"damage":25.0,"enemies":"Shelled Parasite and Fungi","floor":27.0,"turns":8.0},{"damage":20,"enemies":"Slavers","floor":28,"turns":4},{"damage":25,"enemies":"Cultist and Chosen","floor":29,"turns":4}],"seed_played":"-9115596577280579301","potions_obtained":[{"floor":1.0,"key":"ElixirPotion"},{"floor":10.0,"key":"SneckoOil"},{"floor":11.0,"key":"Block Potion"},{"floor":13.0,"key":"Dexterity Potion"}],"is_trial":false,"path_per_floor":["M","?","?","M","?","M","M","M","T","E","M","R","M","E","R","B",null,"M","?","?","M","M","E","M","R","T","M","E","M"],"character_chosen":"IRONCLAD","items_purchased":[],"campfire_rested":1,"item_purchase_floors":[],"current_hp_per_floor":[80,80,80,78,62,68,74,54,54,42,41,41,42,40,40,26,85,70,70,70,71,71,39,15,55,55,36,22,0,0],"gold":548,"neow_bonus":"RANDOM_COMMON_RELIC","is_daily":false,"chose_seed":false,"campfire_upgraded":2,"win_rate":0.0,"timestamp":1609299959,"path_taken":["M","?","?","M","?","M","M","M","T","E","M","R","M","E","R","BOSS","M","?","?","M","M","E","M","R","T","M","E","?"],"items_purchased_type":[],"build_version":"2020-12-22","purchased_purges":0,"victory":false,"max_hp_per_floor":[80,80,80,80,80,80,80,80,80,80,80,80,80,80,80,80,85,85,85,85,85,85,85,85,85,85,85,85,85,85],"card_choices":[{"not_picked":["Battle Trance","Wild Strike"],"picked":"Cleave","floor":1.0},{"not_picked":["Rupture","Perfected Strike"],"picked":"Clothesline","floor":4.0},{"not_picked":["Combust","Thunderclap","Body Slam"],"picked":"SKIP","floor":6.0},{"not_picked":["Wild Strike","Dark Embrace","Body Slam"],"picked":"SKIP","floor":7.0},{"not_picked":["Sentinel","Evolve"],"picked":"Inflame","floor":8.0},{"not_picked":["Perfected Strike+1","Power Through"],"picked":"Sword Boomerang+1","floor":10.0},{"not_picked":["Infernal Blade","Reckless Charge+1","Spot Weakness"],"picked":"SKIP","floor":11.0},{"not_picked":["Dark Embrace","Thunderclap+1","Infernal Blade"],"picked":"SKIP","floor":13.0},{"not_picked":["Havoc","Clothesline+1"],"picked":"Battle Trance","floor":14.0},{"not_picked":["Intimidate","Headbutt+1","Disarm"],"picked":"SKIP","floor":18.0},{"not_picked":["Seeing Red","Headbutt+1"],"picked":"Pommel Strike+1","floor":21.0},{"not_picked":["Warcry","Wild Strike+1"],"picked":"Flame Barrier","floor":22.0},{"not_picked":["Reckless Charge+1","Bloodletting"],"picked":"Metallicize","floor":23.0},{"not_picked":["Perfected Strike+1","Shrug It Off","Dual Wield"],"picked":"SKIP","floor":24.0},{"not_picked":["Anger+1","Battle Trance+1"],"picked":"Twin Strike+1","floor":27.0},{"not_picked":["Armaments","Pommel Strike+1"],"picked":"Dropkick+1","floor":28}],"player_experience":37603,"relics_obtained":[{"floor":9.0,"key":"Molten Egg 2"},{"floor":10.0,"key":"Paper Frog"},{"floor":14.0,"key":"Darkstone Periapt"},{"floor":23.0,"key":"Regal Pillow"},{"floor":26.0,"key":"Singing Bowl"},{"floor":28,"key":"Magic Flower"}],"event_choices":[{"cards_removed":["Strike_R"],"damage_healed":0.0,"max_hp_gain":0.0,"max_hp_loss":0.0,"gold_gain":0.0,"event_name":"The Cleric","player_choice":"Card Removal","floor":2.0,"gold_loss":50.0,"damage_taken":0.0},{"damage_healed":0.0,"max_hp_gain":0.0,"max_hp_loss":0.0,"gold_gain":0.0,"event_name":"Liars Game","player_choice":"Ignored","floor":3.0,"gold_loss":0.0,"damage_taken":0.0},{"damage_healed":0.0,"max_hp_gain":0.0,"max_hp_loss":0.0,"gold_gain":0.0,"event_name":"Shining Light","player_choice":"Entered Light","floor":5.0,"gold_loss":0.0,"damage_taken":16.0,"cards_upgraded":["Bash","Defend_R"]},{"damage_healed":0.0,"max_hp_gain":0.0,"max_hp_loss":0.0,"gold_gain":99.0,"event_name":"Nest","player_choice":"Stole From Cult","floor":19.0,"gold_loss":0.0,"damage_taken":0.0},{"damage_healed":0.0,"max_hp_gain":0.0,"max_hp_loss":0.0,"gold_gain":0.0,"event_name":"The Joust","player_choice":"Bet on Owner","floor":20.0,"gold_loss":50.0,"damage_taken":0.0}],"is_beta":false,"boss_relics":[{"not_picked":["Runic Dome","Pandora\u0027s Box"],"picked":"Tiny House"}],"items_purged_floors":[],"is_endless":false,"potions_floor_spawned":[1,10,11,13,18,21],"killed_by":"Cultist and Chosen","ascension_level":1}}