{"host":"m1ntkrf87179kmo6","time":1609290636,"event":{"mods":["BaseMod","Better Third Choice","Minty Spire (QoL Compilation)","Shade Mod","StSLib"],"gold_per_floor":[114,114,134,134,145,145,180,180,180,30,30,30,30,30,30,131,181,197,197,213,244,258,258,273,273,273,273,117,117,132,142,142,142,142],"floor_reached":33,"playtime":2450,"items_purged":[],"score":243,"play_id":"3609a2bb-1232-42f3-ae97-6edf3dc96211","local_time":"20201229201036","is_ascension_mode":false,"campfire_choices":[{"floor":6,"key":"RECALL"},{"floor":8,"key":"REST"},{"data":"Shade:RitualOffering","floor":12,"key":"SMITH"},{"data":"Shade:Defend_Shade","floor":15,"key":"SMITH"},{"floor":23,"key":"REST"},{"data":"Shade:FleshLikeOak","floor":25,"key":"SMITH"},{"data":"Shade:FuneraryArmor","floor":27,"key":"SMITH"},{"data":"Shade:Tombstone","floor":32,"key":"SMITH"}],"circlet_count":0,"master_deck":["Shade:Strike_Shade","Shade:Strike_Shade+1","Shade:Strike_Shade","Shade:Defend_Shade","Shade:Defend_Shade","Shade:Defend_Shade","Shade:Defend_Shade+1","Shade:AnimateDead+1","Shade:CarefulCut","Shade:GreyBargain+1","Shade:RitualOffering+1","Shade:ClawBack","Shade:Tombstone+1","Shade:ExtraLimbs","Shade:FuneraryArmor","Shade:FuneraryArmor+1","Shade:FleshLikeOak+1","Shade:AncientSpear+1","Shade:FuneraryJewels+1","Shade:FuneraryArmor+1"],"relics":["Shade:YorickSkull","Pantograph","Mercury Hourglass","ClockworkSouvenir","Ancient Tea Set","Blood Vial","Tiny House","Red Mask","Toxic Egg 2","PreservedInsect"],"acts_visited":["Exordium","TheCity"],"potions_floor_usage":[7,20,22,24,33,33,33],"damage_taken":[{"damage":0,"enemies":"2 Louse","floor":1,"turns":3},{"damage":0,"enemies":"Jaw Worm","floor":3,"turns":3},{"damage":0,"enemies":"Small Slimes","floor":5,"turns":3},{"damage":17,"enemies":"3 Sentries","floor":7,"turns":14},{"damage":44,"enemies":"Hexaghost","floor":16,"turns":13},{"damage":1,"enemies":"Spheric Guardian","floor":18,"turns":5},{"damage":10,"enemies":"2 Thieves","floor":20,"turns":3},{"damage":30,"enemies":"Masked Bandits","floor":21,"turns":6},{"damage":0,"enemies":"Centurion and Healer","floor":22,"turns":5},{"damage":0,"enemies":"Snake Plant","floor":24,"turns":3},{"damage":0,"enemies":"Snecko","floor":30,"turns":4},{"damage":0,"enemies":"Centurion and Healer","floor":31,"turns":8},{"damage":78,"enemies":"Collector","floor":33,"turns":12}],"seed_played":"8007749323212516452","potions_obtained":[{"floor":3,"key":"DistilledChaos"},{"floor":16,"key":"Ancient Potion"},{"floor":17,"key":"Energy Potion"},{"floor":21,"key":"ColorlessPotion"},{"floor":22,"key":"ColorlessPotion"},{"floor":24,"key":"SkillPotion"},{"floor":30,"key":"Explosive Potion"}],"is_trial":false,"path_per_floor":["M","?","M","?","M","R","E","R","T","$","?","R","$","T","R","B",null,"M","?","M","?","M","R","M","R","T","R","$","?","M","M","R","B"],"character_chosen":"SHADE","items_purchased":["ClockworkSouvenir","PreservedInsect"],"campfire_rested":2,"item_purchase_floors":[10,28],"current_hp_per_floor":[71,57,57,57,57,57,40,61,61,61,61,61,61,61,61,27,76,75,75,66,38,40,62,64,64,64,64,64,58,60,62,62,0,0],"gold":142,"neow_bonus":"TEN_PERCENT_HP_BONUS","is_daily":false,"chose_seed":false,"campfire_upgraded":5,"win_rate":0.0,"timestamp":1609290636,"path_taken":["M","?","M","?","M","R","E","R","T","?","?","R","$","?","R","BOSS","M","?","M","?","M","R","M","R","T","R","$","?","M","M","R","BOSS"],"items_purchased_type":["Relic","Relic"],"build_version":"2020-12-22","purchased_purges":0,"victory":false,"max_hp_per_floor":[71,71,71,71,71,71,71,71,71,71,71,71,71,71,71,71,76,76,76,76,76,76,76,76,76,76,76,76,76,76,76,76,76,76],"card_choices":[{"not_picked":["Shade:BoneShards","Shade:GraveStillness"],"picked":"Shade:GreyBargain","floor":1},{"not_picked":["Shade:Bonestorm","Shade:FleshToFlesh"],"picked":"Shade:RitualOffering","floor":3},{"not_picked":["Shade:GoDigging","Shade:FreshBones","Shade:FingerOfDeath"],"picked":"SKIP","floor":5},{"not_picked":["Shade:FleshToFlesh","Shade:SkeletonHug"],"picked":"Shade:ClawBack","floor":7},{"not_picked":["Shade:OminousRitual","Shade:SelfBurial"],"picked":"Shade:Tombstone","floor":16},{"not_picked":["Shade:FuneraryArmor","Shade:Trample"],"picked":"Shade:ExtraLimbs","floor":17},{"not_picked":["Shade:AncientSpear","Shade:PoundOfFlesh+1"],"picked":"Shade:FuneraryArmor","floor":18},{"not_picked":["Shade:LyeBath","Shade:Frenzy"],"picked":"Shade:FuneraryArmor","floor":20},{"not_picked":["Shade:Haruspicy","Shade:ExtraLimbs"],"picked":"Shade:FleshLikeOak","floor":21},{"not_picked":["Shade:CommandSoldier","Shade:StitchTogether","Shade:SpontaneousRitual"],"picked":"SKIP","floor":22},{"not_picked":["Shade:Frenzy+1","Shade:StitchTogether"],"picked":"Shade:AncientSpear+1","floor":24},{"not_picked":["Shade:AuraOfUnlife+1","Shade:SensePrey+1"],"picked":"Shade:FuneraryJewels+1","floor":30},{"not_picked":["Shade:BoneShards","Shade:CommandSoldier+1"],"picked":"Shade:FuneraryArmor+1","floor":31}],"player_experience":1161570,"relics_obtained":[{"floor":7,"key":"Pantograph"},{"floor":9,"key":"Mercury Hourglass"},{"floor":14,"key":"Blood Vial"},{"floor":21,"key":"Red Mask"},{"floor":26,"key":"Toxic Egg 2"}],"event_choices":[{"damage_healed":71,"gold_gain":0,"player_choice":"Upgrade","damage_taken":14,"max_hp_gain":0,"max_hp_loss":71,"event_name":"betterThird:BetterShining","floor":2,"gold_loss":0,"cards_upgraded":["Shade:AnimateDead","Shade:GreyBargain"]},{"cards_removed":["Shade:Strike_Shade"],"damage_healed":0,"gold_gain":0,"player_choice":"Forget","damage_taken":0,"max_hp_gain":0,"max_hp_loss":0,"event_name":"Living Wall","floor":4,"gold_loss":0},{"damage_healed":0,"gold_gain":0,"player_choice":"Searched \u00272\u0027 times","damage_taken":0,"relics_obtained":["Ancient Tea Set"],"max_hp_gain":0,"max_hp_loss":0,"event_name":"Dead Adventurer","floor":11,"gold_loss":0},{"damage_healed":0,"gold_gain":0,"player_choice":"Ignored","damage_taken":0,"max_hp_gain":0,"max_hp_loss":0,"event_name":"Ghosts","floor":19,"gold_loss":0},{"damage_healed":0,"gold_gain":0,"player_choice":"Fought Bandits","damage_taken":0,"max_hp_gain":0,"max_hp_loss":0,"event_name":"Masked Bandits","floor":21,"gold_loss":0},{"damage_healed":0,"gold_gain":0,"player_choice":"","damage_taken":6,"max_hp_gain":0,"max_hp_loss":0,"event_name":"Knowing Skull","floor":29,"potions_obtained":[],"gold_loss":0,"cards_obtained":[]}],"is_beta":false,"boss_relics":[{"not_picked":["Empty Cage","Black Star"],"picked":"Tiny House"}],"items_purged_floors":[],"is_endless":false,"potions_floor_spawned":[3,16,21,22,24,30],"killed_by":"Collector","ascension_level":0}}