{"host":"a7dhdzm3fda48fos","time":1609360797,"event":{"mods":["AchievementEnabler","AlwaysNeverKeys","BaseMod","Better Altar","Better Note","Better Sensory Stone","Better Skull","Better Third Choice","Block Reminder","Colored Map","Gold Saver","Hermit","Minty Spire (QoL Compilation)","Quick Restart","Rare Cards Sparkle","Relic Sorter","Relic Stats","Remove Card Discount Mod","Shop Mod","Spicy Shops","StSLib"],"gold_per_floor":[923,78,78,78,4,4,4],"floor_reached":6,"playtime":373,"items_purged":[],"score":34,"play_id":"f9b6eaaa-c2fe-47d4-8f42-28003c50dc59","local_time":"20201230213957","is_ascension_mode":true,"campfire_choices":[],"circlet_count":0,"master_deck":["Strike_R","Strike_R+1","Strike_R","Strike_R","Strike_R","Defend_R+1","Defend_R+1","Defend_R+1","Defend_R","Bash+1","Iron Wave","Rupture","Secret Technique","Mind Blast","Madness"],"relics":["Burning Blood","MerchantsRug","Happy Flower","Nunchaku"],"acts_visited":["Exordium"],"potions_floor_usage":[],"damage_taken":[{"damage":8,"enemies":"Jaw Worm","floor":1,"turns":3},{"damage":5,"enemies":"3 Sentries","floor":6,"turns":3}],"seed_played":"2576630617429335299","potions_obtained":[],"is_trial":false,"path_per_floor":["M","$","?","?","$","E"],"character_chosen":"IRONCLAD","items_purchased":["Nunchaku","Rupture","War Paint","Secret Technique","MerchantsRug","Mind Blast","Happy Flower"],"campfire_rested":0,"item_purchase_floors":[2,2,2,2,2,2,5],"current_hp_per_floor":[78,78,62,62,62,57,57],"gold":4,"neow_bonus":"UPGRADE_CARD","is_daily":false,"chose_seed":false,"campfire_upgraded":0,"win_rate":0.0,"timestamp":1609360797,"path_taken":["M","$","?","?","$","E"],"items_purchased_type":["Relic","Card","Relic","Card","Relic","Card","Relic"],"build_version":"2020-12-22","purchased_purges":0,"victory":false,"max_hp_per_floor":[80,80,80,80,80,80,80],"relic_stats":{"Nunchaku":[0],"Happy Flower":[1],"counters":[2,6],"obtain_stats":[{"MerchantsRug":2,"Nunchaku":2,"Happy Flower":5,"War Paint":2,"Burning Blood":0},{"MerchantsRug":1,"Nunchaku":1,"Happy Flower":1,"War Paint":1,"Burning Blood":0},{"MerchantsRug":3,"Nunchaku":3,"Happy Flower":3,"War Paint":3,"Burning Blood":0}],"Burning Blood":6},"card_choices":[{"not_picked":["Power Through","Carnage"],"picked":"Iron Wave","floor":1}],"player_experience":53079,"relics_obtained":[],"event_choices":[{"damage_healed":78,"gold_gain":0,"player_choice":"Upgrade","damage_taken":16,"max_hp_gain":0,"max_hp_loss":80,"event_name":"betterThird:BetterShining","floor":3,"gold_loss":0,"cards_upgraded":["Defend_R","Strike_R"]},{"damage_healed":0,"gold_gain":0,"player_choice":"1 cards matched","damage_taken":0,"max_hp_gain":0,"max_hp_loss":0,"event_name":"Match and Keep!","floor":4,"gold_loss":0,"cards_obtained":["Madness"]}],"is_beta":false,"boss_relics":[],"items_purged_floors":[],"is_endless":false,"potions_floor_spawned":[],"killed_by":"3 Sentries","ascension_level":1}}