{"host":"08sn1703g14rasc1","time":1609323572,"event":{"mods":["AchievementEnabler","BaseMod","Colored Map","Colored Powertips","Hermit","Minty Spire (QoL Compilation)","StSLib"],"gold_per_floor":[112,112,123,298,298,298,325,344,344,76,92,19,33,50,50,154,154,164,18,18,0,0,0,0],"floor_reached":23,"playtime":748,"items_purged":["Doubt"],"score":255,"play_id":"486e27b5-dbcd-43ba-87ec-e6ff571edb5c","local_time":"20201230021932","is_ascension_mode":true,"campfire_choices":[{"floor":6,"key":"REST"},{"floor":15,"key":"REST"}],"circlet_count":0,"master_deck":["hermit:Strike_Hermit","hermit:Strike_Hermit","hermit:Strike_Hermit","hermit:Defend_Hermit","hermit:Defend_Hermit+1","hermit:Snapshot+1","hermit:Covet","hermit:GhostlyPresence","hermit:Manifest","hermit:Maintenance","hermit:Malice","Mayhem","hermit:Malice","hermit:LoneWolf","hermit:Gestalt","hermit:Glare","hermit:Gambit","hermit:DeadOrAlive+1","hermit:LowProfile+1","hermit:Maintenance+1","hermit:Feint"],"relics":["hermit:Momento","CaptainsWheel","Ornamental Fan","Blood Vial","Astrolabe","Sling","Kunai"],"acts_visited":["Exordium","TheCity"],"potions_floor_usage":[7,14,16],"damage_taken":[{"damage":2,"enemies":"Jaw Worm","floor":1,"turns":3},{"damage":4,"enemies":"Small Slimes","floor":3,"turns":5},{"damage":15,"enemies":"3 Sentries","floor":7,"turns":11},{"damage":0,"enemies":"2 Louse","floor":8,"turns":4},{"damage":5,"enemies":"Blue Slaver","floor":11,"turns":4},{"damage":3,"enemies":"Looter","floor":13,"turns":4},{"damage":3,"enemies":"3 Louse","floor":14,"turns":3},{"damage":24,"enemies":"Hexaghost","floor":16,"turns":12},{"damage":52,"enemies":"3 Byrds","floor":18,"turns":8},{"damage":5,"enemies":"Book of Stabbing","floor":23,"turns":4}],"seed_played":"-2845322029017531706","potions_obtained":[{"floor":1,"key":"SteroidPotion"},{"floor":3,"key":"AttackPotion"},{"floor":7,"key":"AttackPotion"},{"floor":14,"key":"LiquidBronze"},{"floor":18,"key":"Ancient Potion"}],"is_trial":false,"path_per_floor":["M","?","M","?","?","R","E","M","T","$","M","$","M","M","R","B",null,"M","$","?","?","?","E"],"character_chosen":"HERMIT","items_purchased":["Mayhem","hermit:LoneWolf","Sling"],"campfire_rested":2,"item_purchase_floors":[10,12,19],"current_hp_per_floor":[48,36,32,32,17,39,24,26,26,26,23,23,22,21,43,21,62,12,12,12,12,3,0,0],"gold":0,"neow_bonus":"ONE_RARE_RELIC","is_daily":false,"chose_seed":false,"campfire_upgraded":0,"win_rate":0.0,"timestamp":1609323572,"path_taken":["M","?","M","?","?","R","E","M","T","$","M","$","M","M","R","BOSS","M","$","?","?","?","E"],"items_purchased_type":["Card","Card","Relic"],"build_version":"2020-12-22","purchased_purges":1,"victory":false,"max_hp_per_floor":[75,75,75,75,75,75,75,75,75,75,75,75,75,75,75,75,75,75,75,75,75,75,75,75],"card_choices":[{"not_picked":["hermit:ItchyTrigger","hermit:HoleUp"],"picked":"hermit:GhostlyPresence","floor":1},{"not_picked":["hermit:Midnight","hermit:FullyLoaded"],"picked":"hermit:Manifest","floor":3},{"not_picked":["hermit:HoleUp","hermit:LowProfile"],"picked":"hermit:Maintenance","floor":7},{"not_picked":["hermit:HoleUp","hermit:ItchyTrigger"],"picked":"hermit:Malice","floor":8},{"not_picked":["hermit:FullyLoaded","hermit:HoleUp"],"picked":"hermit:Malice","floor":11},{"not_picked":["hermit:GhostlyPresence","hermit:SprayPray"],"picked":"hermit:Gestalt","floor":13},{"not_picked":["hermit:TrackingShot","hermit:LowProfile"],"picked":"hermit:Glare","floor":14},{"not_picked":["hermit:Roughhouse","hermit:Reprieve"],"picked":"hermit:Gambit","floor":16},{"not_picked":["hermit:Quickdraw","hermit:Glare"],"picked":"hermit:Feint","floor":18}],"player_experience":445668,"relics_obtained":[{"floor":7,"key":"Blood Vial"}],"event_choices":[{"damage_healed":0,"gold_gain":0,"player_choice":"Success","damage_taken":12,"relics_obtained":["Ornamental Fan"],"max_hp_gain":0,"max_hp_loss":0,"event_name":"Scrap Ooze","floor":2,"gold_loss":0},{"damage_healed":0,"gold_gain":175,"player_choice":"AGREE","damage_taken":0,"max_hp_gain":0,"max_hp_loss":0,"event_name":"Liars Game","floor":4,"gold_loss":0,"cards_obtained":["Doubt"]},{"damage_healed":0,"gold_gain":0,"player_choice":"Entered Light","damage_taken":15,"max_hp_gain":0,"max_hp_loss":0,"event_name":"Shining Light","floor":5,"gold_loss":0,"cards_upgraded":["hermit:Snapshot","hermit:Defend_Hermit"]},{"damage_healed":0,"gold_gain":0,"player_choice":"Opened","damage_taken":0,"relics_obtained":["Kunai"],"max_hp_gain":0,"max_hp_loss":0,"event_name":"The Mausoleum","floor":20,"gold_loss":0},{"damage_healed":0,"gold_gain":0,"player_choice":"Paid Fearfully","damage_taken":0,"max_hp_gain":0,"max_hp_loss":0,"event_name":"Masked Bandits","floor":21,"gold_loss":18},{"damage_healed":0,"gold_gain":0,"player_choice":"Stopped","damage_taken":9,"max_hp_gain":0,"max_hp_loss":0,"event_name":"Cursed Tome","floor":22,"gold_loss":0}],"is_beta":false,"boss_relics":[{"not_picked":["Sozu","Calling Bell"],"picked":"Astrolabe"}],"items_purged_floors":[10],"is_endless":false,"potions_floor_spawned":[1,3,7,14,18],"killed_by":"Book of Stabbing","ascension_level":7}}