{"host":"7uuqqk35leady37t","time":1609302905,"event":{"mods":["BaseMod","Colored Powertips","Downfall","Marisa£®ÏF”Í°°ƒß¿Ì…≥£©","Minty Spire (QoL Compilation)","StSLib","The Bug Knight","The Servant 0.9.4","Waifu the Spire","Yuri Mod","[IsaacMod]“‘»ˆº‚À˛"],"gold_per_floor":[11,22,72,72,24,24,82,124,151,151,151],"floor_reached":10,"playtime":317,"items_purged":[],"score":66,"play_id":"720c77a8-b955-4011-b7ad-0dd97c3df249","local_time":"20201230123505","is_ascension_mode":false,"campfire_choices":[{"floor":6,"key":"REST"}],"circlet_count":0,"master_deck":["Strike_MRS","Strike_MRS","Strike_MRS","Strike_MRS","Defend_MRS","Defend_MRS","Defend_MRS","Defend_MRS","MasterSpark+1","UpSweep+1","UltimateShortwave","GrandCross","WitchOfGreed","WitchOfGreed","NonDirectionalLaser","MysteriousBeam"],"relics":["MiniHakkero","HushsDoor","Chaos","Bag of Preparation","Whetstone","Sozu","Shuriken","Coffee Dripper"],"acts_visited":["Exordium"],"potions_floor_usage":[],"damage_taken":[{"damage":8,"enemies":"Small Slimes","floor":1,"turns":2},{"damage":6,"enemies":"Cultist","floor":2,"turns":3},{"damage":38,"enemies":"Hiden Room Battle","floor":3,"turns":5},{"damage":23,"enemies":"HollowMod:MossKnight","floor":7,"turns":8},{"damage":5,"enemies":"2 Louse","floor":8,"turns":3},{"damage":16,"enemies":"Lagavulin","floor":10,"turns":4}],"seed_played":"8182097218298089176","potions_obtained":[],"is_trial":false,"path_per_floor":["M","M","?","?","$","R","E","M","T","E"],"character_chosen":"MARISA","items_purchased":["WitchOfGreed"],"campfire_rested":1,"item_purchase_floors":[5],"current_hp_per_floor":[67,61,23,20,20,42,19,14,14,0,0],"gold":151,"neow_bonus":"THREE_RARE_CARDS","is_daily":false,"chose_seed":false,"campfire_upgraded":0,"win_rate":0.0,"timestamp":1609302905,"path_taken":["M","M","?","?","?","R","E","?","T","E"],"items_purchased_type":["Card"],"build_version":"2020-12-22","purchased_purges":0,"victory":false,"max_hp_per_floor":[75,75,75,75,75,75,75,75,75,75,75],"card_choices":[{"not_picked":["CollectingQuirk","CasketOfStar"],"picked":"UltimateShortwave","floor":0},{"not_picked":["IllusionStar","WitchOfGreed"],"picked":"GrandCross","floor":1},{"not_picked":["DragonMeteor","ShootingEcho"],"picked":"Bomb","floor":2},{"not_picked":["EventHorizon","ShootingEcho"],"picked":"WitchOfGreed","floor":3},{"not_picked":["Bomb","ShootingEcho"],"picked":"NonDirectionalLaser","floor":7},{"not_picked":["Bomb","GrandCross"],"picked":"MysteriousBeam","floor":8}],"player_experience":18324,"relics_obtained":[{"floor":3,"key":"Bag of Preparation"},{"floor":3,"key":"Whetstone"},{"floor":7,"key":"Shuriken"},{"floor":9,"key":"Coffee Dripper"}],"event_choices":[{"damage_healed":0,"gold_gain":0,"player_choice":"Fight","damage_taken":0,"max_hp_gain":0,"max_hp_loss":0,"event_name":"HidenRoomEvent","floor":3,"gold_loss":0},{"damage_healed":0,"gold_gain":0,"player_choice":"Success","damage_taken":3,"relics_obtained":["Sozu"],"max_hp_gain":0,"max_hp_loss":0,"event_name":"Scrap Ooze","floor":4,"gold_loss":0}],"is_beta":false,"boss_relics":[],"items_purged_floors":[],"is_endless":false,"potions_floor_spawned":[8],"killed_by":"Lagavulin","ascension_level":0}}