{"host":"nlt3cun66idbuazp","time":1609334502,"event":{"mods":["2.2 Compatiblity","Act Like it!","Aspiration","BaseMod","Better Altar","Better Match","Better Skull","Better Third Choice","BetterRewards","Downfall","Grow up Mod","Hermit","Hubris","Jorbs\u0027s Wanderer Trilogy","Koishi","Minty Spire (QoL Compilation)","Prisma Mod","Rare Cards Sparkle","Remove Card Discount Mod","Shade Mod","Spicy Shops","StSLib","The Animator","The Construct","The Disciple","The Gatherer","The Marked","vexMod"],"gold_per_floor":[9117,7241,7241,6047,6065,6093,6093,5042,5042,5042,5069,5069,5106,5123,5123,5227,5227,5238,5238,5238,5253,4709,4709,3596,3596,3620,3620,2818,2818,2818,1587,1587,1693,1693,1708,662,8916,8943,9000,9034,9034,9034,9034,9034,9034,8675,8714,8151,8151,8261,8320,8331,8406,8406,8490,8504,8504,8504,8504,8504,8504,8531,8481,8504,8504,8504,8608,8608,8608],"floor_reached":68,"playtime":2960,"items_purged":["Doubt","Pain"],"score":1554,"play_id":"14dc8228-040d-49b8-839c-23836427ebcd","local_time":"20201230082142","daily_mods":["Draft","Vintage","Allstar","Heirloom","Time Dilation","Flight"],"is_ascension_mode":false,"campfire_choices":[{"data":"Demon Form","floor":7,"key":"SMITH"},{"data":"Sadistic Nature","floor":10,"key":"SMITH"},{"data":"construct:Enhance","floor":15,"key":"SMITH"},{"data":"construct:ClockworkEgg+1","floor":23,"key":"SMITH"},{"data":"construct:ClockworkEgg+2","floor":25,"key":"SMITH"},{"data":"construct:ClockworkEgg+1","floor":27,"key":"SMITH"},{"data":"construct:ClockworkEgg+2","floor":29,"key":"SMITH"},{"data":"Magnetism","floor":30,"key":"SMITH"},{"data":"construct:Failsafe","floor":32,"key":"SMITH"},{"data":"construct:Enhance+1","floor":41,"key":"SMITH"},{"data":"construct:Enhance+1","floor":42,"key":"SMITH"},{"data":"construct:Failsafe+1","floor":44,"key":"SMITH"},{"data":"DevaForm","floor":45,"key":"SMITH"},{"data":"construct:Zapper+1","floor":49,"key":"SMITH"},{"data":"stsjorbsmod:ArcaneForm","floor":57,"key":"SMITH"},{"data":"construct:Overcharge","floor":59,"key":"SMITH"},{"data":"construct:Overcharge+1","floor":61,"key":"SMITH"},{"data":"construct:HeavyBolt+1","floor":66,"key":"SMITH"}],"circlet_count":0,"master_deck":["Demon Form+1","Wraith Form v2+1","Echo Form+1","DevaForm+1","stsjorbsmod:ArcaneForm+1","hexamod:ParanormalForm","construct:SiegeForm+2","OracleForm+1","sneckomod:SerpentMind+1","Guardian:ConstructionForm+1","stsjorbsmod:WastingForm+1","Slimebound:DuplicatedForm+1","construct:Enhance+2","construct:Autoturret","construct:HeavyBolt+2","construct:Isolate","construct:FlakBarrage","construct:MetalShell+2","construct:Failsafe","construct:ModeShift","construct:FlameCore+2","construct:SuppressiveFire+2","construct:Overcharge+2","construct:Enhance+2","construct:OneWayMirror+1","construct:FierceBash+1","construct:ElectricArmor","Sadistic Nature+1","construct:Autoturret+2","Concentrate","Establishment+1","construct:Failsafe+2","Magnetism+1","Discovery+1","hubris:DuctTapeCard+3","Mayhem+1","Metamorphosis+1","Finesse+1","Well Laid Plans+1","construct:Zapper+2","Die Die Die+1","Caltrops+1","Sadistic Nature+1","Envenom+1"],"relics":["construct:Cogwheel","hubris:BundleOfHerbs","CeramicFish","Sundial","Du-Vu Doll","TungstenRod","Peace Pipe","ClockworkSouvenir","hubris:Icosahedron","vexMod:Cooldron","hubris:ClockworkCow","Toy Ornithopter","hexamod:BolsterEngine","Calipers","hubris:ToyBattleship","Ancient Tea Set","Bottled Tornado","hubris:PeanutButter","Oddly Smooth Stone","champ:Barbells","HornCleat","Dream Catcher","Pantograph","Blood Vial","StrikeDummy","Regal Pillow","Black Star","Akabeko","DollysMirror","Anchor","Pen Nib","sneckomod:BlankCard","Toolbox","aspiration:Lifesprig","Orichalcum","TheAbacus","Strawberry","PreservedInsect","Bag of Preparation","Chemical X","Bronze Scales","vexMod:FocusSash","Medical Kit","Tiny Chest","Nunchaku","hubris:EmptyBottle","hubris:CrystalStatue","Boot","OrangePellets","Molten Egg 2","Toxic Egg 2","Frozen Egg 2","construct:ClockworkPhoenix","aspiration:SilentSkillbook","hubris:Reverence","Ornamental Fan","War Paint","hubris:DuctTape","Sling","Singing Bowl","Strange Spoon","Membership Card","Potion Belt","Matryoshka","aspiration:HummingbirdHeart","Red Mask","aspiration:ChemicalBlood","Pear","Lantern","aspiration:FrozenJewel","Vajra","Art of War","Cauldron","Juzu Bracelet","vexMod:BarristanHead","Frozen Eye","vexMod:BerryBomb","Omamori","aspiration:DSix","MealTicket","hubris:Potato","Lee\u0027s Waffle","hubris:TenFootPole","Tiny House","Guardian:PocketSentry","Happy Flower","aspiration:StickyExplosives","Centennial Puzzle","Whetstone","vexMod:PaidLearning","hubris:NiceRug","vexMod:MemoryStick","hubris:CuriousFeather","construct:MasterCore","Darkstone Periapt","Mummified Hand","hubris:Metronome"],"acts_visited":["Exordium","TheCity","TheBeyond","Exordium","TheCity"],"potions_floor_usage":[6,16,16,47,50,67,67,67,67,67,67,67,67],"damage_taken":[{"damage":8,"enemies":"2 Louse","floor":1,"turns":3},{"damage":0,"enemies":"Lagavulin","floor":6,"turns":3},{"damage":0,"enemies":"Gremlin Nob","floor":11,"turns":1},{"damage":0,"enemies":"Lagavulin","floor":13,"turns":1},{"damage":0,"enemies":"Jaw Worm","floor":14,"turns":1},{"damage":0,"enemies":"Slime Boss","floor":16,"turns":3},{"damage":0,"enemies":"Spheric Guardian","floor":18,"turns":1},{"damage":0,"enemies":"Shell Parasite","floor":21,"turns":1},{"damage":0,"enemies":"Champ","floor":33,"turns":3},{"damage":0,"enemies":"Orb Walker","floor":35,"turns":1},{"damage":0,"enemies":"Nemesis","floor":40,"turns":1},{"damage":0,"enemies":"Giant Head","floor":47,"turns":3},{"damage":0,"enemies":"Time Eater","floor":50,"turns":3},{"damage":0,"enemies":"Cultist","floor":52,"turns":1},{"damage":0,"enemies":"hubris:Merchant","floor":55,"turns":2},{"damage":0,"enemies":"Small Slimes","floor":56,"turns":1},{"damage":0,"enemies":"Gremlin Nob","floor":62,"turns":1},{"damage":0,"enemies":"Hexaghost","floor":67,"turns":2}],"seed_played":"-1979602477675818948","potions_obtained":[{"floor":1,"key":"EntropicBrew"},{"floor":18,"key":"EntropicBrew"},{"floor":46,"key":"DistilledChaos"},{"floor":46,"key":"BlessingOfTheForge"},{"floor":52,"key":"EntropicBrew"},{"floor":67,"key":"EntropicBrew"}],"is_trial":true,"path_per_floor":["M","$","?","$","?","E","R","$","T","R","E","?","E","M","R","B",null,"M","?","?","M","$","R","$","R","T","R","$","R","R","$","R","B",null,"M","$","$","?","?","E","R","R","T","R","R","$","E","$","R","B",null,"M","T","?","$","M","R","?","R","T","R","E","?","T","?","R","B",null],"character_chosen":"THE_CONSTRUCT_MOD","items_purchased":["Sundial","Du-Vu Doll","TungstenRod","Peace Pipe","ClockworkSouvenir","Sadistic Nature","AttackPotion","construct:Autoturret","vexMod:Cooldron","hubris:ClockworkCow","Toy Ornithopter","hexamod:BolsterEngine","Calipers","hexamod:EctoCoolerPotion","hubris:PeanutButter","Oddly Smooth Stone","champ:Barbells","HornCleat","Dream Catcher","EntropicBrew","Magnetism","DollysMirror","Anchor","Pen Nib","sneckomod:BlankCard","Toolbox","aspiration:Lifesprig","Orichalcum","TheAbacus","EntropicBrew","PreservedInsect","Bag of Preparation","Chemical X","Bronze Scales","vexMod:FocusSash","Medical Kit","Tiny Chest","Nunchaku","hubris:EmptyBottle","hubris:CrystalStatue","Boot","OrangePellets","Discovery","Ornamental Fan","War Paint","hubris:DuctTape","Sling","Singing Bowl","Mayhem+1","Strange Spoon","Membership Card","Potion Belt","Matryoshka","aspiration:HummingbirdHeart","Vajra","Art of War","Cauldron","Juzu Bracelet","vexMod:BarristanHead","Frozen Eye","aspiration:DSix","MealTicket","hubris:Potato","Lee\u0027s Waffle","hubris:TenFootPole","construct:Zapper+1","Centennial Puzzle","Whetstone","vexMod:PaidLearning"],"campfire_rested":0,"item_purchase_floors":[2,2,2,2,2,2,2,4,4,4,4,4,4,4,8,8,8,8,8,8,22,22,22,24,24,24,24,24,24,24,28,28,28,28,28,28,31,31,31,31,31,31,31,36,36,36,36,36,37,37,37,37,37,37,46,46,46,46,46,46,48,48,48,48,48,48,55,55,55],"current_hp_per_floor":[97,107,117,127,117,132,142,152,162,172,182,192,204,216,226,255,265,275,285,295,305,315,325,335,345,362,372,382,392,402,412,422,432,442,452,462,472,473,483,507,517,527,537,547,557,567,590,607,617,627,642,652,662,672,682,692,702,712,722,732,742,754,764,774,784,794,804,804,804],"gold":8608,"neow_bonus":"","is_daily":false,"chose_seed":false,"campfire_upgraded":18,"win_rate":0.0,"timestamp":1609334502,"path_taken":["M","$","?","$","?","E","R","$","T","R","E","?","E","?","R","BOSS","M","?","?","?","$","R","$","R","T","R","?","R","R","$","R","BOSS","M","$","$","?","?","E","R","R","T","R","R","?","E","$","R","BOSS","M","?","?","$","M","R","?","R","T","R","E","?","?","?","R","BOSS"],"items_purchased_type":["Relic","Relic","Relic","Relic","Relic","Card","Potion","Card","Relic","Relic","Relic","Relic","Relic","Potion","Relic","Relic","Relic","Relic","Relic","Potion","Card","Relic","Relic","Relic","Relic","Relic","Relic","Relic","Relic","Potion","Relic","Relic","Relic","Relic","Relic","Relic","Relic","Relic","Relic","Relic","Relic","Relic","Card","Relic","Relic","Relic","Relic","Relic","Card","Relic","Relic","Relic","Relic","Relic","Relic","Relic","Relic","Relic","Relic","Relic","Relic","Relic","Relic","Relic","Relic","Card","Relic","Relic","Relic"],"build_version":"2020-12-22","purchased_purges":2,"victory":false,"max_hp_per_floor":[105,115,125,135,145,155,165,175,185,195,205,215,225,235,245,255,265,275,285,295,305,315,325,335,345,362,372,382,392,402,412,422,432,442,452,462,472,482,492,514,524,534,544,554,564,574,590,607,617,627,642,652,662,672,682,692,702,712,722,732,742,754,764,774,784,794,804,804,804],"card_choices":[{"not_picked":["construct:OmegaCannon","construct:Stasis"],"picked":"construct:Enhance","floor":0},{"not_picked":["construct:FierceBash","construct:Boost"],"picked":"construct:Autoturret","floor":0},{"not_picked":["construct:VentSteam","construct:Forcefield"],"picked":"construct:HeavyBolt","floor":0},{"not_picked":["construct:Reinforce","construct:ScrapCannon"],"picked":"construct:Isolate","floor":0},{"not_picked":["construct:Backfire","construct:SweepLaser"],"picked":"construct:FlakBarrage","floor":0},{"not_picked":["construct:Antimatter","construct:ScrapCannon"],"picked":"construct:MetalShell","floor":0},{"not_picked":["construct:ClusterMines","construct:Accumulate"],"picked":"construct:Failsafe","floor":0},{"not_picked":["construct:FocusedBeam","construct:Backup"],"picked":"construct:ModeShift","floor":0},{"not_picked":["construct:Reinforce","construct:FierceBash"],"picked":"construct:FlameCore","floor":0},{"not_picked":["construct:CriticalHit","construct:ModeShift"],"picked":"construct:SuppressiveFire","floor":0},{"not_picked":["construct:HardReboot","construct:PowerUp"],"picked":"construct:Overcharge","floor":0},{"not_picked":["construct:FierceBash","construct:SuppressiveFire"],"picked":"construct:Enhance","floor":0},{"not_picked":["construct:Backfire","construct:FierceBash"],"picked":"construct:OneWayMirror","floor":0},{"not_picked":["construct:FocusedBeam","construct:Dampening"],"picked":"construct:FierceBash","floor":0},{"not_picked":["construct:ScopeCore","construct:Versatility"],"picked":"construct:ElectricArmor","floor":0},{"not_picked":["construct:Backfire","construct:QuickAttack","construct:ClusterMines"],"picked":"SKIP","floor":6},{"not_picked":["construct:ClusterMines","construct:Versatility","construct:Overcharge"],"picked":"SKIP","floor":11},{"not_picked":["construct:Disrupt","construct:CripplingShot"],"picked":"construct:Failsafe","floor":13},{"not_picked":["construct:LongRangeLance","construct:MemoryTap"],"picked":"construct:ClockworkEgg","floor":16},{"not_picked":["construct:GoldenBullet+1","construct:Bunker+1"],"picked":"construct:SiegeForm+1","floor":33},{"not_picked":["expansioncontent:DecasProtection+1","expansioncontent:BronzeBeam+1","expansioncontent:GoopSpray+1"],"picked":"Metamorphosis+1","floor":38},{"not_picked":["hubris:Insight+1","Flash of Steel+1","vexMod:EmailVexCard+1"],"picked":"Panacea+1","floor":38},{"not_picked":["expansioncontent:PolyBeam+1","expansioncontent:AwakenDeath+1","Impatience+1"],"picked":"Finesse+1","floor":38},{"not_picked":["construct:SweepLaser+1","construct:VentSteam+1","Dash+1","construct:Backfire+1"],"picked":"Singing Bowl","floor":40},{"not_picked":["Tactician+1","Calculated Gamble+1","construct:Failsafe+1"],"picked":"Well Laid Plans+1","floor":47},{"not_picked":["construct:Multistage+1","Wraith Form v2+1","Bullet Time+1"],"picked":"Die Die Die+1","floor":50},{"not_picked":["Endless Agony+1","construct:PowerUp+1","Flying Knee+1"],"picked":"Caltrops+1","floor":51},{"not_picked":[],"picked":"Sadistic Nature+1","floor":55},{"not_picked":["Poisoned Stab+1"],"picked":"SKIP","floor":55},{"not_picked":["construct:ShiftStrike+1"],"picked":"SKIP","floor":55},{"not_picked":["construct:ShiftGuard+1"],"picked":"SKIP","floor":55},{"not_picked":["Blade Dance+1"],"picked":"SKIP","floor":55},{"not_picked":["construct:Zapper+1"],"picked":"SKIP","floor":55},{"not_picked":["expansioncontent:PrepareCrush+1"],"picked":"SKIP","floor":55},{"not_picked":["construct:ModeShift+1","construct:ScrapCannon+1","After Image+1","construct:FocusedBeam+1"],"picked":"Singing Bowl","floor":62},{"not_picked":["aspiration:Lunge+1","Malaise+1","construct:BatteryCore+1"],"picked":"Envenom+1","floor":67}],"player_experience":162983,"relics_obtained":[{"floor":1,"key":"CeramicFish"},{"floor":6,"key":"Bottled Tornado"},{"floor":9,"key":"Pantograph"},{"floor":11,"key":"Blood Vial"},{"floor":13,"key":"StrikeDummy"},{"floor":14,"key":"Regal Pillow"},{"floor":18,"key":"Akabeko"},{"floor":26,"key":"Strawberry"},{"floor":35,"key":"hubris:Reverence"},{"floor":40,"key":"aspiration:ChemicalBlood"},{"floor":40,"key":"Pear"},{"floor":43,"key":"Lantern"},{"floor":43,"key":"aspiration:FrozenJewel"},{"floor":47,"key":"vexMod:BerryBomb"},{"floor":47,"key":"Omamori"},{"floor":52,"key":"Guardian:PocketSentry"},{"floor":53,"key":"Happy Flower"},{"floor":53,"key":"aspiration:StickyExplosives"},{"floor":56,"key":"vexMod:MemoryStick"},{"floor":60,"key":"hubris:CuriousFeather"},{"floor":62,"key":"construct:MasterCore"},{"floor":62,"key":"Darkstone Periapt"},{"floor":64,"key":"Mummified Hand"}],"event_choices":[{"damage_healed":0,"gold_gain":0,"player_choice":"Ignored","damage_taken":5069,"max_hp_gain":0,"max_hp_loss":0,"event_name":"betterThird:BetterSerpent","floor":12,"gold_loss":0},{"damage_healed":0,"gold_gain":0,"player_choice":"Ignored","damage_taken":0,"max_hp_gain":0,"max_hp_loss":0,"event_name":"NoteForYourself","floor":20,"gold_loss":0},{"damage_healed":0,"gold_gain":0,"player_choice":"Memory 3","damage_taken":10,"max_hp_gain":0,"max_hp_loss":0,"event_name":"SensoryStone","floor":38,"gold_loss":0},{"damage_healed":0,"gold_gain":0,"player_choice":"Paid","damage_taken":0,"relics_obtained":["Red Mask"],"max_hp_gain":0,"max_hp_loss":0,"event_name":"Tomb of Lord Red Mask","floor":39,"gold_loss":8943},{"damage_healed":0,"gold_gain":0,"player_choice":"Ignored","damage_taken":8406,"max_hp_gain":0,"max_hp_loss":0,"event_name":"betterThird:BetterSerpent","floor":54,"gold_loss":0},{"damage_healed":0,"gold_gain":0,"player_choice":"Bought 0 Potions","damage_taken":0,"max_hp_gain":0,"max_hp_loss":0,"event_name":"The Woman in Blue","floor":58,"gold_loss":0},{"cards_removed":["Panacea"],"damage_healed":0,"gold_gain":0,"player_choice":"Card Removal","damage_taken":0,"max_hp_gain":0,"max_hp_loss":0,"event_name":"The Cleric","floor":63,"gold_loss":50},{"damage_healed":0,"gold_gain":0,"player_choice":"Box","damage_taken":0,"relics_obtained":["hubris:Metronome"],"max_hp_gain":0,"max_hp_loss":0,"event_name":"Big Fish","floor":65,"gold_loss":0,"cards_obtained":["Regret"]}],"is_beta":false,"boss_relics":[{"not_picked":["Snecko Eye","Philosopher\u0027s Stone"],"picked":"Black Star"},{"not_picked":["vexMod:DeviousBotling","aspiration:RunicSpoon"],"picked":"aspiration:SilentSkillbook"},{"not_picked":["Sozu","aspiration:RitualDagger"],"picked":"Tiny House"},{"not_picked":["Cursed Key","hubris:GrandSneckoEye","Coffee Dripper"]}],"items_purged_floors":[28,46],"is_endless":true,"potions_floor_spawned":[1,6,11,14,18,35,47,52,67],"ascension_level":0}}