{"host":"oluf6aumjll4vfac","time":1609341957,"event":{"mods":["BaseMod","Colored Map","Colored Powertips","Conspire","Downfall","Minty Spire (QoL Compilation)","Quick Restart","Shop Mod","StSLib","SuperFastMode"],"gold_per_floor":[118,131,192,367,447,482,493,511,511,546,42,56,56,68,68,170,220,240,274,274,288,13,44,44,36,59,74,74,107,107,107,107,205,205,219,119,135,33,33,33,33],"floor_reached":40,"playtime":1262,"items_purged":["Doubt","Evolve"],"score":572,"play_id":"b79b7690-a047-4c78-8f4e-338fefa300bd","local_time":"20201230232557","is_ascension_mode":false,"campfire_choices":[{"floor":13,"key":"REST"},{"floor":15,"key":"REST"},{"floor":24,"key":"REST"},{"floor":28,"key":"REST"},{"data":"Armaments","floor":30,"key":"SMITH"},{"data":"Dramatic Entrance","floor":32,"key":"SMITH"}],"circlet_count":0,"master_deck":["Strike_R","Strike_R","Strike_R","Strike_R","Strike_R","Defend_R","Defend_R","Defend_R","Defend_R","Bash","Clash","Twin Strike","Offering","Uppercut+1","Armaments+1","Flex","Feed","Cleave","Bash","Dramatic Entrance+1","Armaments+1","expansioncontent:TimeRipple","Thunderclap+1","Impervious","Madness","Madness"],"relics":["Burning Blood","NeowsBlessing","Singing Bowl","WingedGreaves","MerchantsRug","TungstenRod","Unceasing Top","Strawberry","Incense Burner","conspire:RoyalGoblet","conspire:TreasureMap"],"acts_visited":["Exordium","TheCity","TheBeyond"],"potions_floor_usage":[10,16,16,16,18,29,33,33,33,40],"damage_taken":[{"damage":0,"enemies":"Small Slimes","floor":1,"turns":1},{"damage":0,"enemies":"Jaw Worm","floor":2,"turns":1},{"damage":0,"enemies":"Lagavulin","floor":6,"turns":1},{"damage":0,"enemies":"Cultist","floor":7,"turns":2},{"damage":18,"enemies":"3 Louse","floor":8,"turns":3},{"damage":64,"enemies":"conspire:MimicChest","floor":10,"turns":7},{"damage":11,"enemies":"Blue Slaver","floor":12,"turns":2},{"damage":13,"enemies":"Red Slaver","floor":14,"turns":2},{"damage":5,"enemies":"Slime Boss","floor":16,"turns":5},{"damage":5,"enemies":"conspire:FuzzyDice","floor":18,"turns":4},{"damage":27,"enemies":"Masked Bandits","floor":19,"turns":4},{"damage":17,"enemies":"2 Thieves","floor":21,"turns":3},{"damage":39,"enemies":"Slavers","floor":23,"turns":5},{"damage":9,"enemies":"Chosen and Byrds","floor":27,"turns":4},{"damage":24,"enemies":"Gremlin Leader","floor":29,"turns":4},{"damage":88,"enemies":"Collector","floor":33,"turns":13},{"damage":33,"enemies":"3 Shapes","floor":35,"turns":3},{"damage":5,"enemies":"Orb Walker","floor":37,"turns":3},{"damage":86,"enemies":"Nemesis","floor":40,"turns":6}],"seed_played":"-7468627901285479581","potions_obtained":[{"floor":1,"key":"Slimebound:ThreeZeroPotion"},{"floor":12,"key":"Dexterity Potion"},{"floor":14,"key":"Strength Potion"},{"floor":16,"key":"Swift Potion"},{"floor":17,"key":"AttackPotion"},{"floor":19,"key":"BloodPotion"},{"floor":27,"key":"SteroidPotion"},{"floor":31,"key":"champ:CounterPotion"},{"floor":31,"key":"BlessingOfTheForge"},{"floor":37,"key":"Fire Potion"}],"is_trial":false,"path_per_floor":["M","M","?","?","T","E","M","M","T","?","$","M","R","M","R","B",null,"M","?","?","M","$","E","R","$","T","M","R","E","R","?","R","B",null,"M","$","M","$","?","E"],"character_chosen":"IRONCLAD","items_purchased":["MerchantsRug","TungstenRod","Armaments","Flex","Explosive Potion","Unceasing Top","expansioncontent:TimeRipple","conspire:TreasureMap"],"campfire_rested":4,"item_purchase_floors":[11,11,11,11,11,22,25,38],"current_hp_per_floor":[80,80,80,80,80,80,80,70,70,14,14,11,36,31,57,58,93,98,82,82,74,74,46,79,79,86,83,118,102,102,102,102,44,120,95,95,98,98,83,0,0],"gold":33,"neow_bonus":"THREE_ENEMY_KILL","is_daily":false,"chose_seed":false,"campfire_upgraded":2,"win_rate":0.0,"timestamp":1609341957,"path_taken":["M","M","?","?","?","E","?","M","T","?","$","M","R","M","R","BOSS","M","?","?","M","$","E","R","$","T","?","R","E","R","?","R","BOSS","M","$","M","$","?","E"],"items_purchased_type":["Relic","Relic","Card","Card","Potion","Relic","Card","Relic"],"build_version":"2020-12-22","purchased_purges":2,"victory":false,"max_hp_per_floor":[80,80,80,80,80,80,80,82,82,84,84,86,86,88,88,88,93,98,103,103,106,106,111,111,111,118,118,118,120,120,120,120,120,120,122,122,124,124,124,124,124],"card_choices":[{"not_picked":["Intimidate","Iron Wave"],"picked":"Clash","floor":1},{"not_picked":["Iron Wave","Warcry"],"picked":"Twin Strike","floor":2},{"not_picked":["Sword Boomerang","Wild Strike"],"picked":"Offering","floor":6},{"not_picked":["Whirlwind","Metallicize"],"picked":"Uppercut","floor":7},{"not_picked":["Heavy Blade","Battle Trance","Clothesline"],"picked":"Singing Bowl","floor":8},{"not_picked":["Sword Boomerang","conspire:ExplosiveBarrier","Wild Strike"],"picked":"Singing Bowl","floor":10},{"not_picked":["conspire:Charge","Second Wind","Battle Trance"],"picked":"Singing Bowl","floor":12},{"not_picked":["Iron Wave","Battle Trance","Warcry"],"picked":"Singing Bowl","floor":14},{"not_picked":["Double Tap","Bludgeon"],"picked":"Feed","floor":16},{"not_picked":["Clash","Headbutt"],"picked":"Cleave","floor":17},{"not_picked":["Whirlwind","Entrench","Second Wind"],"picked":"Singing Bowl","floor":18},{"not_picked":["Iron Wave","Ghostly Armor","Wild Strike"],"picked":"Singing Bowl","floor":19},{"not_picked":["Heavy Blade+1","Clash"],"picked":"Armaments+1","floor":21},{"not_picked":["Twin Strike","Armaments","Thunderclap"],"picked":"Singing Bowl","floor":23},{"not_picked":["Headbutt","Perfected Strike"],"picked":"Thunderclap+1","floor":27},{"not_picked":["Uppercut","Limit Break","Heavy Blade"],"picked":"Singing Bowl","floor":29},{"not_picked":["Juggernaut","conspire:HitWhereItHurts"],"picked":"Impervious","floor":33},{"not_picked":["Armaments","Clash+1","Wild Strike"],"picked":"Singing Bowl","floor":35},{"not_picked":["Clash","Power Through","Anger+1"],"picked":"Singing Bowl","floor":37}],"player_experience":56840,"relics_obtained":[{"floor":5,"key":"Singing Bowl"},{"floor":6,"key":"Bottled Flame"},{"floor":9,"key":"Bird Faced Urn"},{"floor":10,"key":"WingedGreaves"},{"floor":19,"key":"Red Mask"},{"floor":23,"key":"Charon\u0027s Ashes"},{"floor":26,"key":"Strawberry"},{"floor":29,"key":"Incense Burner"}],"event_choices":[{"damage_healed":0,"gold_gain":61,"player_choice":"Gained Gold","damage_taken":0,"max_hp_gain":0,"max_hp_loss":0,"event_name":"Golden Wing","floor":3,"gold_loss":0},{"damage_healed":0,"gold_gain":175,"player_choice":"AGREE","damage_taken":0,"max_hp_gain":0,"max_hp_loss":0,"event_name":"Liars Game","floor":4,"gold_loss":0,"cards_obtained":["Doubt"]},{"damage_healed":0,"gold_gain":0,"player_choice":"Fought Bandits","damage_taken":0,"max_hp_gain":0,"max_hp_loss":0,"event_name":"Masked Bandits","floor":19,"gold_loss":0},{"damage_healed":0,"gold_gain":0,"player_choice":"3 cards matched","damage_taken":0,"max_hp_gain":0,"max_hp_loss":0,"event_name":"Match and Keep!","floor":20,"gold_loss":0,"cards_obtained":["Bash","Dramatic Entrance","Evolve"]},{"damage_healed":0,"gold_gain":0,"player_choice":"Got Potions","damage_taken":0,"max_hp_gain":0,"max_hp_loss":0,"event_name":"Lab","floor":31,"gold_loss":0},{"damage_healed":0,"gold_gain":0,"player_choice":"Embrace Madness","damage_taken":16,"max_hp_gain":0,"max_hp_loss":0,"event_name":"Winding Halls","floor":39,"gold_loss":0,"cards_obtained":["Madness","Madness"]}],"is_beta":false,"boss_relics":[{"not_picked":["Sozu","Astrolabe"],"picked":"Tiny House"},{"not_picked":["Calling Bell","conspire:SeveredTorchhead"],"picked":"conspire:RoyalGoblet"}],"items_purged_floors":[11,36],"is_endless":false,"potions_floor_spawned":[1,12,14,16,19,27,37],"killed_by":"Nemesis","ascension_level":0}}