{"host":"hhqi7w94rsi31r70","time":1609308852,"event":{"mods":["Act Like it!","BaseMod","Colored Map","GifTheSpireLib","Hallownest","Highlight Path","Minty Spire (QoL Compilation)","Robot Space Explorer","Shade Mod","StSLib","The Hierophant","The Saiyan","The Servant 0.9.4","[地精首领爬塔]The Maniac"],"gold_per_floor":[112,112,112,132,132,132,8,8,32,60,72,103,192,228,240,252,252],"floor_reached":16,"playtime":551,"items_purged":["Defend_S"],"score":108,"play_id":"1845df76-a766-4a80-8a03-7f9e2b686111","local_time":"20201230141412","is_ascension_mode":true,"campfire_choices":[{"data":"Defy","floor":6,"key":"SMITH"},{"data":"KidneyShot","floor":8,"key":"SMITH"},{"data":"Rearm","floor":11,"key":"SMITH"},{"data":"Starlight","floor":15,"key":"SMITH"}],"circlet_count":0,"master_deck":["Strike_S","Strike_S","Strike_S","Defend_S","Defend_S","Defend_S","KidneyShot+1","Exchange","Defy+1","Rearm+1","ShiftingGears","BottledTime","Starlight+1"],"relics":["Uniform","Golden Idol","Eternal Feather","MawBank","Frozen Egg 2"],"acts_visited":["Exordium"],"potions_floor_usage":[4,16],"damage_taken":[{"damage":0,"enemies":"Small Slimes","floor":1,"turns":3},{"damage":0,"enemies":"2 Louse","floor":4,"turns":3},{"damage":0,"enemies":"Jaw Worm","floor":10,"turns":4},{"damage":22,"enemies":"Exordium Thugs","floor":12,"turns":8},{"damage":2,"enemies":"Exordium Wildlife","floor":14,"turns":5},{"damage":49,"enemies":"Slime Boss","floor":16,"turns":9}],"seed_played":"8295985422291409910","potions_obtained":[{"floor":1,"key":"BlessingOfTheForge"},{"floor":14,"key":"LiquidBronze"}],"is_trial":false,"path_per_floor":["M","?","?","M","?","R","$","R","T","M","R","M","T","M","R","B"],"character_chosen":"THE_SERVANT","items_purchased":["Rearm"],"campfire_rested":0,"item_purchase_floors":[7],"current_hp_per_floor":[65,65,49,49,49,55,55,61,61,61,65,43,43,41,47,0,0],"gold":252,"neow_bonus":"REMOVE_CARD","is_daily":false,"chose_seed":false,"campfire_upgraded":4,"win_rate":0.0,"timestamp":1609308852,"path_taken":["M","?","?","M","?","R","$","R","T","M","R","?","?","M","R","BOSS"],"items_purchased_type":["Card"],"build_version":"2020-12-22","purchased_purges":1,"victory":false,"max_hp_per_floor":[65,65,65,65,65,65,65,65,65,65,65,65,65,65,65,65,65],"card_choices":[{"not_picked":["DualDimension","ShatteredReality"],"picked":"Defy","floor":1},{"not_picked":["Revamp","MoonPhase"],"picked":"ShatteredReality","floor":4},{"not_picked":["Spin","Unruled"],"picked":"ShiftingGears","floor":10},{"not_picked":["Misdirection","ReturningBlade"],"picked":"BottledTime","floor":12},{"not_picked":["Rewind","ShatteredReality"],"picked":"Starlight","floor":14}],"player_experience":507784,"relics_obtained":[{"floor":9,"key":"MawBank"},{"floor":13,"key":"Frozen Egg 2"}],"event_choices":[{"damage_healed":0,"gold_gain":0,"player_choice":"Ignored","damage_taken":0,"max_hp_gain":0,"max_hp_loss":0,"event_name":"Liars Game","floor":2,"gold_loss":0},{"damage_healed":0,"gold_gain":0,"player_choice":"Take Damage","damage_taken":16,"relics_obtained":["Golden Idol"],"max_hp_gain":0,"max_hp_loss":0,"event_name":"Golden Idol","floor":3,"gold_loss":0},{"cards_removed":["ShatteredReality"],"damage_healed":0,"gold_gain":0,"player_choice":"Gave Card","damage_taken":0,"relics_obtained":["Eternal Feather"],"max_hp_gain":0,"max_hp_loss":0,"event_name":"WeMeetAgain","floor":5,"gold_loss":0}],"is_beta":false,"boss_relics":[],"items_purged_floors":[7],"is_endless":false,"potions_floor_spawned":[1,14],"killed_by":"Slime Boss","ascension_level":4}}