{"host":"w7dhjqgqsib0c3vt","time":1609340656,"event":{"mods":["ATMod(°¢èªMod)","BaseMod","Minty Spire (QoL Compilation)","Shop Mod","StSLib","TheWitcher"],"gold_per_floor":[112,112,137,212,137,137,173,173,197,235,235,248,248,34,34,130,130,145,160,185,235,260,260,260,260,260,273,292,41,41,85,85,183,183,202,1,24,24,0,0,0,34,61,81,51,76,91,91,91,91],"floor_reached":51,"playtime":2636,"items_purged":["Defend_R","Writhe"],"score":1411,"play_id":"66dff979-5e0c-4349-9654-a17ead61181a","local_time":"20201230230416","is_ascension_mode":true,"campfire_choices":[{"data":"AT_Desolate","floor":6.0,"key":"SMITH"},{"floor":8.0,"key":"REST"},{"data":"AT_IchimonjiDouble","floor":11.0,"key":"SMITH"},{"data":"AT_IchimonjiDouble","floor":13.0,"key":"SMITH"},{"data":"AT_BreakingExtremeWeapon","floor":15.0,"key":"SMITH"},{"floor":23.0,"key":"REST"},{"data":"Limit Break","floor":25.0,"key":"SMITH"},{"floor":32.0,"key":"REST"},{"data":"AT_EmpoweredMortalDraw","floor":40.0,"key":"SMITH"},{"data":"Rupture","floor":49.0,"key":"SMITH"}],"circlet_count":0,"master_deck":["AscendersBane","Strike_R","Strike_R","Strike_R","Strike_R","Strike_R","Defend_R","Defend_R","Defend_R","Bash","AT_Desolate+1","AT_IchimonjiDouble+1","AT_IchimonjiDouble+1","Hemokinesis","Pummel","Cleave","Pommel Strike","AT_BodySlamDance","AT_BreakingExtremeWeapon+1","Limit Break+1","Bloodletting","Seeing Red","AT_BodySlamDance","AT_DrawKnifeCut","Rupture+1","Inflame","Whirlwind","Bloodletting+1","Bludgeon","AT_EmpoweredMortalDraw+1","Twin Strike+1","Dramatic Entrance","Thunderclap+1","Madness","Iron Wave","Flex+1","Combust+1","Armaments+1"],"relics":["Burning Blood","AT_ATBox","Golden Idol","InkBottle","AT_BladeRuinedKing","Peace Pipe","Runic Cube","CultistMask","SnafuTest:BearRelic","Ancient Tea Set","Anchor","AT_MortalBlade","Red Mask","MealTicket","Boot","AT_GoldPhoenixTree"],"acts_visited":["Exordium","TheCity","TheBeyond"],"potions_floor_usage":[50,50],"damage_taken":[{"damage":0.0,"enemies":"Small Slimes","floor":1.0,"turns":2.0},{"damage":6.0,"enemies":"2 Louse","floor":3.0,"turns":2.0},{"damage":29.0,"enemies":"3 Sentries","floor":7.0,"turns":5.0},{"damage":2.0,"enemies":"Lagavulin","floor":10.0,"turns":3.0},{"damage":0.0,"enemies":"Cultist","floor":12.0,"turns":2.0},{"damage":44.0,"enemies":"Hexaghost","floor":16.0,"turns":4.0},{"damage":15.0,"enemies":"Shell Parasite","floor":18.0,"turns":2.0},{"damage":2.0,"enemies":"Chosen","floor":19.0,"turns":3.0},{"damage":23.0,"enemies":"Snake Plant","floor":20.0,"turns":2.0},{"damage":18.0,"enemies":"Snecko","floor":22.0,"turns":3.0},{"damage":16.0,"enemies":"Centurion and Healer","floor":27.0,"turns":2.0},{"damage":9.0,"enemies":"Chosen and Byrds","floor":28.0,"turns":3.0},{"damage":22.0,"enemies":"Gremlin Leader","floor":31.0,"turns":3.0},{"damage":40.0,"enemies":"Collector","floor":33.0,"turns":4.0},{"damage":11.0,"enemies":"3 Darklings","floor":35.0,"turns":3.0},{"damage":3.0,"enemies":"Orb Walker","floor":37.0,"turns":2.0},{"damage":0.0,"enemies":"Reptomancer","floor":42.0,"turns":2.0},{"damage":2.0,"enemies":"Maw","floor":44.0,"turns":4.0},{"damage":8.0,"enemies":"Transient","floor":46.0,"turns":6.0},{"damage":5.0,"enemies":"Spire Growth","floor":47.0,"turns":2.0},{"damage":40,"enemies":"Awakened One","floor":50,"turns":6}],"seed_played":"1067008811104647435","potions_obtained":[{"floor":3.0,"key":"AttackPotion"},{"floor":12.0,"key":"Strength Potion"},{"floor":16.0,"key":"Weak Potion"},{"floor":19.0,"key":"SkillPotion"},{"floor":22.0,"key":"ColorlessPotion"},{"floor":28.0,"key":"ElixirPotion"},{"floor":33.0,"key":"BloodPotion"},{"floor":35.0,"key":"Energy Potion"},{"floor":45.0,"key":"CultistPotion"},{"floor":45.0,"key":"Block Potion"}],"is_trial":false,"path_per_floor":["M","?","M","?","?","R","E","R","T","E","R","M","R","$","R","B",null,"M","M","M","?","M","R","?","R","T","M","M","$","?","E","R","B",null,"M","$","M","?","?","R","?","E","T","M","?","M","M","T","R","B",null],"character_chosen":"IRONCLAD","items_purchased":["AT_BodySlamDance","AT_BreakingExtremeWeapon","Inflame","Whirlwind","SteroidPotion","Dramatic Entrance"],"campfire_rested":3,"item_purchase_floors":[14,14,29,29,29,36],"current_hp_per_floor":[74,74,74,63,63,63,40,62,62,66,66,72,72,72,72,34,65,56,60,43,43,31,53,53,53,53,43,40,40,40,24,46,12,74,69,69,72,58,58,58,58,64,64,68,68,66,67,67,67,33],"gold":91,"neow_bonus":"THREE_CARDS","is_daily":false,"chose_seed":false,"campfire_upgraded":7,"win_rate":0.0,"timestamp":1609340656,"path_taken":["M","?","M","?","?","R","E","R","T","E","R","M","R","$","R","BOSS","M","M","M","?","M","R","?","R","T","?","M","$","?","E","R","BOSS","M","$","M","?","?","R","?","E","T","M","?","M","?","?","R","BOSS"],"items_purchased_type":["Card","Card","Card","Card","Potion","Card"],"build_version":"2020-12-22","purchased_purges":2,"victory":true,"max_hp_per_floor":[75,75,75,75,75,75,75,75,75,75,75,75,75,75,75,75,75,75,75,75,75,75,75,75,75,75,75,75,75,75,75,75,75,75,75,75,75,75,75,75,75,75,75,75,75,75,75,75,75,75],"card_choices":[{"not_picked":["AT_GerminateFire","Body Slam"],"picked":"AT_IchimonjiDouble","floor":0.0},{"not_picked":["Dropkick","Flame Barrier"],"picked":"AT_IchimonjiDouble","floor":1.0},{"not_picked":["Clothesline","Anger"],"picked":"Hemokinesis","floor":3.0},{"not_picked":["Corruption","Armaments"],"picked":"Pummel","floor":7.0},{"not_picked":["Havoc","Fire Breathing"],"picked":"Cleave","floor":10.0},{"not_picked":["Pummel","Combust"],"picked":"Pommel Strike","floor":12.0},{"not_picked":["Double Tap","Feed"],"picked":"Limit Break","floor":16.0},{"not_picked":["Searing Blow","Havoc+1"],"picked":"Bloodletting","floor":18.0},{"not_picked":["Flex","Clash"],"picked":"Seeing Red","floor":19.0},{"not_picked":["Havoc","AT_DiedThrough"],"picked":"AT_BodySlamDance","floor":20.0},{"not_picked":["Seeing Red","Clothesline","Perfected Strike"],"picked":"SKIP","floor":22.0},{"not_picked":["Havoc+1","Metallicize"],"picked":"AT_DrawKnifeCut","floor":27.0},{"not_picked":["Cleave","Sword Boomerang"],"picked":"Rupture","floor":28.0},{"not_picked":["Searing Blow","Disarm"],"picked":"Bloodletting+1","floor":31.0},{"not_picked":["Demon Form","AT_Dispersion"],"picked":"Bludgeon","floor":33.0},{"not_picked":["Dark Embrace","AT_DiedThrough"],"picked":"Twin Strike+1","floor":35.0},{"not_picked":["Clothesline","Anger"],"picked":"Thunderclap+1","floor":37.0},{"not_picked":["Sever Soul","Sentinel+1"],"picked":"Iron Wave","floor":42.0},{"not_picked":["Offering","Thunderclap"],"picked":"Flex+1","floor":44.0},{"not_picked":["AT_IchimonjiDouble","Blood for Blood"],"picked":"Combust+1","floor":46.0},{"not_picked":["Disarm+1","Dropkick"],"picked":"Armaments+1","floor":47.0}],"player_experience":589167,"relics_obtained":[{"floor":7.0,"key":"InkBottle"},{"floor":9.0,"key":"AT_BladeRuinedKing"},{"floor":10.0,"key":"Peace Pipe"},{"floor":26.0,"key":"SnafuTest:BearRelic"},{"floor":31.0,"key":"Anchor"},{"floor":42.0,"key":"MealTicket"},{"floor":43.0,"key":"Boot"},{"floor":48.0,"key":"AT_GoldPhoenixTree"}],"event_choices":[{"damage_healed":0.0,"max_hp_gain":0.0,"max_hp_loss":0.0,"gold_gain":0.0,"event_name":"Golden Idol","player_choice":"Take Wound","floor":2.0,"gold_loss":0.0,"damage_taken":0.0,"relics_obtained":["Golden Idol"],"cards_obtained":["Injury"]},{"damage_healed":0.0,"max_hp_gain":0.0,"max_hp_loss":0.0,"gold_gain":75.0,"event_name":"World of Goop","player_choice":"Gather Gold","floor":4.0,"gold_loss":0.0,"damage_taken":11.0},{"cards_removed":["Injury"],"damage_healed":0.0,"max_hp_gain":0.0,"max_hp_loss":0.0,"gold_gain":0.0,"event_name":"The Cleric","player_choice":"Card Removal","floor":5.0,"gold_loss":75.0,"damage_taken":0.0},{"damage_healed":0.0,"max_hp_gain":0.0,"max_hp_loss":0.0,"gold_gain":50.0,"event_name":"Nest","player_choice":"Stole From Cult","floor":21.0,"gold_loss":0.0,"damage_taken":0.0},{"damage_healed":0.0,"max_hp_gain":0.0,"max_hp_loss":0.0,"gold_gain":0.0,"event_name":"FaceTrader","player_choice":"Trade","floor":24.0,"gold_loss":0.0,"damage_taken":0.0,"relics_obtained":["CultistMask"]},{"damage_healed":0.0,"max_hp_gain":0.0,"max_hp_loss":0.0,"gold_gain":0.0,"event_name":"The Mausoleum","player_choice":"Opened","floor":30.0,"gold_loss":0.0,"damage_taken":0.0,"relics_obtained":["Ancient Tea Set"],"cards_obtained":["Writhe"]},{"damage_healed":0.0,"max_hp_gain":0.0,"max_hp_loss":0.0,"gold_gain":0.0,"event_name":"Winding Halls","player_choice":"Embrace Madness","floor":38.0,"gold_loss":0.0,"damage_taken":14.0,"cards_obtained":["Madness","Madness"]},{"damage_healed":0.0,"max_hp_gain":0.0,"max_hp_loss":0.0,"gold_gain":0.0,"event_name":"Tomb of Lord Red Mask","player_choice":"Paid","floor":39.0,"gold_loss":24.0,"damage_taken":0.0,"relics_obtained":["Red Mask"]},{"cards_removed":["Madness"],"damage_healed":0.0,"max_hp_gain":0.0,"max_hp_loss":0.0,"gold_gain":0.0,"event_name":"Falling","player_choice":"Removed Skill","floor":41.0,"gold_loss":0.0,"damage_taken":0.0},{"damage_healed":0.0,"max_hp_gain":0.0,"max_hp_loss":0.0,"gold_gain":0.0,"event_name":"The Woman in Blue","player_choice":"Bought 2 Potions","floor":45.0,"gold_loss":0.0,"damage_taken":0.0}],"is_beta":false,"boss_relics":[{"not_picked":["Ectoplasm","Sozu"],"picked":"Runic Cube"},{"not_picked":["Runic Dome","Snecko Eye"],"picked":"AT_MortalBlade"}],"items_purged_floors":[29,36],"is_endless":false,"potions_floor_spawned":[3,12,16,19,22,28,33,35,46,47],"ascension_level":18}}