{"host":"msa0wxqjs3jv1k3j","time":1609329361,"event":{"mods":["BaseMod","BetterRewards","Colored Map","Highlight Path","KOR Keyword Fix","Keyboard Shortcuts","Minty Spire (QoL Compilation)","Quick Restart","SuperFastMode","everything is the same but u backflip on backflip"],"gold_per_floor":[109,34,34,52,62,62,95,95,95,95,95,128,49,75,75,170,170,182,132,145,155,169,194,194,229,229,328,328,228,246,246,246,347,347,357,3,51,0,0,0,26,26,50,82,82,82,82,82,82,82],"floor_reached":51,"playtime":2270,"items_purged":["Corruption","Reaper","Feed"],"score":903,"play_id":"b8e15e02-353f-4420-bcfa-9595ed961943","local_time":"20201230205601","daily_mods":["Shiny","Heirloom","Time Dilation","Flight"],"is_ascension_mode":false,"campfire_choices":[{"data":"Pommel Strike","floor":6.0,"key":"SMITH"},{"data":"Fiend Fire","floor":8.0,"key":"SMITH"},{"data":"Offering","floor":15.0,"key":"SMITH"},{"floor":24,"key":"REST"},{"floor":32,"key":"REST"},{"data":"Bludgeon","floor":40,"key":"SMITH"},{"data":"Seeing Red","floor":46,"key":"SMITH"},{"data":"Barricade","floor":47,"key":"SMITH"},{"data":"Demon Form","floor":49,"key":"SMITH"}],"circlet_count":0,"master_deck":["Double Tap","Demon Form+1","Bludgeon+1","Limit Break","Barricade+1","Fiend Fire+1","Impervious","Juggernaut","Brutality","Exhume","Offering+1","Immolate+1","Pommel Strike+1","Pommel Strike+1","Evolve","Feel No Pain","Dark Embrace+1","Body Slam+1","Seeing Red+1","Burning Pact"],"relics":["Burning Blood","Pocketwatch","Incense Burner","Mango","Red Skull","Sundial","Mercury Hourglass","SlaversCollar","CaptainsWheel","HornCleat","Gremlin Horn","Black Star","Juzu Bracelet","Ginger","Red Mask","Smiling Mask","PreservedInsect","Dead Branch","Art of War","Whetstone","Pantograph"],"acts_visited":["Exordium","TheCity","TheBeyond"],"potions_floor_usage":[50,50],"damage_taken":[{"damage":24.0,"enemies":"2 Louse","floor":1.0,"turns":3.0},{"damage":14.0,"enemies":"Cultist","floor":4.0,"turns":3.0},{"damage":7.0,"enemies":"Small Slimes","floor":5.0,"turns":2.0},{"damage":8.0,"enemies":"Lagavulin","floor":7.0,"turns":3.0},{"damage":7.0,"enemies":"Gremlin Nob","floor":12.0,"turns":2.0},{"damage":25.0,"enemies":"Lagavulin","floor":14.0,"turns":3.0},{"damage":8.0,"enemies":"Slime Boss","floor":16.0,"turns":2.0},{"damage":30.0,"enemies":"Shell Parasite","floor":18.0,"turns":3.0},{"damage":24.0,"enemies":"2 Thieves","floor":20.0,"turns":3.0},{"damage":35.0,"enemies":"3 Cultists","floor":21.0,"turns":4.0},{"damage":20.0,"enemies":"Chosen and Byrds","floor":22.0,"turns":3.0},{"damage":44,"enemies":"Slavers","floor":23,"turns":4},{"damage":32,"enemies":"Gremlin Leader","floor":25,"turns":3},{"damage":23,"enemies":"Centurion and Healer","floor":30,"turns":4},{"damage":33,"enemies":"Collector","floor":33,"turns":5},{"damage":22,"enemies":"Orb Walker","floor":35,"turns":3},{"damage":39,"enemies":"2 Orb Walkers","floor":37,"turns":3},{"damage":23,"enemies":"Giant Head","floor":41,"turns":3},{"damage":31,"enemies":"Nemesis","floor":44,"turns":3},{"damage":85,"enemies":"Awakened One","floor":50,"turns":6}],"seed_played":"-2800696967681736136","potions_obtained":[{"floor":1.0,"key":"FairyPotion"},{"floor":4.0,"key":"ElixirPotion"},{"floor":20.0,"key":"Strength Potion"},{"floor":25,"key":"ColorlessPotion"},{"floor":33,"key":"FairyPotion"}],"is_trial":true,"path_per_floor":["M","$","?","M","M","R","E","R","T","?","?","E","$","E","R","B",null,"M","?","M","M","M","E","R","E","T","?","?","$","M","?","R","B",null,"M","$","?","?","T","R","E","?","T","E","?","R","R","?","R","B",null],"character_chosen":"IRONCLAD","items_purchased":["Evolve","Juzu Bracelet","Seeing Red"],"campfire_rested":2,"item_purchase_floors":[13,36,36],"current_hp_per_floor":[62,62,62,58,68,68,66,66,80,55,60,59,59,40,40,38,102,78,78,60,31,35,36,67,41,41,41,41,41,24,24,55,28,105,89,89,56,56,56,56,39,92,92,67,67,67,67,67,67,13],"gold":82,"neow_bonus":"","is_daily":false,"chose_seed":true,"campfire_upgraded":7,"win_rate":0.0,"timestamp":1609329361,"path_taken":["M","$","?","?","M","R","E","R","T","?","?","E","$","E","R","BOSS","M","?","?","?","M","E","R","E","T","?","?","$","?","?","R","BOSS","M","$","?","?","?","R","E","?","T","E","?","R","R","?","R","BOSS"],"items_purchased_type":["Card","Relic","Card"],"build_version":"2020-12-22","purchased_purges":3,"victory":true,"max_hp_per_floor":[80,80,80,80,83,83,83,83,97,97,102,102,102,102,102,102,102,102,102,102,102,105,105,105,105,105,105,105,105,105,105,105,105,105,105,105,105,105,105,105,105,92,92,92,92,92,92,92,92,92],"card_choices":[{"not_picked":["Disarm","Havoc"],"picked":"Pommel Strike","floor":1.0},{"not_picked":["True Grit","Clash","Heavy Blade"],"picked":"SKIP","floor":4.0},{"not_picked":["Rupture","True Grit"],"picked":"Pommel Strike","floor":5.0},{"not_picked":["Armaments","Combust","Flex"],"picked":"SKIP","floor":7.0},{"not_picked":["Reckless Charge","Fiend Fire","Pommel Strike"],"picked":"SKIP","floor":12.0},{"not_picked":["Pommel Strike","Shockwave"],"picked":"Feel No Pain","floor":14.0},{"not_picked":["Intimidate","Heavy Blade"],"picked":"Shockwave","floor":18.0},{"not_picked":["Anger+1","Perfected Strike","Disarm"],"picked":"SKIP","floor":20.0},{"not_picked":["Cleave","Sever Soul"],"picked":"Dark Embrace","floor":21.0},{"not_picked":["Pommel Strike","Headbutt","Fire Breathing+1"],"picked":"SKIP","floor":22.0},{"not_picked":["Rupture","Pommel Strike","Heavy Blade"],"picked":"SKIP","floor":23},{"not_picked":["Wild Strike","Anger","Iron Wave"],"picked":"SKIP","floor":25},{"not_picked":["Rupture+1","Entrench"],"picked":"Body Slam+1","floor":30},{"not_picked":["Pommel Strike+1","Twin Strike","Pummel+1"],"picked":"SKIP","floor":35},{"not_picked":["Flex","Exhume"],"picked":"Burning Pact","floor":41},{"not_picked":["Clash","Demon Form","Havoc+1"],"picked":"SKIP","floor":44}],"player_experience":18812,"relics_obtained":[{"floor":7.0,"key":"Incense Burner"},{"floor":9.0,"key":"Mango"},{"floor":12.0,"key":"Sundial"},{"floor":14.0,"key":"Mercury Hourglass"},{"floor":23,"key":"CaptainsWheel"},{"floor":25,"key":"HornCleat"},{"floor":26,"key":"Gremlin Horn"},{"floor":37,"key":"Ginger"},{"floor":39,"key":"Smiling Mask"},{"floor":41,"key":"PreservedInsect"},{"floor":41,"key":"Dead Branch"},{"floor":43,"key":"Art of War"},{"floor":44,"key":"Whetstone"},{"floor":44,"key":"Pantograph"}],"event_choices":[{"cards_removed":["Berserk"],"damage_healed":0.0,"max_hp_gain":0.0,"max_hp_loss":0.0,"gold_gain":0.0,"event_name":"Purifier","player_choice":"Purged","floor":3.0,"gold_loss":0.0,"damage_taken":0.0},{"damage_healed":0.0,"max_hp_gain":0.0,"max_hp_loss":0.0,"gold_gain":0.0,"event_name":"Scrap Ooze","player_choice":"Success","floor":10.0,"gold_loss":0.0,"damage_taken":25.0,"relics_obtained":["Red Skull"]},{"damage_healed":0.0,"max_hp_gain":5.0,"max_hp_loss":0.0,"gold_gain":0.0,"event_name":"Big Fish","player_choice":"Donut","floor":11.0,"gold_loss":0.0,"damage_taken":0.0},{"damage_healed":0.0,"max_hp_gain":0.0,"max_hp_loss":0.0,"gold_gain":0.0,"event_name":"The Joust","player_choice":"Bet on Murderer","floor":19.0,"gold_loss":50.0,"damage_taken":0.0},{"damage_healed":0,"gold_gain":99,"player_choice":"Stole From Cult","damage_taken":0,"max_hp_gain":0,"max_hp_loss":0,"event_name":"Nest","floor":27,"gold_loss":0},{"damage_healed":0,"gold_gain":0,"player_choice":"Upgraded","damage_taken":0,"max_hp_gain":0,"max_hp_loss":0,"event_name":"Upgrade Shrine","floor":28,"gold_loss":0,"cards_upgraded":["Dark Embrace"]},{"damage_healed":0,"gold_gain":0,"player_choice":"Ignored","damage_taken":0,"max_hp_gain":0,"max_hp_loss":0,"event_name":"N\u0027loth","floor":31,"gold_loss":0},{"damage_healed":0,"gold_gain":0,"player_choice":"Fight","damage_taken":0,"max_hp_gain":0,"max_hp_loss":0,"event_name":"Mysterious Sphere","floor":37,"gold_loss":0},{"damage_healed":0,"gold_gain":0,"player_choice":"Paid","damage_taken":0,"relics_obtained":["Red Mask"],"max_hp_gain":0,"max_hp_loss":0,"event_name":"Tomb of Lord Red Mask","floor":38,"gold_loss":51},{"damage_healed":92,"gold_gain":0,"player_choice":"Heal","damage_taken":0,"max_hp_gain":0,"max_hp_loss":13,"event_name":"The Moai Head","floor":42,"gold_loss":0},{"damage_healed":0,"gold_gain":0,"player_choice":"Bought 0 Potions","damage_taken":0,"max_hp_gain":0,"max_hp_loss":0,"event_name":"The Woman in Blue","floor":45,"gold_loss":0},{"cards_removed":["Shockwave"],"damage_healed":0,"gold_gain":0,"player_choice":"Removed Skill","damage_taken":0,"max_hp_gain":0,"max_hp_loss":0,"event_name":"Falling","floor":48,"gold_loss":0}],"is_beta":false,"boss_relics":[{"not_picked":["Ectoplasm","SacredBark"],"picked":"SlaversCollar"},{"not_picked":["Runic Cube","Calling Bell"],"picked":"Black Star"}],"items_purged_floors":[2,29,36],"is_endless":false,"potions_floor_spawned":[1,4,20,25,30,33,37,41],"ascension_level":0}}