{"host":"t8l92xzjkmihtain","time":1609317243,"event":{"mods":["AchievementEnabler","BaseMod","Colored Map","Minty Spire (QoL Compilation)","Rare Cards Sparkle","SuperFastMode","everything is the same but u backflip on backflip"],"gold_per_floor":[110,110,126,141,156,189,189,120,147,181,193,211,224,224,224],"floor_reached":14,"playtime":698,"items_purged":[],"score":120,"play_id":"9707c77e-3c2e-43ab-a594-14db3d22c0f7","local_time":"20201230173403","is_ascension_mode":true,"campfire_choices":[{"data":"Dark Embrace","floor":7,"key":"SMITH"}],"circlet_count":0,"master_deck":["Strike_R","Strike_R","Strike_R","Strike_R","Strike_R","Defend_R","Defend_R","Defend_R","Defend_R","Bash","Dark Embrace+1","Evolve","True Grit","Reckless Charge","Corruption","Ghostly Armor"],"relics":["Burning Blood","Omamori","Bag of Preparation","Toy Ornithopter","Bag of Marbles"],"acts_visited":["Exordium"],"potions_floor_usage":[6,10,10,13],"damage_taken":[{"damage":10,"enemies":"Small Slimes","floor":1,"turns":4},{"damage":6,"enemies":"Cultist","floor":3,"turns":3},{"damage":14,"enemies":"2 Louse","floor":4,"turns":2},{"damage":10,"enemies":"Exordium Wildlife","floor":5,"turns":4},{"damage":16,"enemies":"Gremlin Nob","floor":6,"turns":3},{"damage":37,"enemies":"Lagavulin","floor":10,"turns":7},{"damage":27,"enemies":"Large Slime","floor":11,"turns":7},{"damage":1,"enemies":"Blue Slaver","floor":12,"turns":3},{"damage":20,"enemies":"Exordium Wildlife","floor":13,"turns":5},{"damage":15,"enemies":"3 Sentries","floor":14,"turns":2}],"seed_played":"-3811135591452900664","potions_obtained":[{"floor":1,"key":"CultistPotion"},{"floor":4,"key":"Strength Potion"},{"floor":5,"key":"AttackPotion"},{"floor":10,"key":"Energy Potion"}],"is_trial":false,"path_per_floor":["M","?","M","M","M","E","R","$","T","E","M","M","M","E"],"character_chosen":"IRONCLAD","items_purchased":["Reckless Charge"],"campfire_rested":0,"item_purchase_floors":[8],"current_hp_per_floor":[76,76,76,68,64,54,54,54,54,33,12,17,8,0,0],"gold":224,"neow_bonus":"RANDOM_COMMON_RELIC","is_daily":false,"chose_seed":false,"campfire_upgraded":1,"win_rate":0.0,"timestamp":1609317243,"path_taken":["M","?","M","?","M","E","R","?","T","E","M","M","?","E"],"items_purchased_type":["Card"],"build_version":"2020-12-22","purchased_purges":0,"victory":false,"max_hp_per_floor":[80,80,80,80,80,80,80,80,80,80,80,80,80,80,80],"card_choices":[{"not_picked":["Sever Soul","Havoc","Headbutt"],"picked":"SKIP","floor":1},{"not_picked":["Armaments","Seeing Red"],"picked":"Dark Embrace","floor":3},{"not_picked":["Pommel Strike","Anger","Whirlwind"],"picked":"SKIP","floor":4},{"not_picked":["Clash","Headbutt"],"picked":"Evolve","floor":5},{"not_picked":["Clash","Cleave"],"picked":"True Grit","floor":6},{"not_picked":["Iron Wave","Warcry"],"picked":"Corruption","floor":10},{"not_picked":["Thunderclap","Iron Wave","Havoc"],"picked":"SKIP","floor":11},{"not_picked":["Pommel Strike","Thunderclap"],"picked":"Ghostly Armor","floor":12},{"not_picked":["Heavy Blade","Metallicize","Carnage"],"picked":"SKIP","floor":13}],"player_experience":31985,"relics_obtained":[{"floor":6,"key":"Bag of Preparation"},{"floor":9,"key":"Toy Ornithopter"},{"floor":10,"key":"Bag of Marbles"}],"event_choices":[{"damage_healed":0,"gold_gain":0,"player_choice":"Bought 0 Potions","damage_taken":0,"max_hp_gain":0,"max_hp_loss":0,"event_name":"The Woman in Blue","floor":2,"gold_loss":0}],"is_beta":false,"boss_relics":[],"items_purged_floors":[],"is_endless":false,"potions_floor_spawned":[1,4,5,10],"killed_by":"3 Sentries","ascension_level":3}}