{"host":"gsgpu9obojnqwpp0","time":1609304996,"event":{"mods":["AchievementEnabler","BaseMod","Block Reminder","DeckTracker","Minty Spire (QoL Compilation)","Permanent Neow"],"gold_per_floor":[114,129,54,69,18,18,48,48,348,378,408,423,423,438,438,538,538,553,129,129,55,70,70,85,100,100,100,130,130,145,160,160,260,260,275,275,241,256,271,271,286,286,286,286,286,301,316,39,39,39],"floor_reached":51,"playtime":1970,"items_purged":["Defend_B","Pain","Strike_B"],"score":889,"play_id":"d2366075-fdb9-48f6-910a-735c17201092","local_time":"20201230000956","daily_mods":["Cursed Run","Diverse","DeadlyEvents"],"is_ascension_mode":false,"campfire_choices":[{"data":"Zap","floor":6,"key":"SMITH"},{"data":"Flame Barrier","floor":8,"key":"SMITH"},{"floor":15,"key":"REST"},{"data":"Heavy Blade","floor":23,"key":"SMITH"},{"data":"Heavy Blade","floor":27,"key":"SMITH"},{"floor":32,"key":"REST"},{"data":"Fire Breathing","floor":40,"key":"SMITH"},{"data":"Electrodynamics","floor":42,"key":"SMITH"},{"data":"Noxious Fumes","floor":44,"key":"SMITH"},{"floor":49,"key":"REST"}],"circlet_count":0,"master_deck":["Strike_B","Strike_B","Defend_B","Defend_B","Defend_B","Zap+1","Dualcast","Poisoned Stab","Doom and Gloom","Judgement","Conserve Battery","Flame Barrier+1","Parasite","Chaos","Heavy Blade+1","Swivel","Electrodynamics+1","CurseOfTheBell","Prostrate","Heavy Blade+1","Shrug It Off","Shame","Capacitor","Melter","Noxious Fumes+1","Parasite","Wallop+1","Prostrate","Ball Lightning","Doubt","Demon Form","Inflame","Fire Breathing+1","Parasite","Barrage","Fire Breathing+1","Parasite","Backstab","Hello World","Blur","Regret"],"relics":["Cursed Key","Darkstone Periapt","Du-Vu Doll","Meat on the Bone","Old Coin","Bottled Flame","Sundial","Calling Bell","Lantern","Pear","Girya","DollysMirror","Toy Ornithopter","Eternal Feather","Letter Opener","StrikeDummy","Inserter","HornCleat"],"acts_visited":["Exordium","TheCity","TheBeyond"],"potions_floor_usage":[16,16,24,33,38,50,50,50],"damage_taken":[{"damage":5,"enemies":"Cultist","floor":1,"turns":4},{"damage":5,"enemies":"Small Slimes","floor":2,"turns":2},{"damage":6,"enemies":"Jaw Worm","floor":4,"turns":2},{"damage":4,"enemies":"3 Sentries","floor":7,"turns":4},{"damage":24,"enemies":"Gremlin Nob","floor":10,"turns":4},{"damage":18,"enemies":"Lagavulin","floor":11,"turns":4},{"damage":0,"enemies":"Exordium Thugs","floor":12,"turns":2},{"damage":0,"enemies":"2 Fungi Beasts","floor":14,"turns":2},{"damage":35,"enemies":"Hexaghost","floor":16,"turns":10},{"damage":28,"enemies":"Shell Parasite","floor":18,"turns":6},{"damage":26,"enemies":"3 Byrds","floor":22,"turns":3},{"damage":15,"enemies":"Snecko","floor":24,"turns":4},{"damage":2,"enemies":"Sentry and Sphere","floor":25,"turns":3},{"damage":37,"enemies":"Book of Stabbing","floor":28,"turns":5},{"damage":11,"enemies":"Snake Plant","floor":30,"turns":3},{"damage":0,"enemies":"Snecko","floor":31,"turns":2},{"damage":77,"enemies":"Collector","floor":33,"turns":9},{"damage":6,"enemies":"3 Shapes","floor":35,"turns":4},{"damage":0,"enemies":"Orb Walker","floor":38,"turns":2},{"damage":38,"enemies":"Writhing Mass","floor":39,"turns":7},{"damage":13,"enemies":"4 Shapes","floor":41,"turns":4},{"damage":8,"enemies":"Maw","floor":46,"turns":5},{"damage":86,"enemies":"Transient","floor":47,"turns":5},{"damage":96,"enemies":"Donu and Deca","floor":50,"turns":8}],"seed_played":"9091901603564859836","potions_obtained":[{"floor":4,"key":"FearPotion"},{"floor":10,"key":"PotionOfCapacity"},{"floor":12,"key":"ColorlessPotion"},{"floor":14,"key":"DuplicationPotion"},{"floor":18,"key":"GamblersBrew"},{"floor":30,"key":"Swift Potion"},{"floor":31,"key":"Strength Potion"},{"floor":35,"key":"Explosive Potion"},{"floor":38,"key":"Strength Potion"},{"floor":47,"key":"GamblersBrew"}],"is_trial":false,"path_per_floor":["M","M","$","M","$","R","E","R","T","E","E","M","?","M","R","B",null,"M","$","?","$","M","R","M","M","T","R","E","?","M","M","R","B",null,"M","?","$","M","M","R","M","R","T","R","?","M","M","$","R","B",null],"character_chosen":"DEFECT","items_purchased":["Conserve Battery","DollysMirror","Toy Ornithopter","Shrug It Off","Capacitor","Inflame","Hello World","Blur"],"campfire_rested":3,"item_purchase_floors":[5,19,19,19,21,37,48,48],"current_hp_per_floor":[70,65,65,59,59,59,55,55,61,49,43,43,43,43,67,50,103,75,75,81,81,55,70,60,58,64,79,54,54,55,67,115,61,121,115,115,115,120,88,109,96,117,123,133,133,125,51,51,114,51],"gold":39,"neow_bonus":"","is_daily":true,"chose_seed":false,"campfire_upgraded":7,"win_rate":0.0,"timestamp":1609304996,"path_taken":["M","M","$","?","$","R","?","R","T","E","?","M","?","M","R","BOSS","M","$","?","$","M","R","M","M","T","R","E","?","M","M","R","BOSS","M","?","$","M","M","R","?","R","T","R","?","M","M","?","R","BOSS"],"items_purchased_type":["Card","Relic","Relic","Card","Card","Card","Card","Card"],"build_version":"2020-12-22","purchased_purges":3,"victory":true,"max_hp_per_floor":[75,75,75,75,75,75,75,75,81,81,81,81,81,81,81,87,103,103,103,109,109,109,109,109,109,115,115,115,115,115,115,115,121,121,121,121,121,121,127,127,127,127,133,133,133,133,133,133,133,139],"card_choices":[{"not_picked":["Compile Driver","PiercingWail"],"picked":"Poisoned Stab","floor":1},{"not_picked":["EmptyFist","Havoc"],"picked":"Doom and Gloom","floor":2},{"not_picked":["Dodge and Roll","BowlingBash"],"picked":"Judgement","floor":4},{"not_picked":["Skewer","Halt"],"picked":"Flame Barrier","floor":7},{"not_picked":["Flame Barrier","WheelKick","Outmaneuver"],"picked":"SKIP","floor":10},{"not_picked":["Judgement","Warcry"],"picked":"Chaos","floor":11},{"not_picked":["Hologram","Cleave"],"picked":"Heavy Blade","floor":12},{"not_picked":["Gash","Sucker Punch"],"picked":"Swivel","floor":14},{"not_picked":["Meteor Strike","Reaper"],"picked":"Electrodynamics","floor":16},{"not_picked":["Carnage+1","Coolheaded"],"picked":"Prostrate","floor":18},{"not_picked":["Compile Driver","Deflect"],"picked":"Melter","floor":22},{"not_picked":["Genetic Algorithm","MentalFortress"],"picked":"Noxious Fumes","floor":24},{"not_picked":["Cold Snap","Rebound","Fasting2"],"picked":"SKIP","floor":25},{"not_picked":["Go for the Eyes","Electrodynamics"],"picked":"Wallop+1","floor":28},{"not_picked":["Evaluate","Beam Cell"],"picked":"Prostrate","floor":30},{"not_picked":["Twin Strike+1","PathToVictory"],"picked":"Ball Lightning","floor":31},{"not_picked":["Multi-Cast","Glass Knife"],"picked":"Demon Form","floor":33},{"not_picked":["Clothesline","JustLucky","Warcry"],"picked":"SKIP","floor":35},{"not_picked":["Searing Blow+1","Heatsinks+1"],"picked":"Fire Breathing","floor":38},{"not_picked":["PiercingWail+1","Flechettes+1"],"picked":"Barrage","floor":39},{"not_picked":["Barrage+1","Glacier+1"],"picked":"Fire Breathing+1","floor":41},{"not_picked":["Capacitor+1","Go for the Eyes+1","Genetic Algorithm+1"],"picked":"SKIP","floor":46},{"not_picked":["Fasting2","True Grit"],"picked":"Backstab","floor":47}],"player_experience":240626,"relics_obtained":[{"floor":7,"key":"Meat on the Bone"},{"floor":9,"key":"Old Coin"},{"floor":10,"key":"Bottled Flame"},{"floor":11,"key":"Sundial"},{"floor":17,"key":"Lantern"},{"floor":17,"key":"Pear"},{"floor":17,"key":"Girya"},{"floor":26,"key":"Letter Opener"},{"floor":28,"key":"StrikeDummy"},{"floor":43,"key":"HornCleat"}],"event_choices":[{"cards_removed":["Strike_B"],"damage_healed":0,"gold_gain":0,"player_choice":"Card Removal","damage_taken":0,"max_hp_gain":0,"max_hp_loss":0,"event_name":"Wheel of Change","floor":13,"gold_loss":0},{"damage_healed":0,"gold_gain":0,"player_choice":"Stole Relic","damage_taken":0,"relics_obtained":["Eternal Feather"],"max_hp_gain":0,"max_hp_loss":0,"event_name":"Addict","floor":20,"gold_loss":0,"cards_obtained":["Shame"]},{"damage_healed":0,"gold_gain":0,"player_choice":"Ignored","damage_taken":0,"max_hp_gain":0,"max_hp_loss":0,"event_name":"Ghosts","floor":29,"gold_loss":0},{"damage_healed":0,"gold_gain":0,"player_choice":"Bought 0 Potions","damage_taken":0,"max_hp_gain":0,"max_hp_loss":0,"event_name":"The Woman in Blue","floor":36,"gold_loss":0},{"damage_healed":0,"gold_gain":0,"player_choice":"Memory 1","damage_taken":0,"max_hp_gain":0,"max_hp_loss":0,"event_name":"SensoryStone","floor":45,"gold_loss":0}],"is_beta":false,"boss_relics":[{"not_picked":["Philosopher\u0027s Stone","Empty Cage"],"picked":"Calling Bell"},{"not_picked":["Astrolabe","Runic Dome"],"picked":"Inserter"}],"items_purged_floors":[3,19,48],"is_endless":false,"potions_floor_spawned":[4,10,12,14,18,30,31,35,38,47],"ascension_level":0}}