{"host":"fhujvjnj99vjue08","time":1609358373,"event":{"mods":["2.2 Compatiblity","AchievementEnabler","Aspiration","Astrologer","BaseMod","Beaked The Cultist","BetterRewards","CatGirl Mod","Colored Map","Colored Powertips","Conjunction","Conspire","Custom Start","Downfall","Friendly Minions","GifTheSpireLib","Googly Eyes","Halation","Highlight Path","Hubris","Hyrulean Relics","Infinite Spire","Magitek Elite","Mimic Mod","Minty Spire (QoL Compilation)","Replay The Spire","Reworked Bosses","Shop Mod","StSLib","Strawberry Spire","Stuff the Spire","The Bug Knight","The Factory","The Gatherer","The Jungle","The Servant 0.9.4","TheBandit","TheFirefly","egg","thorton","vexMod"],"gold_per_floor":[121,140,158,170,170,206,206,221,266,166,182,182,218,228,228,355,355,350,373,375,404,404,443,483,489,489],"floor_reached":25,"playtime":2456,"items_purged":["Shame","Normality"],"score":335,"play_id":"4ff2eba6-e5e6-4515-9f8d-52f07ffa5cf9","local_time":"20201230195933","is_ascension_mode":false,"campfire_choices":[{"data":"HollowMod:MantisMark","floor":7,"key":"SMITH"},{"data":"HollowMod:FocusHealStart","floor":15,"key":"SMITH"}],"circlet_count":0,"master_deck":["HollowMod:NailStrikeStart","HollowMod:NailStrikeStart","HollowMod:NailStrikeStart","HollowMod:NailStrikeStart","HollowMod:QuickDashStart","HollowMod:QuickDashStart","HollowMod:QuickDashStart","HollowMod:QuickDashStart","HollowMod:FocusHealStart+1","HollowMod:PogoStrike","expansioncontent:BronzeBeam","HollowMod:SharpenedShadows","HollowMod:PerfectDash","HollowMod:PerfectDash","HollowMod:VengefulSpirit","HollowMod:HowlingWraiths","HollowMod:MantisMark+1","HollowMod:ChannelNail","HollowMod:SoulStrike","HollowMod:CycloneSlash","HollowMod:DescendingDark","HollowMod:BlackTendrils","HollowMod:LifebloodCore","HollowMod:AwokenDreamNail","HollowMod:SiblingsSouls","HollowMod:QuirrelsAssistance+1","HollowMod:PureNailStrike+1","HollowMod:HuntersJournal","HollowMod:SoulVessel"],"relics":["HollowMod:VesselMask","infinitespire:Midas Blood","Ring of Searing","Ring of Fangs","Letter Opener","hubris:Icosahedron","vexMod:InvisibilityCloak","conspire:SlowCooker","Oddly Smooth Stone","Red Mask"],"acts_visited":["Exordium","TheCity"],"potions_floor_usage":[13,16,16,23,24,25,25],"damage_taken":[{"damage":7,"enemies":"Small Slimes","floor":1,"turns":7},{"damage":1,"enemies":"Jaw Worm","floor":2,"turns":3},{"damage":2,"enemies":"conspire:RoseBush","floor":3,"turns":4},{"damage":5,"enemies":"Looter","floor":4,"turns":3},{"damage":12,"enemies":"Lagavulin","floor":6,"turns":7},{"damage":1,"enemies":"Large Slime","floor":8,"turns":6},{"damage":3,"enemies":"HollowMod:HuskWarrior","floor":11,"turns":5},{"damage":3,"enemies":"Gremlin Nob","floor":13,"turns":4},{"damage":0,"enemies":"3 Louse","floor":14,"turns":1},{"damage":45,"enemies":"The Guardian","floor":16,"turns":9},{"damage":41,"enemies":"2 Thieves","floor":18,"turns":4},{"damage":24,"enemies":"Shell Parasite","floor":19,"turns":7},{"damage":34,"enemies":"3 Cultists","floor":21,"turns":6},{"damage":14,"enemies":"Replay:Snechameleon","floor":23,"turns":7},{"damage":24,"enemies":"Masked Bandits","floor":24,"turns":5},{"damage":16,"enemies":"Slavers","floor":25,"turns":2}],"seed_played":"-1203152060271720280","potions_obtained":[{"floor":1,"key":"Swift Potion"},{"floor":6,"key":"sneckomod:MuddlingPotion"},{"floor":13,"key":"Fire Potion"},{"floor":14,"key":"Dexterity Potion"},{"floor":19,"key":"champ:CounterPotion"},{"floor":23,"key":"Swift Potion"}],"is_trial":false,"path_per_floor":["M","M","M","M","?","E","R","M","T","$","M","?","E","M","R","B",null,"M","M","?","M","?","E","?","E"],"character_chosen":"THE_BUGKNIGHT","items_purchased":["expansioncontent:BronzeBeam","infinitespire:Midas Blood","HollowMod:SharpenedShadows","HollowMod:PerfectDash","HollowMod:VengefulSpirit"],"campfire_rested":0,"item_purchase_floors":[0,0,0,0,0],"current_hp_per_floor":[37,36,40,41,41,35,35,40,40,40,37,37,35,35,35,3,75,34,16,8,41,41,34,16,0,0],"gold":489,"neow_bonus":"","is_daily":false,"chose_seed":false,"campfire_upgraded":2,"win_rate":0.0,"timestamp":1609358373,"path_taken":["M","M","M","M","?","E","R","M","T","$","M","?","E","M","R","BOSS","M","M","?","M","?","E","?","E"],"items_purchased_type":["Card","Relic","Card","Card","Card"],"build_version":"2020-12-22","purchased_purges":2,"victory":false,"max_hp_per_floor":[75,75,75,75,75,75,75,75,75,75,75,75,75,75,75,75,75,75,75,75,75,75,75,75,75,75],"card_choices":[{"not_picked":["HollowMod:NewGlowingWomb","HollowMod:DashSlash"],"picked":"HollowMod:HowlingWraiths","floor":1},{"not_picked":["HollowMod:DescendingDark","HollowMod:CycloneSlash"],"picked":"HollowMod:MantisMark","floor":2},{"not_picked":["HollowMod:HeavyBlow","HollowMod:HuntersJournal"],"picked":"HollowMod:ChannelNail","floor":3},{"not_picked":["HollowMod:VengefulSpirit","HollowMod:PureNailStrike"],"picked":"HollowMod:SoulStrike","floor":4},{"not_picked":["HollowMod:BrokenVessel","HollowMod:CornifersMapStart"],"picked":"HollowMod:CycloneSlash","floor":6},{"not_picked":["HollowMod:CycloneSlash","HollowMod:VengefulSpirit"],"picked":"HollowMod:DescendingDark","floor":8},{"not_picked":["HollowMod:CycloneSlash","HollowMod:DashSlash"],"picked":"HollowMod:BlackTendrils","floor":11},{"not_picked":["HollowMod:SharpenedNail","HollowMod:GrimmsGift"],"picked":"HollowMod:LifebloodCore","floor":13},{"not_picked":["HollowMod:AbyssShriek","HollowMod:GreatSlash","HollowMod:CornifersMapStart"],"picked":"SKIP","floor":14},{"not_picked":["HollowMod:theNailsmith","HollowMod:PureVessel"],"picked":"HollowMod:AwokenDreamNail","floor":16},{"not_picked":["HollowMod:CloakDash","HollowMod:MawleksShell"],"picked":"HollowMod:SiblingsSouls","floor":18},{"not_picked":["HollowMod:InfectedAttack","HollowMod:NewLittleFool+1","HollowMod:NewJinnsSoul+1"],"picked":"SKIP","floor":19},{"not_picked":["HollowMod:TaintedHusks","HollowMod:DescendingDark"],"picked":"HollowMod:QuirrelsAssistance+1","floor":20},{"not_picked":["HollowMod:SharpenedNail","HollowMod:DescendingDark"],"picked":"HollowMod:PureNailStrike+1","floor":21},{"not_picked":["HollowMod:HuntersJournal","HollowMod:TaintedHusks","HollowMod:ChannelNail"],"picked":"SKIP","floor":23},{"not_picked":["HollowMod:TaintedHusks","HollowMod:ChannelNail"],"picked":"HollowMod:HuntersJournal","floor":23},{"not_picked":["HollowMod:SoulShaman+1","HollowMod:TaintedHusks"],"picked":"HollowMod:SoulVessel","floor":24}],"player_experience":323142,"relics_obtained":[{"floor":5,"key":"Ring of Searing"},{"floor":5,"key":"Ring of Fangs"},{"floor":6,"key":"Letter Opener"},{"floor":13,"key":"vexMod:InvisibilityCloak"},{"floor":23,"key":"Oddly Smooth Stone"},{"floor":24,"key":"Red Mask"}],"event_choices":[{"damage_healed":0,"gold_gain":0,"player_choice":"Leave","damage_taken":0,"max_hp_gain":0,"max_hp_loss":0,"event_name":"conspire:Investor","floor":22,"gold_loss":0},{"damage_healed":0,"gold_gain":0,"player_choice":"Fought Bandits","damage_taken":0,"max_hp_gain":0,"max_hp_loss":0,"event_name":"Masked Bandits","floor":24,"gold_loss":0}],"is_beta":false,"boss_relics":[{"not_picked":["vexMod:TanglingVine","vexMod:ImprovementManual"],"picked":"conspire:SlowCooker"}],"items_purged_floors":[0,10],"is_endless":false,"potions_floor_spawned":[1,6,13,14,19,23],"killed_by":"Slavers","ascension_level":0}}