{"host":"xazfs2cmso1lkipw","time":1609347671,"event":{"mods":["Arknights The Spire","BaseMod","Bestiary","Better Third Choice","Colored Powertips","Custom Start","Highlight Path","Mad Scientist","Marisa????????","Minty Spire (QoL Compilation)","Quick Restart","Railgun Mod","Relic Stats","Remilia??????","Shop Mod","StSLib","The Alterego","The Elementalist","The Servant 0.9.4","TheSwordswoman"],"gold_per_floor":[120,120,120,120,138,138,138],"floor_reached":6,"playtime":456,"items_purged":[],"score":59,"play_id":"d439bd4a-ce37-4b8d-b9eb-fe708a1d0a80","local_time":"20201231010111","daily_mods":["Hoarder","Time Dilation","Flight","DeadlyEvents","Elite Swarm","Lethality"],"is_ascension_mode":false,"campfire_choices":[],"circlet_count":0,"master_deck":["Demon Form","Wraith Form v2","Echo Form+1","DevaForm","TheRailgun:Level_6","BatForm","FlawlessForm","alterego_mod:Strike","alterego_mod:Strike","alterego_mod:Strike","alterego_mod:Strike","alterego_mod:Defend","alterego_mod:Defend","alterego_mod:Defend","alterego_mod:Defend","alterego_mod:Impale","alterego_mod:BigMeatyClaws","alterego_mod:BrynhildrsRune","alterego_mod:IndependentAction","alterego_mod:IndependentAction","alterego_mod:IndependentAction","alterego_mod:Belts","alterego_mod:Belts","alterego_mod:Belts","alterego_mod:Skirt","alterego_mod:Skirt","alterego_mod:Skirt","alterego_mod:Clones","alterego_mod:Clones","alterego_mod:Clones","alterego_mod:Cooking","alterego_mod:Cooking","alterego_mod:Cooking","alterego_mod:Maid","alterego_mod:Maid","alterego_mod:Maid","WreathOfFlame","WreathOfFlame","WreathOfFlame","alterego_mod:Table","alterego_mod:Table","alterego_mod:Table"],"relics":["alterego_mod:MasochisticConstitution","alterego_mod:SistersRibbon","Oddly Smooth Stone"],"acts_visited":["Exordium"],"potions_floor_usage":[],"damage_taken":[{"damage":26,"enemies":"Small Slimes","floor":1,"turns":4},{"damage":8,"enemies":"2 Louse","floor":5,"turns":2},{"damage":30,"enemies":"Lagavulin","floor":6,"turns":3}],"seed_played":"-1658341544923410670","potions_obtained":[{"floor":1,"key":"Weak Potion"}],"is_trial":true,"path_per_floor":["M","?","?","?","M","E"],"character_chosen":"The_Alterego","items_purchased":[],"campfire_rested":0,"item_purchase_floors":[],"current_hp_per_floor":[45,45,31,31,27,0,0],"gold":138,"neow_bonus":"","is_daily":false,"chose_seed":false,"campfire_upgraded":0,"win_rate":0.0,"timestamp":1609347671,"path_taken":["M","?","?","?","M","E"],"items_purchased_type":[],"build_version":"2020-12-22","purchased_purges":0,"victory":false,"max_hp_per_floor":[71,71,71,71,72,72,72],"relic_stats":{"counters":[3,9],"obtain_stats":[{"alterego_mod:MasochisticConstitution":0,"Oddly Smooth Stone":3,"alterego_mod:SistersRibbon":0},{"alterego_mod:MasochisticConstitution":0,"Oddly Smooth Stone":1,"alterego_mod:SistersRibbon":0},{"alterego_mod:MasochisticConstitution":0,"Oddly Smooth Stone":4,"alterego_mod:SistersRibbon":0}]},"card_choices":[{"not_picked":["alterego_mod:Bunnysuit","alterego_mod:Bounce"],"picked":"alterego_mod:IndependentAction","floor":1},{"not_picked":["alterego_mod:Support","alterego_mod:Skirt"],"picked":"alterego_mod:Table","floor":5}],"player_experience":20584,"relics_obtained":[],"event_choices":[{"damage_healed":0,"gold_gain":0,"player_choice":"Upgraded","damage_taken":0,"max_hp_gain":0,"max_hp_loss":0,"event_name":"Upgrade Shrine","floor":4,"gold_loss":0,"cards_upgraded":["Echo Form"]}],"is_beta":false,"boss_relics":[],"items_purged_floors":[],"is_endless":true,"potions_floor_spawned":[1],"killed_by":"Lagavulin","ascension_level":0}}