{"host":"a7n5dzefz0hsmd08","time":1609291829,"event":{"mods":["2.2 Compatiblity","AchievementEnabler","BaseMod","Colored Powertips","Minty Spire (QoL Compilation)","StSLib"],"gold_per_floor":[115,115,126,96,106,135,155,155,155,167,167,185,212,232,232,330,330,330],"floor_reached":17,"playtime":598,"items_purged":[],"score":202,"play_id":"2cfd6bd7-c5d2-4f27-b7c3-c0363c36b4cb","local_time":"20201230023029","is_ascension_mode":true,"campfire_choices":[{"data":"Perfected Strike","floor":11,"key":"SMITH"},{"data":"Combust","floor":15,"key":"SMITH"}],"circlet_count":0,"master_deck":["Strike_R","Strike_R","Strike_R","Strike_R","Strike_R","Defend_R","Defend_R","Defend_R","Defend_R","Bash+1","Perfected Strike+1","Twin Strike","Anger","Cleave","Heavy Blade","Clothesline","Thunderclap","Clash+1","Dropkick+1","Impervious+1"],"relics":["Burning Blood","FaceOfCleric","Potion Belt","Matryoshka","Pear","Astrolabe"],"acts_visited":["Exordium","TheCity"],"potions_floor_usage":[7,8,10,16,16],"damage_taken":[{"damage":1,"enemies":"Cultist","floor":1,"turns":3},{"damage":6,"enemies":"Jaw Worm","floor":3,"turns":3},{"damage":5,"enemies":"Small Slimes","floor":5,"turns":3},{"damage":21,"enemies":"Lagavulin","floor":6,"turns":5},{"damage":22,"enemies":"Exordium Thugs","floor":7,"turns":4},{"damage":7,"enemies":"Blue Slaver","floor":10,"turns":2},{"damage":3,"enemies":"Large Slime","floor":12,"turns":5},{"damage":14,"enemies":"Gremlin Nob","floor":13,"turns":4},{"damage":0,"enemies":"Exordium Wildlife","floor":14,"turns":2},{"damage":57,"enemies":"Hexaghost","floor":16,"turns":6}],"seed_played":"-7507187497287070566","potions_obtained":[{"floor":3,"key":"Dexterity Potion"},{"floor":4,"key":"LiquidBronze"},{"floor":4,"key":"ColorlessPotion"},{"floor":7,"key":"PowerPotion"},{"floor":8,"key":"Fruit Juice"},{"floor":8,"key":"SpeedPotion"},{"floor":8,"key":"BlessingOfTheForge"},{"floor":14,"key":"Strength Potion"},{"floor":16,"key":"GamblersBrew"}],"is_trial":false,"path_per_floor":["M","?","M","?","M","E","M","?","T","M","R","M","E","M","R","B",null],"character_chosen":"IRONCLAD","items_purchased":[],"campfire_rested":0,"item_purchase_floors":[],"current_hp_per_floor":[80,80,81,81,82,68,53,58,58,58,58,62,65,72,72,22,104,104],"gold":330,"neow_bonus":"UPGRADE_CARD","is_daily":false,"chose_seed":false,"campfire_upgraded":2,"win_rate":0.0,"timestamp":1609291829,"path_taken":["M","?","?","?","?","E","M","?","T","?","R","M","E","?","R","BOSS"],"items_purchased_type":[],"build_version":"2020-12-22","purchased_purges":0,"victory":false,"max_hp_per_floor":[80,80,81,81,82,83,84,89,89,90,90,91,102,103,103,104,104,104],"card_choices":[{"not_picked":["Shockwave","Warcry"],"picked":"Perfected Strike","floor":1},{"not_picked":["Power Through","Intimidate"],"picked":"Twin Strike","floor":3},{"not_picked":["Bloodletting","Body Slam"],"picked":"Anger","floor":5},{"not_picked":["Twin Strike","Entrench"],"picked":"Cleave","floor":6},{"not_picked":["Flex","Second Wind"],"picked":"Heavy Blade","floor":7},{"not_picked":["Dual Wield","Fire Breathing"],"picked":"Clothesline","floor":10},{"not_picked":["Wild Strike","Impervious"],"picked":"Thunderclap","floor":12},{"not_picked":["Wild Strike","Body Slam"],"picked":"Combust","floor":13},{"not_picked":["Power Through","Clash"],"picked":"Fire Breathing","floor":14},{"not_picked":["Limit Break","Barricade"],"picked":"Immolate","floor":16}],"player_experience":157704,"relics_obtained":[{"floor":6,"key":"Potion Belt"},{"floor":9,"key":"Matryoshka"},{"floor":13,"key":"Pear"}],"event_choices":[{"damage_healed":0,"gold_gain":0,"player_choice":"Trade","damage_taken":0,"relics_obtained":["FaceOfCleric"],"max_hp_gain":0,"max_hp_loss":0,"event_name":"FaceTrader","floor":2,"gold_loss":0},{"damage_healed":0,"gold_gain":0,"player_choice":"Bought 2 Potions","damage_taken":0,"max_hp_gain":0,"max_hp_loss":0,"event_name":"The Woman in Blue","floor":4,"gold_loss":0},{"damage_healed":0,"gold_gain":0,"player_choice":"Got Potions","damage_taken":0,"max_hp_gain":0,"max_hp_loss":0,"event_name":"Lab","floor":8,"gold_loss":0}],"is_beta":false,"boss_relics":[{"not_picked":["Busted Crown","Sozu"],"picked":"Astrolabe"}],"items_purged_floors":[],"is_endless":false,"potions_floor_spawned":[3,7,14,16],"ascension_level":1}}