{"host":"uonldg9uriwfhjjx","time":1609315708,"event":{"mods":["AchievementEnabler","BaseMod","Minty Spire (QoL Compilation)","Relic Stats"],"gold_per_floor":[18,35,35,47,60,60,60,60,114,64,64,94,112,112,112,191,191,209,69,69,81,99,99,99,114,114,114,1,16,16,31,31,108,108,121,131,131,31,47,47,47,75,75,75,75,91,91,91,91],"floor_reached":48,"playtime":3910,"items_purged":["Strike_B","Strike_B"],"score":792,"play_id":"9af8c913-b64e-4784-b048-0ef55192976c","local_time":"20201230030828","is_ascension_mode":true,"campfire_choices":[{"data":"Chaos","floor":6.0,"key":"SMITH"},{"data":"Zap","floor":8.0,"key":"SMITH"},{"floor":15,"key":"REST"},{"data":"Fission","floor":24,"key":"SMITH"},{"floor":30,"key":"REST"},{"floor":32,"key":"REST"},{"floor":40,"key":"REST"},{"data":"Seek","floor":44,"key":"SMITH"}],"circlet_count":0,"master_deck":["AscendersBane","Defend_B","Defend_B","Zap+1","Dualcast","Undo","Capacitor","Chaos+1","Genetic Algorithm","Ball Lightning","Seek+1","Defragment+1","Consume","Fission+1","Chill","Chaos","Coolheaded","Electrodynamics","Doubt","Rainbow","PanicButton"],"relics":["Cracked Core","Orichalcum","Art of War","Inserter","Question Card","Cables","SlaversCollar","Happy Flower","Bottled Lightning"],"acts_visited":["Exordium","TheCity","TheBeyond"],"potions_floor_usage":[18,23,29],"damage_taken":[{"damage":1.0,"enemies":"2 Louse","floor":1.0,"turns":3.0},{"damage":1.0,"enemies":"Cultist","floor":2.0,"turns":3.0},{"damage":8.0,"enemies":"Jaw Worm","floor":4.0,"turns":4.0},{"damage":12.0,"enemies":"Exordium Thugs","floor":5.0,"turns":5.0},{"damage":22,"enemies":"Lagavulin","floor":12,"turns":5},{"damage":0,"enemies":"2 Fungi Beasts","floor":13,"turns":3},{"damage":33,"enemies":"The Guardian","floor":16,"turns":10},{"damage":11,"enemies":"3 Byrds","floor":18,"turns":6},{"damage":10,"enemies":"Chosen","floor":21,"turns":7},{"damage":18,"enemies":"Centurion and Healer","floor":22,"turns":8},{"damage":0,"enemies":"Book of Stabbing","floor":23,"turns":1},{"damage":19,"enemies":"Snake Plant","floor":25,"turns":5},{"damage":0,"enemies":"Cultist and Chosen","floor":29,"turns":5},{"damage":0,"enemies":"Centurion and Healer","floor":31,"turns":6},{"damage":28,"enemies":"Collector","floor":33,"turns":9},{"damage":17,"enemies":"Orb Walker","floor":35,"turns":4},{"damage":22,"enemies":"3 Darklings","floor":36,"turns":3},{"damage":14,"enemies":"Sphere and 2 Shapes","floor":39,"turns":6},{"damage":27,"enemies":"Reptomancer","floor":42,"turns":7},{"damage":19,"enemies":"Transient","floor":46,"turns":5},{"damage":29,"enemies":"Giant Head","floor":48,"turns":8}],"seed_played":"-1888506313467092096","potions_obtained":[{"floor":5.0,"key":"Weak Potion"},{"floor":12,"key":"FocusPotion"},{"floor":18,"key":"SmokeBomb"},{"floor":33,"key":"Energy Potion"},{"floor":36,"key":"Strength Potion"}],"is_trial":false,"path_per_floor":["M","M","?","M","M","R","$","R","T","?","$","E","M","?","R","B",null,"M","$","T","M","M","E","R","M","T","?","$","M","R","M","R","B",null,"M","M","?","$","M","R","?","E","T","R","?","M","?","E"],"character_chosen":"DEFECT","items_purchased":["Defragment","Consume","Chaos"],"campfire_rested":4,"item_purchase_floors":[19,19,28],"current_hp_per_floor":[67,66,66,58,46,46,46,46,46,46,46,24,24,24,46,13,60,49,49,49,39,21,21,21,2,2,2,2,2,24,24,46,18,61,44,22,22,22,8,30,75,48,48,48,48,29,29,0,0],"gold":91,"neow_bonus":"REMOVE_TWO","is_daily":false,"chose_seed":false,"campfire_upgraded":4,"win_rate":0.0,"timestamp":1609315708,"path_taken":["M","M","?","?","M","R","$","R","T","?","?","E","M","?","R","BOSS","M","$","?","M","M","E","R","M","T","?","$","M","R","?","R","BOSS","M","M","?","$","M","R","?","E","T","R","?","M","?","E"],"items_purchased_type":["Card","Card","Card"],"build_version":"2020-12-22","purchased_purges":2,"victory":false,"max_hp_per_floor":[75,75,75,75,75,75,75,75,75,75,75,75,75,75,75,75,75,75,75,75,75,75,75,75,75,75,75,75,75,75,75,75,75,75,75,75,75,75,75,75,75,75,75,75,75,75,75,75,75],"relic_stats":{"Inserter":[40],"Happy Flower":[4],"counters":[21,113],"Art of War":[38],"Orichalcum":[132],"Question Card":12,"obtain_stats":[{"SlaversCollar":34,"Inserter":17,"Happy Flower":42,"Art of War":12,"Bottled Lightning":43,"Orichalcum":9,"Cracked Core":0,"Question Card":20,"Cables":26},{"SlaversCollar":15,"Inserter":7,"Happy Flower":19,"Art of War":5,"Bottled Lightning":19,"Orichalcum":4,"Cracked Core":0,"Question Card":8,"Cables":12},{"SlaversCollar":80,"Inserter":33,"Happy Flower":100,"Art of War":20,"Bottled Lightning":100,"Orichalcum":15,"Cracked Core":0,"Question Card":39,"Cables":60}],"Cables":[46,20,18,6,2]},"card_choices":[{"not_picked":["Turbo","Rebound","Hologram"],"picked":"SKIP","floor":1.0},{"not_picked":["Compile Driver","Stack","Go for the Eyes"],"picked":"SKIP","floor":2.0},{"not_picked":["Cold Snap","Aggregate"],"picked":"Capacitor","floor":4.0},{"not_picked":["Hologram","Beam Cell"],"picked":"Chaos","floor":5.0},{"not_picked":["Steam","Compile Driver","Undo"],"picked":"SKIP","floor":12},{"not_picked":["Go for the Eyes","Stack"],"picked":"Genetic Algorithm","floor":13},{"not_picked":["Reboot","Core Surge"],"picked":"Seek","floor":16},{"not_picked":["Ball Lightning","Stack","Sweeping Beam"],"picked":"SKIP","floor":18},{"not_picked":["Go for the Eyes","Hologram","Conserve Battery"],"picked":"Fission","floor":21},{"not_picked":["Redo","Go for the Eyes","Gash","Leap"],"picked":"SKIP","floor":22},{"not_picked":["Capacitor+1","Sunder+1","Hologram"],"picked":"Chill","floor":25},{"not_picked":["Stack","Rebound+1","Conserve Battery"],"picked":"Coolheaded","floor":29},{"not_picked":["Storm","Conserve Battery","Turbo","Redo"],"picked":"SKIP","floor":31},{"not_picked":["Thunder Strike","Seek","Amplify"],"picked":"Electrodynamics","floor":33},{"not_picked":["Leap+1","Streamline","Ball Lightning"],"picked":"Barrage","floor":35},{"not_picked":["Leap","Streamline+1","Go for the Eyes+1","Hello World"],"picked":"SKIP","floor":36},{"not_picked":["FTL","Aggregate","Compile Driver","Gash"],"picked":"SKIP","floor":39},{"not_picked":["Go for the Eyes","Conserve Battery","Barrage"],"picked":"Rainbow","floor":42},{"not_picked":["Sunder+1","Sweeping Beam","Hologram","FTL"],"picked":"SKIP","floor":46},{"not_picked":["Jack Of All Trades","Madness","Enlightenment"],"picked":"PanicButton","floor":47}],"player_experience":685314,"relics_obtained":[{"floor":9.0,"key":"Orichalcum"},{"floor":12,"key":"Art of War"},{"floor":20,"key":"Question Card"},{"floor":26,"key":"Cables"},{"floor":42,"key":"Happy Flower"},{"floor":43,"key":"Bottled Lightning"}],"event_choices":[{"damage_healed":0.0,"max_hp_gain":0.0,"max_hp_loss":0.0,"gold_gain":0.0,"cards_transformed":["Strike_B"],"event_name":"Transmorgrifier","player_choice":"Transformed","floor":3.0,"gold_loss":0.0,"damage_taken":0.0,"cards_obtained":["Undo"]},{"cards_removed":["Defend_B"],"damage_healed":0.0,"max_hp_gain":0.0,"max_hp_loss":0.0,"gold_gain":0.0,"event_name":"The Cleric","player_choice":"Card Removal","floor":10.0,"gold_loss":50.0,"damage_taken":0.0},{"damage_healed":0,"gold_gain":0,"player_choice":"1 cards matched","damage_taken":0,"max_hp_gain":0,"max_hp_loss":0,"event_name":"Match and Keep!","floor":14,"gold_loss":0,"cards_obtained":["Ball Lightning"]},{"damage_healed":0,"gold_gain":0,"player_choice":"Forge","damage_taken":0,"max_hp_gain":0,"max_hp_loss":0,"event_name":"Accursed Blacksmith","floor":27,"gold_loss":0,"cards_upgraded":["Defragment"]},{"cards_removed":["Barrage"],"damage_healed":0,"gold_gain":0,"player_choice":"Removed Attack","damage_taken":0,"max_hp_gain":0,"max_hp_loss":0,"event_name":"Falling","floor":37,"gold_loss":0},{"damage_healed":45,"gold_gain":0,"player_choice":"Heal","damage_taken":0,"max_hp_gain":0,"max_hp_loss":0,"event_name":"MindBloom","floor":41,"gold_loss":0,"cards_obtained":["Doubt"]},{"damage_healed":0,"gold_gain":0,"player_choice":"Ignored","damage_taken":0,"max_hp_gain":0,"max_hp_loss":0,"event_name":"Mysterious Sphere","floor":45,"gold_loss":0},{"damage_healed":0,"gold_gain":0,"player_choice":"Memory 1","damage_taken":0,"max_hp_gain":0,"max_hp_loss":0,"event_name":"SensoryStone","floor":47,"gold_loss":0}],"is_beta":false,"boss_relics":[{"not_picked":["Pandora\u0027s Box","Coffee Dripper"],"picked":"Inserter"},{"not_picked":["Empty Cage","Fusion Hammer"],"picked":"SlaversCollar"}],"items_purged_floors":[28,38],"is_endless":false,"potions_floor_spawned":[5,12,18,22,23,33,36],"killed_by":"Giant Head","ascension_level":13}}