{"host":"ohysexhjt9sgbosk","time":1609359791,"event":{"mods":["BaseMod","Colored Map","Colored Powertips","Curses Come First","Evolution","Minty Spire (QoL Compilation)","Rare Cards Sparkle","StSLib"],"gold_per_floor":[112,130,148,148,128,168,168,204,257,272,290,311,311,11,11,135,135,153,153,153,0,14,47,62,80,80,94,107,107,107,107,107,107,107],"floor_reached":33,"playtime":2514,"items_purged":[],"score":304,"play_id":"6e396c88-bf85-40ac-a319-9dced25c0c02","local_time":"20201230132311","is_ascension_mode":false,"campfire_choices":[{"floor":7,"key":"REST"},{"floor":13,"key":"REST"},{"floor":15,"key":"REST"},{"floor":29,"key":"REST"},{"floor":32,"key":"REST"}],"circlet_count":0,"master_deck":["Strike_G","Strike_G","Strike_G","Strike_G","Strike_G","Defend_G","Defend_G","Defend_G","Defend_G","Defend_G","Survivor","Neutralize","Blade Dance","Backflip","Dagger Spray","Infinite Blades","Phantasmal Killer","Deflect","Dagger Spray","Terror","Burst","Slice","Blade Dance","Slice","Acrobatics+1","Flying Knee+1","Noxious Fumes+1","Eviscerate"],"relics":["Ring of the Snake","EVO:Axolotl","NeowsBlessing","Golden Idol","Ninja Scroll","Bag of Preparation","Potion Belt","Bag of Marbles","Blood Vial","HoveringKite","Mango","Sling","Frozen Egg 2","InkBottle","Orichalcum"],"acts_visited":["Exordium","TheCity"],"potions_floor_usage":[6,6,6,16,23,24,24,25,25],"damage_taken":[{"damage":0,"enemies":"Jaw Worm","floor":1,"turns":1},{"damage":0,"enemies":"Cultist","floor":2,"turns":1},{"damage":0,"enemies":"2 Louse","floor":3,"turns":1},{"damage":45,"enemies":"Lagavulin","floor":6,"turns":9},{"damage":26,"enemies":"3 Sentries","floor":8,"turns":6},{"damage":0,"enemies":"Lots of Slimes","floor":10,"turns":1},{"damage":1,"enemies":"3 Louse","floor":11,"turns":2},{"damage":0,"enemies":"Looter","floor":12,"turns":3},{"damage":46,"enemies":"Slime Boss","floor":16,"turns":9},{"damage":11,"enemies":"Shell Parasite","floor":18,"turns":5},{"damage":0,"enemies":"3 Byrds","floor":22,"turns":4},{"damage":28,"enemies":"Slavers","floor":23,"turns":2},{"damage":4,"enemies":"Centurion and Healer","floor":24,"turns":6},{"damage":22,"enemies":"Snake Plant","floor":25,"turns":6},{"damage":0,"enemies":"Snecko","floor":27,"turns":3},{"damage":22,"enemies":"Cultist and Chosen","floor":28,"turns":5},{"damage":109,"enemies":"Collector","floor":33,"turns":8}],"seed_played":"-8564362805907143321","potions_obtained":[{"floor":2,"key":"DistilledChaos"},{"floor":3,"key":"Fruit Juice"},{"floor":5,"key":"DistilledChaos"},{"floor":10,"key":"Fire Potion"},{"floor":16,"key":"AttackPotion"},{"floor":18,"key":"DuplicationPotion"},{"floor":20,"key":"Weak Potion"},{"floor":20,"key":"LiquidBronze"},{"floor":20,"key":"FearPotion"},{"floor":22,"key":"Block Potion"},{"floor":23,"key":"EssenceOfSteel"}],"is_trial":false,"path_per_floor":["M","M","M","?","?","E","R","E","T","M","M","M","R","$","R","B",null,"M","T","?","$","M","E","M","M","T","M","M","R","?","?","R","B"],"character_chosen":"THE_SILENT","items_purchased":["Bag of Marbles","Blood Vial","Sling"],"campfire_rested":5,"item_purchase_floors":[14,14,21],"current_hp_per_floor":[70,70,70,53,53,13,35,9,9,9,8,8,30,30,52,8,75,64,78,78,78,80,54,52,32,32,34,14,40,40,69,89,0,0],"gold":107,"neow_bonus":"THREE_ENEMY_KILL","is_daily":false,"chose_seed":false,"campfire_upgraded":0,"win_rate":0.0,"timestamp":1609359791,"path_taken":["M","M","M","?","?","E","R","E","T","?","M","M","R","?","R","BOSS","M","?","?","$","M","E","M","?","T","M","M","R","?","?","R","BOSS"],"items_purchased_type":["Relic","Relic","Relic"],"build_version":"2020-12-22","purchased_purges":0,"victory":false,"max_hp_per_floor":[70,70,70,70,70,75,75,75,75,75,75,75,75,75,75,75,75,75,89,89,89,89,89,89,89,89,89,89,89,89,89,89,89,89],"card_choices":[{"not_picked":["PiercingWail","Predator"],"picked":"Blade Dance","floor":1},{"not_picked":["Prepared","Dagger Throw"],"picked":"Backflip","floor":2},{"not_picked":["Underhanded Strike","Blade Dance"],"picked":"Dagger Spray","floor":3},{"not_picked":["Flechettes","Quick Slash"],"picked":"Infinite Blades","floor":6},{"not_picked":["Sucker Punch","Backflip"],"picked":"Phantasmal Killer","floor":8},{"not_picked":["Bouncing Flask","Poisoned Stab"],"picked":"Deflect","floor":10},{"not_picked":["Poisoned Stab","Underhanded Strike"],"picked":"Dagger Spray","floor":11},{"not_picked":["Eviscerate","Choke"],"picked":"Terror","floor":12},{"not_picked":["Glass Knife","Doppelganger"],"picked":"Burst","floor":16},{"not_picked":["Sucker Punch","Flechettes"],"picked":"Slice","floor":18},{"not_picked":["Quick Slash","Dagger Throw"],"picked":"Blade Dance","floor":22},{"not_picked":["Burst","Underhanded Strike"],"picked":"Slice","floor":23},{"not_picked":["Dash","Dagger Throw"],"picked":"Acrobatics+1","floor":24},{"not_picked":["PiercingWail","Dodge and Roll+1"],"picked":"Flying Knee+1","floor":25},{"not_picked":["Outmaneuver","Endless Agony+1"],"picked":"Noxious Fumes+1","floor":27},{"not_picked":["Flechettes","Blade Dance"],"picked":"Eviscerate","floor":28}],"player_experience":55136,"relics_obtained":[{"floor":6,"key":"Ninja Scroll"},{"floor":8,"key":"Bag of Preparation"},{"floor":9,"key":"Potion Belt"},{"floor":19,"key":"Mango"},{"floor":23,"key":"Frozen Egg 2"},{"floor":26,"key":"InkBottle"}],"event_choices":[{"damage_healed":0,"gold_gain":0,"player_choice":"Take Damage","damage_taken":17,"relics_obtained":["Golden Idol"],"max_hp_gain":0,"max_hp_loss":0,"event_name":"Golden Idol","floor":4,"gold_loss":0},{"damage_healed":0,"gold_gain":0,"player_choice":"Bought 1 Potion","damage_taken":0,"max_hp_gain":0,"max_hp_loss":0,"event_name":"The Woman in Blue","floor":5,"gold_loss":0},{"damage_healed":0,"gold_gain":0,"player_choice":"Got Potions","damage_taken":0,"max_hp_gain":0,"max_hp_loss":0,"event_name":"Lab","floor":20,"gold_loss":0},{"damage_healed":0,"gold_gain":0,"player_choice":"Opened","damage_taken":0,"relics_obtained":["Orichalcum"],"max_hp_gain":0,"max_hp_loss":0,"event_name":"The Mausoleum","floor":30,"gold_loss":0},{"damage_healed":29,"gold_gain":0,"player_choice":"Heal","damage_taken":0,"max_hp_gain":0,"max_hp_loss":0,"event_name":"The Library","floor":31,"gold_loss":0}],"is_beta":false,"boss_relics":[{"not_picked":["Busted Crown","Tiny House"],"picked":"HoveringKite"}],"items_purged_floors":[],"is_endless":false,"potions_floor_spawned":[2,3,10,16,18,22,23],"killed_by":"Collector","ascension_level":0}}