{"host":"51qmnr9isyv85d0p","time":1609322184,"event":{"mods":["AchievementEnabler","BaseMod","Colored Map","Colored Powertips","Curses Come First","Downfall","Minty Spire (QoL Compilation)","Relic Stats","StSLib","TestMod","vexMod"],"gold_per_floor":[199,21900,21919,20874,20886,20886,20886,20886,20916,20927,20939,20966,20966,20966,20981,21085,21751,21751,21764,21778,21788,20850,20880,20880,20388,20488,20498,20511,20511,20511,20530,20546,20642,20642,20642,20642,20656,20706,19918,19944,19970,20004,20016,20044,20044,20057,20057,18839,18852,18852],"floor_reached":51,"playtime":2548,"items_purged":["Slimebound:Defend_Slimebound","Regret","Slimebound:Defend_Slimebound","Slimebound:Strike_Slimebound","Slimebound:Defend_Slimebound"],"score":1149,"play_id":"a6dbfcee-d1e2-492f-97bc-6a8e3768c733","local_time":"20201230175624","is_ascension_mode":true,"campfire_choices":[{"data":"Slimebound:CorrosiveSpit","floor":1.0,"key":"SMITH"},{"data":"Slimebound:DuplicatedForm","floor":6.0,"key":"SMITH"},{"data":"Slimebound:Split","floor":8.0,"key":"SMITH"},{"data":"Slimebound:Nibble","floor":18.0,"key":"SMITH"},{"data":"Slimebound:Replication","floor":30.0,"key":"SMITH"},{"data":"Slimebound:HauntingLick","floor":35,"key":"SMITH"},{"data":"Slimebound:MegaLick","floor":45,"key":"SMITH"},{"data":"Slimebound:SamplingLick","floor":47,"key":"SMITH"}],"circlet_count":0,"master_deck":["Slimebound:Strike_Slimebound+1","Slimebound:Strike_Slimebound+1","Slimebound:Tackle","Slimebound:Defend_Slimebound","Slimebound:Split+1","Slimebound:CorrosiveSpit+1","Slimebound:RainOfGoop+1","Slimebound:MegaLick+1","Slimebound:DuplicatedForm+1","testmod-BackupPower","Slimebound:SamplingLick+1","Slimebound:DisruptingSlam","Slimebound:HauntingLick+1","Slimebound:ProtectTheBoss+1","Slimebound:LevelUp+1","Slimebound:Gluttony+1","Slimebound:Replication+1","Slimebound:LeechLife","Slimebound:LeechEnergy+1","Mayhem+1","testmod-ConditionedReflex+1","Slimebound:ProtectTheBoss+1"],"relics":["Slimebound:AbsorbEndCombat","testmod-TestBox","testmod-Register","Strawberry","testmod-Alchemist","OrangePellets","Frozen Egg 2","Letter Opener","Slimebound:AggressiveSlimeRelic","Meat on the Bone","vexMod:RockOfEvil","Mercury Hourglass","Sundial","Chemical X","Bag of Marbles","Mango","Ancient Tea Set","Strange Spoon","Busted Crown","Red Mask","downfall:RedIOUUpgrade","testmod-CasingShield","testmod-AssaultLearning","testmod-Maize","Lee\u0027s Waffle","testmod-Hope","Lantern","Boot","Oddly Smooth Stone","testmod-ConstraintPeriapt","Pantograph","Frozen Eye"],"acts_visited":["Exordium","TheCity","TheBeyond"],"potions_floor_usage":[31,33,40,40,50,50,50,50],"damage_taken":[{"damage":8.0,"enemies":"Cultist","floor":2.0,"turns":3.0},{"damage":10.0,"enemies":"2 Louse","floor":3.0,"turns":2.0},{"damage":10.0,"enemies":"downfall:FleeingMerchant","floor":4.0,"turns":4.0},{"damage":11.0,"enemies":"Small Slimes","floor":5.0,"turns":2.0},{"damage":23.0,"enemies":"Gremlin Nob","floor":9.0,"turns":2.0},{"damage":28.0,"enemies":"3 Louse","floor":10.0,"turns":2.0},{"damage":17.0,"enemies":"Red Slaver","floor":11.0,"turns":2.0},{"damage":23.0,"enemies":"Lagavulin","floor":12.0,"turns":4.0},{"damage":12.0,"enemies":"Gremlin Gang","floor":15.0,"turns":2.0},{"damage":44.0,"enemies":"downfall:Silent","floor":16.0,"turns":4.0},{"damage":27.0,"enemies":"Chosen","floor":19.0,"turns":3.0},{"damage":42.0,"enemies":"3 Byrds","floor":20.0,"turns":3.0},{"damage":14.0,"enemies":"Sentry and Sphere","floor":21.0,"turns":4.0},{"damage":18.0,"enemies":"downfall:FleeingMerchant","floor":22.0,"turns":4.0},{"damage":52.0,"enemies":"Slavers","floor":23.0,"turns":2.0},{"damage":27.0,"enemies":"downfall:FleeingMerchant","floor":25.0,"turns":3.0},{"damage":32.0,"enemies":"Centurion and Healer","floor":27.0,"turns":4.0},{"damage":27.0,"enemies":"Snake Plant","floor":28.0,"turns":2.0},{"damage":25,"enemies":"Snecko","floor":31,"turns":3},{"damage":34,"enemies":"3 Cultists","floor":32,"turns":3},{"damage":49,"enemies":"downfall:Defect","floor":33,"turns":5},{"damage":19,"enemies":"Orb Walker","floor":37,"turns":2},{"damage":49,"enemies":"Mind Bloom Boss Battle","floor":38,"turns":4},{"damage":35,"enemies":"Nemesis","floor":40,"turns":7},{"damage":27,"enemies":"Reptomancer","floor":42,"turns":5},{"damage":4,"enemies":"3 Shapes","floor":43,"turns":2},{"damage":48,"enemies":"Giant Head","floor":44,"turns":6},{"damage":6,"enemies":"Jaw Worm Horde","floor":46,"turns":2},{"damage":12,"enemies":"3 Darklings","floor":49,"turns":2},{"damage":27,"enemies":"downfall:Watcher","floor":50,"turns":3}],"seed_played":"6248922564609455026","potions_obtained":[{"floor":3.0,"key":"champ:CounterPotion"},{"floor":5.0,"key":"BlessingOfTheForge"},{"floor":12.0,"key":"Ancient Potion"},{"floor":15.0,"key":"BlessingOfTheForge"},{"floor":16.0,"key":"Block Potion"},{"floor":20.0,"key":"champ:CounterPotion"},{"floor":21.0,"key":"PowerPotion"},{"floor":23.0,"key":"Fire Potion"},{"floor":32,"key":"SpeedPotion"},{"floor":33,"key":"CultistPotion"},{"floor":40,"key":"Block Potion"},{"floor":43,"key":"LiquidBronze"}],"is_trial":false,"path_per_floor":["R","M","M","$","M","R","T","R","E","M","M","E","?","?","M","B",null,"R","M","M","M","$","E","T","$","?","M","M","?","R","M","M","B",null,"R","?","M","?","$","E","T","E","M","E","R","M","R","$","M","B",null],"character_chosen":"SLIMEBOUND","items_purchased":["Strawberry","testmod-Alchemist","OrangePellets","DistilledChaos","SkillPotion","Fire Potion","Slimebound:Nibble","testmod-BackupPower","Mercury Hourglass","Sundial","Chemical X","testmod-TestPotion","PowerPotion","BlessingOfTheForge","Mango","Ancient Tea Set","Strange Spoon","champ:CounterPotion","Swift Potion","testmod-AssaultLearning","testmod-Maize","Lee\u0027s Waffle","Dexterity Potion","testmod-ConstraintPeriapt","Pantograph","Frozen Eye","Mayhem+1","testmod-ConditionedReflex+1","Slimebound:ProtectTheBoss+1","Strength Potion"],"campfire_rested":0,"item_purchase_floors":[4,4,4,4,4,4,4,4,22,22,22,22,22,22,25,25,25,25,25,39,39,39,39,48,48,48,48,48,48,48],"current_hp_per_floor":[60,58,56,63,62,62,62,62,48,49,44,50,50,47,49,46,67,67,63,37,41,47,47,47,73,73,78,68,68,68,57,70,68,81,81,81,81,77,88,88,88,88,88,75,75,88,88,88,88,85],"gold":18852,"neow_bonus":"HUNDRED_GOLD","is_daily":false,"chose_seed":false,"campfire_upgraded":8,"win_rate":0.0,"timestamp":1609322184,"path_taken":["R","M","M","$","M","R","T","R","E","M","?","E","?","?","M","BOSS","R","M","M","M","$","E","T","$","?","?","?","?","R","M","M","BOSS","R","?","M","?","$","E","T","E","M","E","R","M","R","$","M","BOSS"],"items_purchased_type":["Relic","Relic","Relic","Potion","Potion","Potion","Card","Card","Relic","Relic","Relic","Potion","Potion","Potion","Relic","Relic","Relic","Potion","Potion","Relic","Relic","Relic","Potion","Relic","Relic","Relic","Card","Card","Card","Potion"],"build_version":"2020-12-22","purchased_purges":5,"victory":true,"max_hp_per_floor":[60,60,60,67,67,67,67,67,67,67,67,67,67,67,67,67,67,67,67,67,67,67,67,67,81,81,81,81,81,81,81,81,81,81,81,81,81,81,88,88,88,88,88,88,88,88,88,88,88,88],"relic_stats":{"Lee\u0027s Waffle":11,"counters":[30,90],"Letter Opener":[560],"Boot":[0],"Mercury Hourglass":[222],"OrangePellets":[42],"Strange Spoon":[73],"Busted Crown":16,"Sundial":[6],"Pantograph":0,"Chemical X":[1],"obtain_stats":[{"downfall:RedIOUUpgrade":36,"Lantern":41,"Mango":25,"testmod-LifeArmor":24,"vexMod:RockOfEvil":17,"Ancient Tea Set":25,"Boot":42,"testmod-CasingShield":38,"Frozen Eye":48,"testmod-Alchemist":4,"Sundial":22,"Strawberry":4,"Pantograph":48,"downfall:RedIOU":29,"Red Mask":36,"Chemical X":22,"Slimebound:AggressiveSlimeRelic":12,"testmod-Maize":39,"Lee\u0027s Waffle":39,"testmod-TestBox":0,"testmod-Register":0,"Oddly Smooth Stone":44,"Letter Opener":9,"Frozen Egg 2":7,"testmod-ConstraintPeriapt":48,"Mercury Hourglass":22,"OrangePellets":4,"Strange Spoon":25,"Busted Crown":34,"testmod-AssaultLearning":39,"testmod-Hope":40,"Slimebound:AbsorbEndCombat":0,"Bag of Marbles":23,"Meat on the Bone":14},{"downfall:RedIOUUpgrade":21,"Lantern":24,"Mango":16,"testmod-LifeArmor":15,"vexMod:RockOfEvil":10,"Ancient Tea Set":16,"Boot":25,"testmod-CasingShield":23,"Frozen Eye":28,"testmod-Alchemist":3,"Sundial":14,"Strawberry":3,"Pantograph":28,"downfall:RedIOU":18,"Red Mask":21,"Chemical X":14,"Slimebound:AggressiveSlimeRelic":8,"testmod-Maize":23,"Lee\u0027s Waffle":23,"testmod-TestBox":0,"testmod-Register":0,"Oddly Smooth Stone":27,"Letter Opener":5,"Frozen Egg 2":4,"testmod-ConstraintPeriapt":28,"Mercury Hourglass":14,"OrangePellets":3,"Strange Spoon":16,"Busted Crown":21,"testmod-AssaultLearning":23,"testmod-Hope":24,"Slimebound:AbsorbEndCombat":0,"Bag of Marbles":15,"Meat on the Bone":8},{"downfall:RedIOUUpgrade":59,"Lantern":71,"Mango":43,"testmod-LifeArmor":40,"vexMod:RockOfEvil":25,"Ancient Tea Set":43,"Boot":76,"testmod-CasingShield":65,"Frozen Eye":85,"testmod-Alchemist":9,"Sundial":38,"Strawberry":9,"Pantograph":85,"downfall:RedIOU":49,"Red Mask":59,"Chemical X":38,"Slimebound:AggressiveSlimeRelic":20,"testmod-Maize":65,"Lee\u0027s Waffle":65,"testmod-TestBox":0,"testmod-Register":0,"Oddly Smooth Stone":83,"Letter Opener":13,"Frozen Egg 2":11,"testmod-ConstraintPeriapt":85,"Mercury Hourglass":38,"OrangePellets":9,"Strange Spoon":43,"Busted Crown":59,"testmod-AssaultLearning":65,"testmod-Hope":71,"Slimebound:AbsorbEndCombat":0,"Bag of Marbles":40,"Meat on the Bone":20}],"Meat on the Bone":12},"card_choices":[{"not_picked":["Slimebound:FinishingTackle","Slimebound:GrowthPunch"],"picked":"Slimebound:RainOfGoop","floor":2.0},{"not_picked":["Slimebound:SplitMire","Slimebound:SplitBruiser"],"picked":"Slimebound:MegaLick","floor":3.0},{"not_picked":["Slimebound:Schlurp","Slimebound:RollThrough"],"picked":"Slimebound:DuplicatedForm","floor":4.0},{"not_picked":["Slimebound:FlameTackle","Slimebound:FinishingTackle"],"picked":"Slimebound:SamplingLick","floor":5.0},{"not_picked":["Slimebound:LeechingTouch","Slimebound:GoopTackle"],"picked":"Slimebound:DisruptingSlam","floor":9.0},{"not_picked":["Slimebound:Schlurp","Slimebound:DisruptingSlam"],"picked":"Slimebound:HauntingLick","floor":10.0},{"not_picked":["Slimebound:SplitLeeching","Slimebound:Schlurp"],"picked":"Slimebound:ProtectTheBoss+1","floor":11.0},{"not_picked":["Slimebound:Chomp","Slimebound:FinishingTackle","Slimebound:FirmFortitude+1"],"picked":"SKIP","floor":12.0},{"not_picked":["Slimebound:ForwardTackle","Slimebound:SplitAcid","Slimebound:Schlurp"],"picked":"SKIP","floor":15.0},{"not_picked":["Slimebound:ItLooksTasty","Slimebound:DisruptingSlam"],"picked":"Slimebound:LevelUp+1","floor":19.0},{"not_picked":["Slimebound:LeadByExample+1","Slimebound:LeechEnergy","Slimebound:SlimeBrawl"],"picked":"SKIP","floor":20.0},{"not_picked":["Slimebound:ViciousTackle","Slimebound:SplitBruiser"],"picked":"Slimebound:Gluttony+1","floor":21.0},{"not_picked":["Slimebound:LevelUp+1","Slimebound:Prepare","Slimebound:Schlurp"],"picked":"SKIP","floor":22.0},{"not_picked":["Slimebound:SplitMire","Slimebound:FormOfPuddle","Slimebound:LeadByExample+1"],"picked":"SKIP","floor":23.0},{"not_picked":["Slimebound:ViciousTackle+1","Slimebound:AcidTongue+1"],"picked":"Slimebound:Replication","floor":25.0},{"not_picked":["Slimebound:SlimeBarrage","Slimebound:LeechingTouch+1","Slimebound:GoopTackle"],"picked":"SKIP","floor":27.0},{"not_picked":["Slimebound:SplitLeeching+1","Slimebound:ServeAndProtect+1","Slimebound:MinionMaster+1"],"picked":"SKIP","floor":28.0},{"not_picked":["Slimebound:FirmFortitude+1","Slimebound:Repurpose","Slimebound:SlimeBrawl"],"picked":"SKIP","floor":31},{"not_picked":["Slimebound:SamplingLick","Slimebound:SplitAcid","Slimebound:SplitBruiser+1"],"picked":"SKIP","floor":32},{"not_picked":["Slimebound:DuplicatedForm+1","Slimebound:SlimeSlap"],"picked":"Slimebound:LeechLife","floor":33},{"not_picked":[],"picked":"Slimebound:LeechEnergy+1","floor":37},{"not_picked":["Slimebound:RollThrough"],"picked":"SKIP","floor":40},{"not_picked":["Slimebound:GoopSpray"],"picked":"SKIP","floor":42},{"not_picked":["Slimebound:FirmFortitude+1"],"picked":"SKIP","floor":43},{"not_picked":["Slimebound:SlimeSpikes+1"],"picked":"SKIP","floor":44},{"not_picked":["Slimebound:Equalize+1"],"picked":"SKIP","floor":46},{"not_picked":["Slimebound:ViciousTackle+1"],"picked":"SKIP","floor":49}],"player_experience":9620,"relics_obtained":[{"floor":7.0,"key":"Frozen Egg 2"},{"floor":9.0,"key":"Letter Opener"},{"floor":12.0,"key":"Slimebound:AggressiveSlimeRelic"},{"floor":23.0,"key":"Bag of Marbles"},{"floor":24.0,"key":"testmod-LifeArmor"},{"floor":38,"key":"testmod-CasingShield"},{"floor":40,"key":"testmod-Hope"},{"floor":41,"key":"Lantern"},{"floor":42,"key":"Boot"},{"floor":44,"key":"Oddly Smooth Stone"}],"event_choices":[{"damage_healed":0.0,"max_hp_gain":0.0,"max_hp_loss":0.0,"gold_gain":0.0,"event_name":"Scrap Ooze","player_choice":"Success","floor":14.0,"gold_loss":0.0,"damage_taken":3.0,"relics_obtained":["Meat on the Bone"]}],"is_beta":false,"boss_relics":[{"not_picked":["testmod-PortableAltar","testmod-DreamHouse"],"picked":"vexMod:RockOfEvil"},{"not_picked":["testmod-Nine","Slimebound:AbsorbEndCombatUpgraded"],"picked":"Busted Crown"}],"items_purged_floors":[4,22,25,39,48],"is_endless":false,"potions_floor_spawned":[3,5,12,15,16,20,21,23,32,33,40,43,44,49],"ascension_level":3}}