{"host":"a1u4jo6xlg3w0wsm","time":1609329135,"event":{"mods":["BaseMod","Better Third Choice","DeckTracker","Downfall","Hermit","Hubris","Minty Spire (QoL Compilation)","Rare Cards Sparkle","Replay The Spire","StSLib"],"gold_per_floor":[119,132,132,142,55,55,87,87,87,120,120,120,146,166,166,267,267,267,267,140,140,222,256,256],"floor_reached":23,"playtime":967,"items_purged":[],"score":248,"play_id":"0c9d42e1-a61d-47b5-8727-a013c8229e88","local_time":"20201231005215","is_ascension_mode":true,"campfire_choices":[{"data":"expansioncontent:DonusPower","floor":6.0,"key":"SMITH"},{"floor":8.0,"key":"REST"},{"floor":12,"key":"REST"},{"floor":15,"key":"REST"}],"circlet_count":0,"master_deck":["hermit:Strike_Hermit+1","hermit:Strike_Hermit+1","hermit:Strike_Hermit+1","hermit:Strike_Hermit+1","hermit:Defend_Hermit","hermit:Defend_Hermit","hermit:Defend_Hermit","hermit:Defend_Hermit+1","hermit:Snapshot","hermit:Covet","hermit:BigShot","hermit:Snipe","Regret","hermit:Vantage","expansioncontent:DonusPower+1","hermit:FatalDesire","hermit:FinalCanter","hermit:SprayPray","hermit:TakeAim","hermit:FinalCanter","RitualDagger","hermit:ShadowCloak","Decay","hermit:FullyLoaded+1","hermit:EyeOfTheStorm"],"relics":["hermit:Momento","NeowsBlessing","Replay:Bottled Eggs","Sundial","Replay:Baseball","hubris:CuriousFeather","Eternal Feather","SlaversCollar","hermit:RyeStalk","Pen Nib"],"acts_visited":["Exordium","TheCity"],"potions_floor_usage":[10,16,18,23,23,23],"damage_taken":[{"damage":0.0,"enemies":"Jaw Worm","floor":1.0,"turns":1.0},{"damage":0.0,"enemies":"Small Slimes","floor":2.0,"turns":1.0},{"damage":0.0,"enemies":"2 Louse","floor":4.0,"turns":1.0},{"damage":39.0,"enemies":"Lagavulin","floor":7.0,"turns":6.0},{"damage":36,"enemies":"Gremlin Nob","floor":10,"turns":5},{"damage":24,"enemies":"Lagavulin","floor":13,"turns":5},{"damage":0,"enemies":"2 Fungi Beasts","floor":14,"turns":3},{"damage":45,"enemies":"The Guardian","floor":16,"turns":7},{"damage":0,"enemies":"Spheric Guardian","floor":18,"turns":1},{"damage":11,"enemies":"Gremlin Leader","floor":23,"turns":5}],"seed_played":"5387274343042088102","potions_obtained":[{"floor":1.0,"key":"SmokeBomb"},{"floor":7.0,"key":"Block Potion"},{"floor":14,"key":"Strength Potion"},{"floor":16,"key":"SkillPotion"},{"floor":22,"key":"LiquidMemories"},{"floor":23,"key":"Languid Potion"}],"is_trial":false,"path_per_floor":["M","M","?","M","$","R","E","R","T","E","?","R","E","M","R","B",null,"M","?","$","?","?","E"],"character_chosen":"HERMIT","items_purchased":["expansioncontent:DonusPower","hermit:ShadowCloak","Explosive Potion"],"campfire_rested":3,"item_purchase_floors":[5,20,20],"current_hp_per_floor":[75,75,75,75,75,75,36,58,58,22,22,44,20,20,51,6,75,75,69,69,69,39,28,28],"gold":256,"neow_bonus":"THREE_ENEMY_KILL","is_daily":false,"chose_seed":false,"campfire_upgraded":1,"win_rate":0.0,"timestamp":1609329135,"path_taken":["M","M","?","M","$","R","E","R","T","E","?","R","E","M","R","BOSS","M","?","$","?","?","E"],"items_purchased_type":["Card","Card","Potion"],"build_version":"2020-12-13","purchased_purges":0,"victory":false,"max_hp_per_floor":[75,75,75,75,75,75,75,75,75,75,75,75,75,75,75,75,75,75,75,75,75,75,75,75],"card_choices":[{"not_picked":["hermit:LoneWolf","hermit:Brawl"],"picked":"hermit:BigShot","floor":1.0},{"not_picked":["hermit:Coalescence","hermit:Vantage"],"picked":"hermit:Snipe","floor":2.0},{"not_picked":["hermit:TrackingShot","hermit:Manifest"],"picked":"hermit:Vantage","floor":4.0},{"not_picked":["hermit:ItchyTrigger","hermit:Roulette"],"picked":"hermit:FatalDesire","floor":7.0},{"not_picked":["hermit:Cheat","hermit:Desperado"],"picked":"hermit:FinalCanter","floor":10},{"not_picked":["hermit:CalledShot","hermit:Feint"],"picked":"hermit:SprayPray","floor":13},{"not_picked":["hermit:Feint","hermit:Snipe"],"picked":"hermit:TakeAim","floor":14},{"not_picked":["hermit:DeadOrAlive","hermit:Magnum"],"picked":"hermit:FinalCanter","floor":16},{"not_picked":["hermit:Manifest+1","hermit:BodyArmor"],"picked":"hermit:FullyLoaded+1","floor":22},{"not_picked":["hermit:Combo","hermit:Ricochet"],"picked":"hermit:EyeOfTheStorm","floor":23}],"player_experience":251299,"relics_obtained":[{"floor":7.0,"key":"Sundial"},{"floor":9.0,"key":"Replay:Baseball"},{"floor":10,"key":"hubris:CuriousFeather"},{"floor":13,"key":"Eternal Feather"},{"floor":22,"key":"hermit:RyeStalk"},{"floor":23,"key":"Pen Nib"}],"event_choices":[{"damage_healed":0.0,"max_hp_gain":0.0,"max_hp_loss":0.0,"gold_gain":0.0,"event_name":"Big Fish","player_choice":"Box","floor":3.0,"gold_loss":0.0,"damage_taken":0.0,"relics_obtained":["Replay:Bottled Eggs"],"cards_obtained":["Regret"]},{"damage_healed":0,"gold_gain":0,"player_choice":"Dagger","damage_taken":6,"max_hp_gain":0,"max_hp_loss":0,"event_name":"betterThird:BetterNest","floor":19,"gold_loss":0,"cards_obtained":["RitualDagger"]},{"damage_healed":0,"gold_gain":0,"player_choice":"Smashed Altar","damage_taken":0,"max_hp_gain":0,"max_hp_loss":0,"event_name":"Forgotten Altar","floor":21,"gold_loss":0,"cards_obtained":["Decay"]}],"is_beta":false,"boss_relics":[{"not_picked":["Philosopher\u0027s Stone","Ring of Chaos"],"picked":"SlaversCollar"}],"items_purged_floors":[],"is_endless":false,"potions_floor_spawned":[1,7,14,16,23],"killed_by":"Gremlin Leader","ascension_level":2}}