{"host":"udzsrhbqdxqtlypj","time":1609358463,"event":{"mods":["BaseMod","Minty Spire (QoL Compilation)","Relic Stats"],"gold_per_floor":[111,186,205,4,15,15,31,31,31,66,86,99,99,127,127,230,230,244,169,15,33,46,72,72,101,101,101,101,118,147,166,166,265,265,278,330,16,16,36,36,54,54,54],"floor_reached":42,"playtime":2625,"items_purged":["Strike_G","Strike_G"],"score":840,"play_id":"097111de-c3ad-4091-9fe7-d76cdbad021a","local_time":"20201230140103","is_ascension_mode":true,"campfire_choices":[{"data":"1","floor":6,"key":"LIFT"},{"data":"2","floor":8,"key":"LIFT"},{"data":"3","floor":13,"key":"LIFT"},{"floor":15,"key":"REST"},{"data":"Dagger Spray","floor":24,"key":"SMITH"},{"data":"Glass Knife","floor":28,"key":"SMITH"},{"data":"Neutralize","floor":32,"key":"SMITH"},{"floor":40,"key":"REST"}],"circlet_count":0,"master_deck":["AscendersBane","Defend_G","Defend_G","Defend_G","Defend_G","Defend_G","Survivor","Neutralize+1","Slice","Cloak And Dagger","Dagger Spray+1","Masterful Stab","Quick Slash","Riddle With Holes","Blur","Glass Knife+1","Calculated Gamble","Bullet Time","Caltrops+1","Dagger Throw","Deflect+1","Cloak And Dagger+1","Cloak And Dagger+1","Distraction","Slice","Dagger Throw+1","Dash+1","Deadly Poison+1","Apotheosis","Bouncing Flask","Dodge and Roll+1","Poisoned Stab"],"relics":["Ring of the Snake","Girya","HornCleat","Turnip","Smiling Mask","Sozu","Orrery","The Specimen","StrikeDummy","Pear","Mango","SlaversCollar","CaptainsWheel"],"acts_visited":["Exordium","TheCity","TheBeyond"],"potions_floor_usage":[7,10,11,16,33],"damage_taken":[{"damage":0,"enemies":"Jaw Worm","floor":1,"turns":6},{"damage":0,"enemies":"2 Louse","floor":3,"turns":4},{"damage":1,"enemies":"Cultist","floor":5,"turns":4},{"damage":8,"enemies":"Exordium Wildlife","floor":7,"turns":5},{"damage":0,"enemies":"Gremlin Nob","floor":10,"turns":3},{"damage":3,"enemies":"Exordium Thugs","floor":11,"turns":2},{"damage":0,"enemies":"Red Slaver","floor":12,"turns":2},{"damage":6,"enemies":"3 Sentries","floor":14,"turns":6},{"damage":0,"enemies":"Slime Boss","floor":16,"turns":9},{"damage":0,"enemies":"Chosen","floor":18,"turns":3},{"damage":0,"enemies":"Shell Parasite","floor":21,"turns":2},{"damage":0,"enemies":"Snake Plant","floor":22,"turns":3},{"damage":2,"enemies":"Slavers","floor":23,"turns":7},{"damage":5,"enemies":"Book of Stabbing","floor":25,"turns":4},{"damage":0,"enemies":"Centurion and Healer","floor":29,"turns":4},{"damage":20,"enemies":"Slavers","floor":30,"turns":4},{"damage":0,"enemies":"Shelled Parasite and Fungi","floor":31,"turns":3},{"damage":10,"enemies":"Champ","floor":33,"turns":8},{"damage":24,"enemies":"3 Darklings","floor":35,"turns":6},{"damage":32,"enemies":"2 Orb Walkers","floor":36,"turns":5},{"damage":1,"enemies":"Orb Walker","floor":39,"turns":3},{"damage":12,"enemies":"Spire Growth","floor":41,"turns":4},{"damage":47,"enemies":"Giant Head","floor":42,"turns":7}],"seed_played":"-7587415910648024316","potions_obtained":[{"floor":1,"key":"SpeedPotion"},{"floor":7,"key":"Explosive Potion"},{"floor":11,"key":"Dexterity Potion"},{"floor":14,"key":"BlessingOfTheForge"},{"floor":16,"key":"CultistPotion"}],"is_trial":false,"path_per_floor":["M","?","M","$","M","R","M","R","T","E","M","M","R","E","R","B",null,"M","?","$","M","M","E","R","E","T","?","R","M","E","M","R","B",null,"M","?","$","?","M","R","M","E"],"character_chosen":"THE_SILENT","items_purchased":["Dagger Spray","DistilledChaos","Orrery","Apotheosis","Bouncing Flask"],"campfire_rested":2,"item_purchase_floors":[4,4,20,37,37],"current_hp_per_floor":[45,34,34,34,33,33,25,25,25,25,22,22,22,16,37,37,62,62,62,62,62,62,60,60,55,65,65,65,65,59,59,59,49,83,59,27,27,27,26,54,42,0,0],"gold":54,"neow_bonus":"ONE_RARE_RELIC","is_daily":false,"chose_seed":false,"campfire_upgraded":3,"win_rate":0.0,"timestamp":1609358463,"path_taken":["M","?","M","$","M","R","M","R","T","E","M","M","R","E","R","BOSS","M","?","$","M","M","E","R","E","T","?","R","M","E","M","R","BOSS","M","?","$","?","?","R","M","E"],"items_purchased_type":["Card","Potion","Relic","Card","Card"],"build_version":"2020-12-22","purchased_purges":2,"victory":false,"max_hp_per_floor":[70,70,70,70,70,70,70,70,70,70,70,70,70,70,70,70,70,70,70,70,70,70,70,70,70,80,80,80,80,94,94,94,94,94,94,94,94,94,94,94,94,94,94],"relic_stats":{"Sozu":7,"counters":[23,104],"Turnip":[12],"Smiling Mask":50,"obtain_stats":[{"Girya":0,"Pear":26,"The Specimen":23,"Mango":30,"Smiling Mask":14,"Sozu":17,"SlaversCollar":34,"CaptainsWheel":36,"HornCleat":9,"Orrery":20,"Turnip":10,"StrikeDummy":25,"Ring of the Snake":0},{"Girya":0,"Pear":14,"The Specimen":13,"Mango":16,"Smiling Mask":8,"Sozu":9,"SlaversCollar":18,"CaptainsWheel":20,"HornCleat":4,"Orrery":10,"Turnip":5,"StrikeDummy":14,"Ring of the Snake":0},{"Girya":0,"Pear":60,"The Specimen":56,"Mango":68,"Smiling Mask":32,"Sozu":41,"SlaversCollar":79,"CaptainsWheel":90,"HornCleat":19,"Orrery":44,"Turnip":22,"StrikeDummy":60,"Ring of the Snake":0}],"Ring of the Snake":[46]},"card_choices":[{"not_picked":["Bane","Heel Hook"],"picked":"Slice","floor":1},{"not_picked":["Outmaneuver","Prepared"],"picked":"Cloak And Dagger","floor":3},{"not_picked":["Noxious Fumes","PiercingWail"],"picked":"Masterful Stab","floor":5},{"not_picked":["Dodge and Roll","Prepared","Doppelganger"],"picked":"SKIP","floor":7},{"not_picked":["Finisher","Bullet Time"],"picked":"Quick Slash","floor":10},{"not_picked":["Masterful Stab","Choke","Bane"],"picked":"SKIP","floor":11},{"not_picked":["Footwork","Slice"],"picked":"Riddle With Holes","floor":12},{"not_picked":["Bane","Caltrops"],"picked":"Blur","floor":14},{"not_picked":["Grand Finale","After Image"],"picked":"Glass Knife","floor":16},{"not_picked":["Setup","Underhanded Strike"],"picked":"Calculated Gamble","floor":18},{"not_picked":["Catalyst","Dagger Throw"],"picked":"Bullet Time","floor":20},{"not_picked":["Heel Hook+1","Skewer"],"picked":"Caltrops+1","floor":20},{"not_picked":["Poisoned Stab","Underhanded Strike"],"picked":"Dagger Throw","floor":20},{"not_picked":["Finisher","Caltrops+1"],"picked":"Deflect+1","floor":21},{"not_picked":["Escape Plan+1","Footwork"],"picked":"Cloak And Dagger+1","floor":22},{"not_picked":["Predator+1","Deadly Poison"],"picked":"Cloak And Dagger+1","floor":23},{"not_picked":["Dagger Spray","Infinite Blades","Slice+1"],"picked":"SKIP","floor":25},{"not_picked":["Finisher","Outmaneuver+1"],"picked":"Dagger Throw+1","floor":29},{"not_picked":["Deadly Poison","Blur"],"picked":"Dash+1","floor":30},{"not_picked":["Endless Agony","Quick Slash+1","Caltrops"],"picked":"SKIP","floor":31},{"not_picked":["Dagger Throw","Underhanded Strike+1"],"picked":"Deadly Poison+1","floor":35},{"not_picked":["Riddle With Holes+1","Cloak And Dagger"],"picked":"Dodge and Roll+1","floor":39},{"not_picked":["Night Terror","Concentrate"],"picked":"Poisoned Stab","floor":41}],"player_experience":2764273,"relics_obtained":[{"floor":9,"key":"HornCleat"},{"floor":10,"key":"Turnip"},{"floor":14,"key":"Smiling Mask"},{"floor":23,"key":"The Specimen"},{"floor":25,"key":"StrikeDummy"},{"floor":26,"key":"Pear"},{"floor":30,"key":"Mango"},{"floor":36,"key":"CaptainsWheel"}],"event_choices":[{"damage_healed":0,"gold_gain":75,"player_choice":"Gather Gold","damage_taken":11,"max_hp_gain":0,"max_hp_loss":0,"event_name":"World of Goop","floor":2,"gold_loss":0},{"cards_removed":["Strike_G"],"damage_healed":0,"gold_gain":0,"player_choice":"Gave Gold","damage_taken":0,"max_hp_gain":0,"max_hp_loss":0,"event_name":"Beggar","floor":19,"gold_loss":75},{"damage_healed":0,"gold_gain":0,"cards_transformed":["Strike_G","Strike_G"],"player_choice":"Became Test Subject","damage_taken":0,"max_hp_gain":0,"max_hp_loss":0,"event_name":"Drug Dealer","floor":27,"gold_loss":0,"cards_obtained":["Distraction","Slice"]},{"damage_healed":0,"gold_gain":0,"player_choice":"Fight","damage_taken":0,"max_hp_gain":0,"max_hp_loss":0,"event_name":"Mysterious Sphere","floor":36,"gold_loss":0},{"damage_healed":0,"gold_gain":0,"player_choice":"Ignored","damage_taken":0,"max_hp_gain":0,"max_hp_loss":0,"event_name":"SecretPortal","floor":38,"gold_loss":0}],"is_beta":false,"boss_relics":[{"not_picked":["Busted Crown","Ectoplasm"],"picked":"Sozu"},{"not_picked":["Runic Dome","SacredBark"],"picked":"SlaversCollar"}],"items_purged_floors":[4,37],"is_endless":false,"potions_floor_spawned":[1,7,11,14,16,21,22,23,29,35,36,39],"killed_by":"Giant Head","ascension_level":10}}