{"host":"2lo6hma6kymb0g9i","time":1609311363,"event":{"mods":["BaseMod","Colored Map","DeckTracker","Minty Spire (QoL Compilation)"],"gold_per_floor":[115,115,129,29,46,46,59,59,84,84,111,122,134,165,165,267,267,277,277,277,177,208,208,219,238,238,238,249,124,156,169,169,274,274,291,291,513,513,513,513,548,548,574,574,588,605,623,138,138,138,138],"floor_reached":50,"playtime":3788,"items_purged":["Strike_B","Pain","Strike_B","Strike_B"],"score":685,"play_id":"b8f4eb9a-d7d3-41bf-bd84-94c539f7702a","local_time":"20201230155603","is_ascension_mode":true,"campfire_choices":[{"data":"Redo","floor":6.0,"key":"SMITH"},{"data":"Redo","floor":8.0,"key":"SMITH"},{"data":"Zap","floor":10.0,"key":"SMITH"},{"data":"Chaos","floor":15.0,"key":"SMITH"},{"data":"Dualcast","floor":23,"key":"SMITH"},{"data":"Buffer","floor":27,"key":"SMITH"},{"data":"Multi-Cast","floor":32,"key":"SMITH"},{"data":"Seek","floor":40,"key":"SMITH"},{"data":"Defragment","floor":42,"key":"SMITH"},{"data":"Conserve Battery","floor":44,"key":"SMITH"},{"data":"Panache","floor":49,"key":"SMITH"}],"circlet_count":0,"master_deck":["Strike_B","Defend_B","Defend_B","Defend_B","Defend_B","Zap+1","Dualcast+1","Sweeping Beam","Hologram","Redo+1","Redo+1","Reinforced Body","Conserve Battery+1","Chaos+1","Melter","Hologram","Multi-Cast+1","Leap","BootSequence+1","Sweeping Beam","Buffer+1","Turbo","Defragment+1","Hologram+1","Seek+1","Leap","Hologram+1","Turbo","Hologram+1","Panache+1"],"relics":["Cracked Core","NeowsBlessing","WarpedTongs","Strawberry","PreservedInsect","Blue Candle","Coffee Dripper","Enchiridion","Red Mask","Symbiotic Virus","Happy Flower","Nuclear Battery","Pen Nib","Mummified Hand","Lantern","DataDisk"],"acts_visited":["Exordium","TheCity","TheBeyond"],"potions_floor_usage":[33,33,41,47,50,50,50],"damage_taken":[{"damage":0.0,"enemies":"Jaw Worm","floor":1.0,"turns":1.0},{"damage":0.0,"enemies":"Cultist","floor":3.0,"turns":1.0},{"damage":0.0,"enemies":"2 Louse","floor":5.0,"turns":2.0},{"damage":2.0,"enemies":"2 Fungi Beasts","floor":7.0,"turns":2.0},{"damage":11.0,"enemies":"Gremlin Nob","floor":11.0,"turns":3.0},{"damage":2.0,"enemies":"Blue Slaver","floor":12.0,"turns":3.0},{"damage":12.0,"enemies":"Exordium Wildlife","floor":13.0,"turns":4.0},{"damage":0.0,"enemies":"Lagavulin","floor":14.0,"turns":4.0},{"damage":42.0,"enemies":"Slime Boss","floor":16.0,"turns":12.0},{"damage":9.0,"enemies":"Chosen","floor":18.0,"turns":5.0},{"damage":19,"enemies":"Masked Bandits","floor":22,"turns":3},{"damage":0,"enemies":"2 Thieves","floor":24,"turns":4},{"damage":1,"enemies":"Shelled Parasite and Fungi","floor":25,"turns":2},{"damage":0,"enemies":"Chosen and Byrds","floor":28,"turns":4},{"damage":0,"enemies":"Book of Stabbing","floor":30,"turns":3},{"damage":0,"enemies":"Snecko","floor":31,"turns":3},{"damage":3,"enemies":"Automaton","floor":33,"turns":9},{"damage":0,"enemies":"Orb Walker","floor":35,"turns":4},{"damage":31,"enemies":"Giant Head","floor":41,"turns":6},{"damage":0,"enemies":"3 Darklings","floor":45,"turns":3},{"damage":0,"enemies":"Jaw Worm Horde","floor":46,"turns":4},{"damage":32,"enemies":"Transient","floor":47,"turns":5},{"damage":20,"enemies":"Donu and Deca","floor":50,"turns":5}],"seed_played":"-6527089442340095588","potions_obtained":[{"floor":1.0,"key":"EntropicBrew"},{"floor":5.0,"key":"AttackPotion"},{"floor":12.0,"key":"Explosive Potion"},{"floor":13.0,"key":"Block Potion"},{"floor":16.0,"key":"SkillPotion"},{"floor":22,"key":"SkillPotion"},{"floor":33,"key":"ColorlessPotion"},{"floor":41,"key":"Block Potion"}],"is_trial":false,"path_per_floor":["M","?","M","$","M","R","M","R","T","R","E","M","M","E","R","B",null,"M","?","?","$","?","R","M","M","T","R","M","$","E","M","R","B",null,"M","?","?","T","?","R","E","R","T","R","M","M","M","$","R","B"],"character_chosen":"DEFECT","items_purchased":["Redo","DataDisk","Panache"],"campfire_rested":0,"item_purchase_floors":[4,48,48],"current_hp_per_floor":[75,75,75,75,75,75,73,73,80,80,69,67,55,55,55,13,82,73,57,57,57,38,38,38,37,37,37,37,37,37,37,37,34,82,82,82,82,82,82,82,51,51,51,51,51,51,19,19,19,0,0],"gold":138,"neow_bonus":"THREE_ENEMY_KILL","is_daily":false,"chose_seed":false,"campfire_upgraded":11,"win_rate":0.0,"timestamp":1609311363,"path_taken":["M","?","?","$","M","R","M","R","T","R","E","M","M","E","R","BOSS","M","?","?","$","?","R","M","M","T","R","M","?","E","?","R","BOSS","M","?","?","?","?","R","E","R","T","R","?","M","M","$","R","BOSS"],"items_purchased_type":["Card","Relic","Card"],"build_version":"2020-12-22","purchased_purges":4,"victory":false,"max_hp_per_floor":[75,75,75,75,75,75,75,75,82,82,82,82,82,82,82,82,82,82,82,82,82,82,82,82,82,82,82,82,82,82,82,82,82,82,82,82,82,82,82,82,82,82,82,82,82,82,82,82,82,82,82],"card_choices":[{"not_picked":["Recycle","Auto Shields"],"picked":"Sweeping Beam","floor":1.0},{"not_picked":["Auto Shields","Rebound"],"picked":"Hologram","floor":3.0},{"not_picked":["Gash","Streamline"],"picked":"Redo","floor":5.0},{"not_picked":["Steam","Skim"],"picked":"Reinforced Body","floor":7.0},{"not_picked":["Barrage","Leap"],"picked":"Conserve Battery","floor":11.0},{"not_picked":["Cold Snap","Capacitor"],"picked":"Chaos","floor":12.0},{"not_picked":["Self Repair","FTL"],"picked":"Melter","floor":13.0},{"not_picked":["Conserve Battery","Buffer"],"picked":"Hologram","floor":14.0},{"not_picked":["Machine Learning","Biased Cognition"],"picked":"Multi-Cast","floor":16.0},{"not_picked":["Sweeping Beam","Go for the Eyes"],"picked":"Leap","floor":18.0},{"not_picked":["Heatsinks","Capacitor"],"picked":"BootSequence+1","floor":22},{"not_picked":["Reprogram+1","Coolheaded+1"],"picked":"Sweeping Beam","floor":24},{"not_picked":["Sunder+1","Compile Driver"],"picked":"Buffer","floor":25},{"not_picked":["Sweeping Beam","Stack"],"picked":"Turbo","floor":28},{"not_picked":["Stack+1","BootSequence"],"picked":"Defragment","floor":30},{"not_picked":["Go for the Eyes","Skim"],"picked":"Hologram+1","floor":31},{"not_picked":["Echo Form","Fission"],"picked":"Seek","floor":33},{"not_picked":["Cold Snap","Streamline+1"],"picked":"Leap","floor":35},{"not_picked":["Barrage+1","Coolheaded+1","Glacier"],"picked":"SKIP","floor":41},{"not_picked":["Hologram+1","Streamline+1"],"picked":"Turbo","floor":45},{"not_picked":["Chill+1","Ball Lightning+1"],"picked":"Hologram+1","floor":46},{"not_picked":["Ball Lightning+1","Beam Cell","Lockon"],"picked":"SKIP","floor":47}],"player_experience":916512,"relics_obtained":[{"floor":9.0,"key":"Strawberry"},{"floor":11.0,"key":"PreservedInsect"},{"floor":14.0,"key":"Blue Candle"},{"floor":19,"key":"Enchiridion"},{"floor":22,"key":"Red Mask"},{"floor":26,"key":"Symbiotic Virus"},{"floor":30,"key":"Happy Flower"},{"floor":38,"key":"Pen Nib"},{"floor":41,"key":"Mummified Hand"},{"floor":43,"key":"Lantern"}],"event_choices":[{"damage_healed":0.0,"max_hp_gain":0.0,"max_hp_loss":0.0,"gold_gain":0.0,"event_name":"Accursed Blacksmith","player_choice":"Rummage","floor":2.0,"gold_loss":0.0,"damage_taken":0.0,"relics_obtained":["WarpedTongs"],"cards_obtained":["Pain"]},{"damage_healed":0,"gold_gain":0,"player_choice":"Obtained Book","damage_taken":16,"max_hp_gain":0,"max_hp_loss":0,"event_name":"Cursed Tome","floor":19,"gold_loss":0},{"damage_healed":0,"gold_gain":0,"player_choice":"Ignored","damage_taken":0,"max_hp_gain":0,"max_hp_loss":0,"event_name":"Vampires","floor":20,"gold_loss":0},{"damage_healed":0,"gold_gain":0,"player_choice":"Fought Bandits","damage_taken":0,"max_hp_gain":0,"max_hp_loss":0,"event_name":"Masked Bandits","floor":22,"gold_loss":0},{"damage_healed":0,"gold_gain":0,"player_choice":"Memory 1","damage_taken":0,"max_hp_gain":0,"max_hp_loss":0,"event_name":"SensoryStone","floor":36,"gold_loss":0},{"damage_healed":0,"gold_gain":222,"player_choice":"Wore Mask","damage_taken":0,"max_hp_gain":0,"max_hp_loss":0,"event_name":"Tomb of Lord Red Mask","floor":37,"gold_loss":0},{"damage_healed":0,"gold_gain":0,"player_choice":"Copied","damage_taken":0,"max_hp_gain":0,"max_hp_loss":0,"event_name":"Duplicator","floor":39,"gold_loss":0,"cards_obtained":["Hologram"]}],"is_beta":false,"boss_relics":[{"not_picked":["Snecko Eye","Calling Bell"],"picked":"Coffee Dripper"},{"not_picked":["SlaversCollar","Sozu"],"picked":"Nuclear Battery"}],"items_purged_floors":[4,21,29,48],"is_endless":false,"potions_floor_spawned":[1,5,12,13,16,22,33,41],"killed_by":"Donu and Deca","ascension_level":4}}