{"host":"kmigwsj5rrfnig2m","time":1609305809,"event":{"mods":["BaseMod","Downfall","Minty Spire (QoL Compilation)","StSLib"],"gold_per_floor":[99,160,173,35,20,39,39,39,50,76,95,95,106,131,146,247,247,172,172,187,187,187,203,203,219,247,264,264,52,152,178,189,294,294,294,294,214,264,282,307,378,410,429,440,494,344,71,81,93,93,93,124,48,48,48],"floor_reached":56,"playtime":4209,"items_purged":["champ:Strike","champ:Strike","champ:Execute"],"score":1482,"play_id":"d5fa27de-f5fe-41d3-a915-0cb82bfa76ab","local_time":"20201230002329","is_ascension_mode":false,"campfire_choices":[{"data":"champ:Taunt","floor":1,"key":"SMITH"},{"data":"champ:FanOfKnives","floor":8,"key":"SMITH"},{"data":"champ:PerfectedStrike","floor":18,"key":"SMITH"},{"data":"champ:PerfectedStrike","floor":28,"key":"SMITH"},{"floor":35,"key":"RECALL"},{"data":"champ:PerfectedStrike","floor":46,"key":"SMITH"},{"floor":54,"key":"REST"}],"circlet_count":0,"master_deck":["champ:Defend","champ:Defend","champ:Defend","champ:Defend","champ:Taunt+1","champ:BladeFlurry","champ:BladeFlurry","champ:FanOfKnives+1","champ:IgnorePain","champ:BringItOn","champ:PerfectedStrike+1","champ:RisingSlash","champ:GladiatorsShout","champ:RecklessLeap","champ:PerfectedStrike+1","champ:PerfectedStrike+1","champ:MurderStrike","champ:Backstep","champ:RecklessLeap","champ:BerserkerStyle+1","champ:HeavySlash","champ:CheapShot","champ:RecklessLeap","champ:FaceSlap","champ:FocusedBerserking","champ:HeavySlash","champ:BerserkerStyle","champ:RecklessLeap","champ:Haymaker+1","champ:HoldFirm"],"relics":["Snecko Eye","champ:DefensiveTrainingManual","Mummified Hand","Bag of Preparation","Bronze Scales","Sozu","downfall:HeartBlessingGreen","White Beast Statue","Ornamental Fan","Smiling Mask","Lantern","MutagenicStrength","Pantograph","Busted Crown","Pocketwatch","Ice Cream","CaptainsWheel","Question Card","champ:GladiatorsBookOfMartialProwess","downfall:HeartBlessingBlue","downfall:HeartBlessingRed","Membership Card","Pen Nib","Orichalcum","Oddly Smooth Stone"],"acts_visited":["Exordium","TheCity","TheBeyond","TheEnding"],"potions_floor_usage":[16,55],"damage_taken":[{"damage":30,"enemies":"Lagavulin Event","floor":2,"turns":5},{"damage":13,"enemies":"Jaw Worm","floor":3,"turns":4},{"damage":5,"enemies":"downfall:FleeingMerchant","floor":4,"turns":4},{"damage":15,"enemies":"downfall:FleeingMerchant","floor":5,"turns":4},{"damage":0,"enemies":"2 Louse","floor":6,"turns":2},{"damage":5,"enemies":"Cultist","floor":9,"turns":3},{"damage":3,"enemies":"Gremlin Nob","floor":10,"turns":3},{"damage":5,"enemies":"Large Slime","floor":11,"turns":3},{"damage":10,"enemies":"3 Louse","floor":13,"turns":3},{"damage":18,"enemies":"3 Sentries","floor":14,"turns":4},{"damage":0,"enemies":"Blue Slaver","floor":15,"turns":2},{"damage":0,"enemies":"downfall:Watcher","floor":16,"turns":4},{"damage":0,"enemies":"3 Byrds","floor":20,"turns":2},{"damage":20,"enemies":"Spheric Guardian","floor":23,"turns":1},{"damage":20,"enemies":"Centurion and Healer","floor":25,"turns":4},{"damage":24,"enemies":"Book of Stabbing","floor":26,"turns":3},{"damage":23,"enemies":"Snake Plant","floor":27,"turns":2},{"damage":52,"enemies":"downfall:FleeingMerchant","floor":29,"turns":4},{"damage":37,"enemies":"downfall:Augmenter","floor":30,"turns":2},{"damage":38,"enemies":"Gremlin Leader","floor":31,"turns":4},{"damage":15,"enemies":"Shelled Parasite and Fungi","floor":32,"turns":1},{"damage":68,"enemies":"downfall:Ironclad","floor":33,"turns":4},{"damage":0,"enemies":"downfall:FleeingMerchant","floor":37,"turns":1},{"damage":36,"enemies":"Mind Bloom Boss Battle","floor":38,"turns":5},{"damage":52,"enemies":"3 Darklings","floor":39,"turns":2},{"damage":56,"enemies":"Reptomancer","floor":40,"turns":4},{"damage":9,"enemies":"Giant Head","floor":42,"turns":4},{"damage":36,"enemies":"Orb Walker","floor":43,"turns":2},{"damage":38,"enemies":"Sphere and 2 Shapes","floor":44,"turns":4},{"damage":2,"enemies":"2 Orb Walkers","floor":45,"turns":2},{"damage":65,"enemies":"Spire Growth","floor":48,"turns":2},{"damage":21,"enemies":"3 Darklings","floor":49,"turns":2},{"damage":53,"enemies":"downfall:Defect","floor":50,"turns":4},{"damage":96,"enemies":"downfall:CharBossMerchant","floor":52,"turns":6},{"damage":113,"enemies":"downfall:NeowBoss","floor":55,"turns":14}],"seed_played":"-713373305662685501","potions_obtained":[{"floor":6,"key":"GamblersBrew"},{"floor":10,"key":"champ:TechniquePotion"},{"floor":11,"key":"Strength Potion"},{"floor":13,"key":"LiquidMemories"},{"floor":16,"key":"Guardian:BlockOnCardUsePotion"}],"is_trial":false,"path_per_floor":["R","?","M","$","$","M","T","R","M","E","M","?","M","E","M","B",null,"R","?","M","?","?","M","T","M","E","M","R","$","?","E","M","B",null,"R","?","$","?","M","E","T","E","M","M","?","R","$","M","M","B",null,"E","$","R","B",null],"character_chosen":"THE_CHAMP","items_purchased":["champ:FanOfKnives","Lantern","Pocketwatch","champ:BerserkerStyle","Membership Card","Pen Nib","champ:RecklessLeap","Oddly Smooth Stone"],"campfire_rested":1,"item_purchase_floors":[4,29,37,37,47,47,47,53],"current_hp_per_floor":[90,75,72,72,67,67,67,67,67,64,59,24,19,1,1,1,90,90,90,90,72,72,72,72,72,63,60,60,60,43,58,58,68,95,95,95,95,95,95,86,86,95,95,95,95,105,105,105,105,105,105,66,66,97,105],"gold":48,"neow_bonus":"BOSS_RELIC","is_daily":false,"chose_seed":false,"campfire_upgraded":5,"win_rate":0.0,"timestamp":1609305809,"path_taken":["R","?","M","?","$","M","T","R","M","E","M","?","?","E","M","BOSS","R","?","M","?","?","M","T","M","E","M","R","?","?","E","M","BOSS","R","?","?","?","M","E","T","E","M","M","?","R","$","?","M","BOSS","E","$","R","BOSS"],"items_purchased_type":["Card","Relic","Relic","Card","Relic","Relic","Card","Relic"],"build_version":"2020-12-22","purchased_purges":3,"victory":true,"max_hp_per_floor":[90,90,90,90,90,90,90,90,90,90,90,90,90,90,90,90,90,90,90,90,95,95,95,95,95,95,95,95,95,95,95,95,95,95,95,95,95,95,95,95,95,95,95,95,95,105,105,105,105,105,105,105,105,105,105],"card_choices":[{"not_picked":["champ:Circumvent","champ:CrookedStrike"],"picked":"champ:BladeFlurry","floor":2},{"not_picked":["champ:Shatter","champ:GladiatorsShout"],"picked":"champ:BladeFlurry","floor":3},{"not_picked":["champ:DefensiveShout","champ:AdrenalArmor"],"picked":"champ:TornadoPunch","floor":4},{"not_picked":["champ:LastStand","champ:GladiatorsShout"],"picked":"champ:IgnorePain","floor":5},{"not_picked":["champ:GladiatorsShout","champ:CrookedStrike"],"picked":"champ:BringItOn","floor":6},{"not_picked":["champ:DefensiveShout","champ:FocusedBerserking"],"picked":"champ:PerfectedStrike","floor":9},{"not_picked":["champ:Circumvent","champ:AdrenalArmor"],"picked":"champ:RisingSlash","floor":10},{"not_picked":["champ:Circumvent","champ:BringItOn"],"picked":"champ:GladiatorsShout","floor":11},{"not_picked":["champ:HeartStrike","champ:DefensiveShout"],"picked":"champ:RecklessLeap","floor":13},{"not_picked":["champ:BringItOn","champ:CrookedStrike"],"picked":"champ:PerfectedStrike","floor":14},{"not_picked":["champ:DancingMaster","champ:EndlessRage"],"picked":"champ:PerfectedStrike","floor":15},{"not_picked":["champ:SteelEdge","champ:LastStand"],"picked":"champ:MurderStrike","floor":16},{"not_picked":["champ:FanOfKnives+1","champ:Shatter"],"picked":"champ:Backstep","floor":20},{"not_picked":["champ:Control+1","champ:TornadoPunch","champ:HeartStrike+1"],"picked":"SKIP","floor":23},{"not_picked":["champ:FalseCounter","champ:GutPunch+1"],"picked":"champ:RecklessLeap","floor":25},{"not_picked":["champ:Backstep","champ:Shatter","champ:PreciseThrust"],"picked":"SKIP","floor":26},{"not_picked":["champ:StanceDance","champ:Balance"],"picked":"champ:BerserkerStyle+1","floor":27},{"not_picked":["champ:Circumvent","champ:IronFortress+1"],"picked":"champ:HeavySlash","floor":29},{"not_picked":["champ:FightOn","champ:Haymaker"],"picked":"champ:CheapShot","floor":30},{"not_picked":["champ:AdrenalArmor","champ:SteelEdge"],"picked":"champ:FocusedBerserking","floor":31},{"not_picked":["champ:BladeFlurry","champ:FlashCut","champ:IronFortress"],"picked":"SKIP","floor":32},{"not_picked":["champ:LastStand","champ:SwordThrow"],"picked":"champ:HeavySlash","floor":33},{"not_picked":["champ:FocusedDefense"],"picked":"SKIP","floor":37},{"not_picked":["champ:ArenaPreparation"],"picked":"SKIP","floor":39},{"not_picked":["champ:EndlessRage"],"picked":"SKIP","floor":40},{"not_picked":["champ:Shatter"],"picked":"SKIP","floor":42},{"not_picked":["champ:AdrenalArmor","champ:Balance+1"],"picked":"SKIP","floor":43},{"not_picked":["champ:FanOfKnives+1","champ:DefensiveShout+1"],"picked":"SKIP","floor":44},{"not_picked":["champ:BladeFlurry"],"picked":"champ:Haymaker+1","floor":48},{"not_picked":["champ:PerfectedStrike"],"picked":"champ:HoldFirm","floor":49},{"not_picked":["champ:GutPunch","champ:FanOfKnives"],"picked":"SKIP","floor":52}],"player_experience":180967,"relics_obtained":[{"floor":2,"key":"champ:DefensiveTrainingManual"},{"floor":7,"key":"Mummified Hand"},{"floor":10,"key":"Bag of Preparation"},{"floor":14,"key":"Bronze Scales"},{"floor":24,"key":"Ornamental Fan"},{"floor":26,"key":"Smiling Mask"},{"floor":30,"key":"MutagenicStrength"},{"floor":31,"key":"Pantograph"},{"floor":38,"key":"Ice Cream"},{"floor":40,"key":"CaptainsWheel"},{"floor":42,"key":"Question Card"},{"floor":45,"key":"champ:GladiatorsBookOfMartialProwess"},{"floor":52,"key":"Orichalcum"}],"event_choices":[{"damage_healed":0,"gold_gain":0,"player_choice":"Ignored","damage_taken":0,"max_hp_gain":0,"max_hp_loss":0,"event_name":"Ghosts","floor":19,"gold_loss":0},{"cards_removed":["champ:TornadoPunch"],"damage_healed":0,"gold_gain":0,"player_choice":"Card Removal","damage_taken":0,"max_hp_gain":0,"max_hp_loss":0,"event_name":"Wheel of Change","floor":36,"gold_loss":0},{"damage_healed":0,"gold_gain":0,"player_choice":"Fight","damage_taken":0,"max_hp_gain":0,"max_hp_loss":0,"event_name":"Mysterious Sphere","floor":45,"gold_loss":0}],"is_beta":false,"boss_relics":[{"not_picked":["Fusion Hammer","downfall:Hecktoplasm"],"picked":"Sozu"},{"not_picked":["Runic Dome","SacredBark"],"picked":"Busted Crown"}],"items_purged_floors":[4,29,37],"is_endless":false,"potions_floor_spawned":[6,10,11,13,14,16,23,25,26,27,29,31,32,33,37,38,39,40,42,43,44,45,48,49,52],"ascension_level":0}}