{"host":"dhyczjm99amxd3qx","time":1609309589,"event":{"mods":["BaseMod","Colored Map","Googly Eyes","Highlight Path","Minty Spire (QoL Compilation)","Quick Restart","StSLib"],"gold_per_floor":[118,118,118,133,133,133,133],"floor_reached":6,"playtime":253,"items_purged":[],"score":41,"play_id":"b45d9ca6-fe22-45a8-aafe-cad122fa0f80","local_time":"20201230012629","is_ascension_mode":true,"campfire_choices":[],"circlet_count":0,"master_deck":["Strike_R","Strike_R+1","Strike_R","Strike_R","Strike_R","Defend_R","Defend_R+1","Defend_R","Defend_R","Bash","Pain","Flex"],"relics":["Burning Blood","WarpedTongs","Oddly Smooth Stone"],"acts_visited":["Exordium"],"potions_floor_usage":[6,6],"damage_taken":[{"damage":12,"enemies":"Small Slimes","floor":1,"turns":4},{"damage":4,"enemies":"Cultist","floor":4,"turns":3},{"damage":55,"enemies":"3 Sentries","floor":6,"turns":8}],"seed_played":"3228301055214666029","potions_obtained":[{"floor":1,"key":"ColorlessPotion"},{"floor":4,"key":"SkillPotion"}],"is_trial":false,"path_per_floor":["M","?","?","M","?","E"],"character_chosen":"IRONCLAD","items_purchased":[],"campfire_rested":0,"item_purchase_floors":[],"current_hp_per_floor":[82,64,64,66,54,0,0],"gold":133,"neow_bonus":"TEN_PERCENT_HP_BONUS","is_daily":false,"chose_seed":false,"campfire_upgraded":0,"win_rate":0.0,"timestamp":1609309589,"path_taken":["M","?","?","?","?","E"],"items_purchased_type":[],"build_version":"2020-12-22","purchased_purges":0,"victory":false,"max_hp_per_floor":[88,88,88,88,88,88,88],"card_choices":[{"not_picked":["Entrench","Pommel Strike","Rupture"],"picked":"SKIP","floor":1},{"not_picked":["Second Wind","Whirlwind"],"picked":"Flex","floor":4}],"player_experience":206276,"relics_obtained":[],"event_choices":[{"damage_healed":0,"gold_gain":0,"player_choice":"Entered Light","damage_taken":18,"max_hp_gain":0,"max_hp_loss":0,"event_name":"Shining Light","floor":2,"gold_loss":0,"cards_upgraded":["Strike_R","Defend_R"]},{"damage_healed":0,"gold_gain":0,"player_choice":"Rummage","damage_taken":0,"relics_obtained":["WarpedTongs"],"max_hp_gain":0,"max_hp_loss":0,"event_name":"Accursed Blacksmith","floor":3,"gold_loss":0,"cards_obtained":["Pain"]},{"damage_healed":0,"gold_gain":0,"player_choice":"Success","damage_taken":12,"relics_obtained":["Oddly Smooth Stone"],"max_hp_gain":0,"max_hp_loss":0,"event_name":"Scrap Ooze","floor":5,"gold_loss":0}],"is_beta":false,"boss_relics":[],"items_purged_floors":[],"is_endless":false,"potions_floor_spawned":[1,4],"killed_by":"3 Sentries","ascension_level":4}}