{"host":"8qkhzo0jjkmvsb7l","time":1609363118,"event":{"mods":["Ascension Reborn","BaseMod","Conspire","Downfall","Marisa????????","Minty Spire (QoL Compilation)","Replay The Spire","StSLib"],"gold_per_floor":[116,191,204,254,286,298,330,82,105,105,116,116,116,131,131,232,232,243,257,257,26,40,73,73,73],"floor_reached":24,"playtime":1105,"items_purged":["Parasite","hexamod:Haunted"],"score":206,"play_id":"e065a614-dec6-46cf-9ac8-8cac96179938","local_time":"20201231001838","is_ascension_mode":true,"campfire_choices":[{"data":"IllusionStar","floor":6,"key":"SMITH"},{"data":"DoubleSpark","floor":10,"key":"SMITH"},{"floor":12,"key":"REST"},{"data":"SprinkleStarSeal","floor":15,"key":"SMITH"}],"circlet_count":0,"master_deck":["Strike_MRS","Strike_MRS","Strike_MRS","Strike_MRS","Defend_MRS","Defend_MRS","Defend_MRS","Defend_MRS","MasterSpark","UpSweep","IllusionStar+1","Orbital","DoubleSpark+1","SprinkleStarSeal+1","BinaryStars","UnstableBomb+1","PowerUp+1","GasGiant+1","EarthLightRay"],"relics":["MiniHakkero","Ring of Greed","MawBank","Membership Card","ShroomBag","ReplayTheSpireMod:TigerMarble","Happy Flower","Strange Spoon","Simple Rune","Philosopher\u0027s Stone","Nloth\u0027s Gift","Gremlin Food","ReplayTheSpireMod:Lightbulb","Bag of Marbles"],"acts_visited":["Exordium","TheCity"],"potions_floor_usage":[7,11,23,23],"damage_taken":[{"damage":0,"enemies":"Jaw Worm","floor":1,"turns":1},{"damage":0,"enemies":"2 Louse","floor":3,"turns":1},{"damage":2,"enemies":"conspire:RoseBush","floor":5,"turns":1},{"damage":0,"enemies":"The Mushroom Lair","floor":7,"turns":2},{"damage":12,"enemies":"Exordium Thugs","floor":11,"turns":3},{"damage":12,"enemies":"Blue Slaver","floor":14,"turns":2},{"damage":16,"enemies":"Slime Boss","floor":16,"turns":5},{"damage":26,"enemies":"Spheric Guardian","floor":18,"turns":5},{"damage":17,"enemies":"2 Thieves","floor":19,"turns":3},{"damage":0,"enemies":"Sentry and Sphere","floor":22,"turns":3},{"damage":18,"enemies":"Slavers","floor":23,"turns":5},{"damage":12,"enemies":"Shelled Parasite and Fungi","floor":24,"turns":3}],"seed_played":"-4089684543086130612","potions_obtained":[{"floor":1,"key":"AttackPotion"},{"floor":7,"key":"GamblersBrew"},{"floor":18,"key":"Swift Potion"},{"floor":19,"key":"Block Potion"},{"floor":23,"key":"Venom Potion"}],"is_trial":false,"path_per_floor":["M","?","M","?","M","R","?","$","T","R","M","R","?","M","R","B",null,"M","M","?","$","M","E","M"],"character_chosen":"MARISA","items_purchased":["ReplayTheSpireMod:TigerMarble","Happy Flower","Strange Spoon","Gremlin Food","ReplayTheSpireMod:Lightbulb"],"campfire_rested":1,"item_purchase_floors":[8,8,8,21,21],"current_hp_per_floor":[75,64,64,64,62,62,62,62,62,62,50,71,69,57,57,45,69,43,26,26,26,26,8,0,0],"gold":73,"neow_bonus":"THREE_ENEMY_KILL","is_daily":false,"chose_seed":false,"campfire_upgraded":3,"win_rate":0.0,"timestamp":1609363118,"path_taken":["M","?","M","?","M","R","?","$","T","R","?","R","?","M","R","BOSS","M","?","?","$","?","E","M"],"items_purchased_type":["Relic","Relic","Relic","Relic","Relic"],"build_version":"2020-12-22","purchased_purges":2,"victory":false,"max_hp_per_floor":[75,75,75,75,75,75,75,72,72,72,72,72,69,69,69,69,69,69,69,69,69,69,69,69,69],"card_choices":[{"not_picked":["EnergyFlow","6A"],"picked":"IllusionStar","floor":1},{"not_picked":["Occultation","EnergyRecoil","DragonMeteor"],"picked":"SKIP","floor":3},{"not_picked":["OneTimeOff","EnergyRecoil"],"picked":"Orbital","floor":5},{"not_picked":["WitchLeyline","EnergyFlow"],"picked":"DoubleSpark","floor":7},{"not_picked":["ShootingEcho","Acceleration","MilkyWay"],"picked":"SKIP","floor":11},{"not_picked":["Acceleration","WitchOfGreed"],"picked":"SprinkleStarSeal","floor":14},{"not_picked":["SatelliteIllusion","TreasureHunter"],"picked":"BinaryStars","floor":16},{"not_picked":["SporeBomb+1","ShootingEcho"],"picked":"UnstableBomb+1","floor":18},{"not_picked":["ManaConvection","EventHorizon+1"],"picked":"PowerUp+1","floor":19},{"not_picked":["JA","GravityBeat+1"],"picked":"GasGiant+1","floor":22},{"not_picked":["ChargingUp","WitchLeyline"],"picked":"EarthLightRay","floor":23}],"player_experience":214915,"relics_obtained":[{"floor":4,"key":"Ring of Greed"},{"floor":4,"key":"MawBank"},{"floor":4,"key":"Membership Card"},{"floor":7,"key":"ShroomBag"},{"floor":9,"key":"Simple Rune"},{"floor":23,"key":"Bag of Marbles"}],"event_choices":[{"damage_healed":0,"gold_gain":75,"player_choice":"Gather Gold","damage_taken":11,"max_hp_gain":0,"max_hp_loss":0,"event_name":"World of Goop","floor":2,"gold_loss":0},{"damage_healed":0,"gold_gain":0,"player_choice":"Fought Mushrooms","damage_taken":0,"max_hp_gain":0,"max_hp_loss":0,"event_name":"Mushrooms_MRS","floor":7,"gold_loss":0},{"cards_removed":["Slimebound:Icky","Parasite"],"damage_healed":0,"gold_gain":0,"player_choice":"Removed Curses","damage_taken":0,"max_hp_gain":0,"max_hp_loss":0,"event_name":"Fountain of Cleansing","floor":13,"gold_loss":0},{"damage_healed":0,"gold_gain":0,"player_choice":"Traded Relic","damage_taken":0,"relics_obtained":["Nloth\u0027s Gift"],"max_hp_gain":0,"max_hp_loss":0,"event_name":"N\u0027loth","floor":20,"relics_lost":["NeowsBlessing"],"gold_loss":0}],"is_beta":false,"boss_relics":[{"not_picked":["Honey Jar","SacredBark"],"picked":"Philosopher\u0027s Stone"}],"items_purged_floors":[8,21],"is_endless":false,"potions_floor_spawned":[1,7,18,19,23],"killed_by":"Shelled Parasite and Fungi","ascension_level":0}}