{"host":"2apb6gwm2fj4theg","time":1609360268,"event":{"mods":["2.2 Compatiblity","AlwaysNeverKeys","BaseMod","Halation","Infinite Spire","Minty Spire (QoL Compilation)","Replay The Spire","Shop Mod","Small Relic Pack","StSLib","The Animator"],"gold_per_floor":[113,388,402,402,417,448,448,464,464,474,499,499,499,126,126,226,226,240,240,240,229,243,243,243,243],"floor_reached":24,"playtime":1730,"items_purged":[],"score":231,"play_id":"f823e308-43e3-464d-a504-4971c90f90c2","local_time":"20201230223108","is_ascension_mode":false,"campfire_choices":[{"floor":7,"key":"REST"},{"floor":12,"key":"REST"},{"data":"Apotheosis","floor":15,"key":"SMITH"},{"floor":23,"key":"REST"}],"circlet_count":0,"master_deck":["Strike_R","Strike_R","Strike_R","Strike_R","Strike_R","Defend_R+1","Defend_R+1","Defend_R","Defend_R","Bash","Heavy Blade","Armaments","Burning Pact","Fire Breathing","Wild Strike","Intimidate","Rage","Apotheosis+1","Fire Breathing","Defy Death","Defy Death","Heavy Blade","Eclipse","Pot Of Greed","Pot Of Greed","Parasite","Pot Of Greed","Decay","Decay","Twin Strike","Necronomicurse","ReplayTheSpireMod:Strike From Hell","Clothesline+1","Rage+1"],"relics":["Burning Blood","Simple Rune","Replay:Mystery Machine","Pear","Replay:Ancient Bell","Grinning Jar","infinitespire:Bottled Soul","halation:SwordOfLegend","Necronomicon"],"acts_visited":["Exordium","TheCity"],"potions_floor_usage":[6,16,16,21,24],"damage_taken":[{"damage":5,"enemies":"2 Louse","floor":1,"turns":2},{"damage":3,"enemies":"Cultist","floor":3,"turns":3},{"damage":11,"enemies":"Jaw Worm","floor":5,"turns":8},{"damage":53,"enemies":"3 Sentries","floor":6,"turns":14},{"damage":26,"enemies":"Gremlin Gang","floor":8,"turns":7},{"damage":10,"enemies":"Looter","floor":10,"turns":4},{"damage":6,"enemies":"Replay:BlueRogue","floor":11,"turns":9},{"damage":57,"enemies":"The Guardian","floor":16,"turns":12},{"damage":32,"enemies":"Spheric Guardian","floor":18,"turns":6},{"damage":36,"enemies":"2 Thieves","floor":21,"turns":4},{"damage":21,"enemies":"Snake Plant","floor":22,"turns":4},{"damage":77,"enemies":"Book of Stabbing","floor":24,"turns":6}],"seed_played":"3045344380223699367","potions_obtained":[{"floor":3,"key":"Adrenaline Potion"},{"floor":6,"key":"AttackPotion"},{"floor":8,"key":"BloodPotion"},{"floor":11,"key":"Strength Potion"},{"floor":18,"key":"ElixirPotion"}],"is_trial":false,"path_per_floor":["M","?","M","?","M","E","R","M","T","M","E","R","?","$","R","B",null,"M","?","?","M","M","R","E"],"character_chosen":"IRONCLAD","items_purchased":["Apotheosis","Fire Breathing","Defy Death","Heavy Blade"],"campfire_rested":3,"item_purchase_floors":[14,14,14,14],"current_hp_per_floor":[88,88,88,88,83,36,62,42,42,38,48,77,77,77,77,26,98,72,56,56,45,30,68,0,0],"gold":243,"neow_bonus":"TEN_PERCENT_HP_BONUS","is_daily":false,"chose_seed":false,"campfire_upgraded":1,"win_rate":0.0,"timestamp":1609360268,"path_taken":["M","?","?","?","M","E","R","M","T","?","E","R","?","$","R","BOSS","M","?","?","M","M","R","E"],"items_purchased_type":["Card","Card","Card","Card"],"build_version":"2020-12-22","purchased_purges":0,"victory":false,"max_hp_per_floor":[88,88,88,88,88,88,88,88,88,88,98,98,98,98,98,98,98,98,98,98,98,98,98,98,98],"card_choices":[{"not_picked":["Body Slam","Whirlwind"],"picked":"Heavy Blade","floor":1},{"not_picked":["Warcry","Pommel Strike"],"picked":"Armaments","floor":3},{"not_picked":["Havoc","Run Through"],"picked":"Burning Pact","floor":5},{"not_picked":["Rampage","Corruption"],"picked":"Fire Breathing","floor":6},{"not_picked":["Headbutt","Iron Wave"],"picked":"Wild Strike","floor":8},{"not_picked":["Sword Boomerang","Whirlwind"],"picked":"Intimidate","floor":10},{"not_picked":["Flex","Wild Strike"],"picked":"Rage","floor":11},{"not_picked":["Fiend Fire","Juggernaut"],"picked":"Eclipse","floor":16},{"not_picked":["Shame","ReplayTheSpireMod:Faulty Equipment"],"picked":"Parasite","floor":17},{"not_picked":["Pain","Spreading Infection"],"picked":"Decay","floor":17},{"not_picked":["Regret","Pain"],"picked":"Decay","floor":17},{"not_picked":["Perfected Strike","Replay:Undeath\u0027s Touch"],"picked":"Twin Strike","floor":18},{"not_picked":["Clash","Warcry"],"picked":"Clothesline+1","floor":21},{"not_picked":["Replay:Undeath\u0027s Touch","Ghostly Armor"],"picked":"Rage+1","floor":22}],"player_experience":577260,"relics_obtained":[{"floor":6,"key":"Simple Rune"},{"floor":9,"key":"Replay:Mystery Machine"},{"floor":11,"key":"Pear"},{"floor":19,"key":"Necronomicon"}],"event_choices":[{"damage_healed":0,"gold_gain":275,"player_choice":"Desecrate","damage_taken":0,"max_hp_gain":0,"max_hp_loss":0,"event_name":"Golden Shrine","floor":2,"gold_loss":0,"cards_obtained":["Regret"]},{"damage_healed":0,"gold_gain":0,"cards_transformed":["Regret"],"player_choice":"Transformed","damage_taken":0,"max_hp_gain":0,"max_hp_loss":0,"event_name":"Transmorgrifier","floor":4,"gold_loss":0,"cards_obtained":["infinitespire:Pacifist"]},{"damage_healed":0,"gold_gain":0,"player_choice":"Obtained Book","damage_taken":16,"max_hp_gain":0,"max_hp_loss":0,"event_name":"Cursed Tome","floor":19,"gold_loss":0},{"damage_healed":0,"gold_gain":0,"player_choice":"Read","damage_taken":0,"max_hp_gain":0,"max_hp_loss":0,"event_name":"The Library","floor":20,"gold_loss":0,"cards_obtained":["ReplayTheSpireMod:Strike From Hell"]}],"is_beta":false,"boss_relics":[{"not_picked":["Painkiller Herb","Cursed Key"],"picked":"Replay:Ancient Bell"},{"not_picked":["Anchor","Vajra"],"picked":"Grinning Jar"},{"not_picked":["Garlic","relicPack:DarknessArmor"],"picked":"infinitespire:Bottled Soul"},{"not_picked":["Bird Faced Urn","WingedGreaves"],"picked":"halation:SwordOfLegend"}],"items_purged_floors":[],"is_endless":false,"potions_floor_spawned":[3,6,8,11,18],"killed_by":"Book of Stabbing","ascension_level":0}}