{"host":"m77rrhbqzv44va4v","time":1609357073,"event":{"mods":["AchievementEnabler","BaseMod","Colored Map","DeckTracker","Keyboard Shortcuts","Minty Spire (QoL Compilation)","StSLib","SuperFastMode","everything is the same but u backflip on backflip"],"gold_per_floor":[359,377,21,40,50,50,82,62,85,102,117,117,117,131,131,131,131],"floor_reached":16,"playtime":453,"items_purged":["Strike_G"],"score":308,"play_id":"959616ac-43bd-4945-83bd-130b65aa5994","local_time":"20201231043753","is_ascension_mode":true,"campfire_choices":[{"floor":6.0,"key":"REST"},{"floor":12.0,"key":"REST"},{"data":"Malaise","floor":15.0,"key":"SMITH"}],"circlet_count":0,"master_deck":["AscendersBane","Strike_G","Strike_G","Strike_G","Strike_G","Defend_G","Defend_G","Defend_G","Defend_G","Defend_G","Survivor","Neutralize","Sucker Punch","Footwork","Master of Strategy","Swift Strike","Masterful Stab","Malaise+1","Tactician"],"relics":["Ring of the Snake","Anchor","Tiny Chest","Shuriken"],"acts_visited":["Exordium"],"potions_floor_usage":[16,16],"damage_taken":[{"damage":3.0,"enemies":"Small Slimes","floor":1.0,"turns":6.0},{"damage":3.0,"enemies":"Cultist","floor":2.0,"turns":4.0},{"damage":0.0,"enemies":"2 Louse","floor":4.0,"turns":5.0},{"damage":2.0,"enemies":"Looter","floor":5.0,"turns":4.0},{"damage":32.0,"enemies":"3 Sentries","floor":7.0,"turns":12.0},{"damage":0.0,"enemies":"Lots of Slimes","floor":10.0,"turns":4.0},{"damage":0.0,"enemies":"Exordium Wildlife","floor":11.0,"turns":5.0},{"damage":2.0,"enemies":"Red Slaver","floor":14.0,"turns":3.0}],"seed_played":"-5147209844435464485","potions_obtained":[{"floor":1.0,"key":"Poison Potion"},{"floor":2.0,"key":"SpeedPotion"},{"floor":4.0,"key":"Strength Potion"},{"floor":8.0,"key":"AttackPotion"},{"floor":10.0,"key":"ColorlessPotion"}],"is_trial":false,"path_per_floor":["M","M","$","M","M","R","E","?","T","M","M","R","T","M","R","B"],"character_chosen":"THE_SILENT","items_purchased":["Master of Strategy","Swift Strike"],"campfire_rested":2,"item_purchase_floors":[3,3],"current_hp_per_floor":[41,38,38,38,36,55,23,23,23,23,23,42,42,40,40,0,0],"gold":131,"neow_bonus":"TWO_FIFTY_GOLD","is_daily":false,"chose_seed":false,"campfire_upgraded":1,"win_rate":0.0,"timestamp":1609357073,"path_taken":["M","M","$","M","M","R","E","?","T","?","M","R","?","M","R","BOSS"],"items_purchased_type":["Card","Card"],"build_version":"2020-12-22","purchased_purges":1,"victory":false,"max_hp_per_floor":[66,66,66,66,66,66,66,66,66,66,66,66,66,66,66,66,66],"card_choices":[{"not_picked":["Setup","All Out Attack"],"picked":"Sucker Punch","floor":1.0},{"not_picked":["Prepared","Slice"],"picked":"Footwork","floor":2.0},{"not_picked":["Infinite Blades","Outmaneuver","Prepared"],"picked":"SKIP","floor":4.0},{"not_picked":["Outmaneuver","Deflect"],"picked":"Masterful Stab","floor":5.0},{"not_picked":["Masterful Stab","Footwork"],"picked":"Malaise","floor":7.0},{"not_picked":["Infinite Blades","Outmaneuver"],"picked":"Tactician","floor":10.0},{"not_picked":["Quick Slash","Deadly Poison","Poisoned Stab"],"picked":"SKIP","floor":11.0},{"not_picked":["Quick Slash","Flying Knee","Expertise"],"picked":"SKIP","floor":14.0}],"player_experience":840877,"relics_obtained":[{"floor":7.0,"key":"Anchor"},{"floor":9.0,"key":"Tiny Chest"},{"floor":13.0,"key":"Shuriken"}],"event_choices":[{"damage_healed":0.0,"max_hp_gain":0.0,"max_hp_loss":0.0,"gold_gain":0.0,"event_name":"The Woman in Blue","player_choice":"Bought 1 Potion","floor":8.0,"gold_loss":0.0,"damage_taken":0.0}],"is_beta":false,"boss_relics":[],"items_purged_floors":[3],"is_endless":false,"potions_floor_spawned":[1,2,4,10],"killed_by":"The Guardian","ascension_level":20}}