{"host":"yuhy0i501zzmn1iz","time":1609349374,"event":{"mods":["AchievementEnabler","AlwaysNeverKeys","BaseMod","Bestiary","Better Match","Better Third Choice","Curses Come First","Downfall","Minty Spire (QoL Compilation)","StSLib","The Blue Laboratory","slay the spire mod where everything is the same but ironclad has a cowboy hat"],"gold_per_floor":[117,134,148,148,5,46,62,337,337,371,371,384,409,423,423,553,553,569,355,339,339,357,357,357,400,423,464,484,484,484],"floor_reached":29,"playtime":1754,"items_purged":["Regret","Defend_R"],"score":330,"play_id":"75a7e438-2614-43b1-b10e-34fd8149218e","local_time":"20201230122934","is_ascension_mode":true,"campfire_choices":[{"data":"Hemokinesis","floor":11.0,"key":"SMITH"},{"data":"Power Through","floor":15.0,"key":"SMITH"},{"floor":23.0,"key":"REST"}],"circlet_count":0,"master_deck":["Strike_R","Strike_R","Strike_R","Strike_R+1","Strike_R","Defend_R","Defend_R","Defend_R","Bash+1","Rampage","Wild Strike","Power Through+1","Injury","Hemokinesis+1","Shockwave","Intimidate","Entrench","Battle Trance","Inflame","Sentinel","Juggernaut","Metallicize+1","Body Slam","Fire Breathing","Hemokinesis","Shrug It Off","Armaments+1","Sentinel+1","Dark Embrace"],"relics":["Burning Blood","Golden Idol","Omamori","Regal Pillow","Letter Opener","SlaversCollar","Enchiridion","betterThird:NestCultRelic","Bronze Scales","Whetstone","Toxic Egg 2"],"acts_visited":["Exordium","TheCity"],"potions_floor_usage":[],"damage_taken":[{"damage":4.0,"enemies":"Cultist","floor":1.0,"turns":3.0},{"damage":9.0,"enemies":"Small Slimes","floor":2.0,"turns":3.0},{"damage":15.0,"enemies":"Jaw Worm","floor":3.0,"turns":3.0},{"damage":26.0,"enemies":"Gremlin Nob","floor":6.0,"turns":4.0},{"damage":2.0,"enemies":"3 Louse","floor":7.0,"turns":2.0},{"damage":18.0,"enemies":"3 Sentries","floor":10.0,"turns":4.0},{"damage":10.0,"enemies":"Exordium Wildlife","floor":12.0,"turns":3.0},{"damage":10.0,"enemies":"Looter","floor":13.0,"turns":2.0},{"damage":0.0,"enemies":"2 Fungi Beasts","floor":14.0,"turns":3.0},{"damage":44.0,"enemies":"The Guardian","floor":16.0,"turns":10.0},{"damage":30.0,"enemies":"Shell Parasite","floor":18.0,"turns":5.0},{"damage":14.0,"enemies":"2 Thieves","floor":20.0,"turns":4.0},{"damage":30.0,"enemies":"Snake Plant","floor":22.0,"turns":5.0},{"damage":33.0,"enemies":"Book of Stabbing","floor":25.0,"turns":5.0},{"damage":26.0,"enemies":"Slavers","floor":27.0,"turns":4.0},{"damage":38.0,"enemies":"Centurion and Healer","floor":28.0,"turns":6.0},{"damage":12,"enemies":"Cultist and Chosen","floor":29,"turns":1}],"seed_played":"4576447977954902597","potions_obtained":[{"floor":2.0,"key":"sneckomod:MuddlingPotion"},{"floor":6.0,"key":"blueLaboratory:NullPotion"},{"floor":10.0,"key":"Dexterity Potion"},{"floor":12.0,"key":"ColorlessPotion"},{"floor":13.0,"key":"Fire Potion"},{"floor":18.0,"key":"BloodPotion"},{"floor":20.0,"key":"blueLaboratory:NullPotion"},{"floor":27.0,"key":"blueLaboratory:FrostheartPotion"}],"is_trial":false,"path_per_floor":["M","M","M","?","$","E","M","?","T","E","R","M","M","M","R","B",null,"M","$","M","?","M","R","?","E","T","E","M","M"],"character_chosen":"IRONCLAD","items_purchased":["Hemokinesis","Body Slam","Fire Breathing"],"campfire_rested":1,"item_purchase_floors":[5,19,19],"current_hp_per_floor":[96,93,84,84,84,64,68,68,68,56,56,52,48,54,54,16,96,72,72,64,48,43,86,86,59,59,39,7,0,0],"gold":484,"neow_bonus":"TWENTY_PERCENT_HP_BONUS","is_daily":false,"chose_seed":false,"campfire_upgraded":2,"win_rate":0.0,"timestamp":1609349374,"path_taken":["M","?","M","?","$","E","M","?","T","E","R","M","M","?","R","BOSS","M","$","M","?","M","R","?","E","T","E","M","?"],"items_purchased_type":["Card","Card","Card"],"build_version":"2020-12-22","purchased_purges":2,"victory":false,"max_hp_per_floor":[96,96,96,96,96,96,96,96,96,96,96,96,96,96,96,96,96,96,96,96,96,96,96,96,96,96,96,96,96,96],"card_choices":[{"not_picked":["Dark Embrace","Spot Weakness"],"picked":"Rampage","floor":1.0},{"not_picked":["Havoc","Flex"],"picked":"Wild Strike","floor":2.0},{"not_picked":["Perfected Strike","Rampage"],"picked":"Power Through","floor":3.0},{"not_picked":["Cleave","Anger"],"picked":"Shockwave","floor":6.0},{"not_picked":["Flex","True Grit"],"picked":"Intimidate","floor":7.0},{"not_picked":["Burning Pact","Pommel Strike"],"picked":"Entrench","floor":10.0},{"not_picked":["Thunderclap","Dual Wield"],"picked":"Battle Trance","floor":12.0},{"not_picked":["True Grit","Perfected Strike"],"picked":"Inflame","floor":13.0},{"not_picked":["Pommel Strike","Headbutt"],"picked":"Sentinel","floor":14.0},{"not_picked":["Limit Break","Bludgeon"],"picked":"Juggernaut","floor":16.0},{"not_picked":["Sentinel","Perfected Strike"],"picked":"Metallicize+1","floor":18.0},{"not_picked":["Disarm","Flex+1"],"picked":"Hemokinesis","floor":20.0},{"not_picked":["Body Slam","Twin Strike"],"picked":"Shrug It Off","floor":22.0},{"not_picked":["Clash","Battle Trance+1"],"picked":"Armaments+1","floor":25.0},{"not_picked":["Clash","Sword Boomerang+1"],"picked":"Sentinel+1","floor":27.0},{"not_picked":["Wild Strike","Perfected Strike"],"picked":"Dark Embrace","floor":28.0}],"player_experience":245815,"relics_obtained":[{"floor":6.0,"key":"Omamori"},{"floor":9.0,"key":"Regal Pillow"},{"floor":10.0,"key":"Letter Opener"},{"floor":21.0,"key":"Enchiridion"},{"floor":25.0,"key":"Bronze Scales"},{"floor":26.0,"key":"Whetstone"},{"floor":27.0,"key":"Toxic Egg 2"}],"event_choices":[{"damage_healed":0.0,"max_hp_gain":0.0,"max_hp_loss":0.0,"gold_gain":0.0,"event_name":"Golden Idol","player_choice":"Take Wound","floor":4.0,"gold_loss":0.0,"damage_taken":0.0,"relics_obtained":["Golden Idol"],"cards_obtained":["Injury"]},{"damage_healed":0.0,"max_hp_gain":0.0,"max_hp_loss":0.0,"gold_gain":275.0,"event_name":"Golden Shrine","player_choice":"Desecrate","floor":8.0,"gold_loss":0.0,"damage_taken":0.0,"cards_obtained":["Regret"]},{"damage_healed":0.0,"max_hp_gain":0.0,"max_hp_loss":0.0,"gold_gain":0.0,"event_name":"Cursed Tome","player_choice":"Obtained Book","floor":21.0,"gold_loss":0.0,"damage_taken":16.0},{"damage_healed":0.0,"max_hp_gain":0.0,"max_hp_loss":0.0,"gold_gain":0.0,"event_name":"betterThird:BetterNest","player_choice":"Madness","floor":24.0,"gold_loss":0.0,"damage_taken":0.0,"relics_obtained":["betterThird:NestCultRelic"]}],"is_beta":false,"boss_relics":[{"not_picked":["Tiny House","Philosopher\u0027s Stone"],"picked":"SlaversCollar"}],"items_purged_floors":[5,19],"is_endless":false,"potions_floor_spawned":[2,6,10,12,13,18,20,27],"killed_by":"Cultist and Chosen","ascension_level":2}}