{"host":"51f0ad793vly1w6u","time":1609320125,"event":{"mods":["BaseMod","Colored Map","DeckTracker","Minty Spire (QoL Compilation)","StSLib","SuperFastMode"],"gold_per_floor":[109,124,124,124,49,49,76,76,76,76,76],"floor_reached":10,"playtime":126,"items_purged":["Strike_R"],"score":128,"play_id":"e4974187-a361-4f96-a03d-b610ef8a5c14","local_time":"20201230182205","is_ascension_mode":true,"campfire_choices":[{"data":"Armaments","floor":6,"key":"SMITH"}],"circlet_count":0,"master_deck":["AscendersBane","Strike_R","Strike_R","Strike_R","Strike_R","Defend_R","Defend_R","Defend_R","Defend_R","Bash","Armaments+1","Body Slam","Pummel","Parasite"],"relics":["Burning Blood","Du-Vu Doll","Mercury Hourglass","Dream Catcher","Darkstone Periapt"],"acts_visited":["Exordium"],"potions_floor_usage":[],"damage_taken":[{"damage":14,"enemies":"Jaw Worm","floor":1,"turns":4},{"damage":2,"enemies":"2 Louse","floor":2,"turns":3},{"damage":23,"enemies":"Lagavulin","floor":7,"turns":8},{"damage":32,"enemies":"Gremlin Nob","floor":10,"turns":3}],"seed_played":"-6060188065289208670","potions_obtained":[],"is_trial":false,"path_per_floor":["M","M","?","?","$","R","E","?","T","E"],"character_chosen":"IRONCLAD","items_purchased":[],"campfire_rested":0,"item_purchase_floors":[],"current_hp_per_floor":[42,46,51,25,25,25,8,28,28,0,0],"gold":76,"neow_bonus":"ONE_RARE_RELIC","is_daily":false,"chose_seed":false,"campfire_upgraded":1,"win_rate":0.0,"timestamp":1609320125,"path_taken":["M","M","?","?","$","R","E","?","T","E"],"items_purchased_type":[],"build_version":"2020-12-22","purchased_purges":1,"victory":false,"max_hp_per_floor":[75,75,80,80,80,80,80,80,80,80,80],"card_choices":[{"not_picked":["Clothesline","Warcry"],"picked":"Armaments","floor":1},{"not_picked":["Cleave","Exhume"],"picked":"Body Slam","floor":2},{"not_picked":["Heavy Blade","True Grit"],"picked":"Pummel","floor":7}],"player_experience":1378810,"relics_obtained":[{"floor":7,"key":"Dream Catcher"},{"floor":9,"key":"Darkstone Periapt"}],"event_choices":[{"damage_healed":0,"gold_gain":0,"player_choice":"Donut","damage_taken":0,"max_hp_gain":5,"max_hp_loss":0,"event_name":"Big Fish","floor":3,"gold_loss":0},{"damage_healed":0,"gold_gain":0,"player_choice":"Success","damage_taken":26,"relics_obtained":["Mercury Hourglass"],"max_hp_gain":0,"max_hp_loss":0,"event_name":"Scrap Ooze","floor":4,"gold_loss":0},{"damage_healed":20,"gold_gain":0,"player_choice":"Healed and dodged fight","damage_taken":0,"max_hp_gain":0,"max_hp_loss":0,"event_name":"Mushrooms","floor":8,"gold_loss":0,"cards_obtained":["Parasite"]}],"is_beta":false,"boss_relics":[],"items_purged_floors":[5],"is_endless":false,"potions_floor_spawned":[],"killed_by":"Gremlin Nob","ascension_level":20}}