{"host":"sxnl403xm2xmiyj1","time":1609342311,"event":{"mods":["AchievementEnabler","BaseMod","Colored Map","Keyboard Shortcuts","Minty Spire (QoL Compilation)","Quick Restart","StSLib","SuperFastMode"],"gold_per_floor":[362,379,304,64,74,106,106,121,121,132,132,132,157,175,175,175,175],"floor_reached":16,"playtime":320,"items_purged":[],"score":218,"play_id":"f8a124dd-2533-4069-8d96-784f09722449","local_time":"20201231003151","is_ascension_mode":true,"campfire_choices":[{"data":"Blizzard","floor":7.0,"key":"SMITH"},{"floor":12.0,"key":"REST"},{"data":"Beam Cell","floor":15.0,"key":"SMITH"}],"circlet_count":0,"master_deck":["AscendersBane","Strike_B","Strike_B","Strike_B","Defend_B","Defend_B","Defend_B","Defend_B","Zap","Dualcast","Beam Cell+1","Cold Snap","Compile Driver","Hologram","Blizzard+1","Go for the Eyes","Compile Driver"],"relics":["Cracked Core","PreservedInsect","Matryoshka","Art of War","Singing Bowl","Calipers"],"acts_visited":["Exordium"],"potions_floor_usage":[16],"damage_taken":[{"damage":3.0,"enemies":"2 Louse","floor":1.0,"turns":2.0},{"damage":12.0,"enemies":"Jaw Worm","floor":2.0,"turns":2.0},{"damage":0.0,"enemies":"Cultist","floor":5.0,"turns":2.0},{"damage":6.0,"enemies":"Gremlin Nob","floor":6.0,"turns":3.0},{"damage":22.0,"enemies":"Gremlin Gang","floor":8.0,"turns":5.0},{"damage":11.0,"enemies":"2 Fungi Beasts","floor":10.0,"turns":3.0},{"damage":16.0,"enemies":"3 Sentries","floor":13.0,"turns":6.0},{"damage":7.0,"enemies":"Large Slime","floor":14.0,"turns":6.0},{"damage":9,"enemies":"The Guardian","floor":16,"turns":9}],"seed_played":"-3354522415392015126","potions_obtained":[{"floor":8.0,"key":"Block Potion"},{"floor":13.0,"key":"FearPotion"}],"is_trial":false,"path_per_floor":["M","M","?","$","M","E","R","M","T","M","?","R","E","M","R","B"],"character_chosen":"DEFECT","items_purchased":["PreservedInsect","Cold Snap","Compile Driver"],"campfire_rested":1,"item_purchase_floors":[4,4,4],"current_hp_per_floor":[61,49,49,49,49,43,43,21,21,12,12,33,19,12,12,3,3],"gold":175,"neow_bonus":"TWO_FIFTY_GOLD","is_daily":false,"chose_seed":false,"campfire_upgraded":2,"win_rate":0.0,"timestamp":1609342311,"path_taken":["M","M","?","$","M","E","R","M","T","M","?","R","E","M","R","BOSS"],"items_purchased_type":["Relic","Card","Card"],"build_version":"2020-12-22","purchased_purges":0,"victory":false,"max_hp_per_floor":[71,71,71,71,71,71,71,71,71,73,73,73,75,75,75,75,75],"card_choices":[{"not_picked":["Turbo","Leap"],"picked":"Beam Cell","floor":1.0},{"not_picked":["Recycle","Darkness","Melter"],"picked":"SKIP","floor":2.0},{"not_picked":["Leap","Melter"],"picked":"Hologram","floor":5.0},{"not_picked":["Turbo","Conserve Battery"],"picked":"Blizzard","floor":6.0},{"not_picked":["Force Field","Steam Power"],"picked":"Go for the Eyes","floor":8.0},{"not_picked":["Streamline","Go for the Eyes","Beam Cell"],"picked":"Singing Bowl","floor":10.0},{"not_picked":["Heatsinks","Doom and Gloom","Undo"],"picked":"Singing Bowl","floor":13.0},{"not_picked":["Reinforced Body","Double Energy"],"picked":"Compile Driver","floor":14.0}],"player_experience":139276,"relics_obtained":[{"floor":6.0,"key":"Matryoshka"},{"floor":9.0,"key":"Art of War"},{"floor":9.0,"key":"Singing Bowl"},{"floor":13.0,"key":"Calipers"}],"event_choices":[{"cards_removed":["Normality"],"damage_healed":0.0,"max_hp_gain":0.0,"max_hp_loss":0.0,"gold_gain":0.0,"event_name":"The Cleric","player_choice":"Card Removal","floor":3.0,"gold_loss":75.0,"damage_taken":0.0},{"cards_removed":["Strike_B"],"damage_healed":0.0,"max_hp_gain":0.0,"max_hp_loss":0.0,"gold_gain":0.0,"event_name":"Purifier","player_choice":"Purged","floor":11.0,"gold_loss":0.0,"damage_taken":0.0}],"is_beta":false,"boss_relics":[],"items_purged_floors":[],"is_endless":false,"potions_floor_spawned":[8,13],"killed_by":"The Guardian","ascension_level":19}}