{"host":"l60rmjjsfi0fipmi","time":1609297766,"event":{"mods":["BaseMod","Colored Map","DeckTracker","Highlight Path","Minty Spire (QoL Compilation)"],"gold_per_floor":[118,8,25,43,62,96,123,155,155,155,155,118,133,195,195,293,293,309,134,147,147,22,51,69,69,96,111,111,146,159,191,191,288,288,308,308,321,335,353,353,369,369,393,412,432,86,96,107,107,107,107],"floor_reached":50,"playtime":6925,"items_purged":["Strike_B","Strike_B","Strike_B"],"score":498,"play_id":"90780b11-f96c-4d16-86a6-a8a7c50dc3bc","local_time":"20201229220926","is_ascension_mode":false,"campfire_choices":[{"floor":11,"key":"REST"},{"data":"Sunder","floor":15,"key":"SMITH"},{"data":"Redo","floor":25,"key":"SMITH"},{"data":"Streamline","floor":28,"key":"SMITH"},{"floor":32,"key":"REST"},{"data":"Defragment","floor":40,"key":"SMITH"},{"floor":42,"key":"REST"},{"floor":49,"key":"REST"}],"circlet_count":0,"master_deck":["Defend_B","Defend_B","Defend_B","Defend_B","Zap+1","Dualcast","Ball Lightning","Go for the Eyes","Self Repair","Gash","Amplify","Hologram","Defragment+1","Sunder+1","Conserve Battery","Rainbow","Storm","Streamline+1","Redo+1","Heatsinks","Echo Form","BootSequence","Mind Blast","Parasite","Auto Shields"],"relics":["Cracked Core","Boot","Happy Flower","Ancient Tea Set","FossilizedHelix","Pear","Runic Pyramid","Peace Pipe","PreservedInsect","Bottled Lightning","Red Mask","Inserter","Oddly Smooth Stone","Mummified Hand"],"acts_visited":["Exordium","TheCity","TheBeyond"],"potions_floor_usage":[33,33,45,47,48,48,50,50,50,50,50],"damage_taken":[{"damage":0,"enemies":"Cultist","floor":1,"turns":3},{"damage":9,"enemies":"2 Louse","floor":3,"turns":3},{"damage":0,"enemies":"Small Slimes","floor":4,"turns":3},{"damage":6,"enemies":"Gremlin Gang","floor":5,"turns":5},{"damage":40,"enemies":"Lagavulin","floor":6,"turns":8},{"damage":32,"enemies":"Gremlin Nob","floor":8,"turns":5},{"damage":0,"enemies":"Red Slaver","floor":13,"turns":2},{"damage":23,"enemies":"Hexaghost","floor":16,"turns":8},{"damage":17,"enemies":"Chosen","floor":18,"turns":5},{"damage":21,"enemies":"2 Thieves","floor":20,"turns":3},{"damage":50,"enemies":"Gremlin Leader","floor":23,"turns":9},{"damage":9,"enemies":"3 Cultists","floor":24,"turns":5},{"damage":0,"enemies":"Cultist and Chosen","floor":27,"turns":5},{"damage":10,"enemies":"Book of Stabbing","floor":29,"turns":4},{"damage":24,"enemies":"Shelled Parasite and Fungi","floor":30,"turns":6},{"damage":32,"enemies":"Masked Bandits","floor":31,"turns":4},{"damage":36,"enemies":"Champ","floor":33,"turns":10},{"damage":16,"enemies":"Orb Walker","floor":35,"turns":5},{"damage":21,"enemies":"3 Darklings","floor":37,"turns":6},{"damage":37,"enemies":"Jaw Worm Horde","floor":38,"turns":6},{"damage":0,"enemies":"Transient","floor":39,"turns":5},{"damage":29,"enemies":"Maw","floor":41,"turns":6},{"damage":41,"enemies":"4 Shapes","floor":44,"turns":4},{"damage":19,"enemies":"Writhing Mass","floor":45,"turns":6},{"damage":12,"enemies":"Jaw Worm Horde","floor":47,"turns":5},{"damage":30,"enemies":"Sphere and 2 Shapes","floor":48,"turns":5},{"damage":44,"enemies":"Time Eater","floor":50,"turns":9}],"seed_played":"-1329545403738008962","potions_obtained":[{"floor":5,"key":"SpeedPotion"},{"floor":6,"key":"Weak Potion"},{"floor":13,"key":"Regen Potion"},{"floor":20,"key":"EssenceOfSteel"},{"floor":38,"key":"GamblersBrew"},{"floor":39,"key":"PowerPotion"},{"floor":44,"key":"DistilledChaos"},{"floor":47,"key":"EntropicBrew"},{"floor":48,"key":"EntropicBrew"}],"is_trial":false,"path_per_floor":["M","$","M","M","M","E","T","E","T","?","R","$","M","?","R","B",null,"M","$","M","?","$","E","M","R","T","M","R","E","M","?","R","B",null,"M","?","M","M","M","R","M","R","T","M","M","$","M","M","R","B"],"character_chosen":"DEFECT","items_purchased":["Self Repair","Sunder","Storm","FairyPotion","Mummified Hand"],"campfire_rested":4,"item_purchase_floors":[2,12,19,46,46],"current_hp_per_floor":[75,75,73,75,75,49,49,24,24,22,47,47,47,47,47,31,85,82,82,75,75,75,32,37,37,37,51,51,55,45,20,45,23,85,76,76,69,46,53,53,31,56,56,22,15,15,10,12,37,0,0],"gold":107,"neow_bonus":"TRANSFORM_CARD","is_daily":false,"chose_seed":false,"campfire_upgraded":4,"win_rate":0.0,"timestamp":1609297766,"path_taken":["M","$","M","M","M","E","?","E","T","?","R","$","M","?","R","BOSS","M","$","M","?","?","E","M","R","T","M","R","E","M","?","R","BOSS","M","?","M","M","M","R","M","R","T","M","M","$","M","M","R","BOSS"],"items_purchased_type":["Card","Card","Card","Potion","Relic"],"build_version":"2020-12-22","purchased_purges":3,"victory":false,"max_hp_per_floor":[75,75,75,75,75,75,75,75,75,85,85,85,85,85,85,85,85,85,85,85,85,85,85,85,85,85,85,85,85,85,85,85,85,85,85,85,85,85,85,85,85,85,85,85,85,85,85,85,85,85,85],"card_choices":[{"not_picked":["Compile Driver","Barrage"],"picked":"Go for the Eyes","floor":1},{"not_picked":["Sunder","Turbo"],"picked":"Gash","floor":3},{"not_picked":["Turbo","FTL"],"picked":"Amplify","floor":4},{"not_picked":["Leap","Conserve Battery"],"picked":"Hologram","floor":5},{"not_picked":["Skim","Sweeping Beam","Amplify"],"picked":"SKIP","floor":6},{"not_picked":["Doom and Gloom","Go for the Eyes"],"picked":"Defragment","floor":8},{"not_picked":["Rebound","Skim"],"picked":"Conserve Battery","floor":13},{"not_picked":["Biased Cognition","Thunder Strike"],"picked":"Rainbow","floor":16},{"not_picked":["Ball Lightning","Compile Driver","Conserve Battery"],"picked":"SKIP","floor":18},{"not_picked":["Reinforced Body","Sunder","Coolheaded"],"picked":"SKIP","floor":20},{"not_picked":["Gash","Genetic Algorithm"],"picked":"Streamline","floor":23},{"not_picked":["Tempest+1","Compile Driver+1"],"picked":"Redo","floor":24},{"not_picked":["Barrage","Sweeping Beam","Streamline"],"picked":"SKIP","floor":27},{"not_picked":["Force Field","Conserve Battery"],"picked":"Heatsinks","floor":29},{"not_picked":["Scrape","Sunder","Go for the Eyes"],"picked":"SKIP","floor":30},{"not_picked":["Multi-Cast","Biased Cognition"],"picked":"Echo Form","floor":33},{"not_picked":["Blizzard","Compile Driver"],"picked":"BootSequence","floor":35},{"not_picked":["Secret Technique","Deep Breath"],"picked":"Mind Blast","floor":36},{"not_picked":["Conserve Battery+1","Cold Snap+1","Hologram+1"],"picked":"SKIP","floor":37},{"not_picked":["Darkness+1","Turbo+1","Aggregate"],"picked":"SKIP","floor":38},{"not_picked":["Doom and Gloom+1","Barrage","Sunder+1"],"picked":"SKIP","floor":39},{"not_picked":["Scrape","Aggregate","Reprogram"],"picked":"SKIP","floor":41},{"not_picked":["Aggregate","Compile Driver+1","Redo+1"],"picked":"SKIP","floor":44},{"not_picked":["Steam Power","All For One","Barrage"],"picked":"SKIP","floor":45},{"not_picked":["Compile Driver+1","Reinforced Body"],"picked":"Auto Shields","floor":47},{"not_picked":["Blizzard+1","Hologram","Beam Cell"],"picked":"SKIP","floor":48}],"player_experience":97872,"relics_obtained":[{"floor":6,"key":"Boot"},{"floor":7,"key":"Happy Flower"},{"floor":8,"key":"Ancient Tea Set"},{"floor":9,"key":"FossilizedHelix"},{"floor":23,"key":"Peace Pipe"},{"floor":26,"key":"PreservedInsect"},{"floor":29,"key":"Bottled Lightning"},{"floor":31,"key":"Red Mask"},{"floor":43,"key":"Oddly Smooth Stone"}],"event_choices":[{"damage_healed":0,"gold_gain":0,"player_choice":"Success","damage_taken":12,"relics_obtained":["Pear"],"max_hp_gain":0,"max_hp_loss":0,"event_name":"Scrap Ooze","floor":10,"gold_loss":0},{"damage_healed":0,"gold_gain":62,"player_choice":"Gained Gold","damage_taken":0,"max_hp_gain":0,"max_hp_loss":0,"event_name":"Golden Wing","floor":14,"gold_loss":0},{"damage_healed":0,"gold_gain":0,"player_choice":"Upgraded","damage_taken":0,"max_hp_gain":0,"max_hp_loss":0,"event_name":"Upgrade Shrine","floor":21,"gold_loss":0,"cards_upgraded":["Zap"]},{"damage_healed":0,"gold_gain":0,"player_choice":"Fought Bandits","damage_taken":0,"max_hp_gain":0,"max_hp_loss":0,"event_name":"Masked Bandits","floor":31,"gold_loss":0},{"damage_healed":0,"gold_gain":0,"player_choice":"Memory 1","damage_taken":0,"max_hp_gain":0,"max_hp_loss":0,"event_name":"SensoryStone","floor":36,"gold_loss":0}],"is_beta":false,"boss_relics":[{"not_picked":["Coffee Dripper","Velvet Choker"],"picked":"Runic Pyramid"},{"not_picked":["Snecko Eye","Nuclear Battery"],"picked":"Inserter"}],"items_purged_floors":[2,19,22],"is_endless":false,"potions_floor_spawned":[5,6,13,20,24,29,38,39,44,47,48],"killed_by":"Time Eater","ascension_level":0}}