{"host":"474oh00kq6ni8dn3","time":1609363215,"event":{"mods":["AchievementEnabler","Aspiration","Bartender","BaseMod","Bestiary","Clockwork Mod","Colored Map","Colored Powertips","Conspire","Custom Start","Defuse TimeMaze Blight","Downfall","GifTheSpireLib","Googly Eyes","GungeonMod","Halation","Hubris","Infinite Spire","Jedi Mod","Lobotomy","LobotomyExtend","Minty Spire (QoL Compilation)","Permanent Neow","Quick Restart","Random Character Button","Replay The Spire","Shop Mod","StSLib","Stuff the Spire","The Construct","The Factory","The Jungle","Trackpad","Unceasing Turn Reminder","thorton","vexMod"],"gold_per_floor":[23,23,53,72,72,72,92,92,92,92,130,154,6,26,26,152,152,181,27,27,27,74,74,74,74,153,168,168,182,182,182,182,182,182,303,303,322,322,345,360,360,360,360],"floor_reached":41,"playtime":1818,"items_purged":["Normality","Regret"],"score":539,"play_id":"68e4897d-ec63-4171-a0a7-35b7a135577f","local_time":"20201230212015","is_ascension_mode":false,"campfire_choices":[{"data":"thethorton:Heckle","floor":6.0,"key":"SMITH"},{"data":"thethorton:BusinessBash","floor":10.0,"key":"SMITH"},{"floor":15.0,"key":"REST"},{"data":"thethorton:BigBreak","floor":23.0,"key":"SMITH"},{"data":"thethorton:LongTermPayoff","floor":25.0,"key":"SMITH"},{"data":"thethorton:ThickSkin","floor":28.0,"key":"SMITH"},{"data":"thethorton:ThickSkin","floor":30.0,"key":"SMITH"},{"data":"thethorton:ThickSkin","floor":34.0,"key":"SMITH"}],"circlet_count":0,"master_deck":["thethorton:Strike","thethorton:Strike","thethorton:Strike","thethorton:Strike","thethorton:Defend","thethorton:Defend","thethorton:Defend","thethorton:Defend","thethorton:Heckle+1","thethorton:HitAhead","thethorton:BusinessBash+1","thethorton:Distance","thethorton:ThickSkin+1","thethorton:LongTermPayoff+1","thethorton:BigBreak+1","thethorton:SheetShred+1","thethorton:BoardroomBlast","thethorton:ThickSkin+1","thethorton:ThickSkin+1","thethorton:TrueForm","thethorton:SheetShred+1","thethorton:SnowDay","thethorton:FearfulRun"],"relics":["thethorton:TimeNecklace","thethorton:StoneOfSprinting","Golden Idol","LetterFromLob","StuffTheSpire:RedRose","trackpad:CultistFigurine","trackpad:DisasterInABottle","thethorton:BottledFunds","Bag of Marbles","Question Card","infinitespire:ShieldingShard","Lantern","DemoMod:GlassGuonStoneRelic","infinitespire:EvilPickle"],"acts_visited":["Exordium","TheCity","TheBeyond"],"potions_floor_usage":[],"damage_taken":[{"damage":0.0,"enemies":"Jaw Worm","floor":1.0,"turns":5.0},{"damage":0.0,"enemies":"2 Louse","floor":3.0,"turns":3.0},{"damage":5.0,"enemies":"Small Slimes","floor":4.0,"turns":5.0},{"damage":0.0,"enemies":"Looter","floor":7.0,"turns":2.0},{"damage":26.0,"enemies":"3 Sentries","floor":11.0,"turns":8.0},{"damage":0.0,"enemies":"3 Louse","floor":12.0,"turns":2.0},{"damage":10.0,"enemies":"Lots of Slimes","floor":14.0,"turns":2.0},{"damage":25.0,"enemies":"The Guardian","floor":16.0,"turns":9.0},{"damage":9.0,"enemies":"Chosen","floor":18.0,"turns":4.0},{"damage":8.0,"enemies":"Shell Parasite","floor":27.0,"turns":3.0},{"damage":7.0,"enemies":"conspire:HollyBat","floor":29.0,"turns":8.0},{"damage":17.0,"enemies":"Pondfish","floor":35.0,"turns":10.0},{"damage":17.0,"enemies":"3 Shapes","floor":37.0,"turns":5.0},{"damage":15,"enemies":"Orb Walker","floor":39,"turns":5},{"damage":25,"enemies":"Transient","floor":40,"turns":5},{"damage":20,"enemies":"Spire Growth","floor":41,"turns":3}],"seed_played":"2995412011405347218","potions_obtained":[{"floor":4.0,"key":"DistilledChaos"},{"floor":7.0,"key":"sneckomod:MuddlingPotion"},{"floor":16.0,"key":"Elixir"},{"floor":27.0,"key":"BlessingOfTheForge"}],"is_trial":false,"path_per_floor":["M","?","M","M","?","R","M","?","T","R","E","M","$","M","R","B",null,"M","$","?","?","T","R","?","R","T","M","R","M","R","M","PTL","PTL","R","B",null,"M","?","M","M","M"],"character_chosen":"THE_THORT","items_purchased":["thethorton:ThickSkin","thethorton:SheetShred+1"],"campfire_rested":1,"item_purchase_floors":[13,19],"current_hp_per_floor":[68,63,63,58,58,58,58,58,58,58,32,32,32,22,40,15,63,54,54,60,60,60,60,60,60,60,52,52,45,45,45,45,45,45,28,63,46,46,31,6,0,0,0],"gold":360,"neow_bonus":"ONE_RARE_RELIC","is_daily":false,"chose_seed":false,"campfire_upgraded":7,"win_rate":0.0,"timestamp":1609363215,"path_taken":["M","?","M","M","?","R","M","?","T","R","E","M","$","M","R","BOSS","M","$","?","?","?","R","?","R","T","M","R","M","R","?","PTL","PTL","R","BOSS","M","?","?","M","?"],"items_purchased_type":["Card","Card"],"build_version":"2020-12-22","purchased_purges":2,"victory":false,"max_hp_per_floor":[68,63,63,63,63,63,63,63,63,63,63,63,63,63,63,63,63,63,63,63,63,63,63,63,63,63,63,63,63,63,63,63,63,63,63,63,63,63,63,63,63,63,63],"card_choices":[{"not_picked":["thethorton:TakeAccounts","thethorton:CashBash"],"picked":"thethorton:HitAhead","floor":1.0},{"not_picked":["thethorton:AngerMoment","thethorton:DownPayment"],"picked":"thethorton:BusinessBash","floor":3.0},{"not_picked":["thethorton:GoldBuffer","thethorton:StumblingSlap","thethorton:RunningKick"],"picked":"SKIP","floor":4.0},{"not_picked":["thethorton:StumblingSlap","thethorton:ShoutAndRun","thethorton:TakeAccounts"],"picked":"SKIP","floor":7.0},{"not_picked":["thethorton:Demotion","thethorton:SicklyRun"],"picked":"thethorton:Distance","floor":11.0},{"not_picked":["thethorton:CannonShot","thethorton:FearfulRun","thethorton:SeeingDouble"],"picked":"SKIP","floor":12.0},{"not_picked":["thethorton:CashBash","thethorton:FearfulRun"],"picked":"thethorton:LongTermPayoff","floor":14.0},{"not_picked":["thethorton:GoldenPetal","thethorton:TrueForm"],"picked":"thethorton:BigBreak","floor":16.0},{"not_picked":["thethorton:ElbowSmash+1","thethorton:ShoutAndRun","thethorton:TakeAccounts"],"picked":"SKIP","floor":18.0},{"not_picked":["thethorton:ShoutAndRun+1","thethorton:StumblingSlap","thethorton:Distance"],"picked":"thethorton:ThickSkin","floor":27.0},{"not_picked":["thethorton:CashBash","thethorton:CoinShield","thethorton:OddChange"],"picked":"thethorton:ThickSkin","floor":29.0},{"not_picked":["thethorton:ScalingIsWin","thethorton:GoldenPetal","thethorton:Jackpot"],"picked":"thethorton:TrueForm","floor":35.0},{"not_picked":["thethorton:CallIn","thethorton:StampSmack","thethorton:Crash"],"picked":"thethorton:SheetShred+1","floor":37.0},{"not_picked":["thethorton:PocketChange+1","thethorton:ElbowSmash","thethorton:TakeAccounts"],"picked":"thethorton:SnowDay","floor":39},{"not_picked":["thethorton:BookBash","thethorton:ElbowSmash+1","thethorton:GoldBuffer"],"picked":"thethorton:FearfulRun","floor":40}],"player_experience":49471,"relics_obtained":[{"floor":3.0,"key":"LetterFromLob"},{"floor":9.0,"key":"trackpad:CultistFigurine"},{"floor":11.0,"key":"trackpad:DisasterInABottle"},{"floor":22.0,"key":"Bag of Marbles"},{"floor":26.0,"key":"Question Card"}],"event_choices":[{"damage_healed":0.0,"max_hp_gain":0.0,"max_hp_loss":5.0,"gold_gain":0.0,"event_name":"Golden Idol","player_choice":"Lose Max HP","floor":2.0,"gold_loss":0.0,"damage_taken":0.0,"relics_obtained":["Golden Idol"]},{"damage_healed":0.0,"max_hp_gain":0.0,"max_hp_loss":0.0,"gold_gain":0.0,"cards_transformed":["thethorton:CreditCard"],"event_name":"Transmorgrifier","player_choice":"Transformed","floor":24.0,"gold_loss":0.0,"damage_taken":0.0,"cards_obtained":["thethorton:BoardroomBlast"]},{"damage_healed":0.0,"max_hp_gain":0.0,"max_hp_loss":0.0,"gold_gain":0.0,"event_name":"WeMeetAgain","player_choice":"Gave Potion","floor":38.0,"gold_loss":0.0,"damage_taken":0.0,"relics_obtained":["Lantern"]}],"is_beta":false,"boss_relics":[{"not_picked":["hubris:TerracottaHorce","hubris:CrackedHourglass"],"picked":"thethorton:BottledFunds"},{"not_picked":["aspiration:RunicSpoon","Honey Jar"],"picked":"thethorton:TimeNecklace"}],"items_purged_floors":[13,19],"is_endless":false,"potions_floor_spawned":[4,7,16,27,29,35,37],"killed_by":"Spire Growth","ascension_level":0}}