{"host":"Rich","time":1609370909,"event":{"mods":["AchievementEnabler","BaseMod","Highlight Path","Minty Spire (QoL Compilation)","Relic Stats"],"gold_per_floor":[116,31,31,41,41,41,74,86,86,120,120,120,138,157,157,157,157],"floor_reached":16,"playtime":232,"items_purged":[],"score":270,"play_id":"fe7c4f33-6933-4d85-808e-0d1520a70878","local_time":"20201230182829","is_ascension_mode":true,"campfire_choices":[{"data":"Sword Boomerang","floor":6,"key":"SMITH"},{"floor":12,"key":"REST"},{"floor":15,"key":"REST"}],"circlet_count":0,"master_deck":["AscendersBane","Strike_R+1","Strike_R","Strike_R","Strike_R","Defend_R","Defend_R","Defend_R+1","Defend_R","Bash","Sword Boomerang+1","Rampage","Fire Breathing","Bludgeon","Sword Boomerang","Immolate","Infernal Blade"],"relics":["Burning Blood","NeowsBlessing","Bottled Flame","PreservedInsect","Letter Opener"],"acts_visited":["Exordium"],"potions_floor_usage":[16],"damage_taken":[{"damage":0,"enemies":"2 Louse","floor":1,"turns":1},{"damage":0,"enemies":"Small Slimes","floor":4,"turns":1},{"damage":0,"enemies":"Lagavulin","floor":7,"turns":1},{"damage":0,"enemies":"Cultist","floor":8,"turns":3},{"damage":32,"enemies":"Gremlin Nob","floor":10,"turns":4},{"damage":12,"enemies":"Large Slime","floor":13,"turns":2},{"damage":22,"enemies":"3 Louse","floor":14,"turns":3},{"damage":12,"enemies":"The Guardian","floor":16,"turns":5}],"seed_played":"-1478298705871883620","potions_obtained":[{"floor":4,"key":"SkillPotion"},{"floor":7,"key":"Swift Potion"},{"floor":8,"key":"PowerPotion"}],"is_trial":false,"path_per_floor":["M","$","?","M","?","R","E","M","T","E","?","R","M","M","R","B"],"character_chosen":"IRONCLAD","items_purchased":["Rampage"],"campfire_rested":2,"item_purchase_floors":[2],"current_hp_per_floor":[74,74,51,57,57,57,63,69,69,43,17,39,33,17,39,27,27],"gold":157,"neow_bonus":"THREE_ENEMY_KILL","is_daily":false,"chose_seed":false,"campfire_upgraded":1,"win_rate":0.0,"timestamp":1609370909,"path_taken":["M","$","?","M","?","R","E","?","T","E","?","R","M","M","R","BOSS"],"items_purchased_type":["Card"],"build_version":"2020-12-18","purchased_purges":0,"victory":false,"max_hp_per_floor":[75,75,75,75,75,75,75,75,75,75,75,75,75,75,75,75,75],"relic_stats":{"counters":[8,20],"PreservedInsect":0,"Letter Opener":[0],"obtain_stats":[{"Bottled Flame":7,"NeowsBlessing":0,"PreservedInsect":10,"Letter Opener":11,"Burning Blood":0},{"Bottled Flame":3,"NeowsBlessing":0,"PreservedInsect":5,"Letter Opener":5,"Burning Blood":0},{"Bottled Flame":3,"NeowsBlessing":0,"PreservedInsect":10,"Letter Opener":10,"Burning Blood":0}],"Burning Blood":42},"card_choices":[{"not_picked":["Flex","Clash"],"picked":"Sword Boomerang","floor":1},{"not_picked":["Disarm","Carnage"],"picked":"Fire Breathing","floor":4},{"not_picked":["Clothesline","Body Slam","Entrench"],"picked":"SKIP","floor":7},{"not_picked":["Spot Weakness","Rampage"],"picked":"Sword Boomerang","floor":8},{"not_picked":["True Grit","Armaments"],"picked":"Immolate","floor":10},{"not_picked":["Second Wind","Body Slam","Blood for Blood"],"picked":"SKIP","floor":13},{"not_picked":["Searing Blow","Carnage"],"picked":"Infernal Blade","floor":14}],"player_experience":1945906,"relics_obtained":[{"floor":7,"key":"Bottled Flame"},{"floor":10,"key":"PreservedInsect"}],"event_choices":[{"damage_healed":0,"gold_gain":0,"player_choice":"Entered Light","damage_taken":23,"max_hp_gain":0,"max_hp_loss":0,"event_name":"Shining Light","floor":3,"gold_loss":0,"cards_upgraded":["Strike_R","Defend_R"]},{"damage_healed":0,"gold_gain":0,"cards_transformed":["Strike_R"],"player_choice":"Transformed","damage_taken":0,"max_hp_gain":0,"max_hp_loss":0,"event_name":"Transmorgrifier","floor":5,"gold_loss":0,"cards_obtained":["Bludgeon"]},{"damage_healed":0,"gold_gain":0,"player_choice":"Success","damage_taken":26,"relics_obtained":["Letter Opener"],"max_hp_gain":0,"max_hp_loss":0,"event_name":"Scrap Ooze","floor":11,"gold_loss":0}],"is_beta":true,"boss_relics":[],"items_purged_floors":[],"is_endless":false,"potions_floor_spawned":[4,7,8,10],"killed_by":"The Guardian","ascension_level":20}}