{"host":"g7trc0x2teqyd8ye","time":1609359187,"event":{"mods":["BaseMod","Key Reminder","Minty Spire (QoL Compilation)","Relic Stats"],"gold_per_floor":[119,130,34,34,34,62,77,103,130,130,25,56,56,88,88,164,164,180,2,2,22,22,22],"floor_reached":22,"playtime":5988,"items_purged":["Strike_R"],"score":447,"play_id":"e1d1d431-2b2d-45f3-8479-f62a7d7af5b1","local_time":"20201230211307","is_ascension_mode":true,"campfire_choices":[{"data":"Anger","floor":10,"key":"SMITH"},{"data":"Immolate","floor":13,"key":"SMITH"},{"data":"Flame Barrier","floor":15,"key":"SMITH"}],"circlet_count":0,"master_deck":["AscendersBane","Strike_R","Strike_R","Strike_R","Strike_R","Defend_R","Defend_R","Defend_R","Defend_R","Bash","Pommel Strike","Anger+1","Evolve","Shrug It Off","Disarm","Infernal Blade","Immolate+1","Cleave","Flame Barrier+1","Barricade","Flex","Apotheosis","Second Wind"],"relics":["Burning Blood","NeowsBlessing","Ancient Tea Set","Happy Flower","Anchor","Smiling Mask","TungstenRod","Vajra","keyreminder:keyreminder","Runic Pyramid"],"acts_visited":["Exordium","TheCity"],"potions_floor_usage":[8,12,16,22],"damage_taken":[{"damage":0,"enemies":"Small Slimes","floor":1,"turns":1},{"damage":0,"enemies":"2 Louse","floor":2,"turns":1},{"damage":0,"enemies":"Lagavulin","floor":6,"turns":1},{"damage":0,"enemies":"Jaw Worm","floor":7,"turns":3},{"damage":15,"enemies":"Gremlin Nob","floor":8,"turns":4},{"damage":6,"enemies":"Lagavulin","floor":12,"turns":5},{"damage":2,"enemies":"Gremlin Nob","floor":14,"turns":3},{"damage":40,"enemies":"Hexaghost","floor":16,"turns":9},{"damage":36,"enemies":"Spheric Guardian","floor":18,"turns":6},{"damage":22,"enemies":"Shell Parasite","floor":21,"turns":5},{"damage":28,"enemies":"Shelled Parasite and Fungi","floor":22,"turns":6}],"seed_played":"6567439472973259702","potions_obtained":[{"floor":1,"key":"Block Potion"},{"floor":6,"key":"Block Potion"},{"floor":12,"key":"Swift Potion"},{"floor":21,"key":"Explosive Potion"}],"is_trial":false,"path_per_floor":["M","M","$","?","?","E","M","E","T","R","$","E","R","E","R","B",null,"M","$","$","M","M"],"character_chosen":"IRONCLAD","items_purchased":["Evolve","Shrug It Off","Cleave","Apotheosis"],"campfire_rested":0,"item_purchase_floors":[3,3,11,19],"current_hp_per_floor":[74,75,75,64,69,75,80,71,71,71,71,71,71,75,75,41,70,40,40,40,24,0,0],"gold":22,"neow_bonus":"THREE_ENEMY_KILL","is_daily":false,"chose_seed":false,"campfire_upgraded":3,"win_rate":0.0,"timestamp":1609359187,"path_taken":["M","M","$","?","?","E","M","E","T","R","?","E","R","E","R","BOSS","M","?","$","M","M"],"items_purchased_type":["Card","Card","Card","Card"],"build_version":"2020-12-22","purchased_purges":1,"victory":false,"max_hp_per_floor":[75,75,75,75,80,80,80,80,80,80,80,80,80,80,80,80,80,80,80,80,80,80,80],"relic_stats":{"Happy Flower":[13],"counters":[11,44],"Smiling Mask":25,"obtain_stats":[{"keyreminder:keyreminder":14,"Anchor":8,"NeowsBlessing":0,"Happy Flower":6,"Vajra":14,"Ancient Tea Set":4,"Smiling Mask":9,"Burning Blood":0,"TungstenRod":12,"Runic Pyramid":17},{"keyreminder:keyreminder":7,"Anchor":5,"NeowsBlessing":0,"Happy Flower":3,"Vajra":7,"Ancient Tea Set":2,"Smiling Mask":5,"Burning Blood":0,"TungstenRod":6,"Runic Pyramid":8},{"keyreminder:keyreminder":18,"Anchor":10,"NeowsBlessing":0,"Happy Flower":3,"Vajra":18,"Ancient Tea Set":2,"Smiling Mask":10,"Burning Blood":0,"TungstenRod":15,"Runic Pyramid":27}],"Burning Blood":54,"TungstenRod":24},"card_choices":[{"not_picked":["Bloodletting","Sever Soul"],"picked":"Pommel Strike","floor":1},{"not_picked":["Second Wind","Inflame"],"picked":"Anger","floor":2},{"not_picked":["Pommel Strike","Wild Strike"],"picked":"Disarm","floor":6},{"not_picked":["Clothesline","Flex"],"picked":"Infernal Blade","floor":7},{"not_picked":["Shrug It Off","Havoc"],"picked":"Immolate","floor":8},{"not_picked":["Rupture","Rampage","Sever Soul"],"picked":"SKIP","floor":12},{"not_picked":["Shrug It Off","Inflame"],"picked":"Flame Barrier","floor":14},{"not_picked":["Immolate","Fiend Fire"],"picked":"Barricade","floor":16},{"not_picked":["Pommel Strike","Perfected Strike"],"picked":"Flex","floor":18},{"not_picked":["Anger","Infernal Blade"],"picked":"Second Wind","floor":21}],"player_experience":824686,"relics_obtained":[{"floor":6,"key":"Happy Flower"},{"floor":8,"key":"Anchor"},{"floor":9,"key":"Smiling Mask"},{"floor":12,"key":"TungstenRod"},{"floor":14,"key":"Vajra"}],"event_choices":[{"damage_healed":0,"gold_gain":0,"player_choice":"Success","damage_taken":11,"relics_obtained":["Ancient Tea Set"],"max_hp_gain":0,"max_hp_loss":0,"event_name":"Scrap Ooze","floor":4,"gold_loss":0},{"damage_healed":0,"gold_gain":0,"player_choice":"Donut","damage_taken":0,"max_hp_gain":5,"max_hp_loss":0,"event_name":"Big Fish","floor":5,"gold_loss":0}],"is_beta":false,"boss_relics":[{"not_picked":["Sozu","Calling Bell"],"picked":"Runic Pyramid"}],"items_purged_floors":[11],"is_endless":false,"potions_floor_spawned":[1,6,7,12,21],"killed_by":"Shelled Parasite and Fungi","ascension_level":18}}