{"host":"o5or1zybx7au40zl","time":1609361243,"event":{"mods":["Act Like it!","BaseMod","Better Third Choice","Conspire","Dota2Spire","Hubris","Minty Spire (QoL Compilation)","Replay The Spire","StSLib"],"gold_per_floor":[118,128,128,128,57,90,90,118,141,158,170,170,186,250,250,349,349,366,377,427,445,41,66,66,80,105,137,147,1,20,47,47,152,152,167,177,193,206,222,248,248,21,21,21,35,35,61,61,61,61,61,61,10,40,40],"floor_reached":56,"playtime":1115,"items_purged":["Strike_G"],"score":1379,"play_id":"537e258e-1168-4e49-8425-e4322a370076","local_time":"20201230214723","is_ascension_mode":false,"campfire_choices":[{"floor":7.0,"key":"RECALL"},{"floor":12.0,"key":"REST"},{"floor":15.0,"key":"REST"},{"data":"Accuracy","floor":24.0,"key":"SMITH"},{"data":"Blade Dance","floor":24.0,"key":"SMITH"},{"floor":32.0,"key":"DIG"},{"data":"A Thousand Cuts","floor":44.0,"key":"SMITH"},{"data":"Backstab","floor":44.0,"key":"SMITH"},{"data":"Cloak And Dagger","floor":46.0,"key":"SMITH"},{"data":"Backstab","floor":46.0,"key":"SMITH"},{"floor":49.0,"key":"REST"},{"data":"Crippling Poison","floor":52.0,"key":"SMITH"},{"data":"Neutralize","floor":52.0,"key":"SMITH"}],"circlet_count":0,"master_deck":["Strike_G","Strike_G","Strike_G","Defend_G","Defend_G","Defend_G","Defend_G","Defend_G","Survivor","Neutralize+1","Blade Dance+1","Calculated Gamble+1","Accuracy+1","Cloak And Dagger+1","Crippling Poison+1","Distraction+1","Backstab+1","ReplayTheSpireMod:From All Sides+1","Accuracy+1","Dagger Spray+1","Backstab+1","Backstab+1","A Thousand Cuts+1","ReplayTheSpireMod:Scrap Shanks+1","Blade Dance+1","conspire:DoublingDagger+1","Blade Dance","Malaise"],"relics":["Ring of the Snake","StoneCalendar","Dota2Spire:Desolator","Replay:Arrowhead","Replay:Multitool","Ninja Scroll","hubris:ScarierMask","Onion Ring","Dota2Spire:EchoSabre","Dota2Spire:MagicBottle","Dota2Spire:PowerTreads","Meat on the Bone","Guide Book","Vajra","Nunchaku","SlaversCollar","Replay:Bottled Snecko","Gremlin Food","Dota2Spire:EtherealBlade","conspire:BottledYoYo","White Beast Statue"],"acts_visited":["Exordium","TheCity","TheBeyond","TheEnding"],"potions_floor_usage":[55,55],"damage_taken":[{"damage":0.0,"enemies":"Jaw Worm","floor":1.0,"turns":4.0},{"damage":3.0,"enemies":"Small Slimes","floor":2.0,"turns":3.0},{"damage":18.0,"enemies":"Gremlin Nob","floor":6.0,"turns":4.0},{"damage":20.0,"enemies":"Lagavulin","floor":8.0,"turns":5.0},{"damage":0.0,"enemies":"Cultist","floor":10.0,"turns":2.0},{"damage":9.0,"enemies":"2 Fungi Beasts","floor":11.0,"turns":3.0},{"damage":0.0,"enemies":"Exordium Wildlife","floor":13.0,"turns":2.0},{"damage":17.0,"enemies":"Lagavulin Event","floor":14.0,"turns":4.0},{"damage":27.0,"enemies":"The Guardian","floor":16.0,"turns":8.0},{"damage":0.0,"enemies":"3 Byrds","floor":18.0,"turns":3.0},{"damage":0.0,"enemies":"Shell Parasite","floor":19.0,"turns":1.0},{"damage":6.0,"enemies":"3 Cultists","floor":21.0,"turns":3.0},{"damage":14.0,"enemies":"conspire:Head Lice","floor":23.0,"turns":5.0},{"damage":0.0,"enemies":"Centurion and Healer","floor":25.0,"turns":1.0},{"damage":0.0,"enemies":"Gremlin Leader","floor":27.0,"turns":1.0},{"damage":0.0,"enemies":"Snecko","floor":28.0,"turns":1.0},{"damage":0.0,"enemies":"Chosen and Byrds","floor":30.0,"turns":1.0},{"damage":0.0,"enemies":"Book of Stabbing","floor":31.0,"turns":1.0},{"damage":42.0,"enemies":"Champ","floor":33.0,"turns":6.0},{"damage":0.0,"enemies":"Orb Walker","floor":35.0,"turns":1.0},{"damage":0.0,"enemies":"3 Darklings","floor":36.0,"turns":1.0},{"damage":6.0,"enemies":"Sphere and 2 Shapes","floor":37.0,"turns":1.0},{"damage":0.0,"enemies":"Writhing Mass","floor":38.0,"turns":1.0},{"damage":0.0,"enemies":"Jaw Worm Horde","floor":39.0,"turns":1.0},{"damage":26.0,"enemies":"Giant Head","floor":40.0,"turns":3.0},{"damage":31.0,"enemies":"Transient","floor":45.0,"turns":5.0},{"damage":0.0,"enemies":"R_Hoarder","floor":47.0,"turns":2.0},{"damage":30.0,"enemies":"Awakened One","floor":50.0,"turns":3.0},{"damage":0,"enemies":"Shield and Spear","floor":54,"turns":1},{"damage":63,"enemies":"The Heart","floor":55,"turns":3}],"seed_played":"-7929978666632227321","potions_obtained":[{"floor":2.0,"key":"EntropicBrew"},{"floor":6.0,"key":"SteroidPotion"},{"floor":23.0,"key":"Toxic Potion"},{"floor":25.0,"key":"Venom Potion"},{"floor":28.0,"key":"FairyPotion"},{"floor":35.0,"key":"Dota2Spire:Clarity"},{"floor":37.0,"key":"Elixir"},{"floor":45.0,"key":"SteroidPotion"}],"is_trial":false,"path_per_floor":["M","M","?","T","$","E","R","E","T","M","M","R","M","?","R","B",null,"M","M","?","M","$","E","R","M","T","E","M","$","M","E","R","B",null,"M","M","M","M","M","E","R","$","T","R","M","R","E","?","R","B",null,"R","$","E","B",null],"character_chosen":"THE_SILENT","items_purchased":["Accuracy","Onion Ring","Dota2Spire:EchoSabre","Guide Book","Gremlin Food","Blade Dance"],"campfire_rested":3,"item_purchase_floors":[5,22,22,29,42,53],"current_hp_per_floor":[63,60,60,60,60,42,42,22,22,22,13,31,31,14,32,5,63,63,63,63,57,57,43,43,43,43,43,43,43,43,43,43,13,63,63,63,57,57,57,43,61,61,61,61,42,42,42,42,60,42,63,63,63,63,30],"gold":40,"neow_bonus":"ONE_RARE_RELIC","is_daily":false,"chose_seed":false,"campfire_upgraded":8,"win_rate":0.0,"timestamp":1609361243,"path_taken":["M","M","?","?","?","E","R","E","T","M","?","R","?","?","R","BOSS","M","M","?","?","$","E","R","?","T","E","M","$","M","E","R","BOSS","M","M","M","M","M","E","R","$","T","R","?","R","E","?","R","BOSS","R","$","E","BOSS"],"items_purchased_type":["Card","Relic","Relic","Relic","Relic","Card"],"build_version":"2020-12-22","purchased_purges":1,"victory":true,"max_hp_per_floor":[63,63,63,63,63,63,63,63,63,63,63,63,63,63,63,63,63,63,63,63,63,63,63,63,63,63,63,63,63,63,63,63,63,63,63,63,63,63,63,63,63,63,63,63,63,63,63,63,63,63,63,63,63,63,63],"card_choices":[{"not_picked":["Dodge and Roll","Deflect"],"picked":"Blade Dance","floor":1.0},{"not_picked":["Acrobatics","Escape Plan"],"picked":"Calculated Gamble","floor":2.0},{"not_picked":["Poisoned Stab","hubris:Sniper"],"picked":"Cloak And Dagger","floor":6.0},{"not_picked":["Dagger Throw","Bane","Bouncing Flask"],"picked":"SKIP","floor":8.0},{"not_picked":["Dodge and Roll","ReplayTheSpireMod:The Works"],"picked":"Crippling Poison","floor":10.0},{"not_picked":["Catalyst","Poisoned Stab"],"picked":"Distraction","floor":11.0},{"not_picked":["hubris:TrickCloak","Poisoned Stab","Underhanded Strike"],"picked":"SKIP","floor":13.0},{"not_picked":["Outmaneuver","Fluid Movement"],"picked":"Backstab","floor":14.0},{"not_picked":["Die Die Die","Tools of the Trade"],"picked":"ReplayTheSpireMod:From All Sides","floor":16.0},{"not_picked":["hubris:SlightOfHand","Dagger Spray"],"picked":"Accuracy+1","floor":18.0},{"not_picked":["Bane+1","PiercingWail+1","Noxious Fumes"],"picked":"SKIP","floor":19.0},{"not_picked":["Slice","hubris:TrickCloak"],"picked":"Dagger Spray","floor":21.0},{"not_picked":["Dagger Throw","Deadly Poison"],"picked":"Backstab","floor":23.0},{"not_picked":["Night Terror","Predator"],"picked":"Backstab+1","floor":25.0},{"not_picked":["Footwork","PiercingWail","Dagger Throw"],"picked":"SKIP","floor":27.0},{"not_picked":["Infinite Blades","Flying Knee+1","hubris:SlightOfHand"],"picked":"SKIP","floor":28.0},{"not_picked":["Choke+1","Underhanded Strike","Venomology"],"picked":"SKIP","floor":30.0},{"not_picked":["Infinite Blades","PiercingWail","Quick Slash"],"picked":"SKIP","floor":31.0},{"not_picked":["Replay:Bag of Tricks","Bullet Time"],"picked":"A Thousand Cuts","floor":33.0},{"not_picked":["Underhanded Strike","Quick Slash","Riddle With Holes"],"picked":"SKIP","floor":35.0},{"not_picked":["Cloak And Dagger+1","Noxious Fumes+1"],"picked":"ReplayTheSpireMod:Scrap Shanks+1","floor":36.0},{"not_picked":["Dagger Throw","Endless Agony+1","Deflect"],"picked":"SKIP","floor":37.0},{"not_picked":["Deadly Poison+1","All Out Attack+1"],"picked":"Blade Dance+1","floor":38.0},{"not_picked":["Deflect","Draining Mist+1","Well Laid Plans"],"picked":"SKIP","floor":39.0},{"not_picked":["Outmaneuver+1","PiercingWail","Tactician+1"],"picked":"SKIP","floor":40.0},{"not_picked":["Deflect","Flying Knee"],"picked":"conspire:DoublingDagger+1","floor":45.0},{"not_picked":["Expertise","Sneak Up+1","Concentrate+1"],"picked":"SKIP","floor":47.0},{"not_picked":["Poisoned Stab+1","Fluid Movement+1"],"picked":"Malaise","floor":54}],"player_experience":912974,"relics_obtained":[{"floor":4.0,"key":"Dota2Spire:Desolator"},{"floor":6.0,"key":"Replay:Arrowhead"},{"floor":8.0,"key":"Replay:Multitool"},{"floor":14.0,"key":"Ninja Scroll"},{"floor":23.0,"key":"Dota2Spire:MagicBottle"},{"floor":26.0,"key":"Dota2Spire:PowerTreads"},{"floor":27.0,"key":"Meat on the Bone"},{"floor":31.0,"key":"Vajra"},{"floor":32.0,"key":"Nunchaku"},{"floor":40.0,"key":"Replay:Bottled Snecko"},{"floor":43.0,"key":"Dota2Spire:EtherealBlade"},{"floor":47.0,"key":"conspire:BottledYoYo"},{"floor":54,"key":"White Beast Statue"}],"event_choices":[{"damage_healed":0.0,"max_hp_gain":0.0,"max_hp_loss":0.0,"gold_gain":0.0,"event_name":"The Cleric","player_choice":"Leave","floor":3.0,"gold_loss":0.0,"damage_taken":0.0},{"damage_healed":0.0,"max_hp_gain":0.0,"max_hp_loss":0.0,"gold_gain":0.0,"event_name":"Dead Adventurer","player_choice":"Searched \u00271\u0027 times","floor":14.0,"gold_loss":0.0,"damage_taken":0.0},{"damage_healed":0.0,"max_hp_gain":0.0,"max_hp_loss":0.0,"gold_gain":100.0,"event_name":"The Joust","player_choice":"Bet on Murderer","floor":20.0,"gold_loss":50.0,"damage_taken":0.0},{"cards_removed":["Strike_G"],"damage_healed":0.0,"max_hp_gain":0.0,"max_hp_loss":0.0,"gold_gain":0.0,"event_name":"Bonfire Elementals","player_choice":"Offered Basic","floor":48.0,"gold_loss":0.0,"damage_taken":0.0}],"is_beta":false,"boss_relics":[{"not_picked":["conspire:RoyalGoblet","conspire:SlowCooker"],"picked":"hubris:ScarierMask"},{"not_picked":["Astrolabe","Black Star"],"picked":"SlaversCollar"}],"items_purged_floors":[42],"is_endless":false,"potions_floor_spawned":[2,6,8,10,23,25,28,30,31,35,37,39,45,54],"ascension_level":0}}