{"host":"sc0o2qwpf9j16a4i","time":1609332369,"event":{"mods":["AchievementEnabler","BaseMod","BetterRewards","Block Reminder","Colored Map","Colored Powertips","Custom Start","Highlight Path","Minty Spire (QoL Compilation)","Relic Stats"],"gold_per_floor":[369,379,529,44,44,44,44,44],"floor_reached":7,"playtime":119,"items_purged":["Doubt"],"score":78,"play_id":"03f898b4-73a1-40e2-80f6-029702e00db1","local_time":"20201230144609","is_ascension_mode":true,"campfire_choices":[{"floor":6,"key":"REST"}],"circlet_count":0,"master_deck":["AscendersBane","Strike_R","Strike_R","Strike_R","Strike_R","Strike_R","Defend_R","Defend_R+1","Defend_R","Defend_R+1","Bash","Sword Boomerang","Clothesline","Disarm"],"relics":["Burning Blood","Omamori","Dream Catcher"],"acts_visited":["Exordium"],"potions_floor_usage":[],"damage_taken":[{"damage":9,"enemies":"Jaw Worm","floor":1,"turns":5},{"damage":9,"enemies":"Small Slimes","floor":2,"turns":4},{"damage":47,"enemies":"Gremlin Nob","floor":7,"turns":4}],"seed_played":"-5053598561734570956","potions_obtained":[],"is_trial":false,"path_per_floor":["M","M","?","$","?","R","E"],"character_chosen":"IRONCLAD","items_purchased":["Disarm","Omamori","Dream Catcher"],"campfire_rested":1,"item_purchase_floors":[4,4,4],"current_hp_per_floor":[47,44,44,44,21,43,0,0],"gold":44,"neow_bonus":"TWO_FIFTY_GOLD","is_daily":false,"chose_seed":false,"campfire_upgraded":0,"win_rate":0.0,"timestamp":1609332369,"path_taken":["M","M","?","$","?","R","E"],"items_purchased_type":["Card","Relic","Relic"],"build_version":"2020-12-22","purchased_purges":1,"victory":false,"max_hp_per_floor":[75,75,75,75,75,75,75,75],"relic_stats":{"Dream Catcher":1,"counters":[3,13],"obtain_stats":[{"Dream Catcher":4,"Omamori":4,"Burning Blood":0},{"Dream Catcher":2,"Omamori":2,"Burning Blood":0},{"Dream Catcher":9,"Omamori":9,"Burning Blood":0}],"Burning Blood":12},"card_choices":[{"not_picked":["Second Wind","Iron Wave"],"picked":"Sword Boomerang","floor":1},{"not_picked":["Heavy Blade","Sword Boomerang"],"picked":"Clothesline","floor":2}],"player_experience":442629,"relics_obtained":[],"event_choices":[{"damage_healed":0,"gold_gain":150,"player_choice":"AGREE","damage_taken":0,"max_hp_gain":0,"max_hp_loss":0,"event_name":"Liars Game","floor":3,"gold_loss":0,"cards_obtained":["Doubt"]},{"damage_healed":0,"gold_gain":0,"player_choice":"Entered Light","damage_taken":23,"max_hp_gain":0,"max_hp_loss":0,"event_name":"Shining Light","floor":5,"gold_loss":0,"cards_upgraded":["Defend_R","Defend_R"]}],"is_beta":false,"boss_relics":[],"items_purged_floors":[4],"is_endless":false,"potions_floor_spawned":[],"killed_by":"Gremlin Nob","ascension_level":20}}