{"host":"jjz4szgmev061tnm","time":1609330314,"event":{"mods":["Act Like it!","BaseMod","Gensokyo","KinomotoSakuraMod(ƒæ÷Æ±æ”£)","Marisa£®ÏF”Í°°ƒß¿Ì…≥£©","Minty Spire (QoL Compilation)","Shop Mod","StSLib","WarShipGirlsR/’ΩΩ¢…Ÿ≈ÆR mod","Youmu£®ªÍ∆«—˝√Œ£©"],"gold_per_floor":[4000,4013,4033,4051,4051,4084,4084,4116,4116,4134,3693,3722,3562,3593,3593,3664,3664,3684,3231,3245,3245,3256,3285,3285,3285,3310,3324,3334,3334,3360,3360,3360,3734,3734,3746,3772,3417,3417,3417],"floor_reached":38,"playtime":1804,"items_purged":["Defend_MRS","Defend_MRS"],"score":873,"play_id":"487ce364-aedf-47e0-925a-a0a825f8d8b7","local_time":"20201230201154","is_ascension_mode":true,"campfire_choices":[{"data":"OortCloud","floor":7,"key":"SMITH"},{"data":"OortCloud","floor":15,"key":"SMITH"},{"data":"MillisecondPulsars","floor":24,"key":"SMITH"},{"data":"BlazeAway","floor":29,"key":"SMITH"},{"data":"Singularity","floor":32,"key":"SMITH"}],"circlet_count":0,"master_deck":["AscendersBane","Strike_MRS","Strike_MRS","Strike_MRS","Strike_MRS","Defend_MRS","UpSweep","MilkyWay","PropBag","OortCloud+1","OortCloud+1","Singularity+1","6A","MysteriousBeam","PropBag","Necronomicurse","Acceleration","MillisecondPulsars+1","GrandCross","OortCloud+1","AlicesGift+1","PowerUp","EventHorizon","BlazeAway+1","TreasureHunter","SporeBomb","MaximisePower","WitchOfGreed","PulseMagic"],"relics":["MiniHakkero","NeowsBlessing","Gensokyo:Mercy","Pocketwatch","Smiling Mask","Mercury Hourglass","Mango","MagicBroom","Necronomicon","HandmadeGrimoire","SacredBark","DollysMirror","ClockworkSouvenir","Juzu Bracelet","Strawberry","Potion Belt","Art of War","Gensokyo:SongOfSouls","Old Coin","Black Star","Unceasing Top"],"acts_visited":["Exordium","Gensokyo:Gensokyo","Gensokyo:Gensokyoer"],"potions_floor_usage":[11,22,22,33],"damage_taken":[{"damage":0,"enemies":"Gensokyo:3_Fairies","floor":1,"turns":1},{"damage":0,"enemies":"Gensokyo:Python","floor":2,"turns":1},{"damage":0,"enemies":"Gensokyo:Gryphon","floor":3,"turns":1},{"damage":2,"enemies":"Gensokyo:VengefulSpirit","floor":4,"turns":5},{"damage":6,"enemies":"Gensokyo:Aya","floor":6,"turns":10},{"damage":1,"enemies":"Gensokyo:Mamizou","floor":8,"turns":10},{"damage":6,"enemies":"Gensokyo:Kitsune","floor":10,"turns":4},{"damage":0,"enemies":"Gensokyo:Cirno","floor":12,"turns":6},{"damage":7,"enemies":"Gensokyo:Aya","floor":14,"turns":4},{"damage":3,"enemies":"Gensokyo:Yukari","floor":16,"turns":6},{"damage":3,"enemies":"Gensokyo:Chomper","floor":18,"turns":5},{"damage":16,"enemies":"Gensokyo:AngelMirror","floor":20,"turns":6},{"damage":0,"enemies":"Gensokyo:Slime_Group","floor":22,"turns":6},{"damage":12,"enemies":"Gensokyo:Reisen","floor":23,"turns":5},{"damage":13,"enemies":"Gensokyo:Monolith_and_Dog","floor":27,"turns":7},{"damage":9,"enemies":"Gensokyo:Wraith","floor":28,"turns":4},{"damage":8,"enemies":"Gensokyo:Koishi","floor":30,"turns":5},{"damage":8,"enemies":"Gensokyo:Eiki","floor":33,"turns":7},{"damage":9,"enemies":"Gensokyo:3_Bats","floor":35,"turns":4},{"damage":2,"enemies":"Gensokyo:3_Boulders","floor":36,"turns":5}],"seed_played":"-8472972055428946614","potions_obtained":[{"floor":6,"key":"DuplicationPotion"},{"floor":8,"key":"PowerPotion"},{"floor":16,"key":"SpeedPotion"},{"floor":23,"key":"Strength Potion"},{"floor":27,"key":"BottledSpark"},{"floor":33,"key":"SkillPotion"},{"floor":35,"key":"BlessingOfTheForge"},{"floor":36,"key":"AttackPotion"}],"is_trial":false,"path_per_floor":["M","M","M","M","?","E","R","E","T","M","$","E","?","E","R","B",null,"M","COS","M","?","M","E","R","?","T","M","M","R","E","?","R","B",null,"M","M","$","?"],"character_chosen":"MARISA","items_purchased":["Mango","Fruit Juice","Unceasing Top"],"campfire_rested":0,"item_purchase_floors":[11,11,37],"current_hp_per_floor":[63,63,63,61,61,55,55,54,54,48,67,67,67,60,60,57,81,78,78,62,62,62,57,57,57,57,44,35,35,27,27,27,19,77,68,66,66,66,66],"gold":3417,"neow_bonus":"THREE_ENEMY_KILL","is_daily":false,"chose_seed":false,"campfire_upgraded":5,"win_rate":0.0,"timestamp":1609330314,"path_taken":["M","M","M","M","?","E","R","E","T","M","$","E","?","E","R","BOSS","M","COS","M","?","?","E","R","?","T","M","M","R","E","?","R","BOSS","M","M","$","?"],"items_purchased_type":["Relic","Potion","Relic"],"build_version":"2020-12-22","purchased_purges":2,"victory":false,"max_hp_per_floor":[70,70,70,70,70,70,70,70,70,70,89,89,89,89,89,89,89,89,89,89,89,89,96,96,96,96,96,96,96,96,96,96,96,96,96,96,96,96,96],"card_choices":[{"not_picked":["DoubleSpark","NonDirectionalLaser"],"picked":"MilkyWay","floor":1},{"not_picked":["LuminesStrike","SuperPerseids"],"picked":"PropBag","floor":2},{"not_picked":["EarthLightRay","ShootingEcho"],"picked":"OortCloud","floor":3},{"not_picked":["ShootingEcho","MysteriousBeam"],"picked":"OortCloud","floor":4},{"not_picked":["ShootTheMoon","GalacticHalo"],"picked":"Singularity","floor":6},{"not_picked":["DragonMeteor","SuperPerseids"],"picked":"6A","floor":8},{"not_picked":["PropBag","PowerUp"],"picked":"MysteriousBeam","floor":10},{"not_picked":["Robbery","WitchLeyline"],"picked":"PropBag","floor":12},{"not_picked":["LuminesStrike","SatelliteIllusion"],"picked":"Acceleration","floor":14},{"not_picked":["CollectingQuirk","BlazingStar"],"picked":"MillisecondPulsars","floor":16},{"not_picked":["MilkyWay","UnstableBomb"],"picked":"GrandCross","floor":18},{"not_picked":["DoubleSpark+1","NonDirectionalLaser+1"],"picked":"AlicesGift+1","floor":20},{"not_picked":["AsteroidBelt","MysteriousBeam"],"picked":"PowerUp","floor":22},{"not_picked":["6A","UnstableBomb"],"picked":"EventHorizon","floor":23},{"not_picked":["LuminesStrike","NonDirectionalLaser"],"picked":"TreasureHunter","floor":27},{"not_picked":["JA","EscapeVelocity","BlazingStar"],"picked":"SKIP","floor":27},{"not_picked":["GrandCross","AlicesGift","GalacticHalo"],"picked":"SKIP","floor":28},{"not_picked":["MilkyWay","ShootingEcho"],"picked":"SporeBomb","floor":30},{"not_picked":["MillisecondPulsars","AbsoluteMagnitude"],"picked":"MaximisePower","floor":33},{"not_picked":["AsteroidBelt+1","ChargeUpSpray+1"],"picked":"WitchOfGreed","floor":35},{"not_picked":["EnergyFlow","NonDirectionalLaser"],"picked":"PulseMagic","floor":36}],"player_experience":224214,"relics_obtained":[{"floor":6,"key":"Pocketwatch"},{"floor":8,"key":"Smiling Mask"},{"floor":9,"key":"Mercury Hourglass"},{"floor":12,"key":"MagicBroom"},{"floor":14,"key":"HandmadeGrimoire"},{"floor":23,"key":"Potion Belt"},{"floor":30,"key":"Art of War"},{"floor":33,"key":"Old Coin"}],"event_choices":[],"is_beta":false,"boss_relics":[{"not_picked":["Ectoplasm","Fusion Hammer"],"picked":"SacredBark"},{"not_picked":["Velvet Choker","Calling Bell"],"picked":"Black Star"}],"items_purged_floors":[11,37],"is_endless":false,"potions_floor_spawned":[6,8,10,16,22,23,27,33,35],"ascension_level":15}}