{"host":"3rixevx6n8b56xaj","time":1609348936,"event":{"mods":["2.2 Compatiblity","AchievementEnabler","Arknights The Spire","BaseMod","Colored Map","DeckTracker","Friendly Minions","Minty Spire (QoL Compilation)","StSLib","SuperFastMode"],"gold_per_floor":[10,26,45,57,70,102,102,132,207,220,261,272,306,256,256,368,368,412,456,85,140,140,202,202,265,331,343,355,91,158,197,197,329,329,374,426,504,147,231,289,358,358,384,384,451,451,505,547,547,572,572,572,157,191,191],"floor_reached":56,"playtime":2580,"items_purged":["Strike_P","Defend_P","Strike_P"],"score":1438,"play_id":"09d9b47b-42a7-432f-a6a7-4c3a20c13ca8","local_time":"20201231022216","is_ascension_mode":false,"campfire_choices":[{"data":"Eruption","floor":7,"key":"SMITH"},{"data":"Adaptation","floor":15,"key":"SMITH"},{"floor":24,"key":"REST"},{"data":"CrushJoints","floor":27,"key":"SMITH"},{"floor":32,"key":"REST"},{"floor":42,"key":"REST"},{"data":"1","floor":46,"key":"LIFT"},{"floor":49,"key":"RECALL"},{"data":"2","floor":52,"key":"LIFT"}],"circlet_count":0,"master_deck":["Defend_P+1","Defend_P","Eruption+1","Vigilance","MentalFortress+1","Evaluate+1","CrushJoints+1","Adaptation+1","FearNoEvil","Wish","EmptyFist+1","FlurryOfBlows","Wallop+1","Evaluate+1","DevaForm+1","DeusExMachina+1","Pray+1","InnerPeace+1","FollowUp+1","Collect+1","Prostrate+1","Brilliance+1","Fasting2","Flash of Steel+1","WheelKick+1"],"relics":["PureWater","ats:Originium","Regal Pillow","Unceasing Top","HornCleat","CeramicFish","Girya","VioletLotus","Ginger","Red Mask","Molten Egg 2","MawBank","Orichalcum","Bag of Preparation","OrangePellets","WingedGreaves","Black Star","Lizard Tail","Membership Card","Question Card","GoldenEye","MealTicket","Damaru","Centennial Puzzle","Strawberry","Smiling Mask","Pantograph","Mummified Hand","Lantern","Sling","Pen Nib","Eternal Feather"],"acts_visited":["Exordium","TheCity","TheBeyond","TheEnding"],"potions_floor_usage":[6,16,21,23,25,33,37,40,41,50,55,55,55],"damage_taken":[{"damage":0,"enemies":"Cultist","floor":1,"turns":3},{"damage":3,"enemies":"Small Slimes","floor":2,"turns":4},{"damage":0,"enemies":"Jaw Worm","floor":3,"turns":3},{"damage":1,"enemies":"Exordium Wildlife","floor":4,"turns":3},{"damage":0,"enemies":"2 Fungi Beasts","floor":5,"turns":3},{"damage":16,"enemies":"Gremlin Nob","floor":6,"turns":4},{"damage":2,"enemies":"Blue Slaver","floor":10,"turns":3},{"damage":2,"enemies":"Lagavulin","floor":11,"turns":4},{"damage":0,"enemies":"3 Louse","floor":12,"turns":1},{"damage":12,"enemies":"3 Sentries","floor":13,"turns":8},{"damage":0,"enemies":"Slime Boss","floor":16,"turns":5},{"damage":31,"enemies":"Spheric Guardian","floor":18,"turns":4},{"damage":15,"enemies":"3 Byrds","floor":19,"turns":7},{"damage":3,"enemies":"Masked Bandits","floor":21,"turns":5},{"damage":24,"enemies":"Book of Stabbing","floor":23,"turns":6},{"damage":21,"enemies":"Slavers","floor":25,"turns":4},{"damage":13,"enemies":"Book of Stabbing","floor":30,"turns":5},{"damage":1,"enemies":"Cultist and Chosen","floor":31,"turns":6},{"damage":1,"enemies":"Champ","floor":33,"turns":12},{"damage":0,"enemies":"3 Shapes","floor":35,"turns":4},{"damage":3,"enemies":"3 Darklings","floor":36,"turns":7},{"damage":62,"enemies":"2 Orb Walkers","floor":37,"turns":6},{"damage":0,"enemies":"Mind Bloom Boss Battle","floor":39,"turns":7},{"damage":13,"enemies":"Nemesis","floor":40,"turns":9},{"damage":32,"enemies":"Reptomancer","floor":41,"turns":5},{"damage":65,"enemies":"Nemesis","floor":45,"turns":7},{"damage":0,"enemies":"Spire Growth","floor":47,"turns":3},{"damage":0,"enemies":"Transient","floor":48,"turns":5},{"damage":25,"enemies":"Awakened One","floor":50,"turns":7},{"damage":18,"enemies":"Shield and Spear","floor":54,"turns":4},{"damage":59,"enemies":"The Heart","floor":55,"turns":7}],"seed_played":"-2049760798027329711","potions_obtained":[{"floor":4,"key":"Fire Potion"},{"floor":6,"key":"SneckoOil"},{"floor":11,"key":"PowerPotion"},{"floor":12,"key":"SteroidPotion"},{"floor":13,"key":"Regen Potion"},{"floor":16,"key":"Energy Potion"},{"floor":23,"key":"Explosive Potion"},{"floor":25,"key":"BlessingOfTheForge"},{"floor":31,"key":"ColorlessPotion"},{"floor":33,"key":"Strength Potion"},{"floor":37,"key":"Weak Potion"},{"floor":40,"key":"ColorlessPotion"},{"floor":45,"key":"DuplicationPotion"},{"floor":47,"key":"PowerPotion"}],"is_trial":false,"path_per_floor":["M","M","M","M","M","E","R","?","T","M","E","M","E","?","R","B",null,"M","M","$","?","?","E","R","E","T","R","T","$","E","M","R","B",null,"M","M","?","$","?","E","E","R","T","?","E","R","M","M","R","B",null,"R","$","E","B",null],"character_chosen":"WATCHER","items_purchased":["Ginger","OrangePellets","LessonLearned+1","Membership Card","Question Card","InnerPeace","Mummified Hand","Lantern","Fasting2","SteroidPotion","Sling","Flash of Steel+1"],"campfire_rested":3,"item_purchase_floors":[20,29,29,38,38,38,53,53,53,53,53,53],"current_hp_per_floor":[72,69,69,68,68,52,52,52,52,50,48,48,36,36,36,36,72,41,26,26,37,37,13,49,28,28,28,28,28,15,14,50,49,72,72,69,7,7,7,34,9,47,47,47,22,22,22,22,22,22,79,79,79,61,20],"gold":191,"neow_bonus":"REMOVE_TWO","is_daily":false,"chose_seed":false,"campfire_upgraded":3,"win_rate":0.0,"timestamp":1609348936,"path_taken":["M","M","?","M","M","E","R","?","T","M","E","M","E","?","R","BOSS","M","M","$","?","?","E","R","E","T","R","?","$","E","M","R","BOSS","M","M","?","$","?","E","E","R","T","?","E","R","M","?","R","BOSS","R","$","E","BOSS"],"items_purchased_type":["Relic","Relic","Card","Relic","Relic","Card","Relic","Relic","Card","Potion","Relic","Card"],"build_version":"2020-12-22","purchased_purges":3,"victory":true,"max_hp_per_floor":[72,72,72,72,72,72,72,72,72,72,72,72,72,72,72,72,72,72,72,72,72,72,72,72,72,72,72,72,72,72,72,72,72,72,72,72,72,72,72,72,79,79,79,79,79,79,79,79,79,79,79,79,79,79,79],"card_choices":[{"not_picked":["CutThroughFate","SashWhip"],"picked":"MentalFortress","floor":1},{"not_picked":["PathToVictory","SashWhip","Nirvana"],"picked":"SKIP","floor":2},{"not_picked":["FlyingSleeves","Weave"],"picked":"Evaluate","floor":3},{"not_picked":["ClearTheMind","ThirdEye","Conclude"],"picked":"SKIP","floor":4},{"not_picked":["Evaluate","EmptyFist"],"picked":"CrushJoints","floor":5},{"not_picked":["ForeignInfluence","PathToVictory","Meditate"],"picked":"SKIP","floor":6},{"not_picked":["Halt","CutThroughFate","SignatureMove"],"picked":"SKIP","floor":10},{"not_picked":["Nirvana","EmptyMind"],"picked":"Adaptation","floor":11},{"not_picked":["Nirvana","PathToVictory","Halt"],"picked":"SKIP","floor":12},{"not_picked":["Protect","SignatureMove"],"picked":"FearNoEvil","floor":13},{"not_picked":["Scrawl","ConjureBlade"],"picked":"Wish","floor":16},{"not_picked":["EmptyMind+1","Nirvana"],"picked":"EmptyFist+1","floor":18},{"not_picked":["Sanctity","BowlingBash"],"picked":"FlurryOfBlows","floor":19},{"not_picked":["Weave+1","DeceiveReality"],"picked":"Wallop+1","floor":23},{"not_picked":["Crescendo","Consecrate+1"],"picked":"Evaluate+1","floor":25},{"not_picked":["EmptyMind","Consecrate+1"],"picked":"DevaForm","floor":30},{"not_picked":["BowlingBash+1","Consecrate+1","CutThroughFate+1"],"picked":"SKIP","floor":31},{"not_picked":["Wish","Scrawl"],"picked":"DeusExMachina","floor":33},{"not_picked":["FlyingSleeves+1","ThirdEye","FlurryOfBlows+1"],"picked":"SKIP","floor":35},{"not_picked":["Protect","CrushJoints+1"],"picked":"Pray+1","floor":36},{"not_picked":["Indignation","FlyingSleeves+1","ThirdEye+1"],"picked":"FollowUp+1","floor":39},{"not_picked":["SashWhip+1","Consecrate+1","SignatureMove+1","ThirdEye+1"],"picked":"SKIP","floor":40},{"not_picked":["SashWhip+1","Consecrate+1","SignatureMove+1","ThirdEye+1"],"picked":"SKIP","floor":40},{"not_picked":["JustLucky+1","BowlingBash+1","CutThroughFate+1"],"picked":"Collect+1","floor":41},{"not_picked":["Weave+1","Blasphemy","EmptyFist+1"],"picked":"Prostrate+1","floor":45},{"not_picked":["Halt","Prostrate+1","SashWhip+1"],"picked":"Brilliance+1","floor":47},{"not_picked":["DeceiveReality","BowlingBash+1","BattleHymn","FollowUp+1"],"picked":"SKIP","floor":48},{"not_picked":["Collect+1","Prostrate","FearNoEvil+1"],"picked":"WheelKick+1","floor":54}],"player_experience":588757,"relics_obtained":[{"floor":6,"key":"ats:Originium"},{"floor":6,"key":"Regal Pillow"},{"floor":9,"key":"HornCleat"},{"floor":11,"key":"ats:Originium"},{"floor":11,"key":"CeramicFish"},{"floor":13,"key":"ats:Originium"},{"floor":13,"key":"Girya"},{"floor":21,"key":"Red Mask"},{"floor":23,"key":"Molten Egg 2"},{"floor":25,"key":"MawBank"},{"floor":26,"key":"Orichalcum"},{"floor":28,"key":"Bag of Preparation"},{"floor":30,"key":"WingedGreaves"},{"floor":37,"key":"Lizard Tail"},{"floor":39,"key":"GoldenEye"},{"floor":40,"key":"MealTicket"},{"floor":40,"key":"Damaru"},{"floor":41,"key":"Centennial Puzzle"},{"floor":41,"key":"Strawberry"},{"floor":45,"key":"Smiling Mask"},{"floor":45,"key":"Pantograph"},{"floor":54,"key":"Pen Nib"},{"floor":54,"key":"Eternal Feather"}],"event_choices":[{"damage_healed":0,"gold_gain":30,"player_choice":"Searched \u00273\u0027 times","damage_taken":0,"relics_obtained":["Unceasing Top"],"max_hp_gain":0,"max_hp_loss":0,"event_name":"Dead Adventurer","floor":8,"gold_loss":0},{"cards_removed":["Strike_P"],"damage_healed":0,"gold_gain":0,"player_choice":"Card Removal","damage_taken":0,"max_hp_gain":0,"max_hp_loss":0,"event_name":"The Cleric","floor":14,"gold_loss":50},{"damage_healed":0,"gold_gain":0,"player_choice":"Fought Bandits","damage_taken":0,"max_hp_gain":0,"max_hp_loss":0,"event_name":"Masked Bandits","floor":21,"gold_loss":0},{"damage_healed":0,"gold_gain":0,"player_choice":"Ignored","damage_taken":0,"max_hp_gain":0,"max_hp_loss":0,"event_name":"Ghosts","floor":22,"gold_loss":0},{"damage_healed":0,"gold_gain":0,"player_choice":"Fight","damage_taken":0,"max_hp_gain":0,"max_hp_loss":0,"event_name":"Mysterious Sphere","floor":37,"gold_loss":0},{"damage_healed":0,"gold_gain":0,"player_choice":"Fight","damage_taken":0,"max_hp_gain":0,"max_hp_loss":0,"event_name":"MindBloom","floor":39,"gold_loss":0},{"cards_removed":["LessonLearned"],"damage_healed":0,"gold_gain":0,"player_choice":"Removed Attack","damage_taken":0,"max_hp_gain":0,"max_hp_loss":0,"event_name":"Falling","floor":44,"gold_loss":0}],"is_beta":false,"boss_relics":[{"not_picked":["Busted Crown","Runic Dome"],"picked":"VioletLotus"},{"not_picked":["Velvet Choker","Cursed Key"],"picked":"Black Star"}],"items_purged_floors":[20,38,53],"is_endless":false,"potions_floor_spawned":[4,6,11,12,13,16,23,25,31,33,37,40,45,47,54],"ascension_level":0}}