{"host":"uyrebrj0204enqpc","time":1609299660,"event":{"mods":["Act Like it!","Bard","BaseMod","Block Reminder","Challenge The Spire","Colored Map","Colored Powertips","DeckTracker","Downfall","GifTheSpireLib","HexUI Lib","Highlight Path","Hubris","Infinite Spire","Minty Spire (QoL Compilation)","Pale of the Ancients","Quick Restart","Random Character Button","Relic Sorter","Relic Stats","Replay The Spire","Shop Mod","StSLib","The Blue Laboratory","The Bug Knight","The Cursed","The Jungle","The Marked","Wandering Minibosses"],"gold_per_floor":[110,70,70,81,95,95,127,127,127,162,15,29,43,54,54,153,153,163,163,12,12,25,25,25],"floor_reached":23,"playtime":1625,"items_purged":[],"score":221,"play_id":"669788a3-c129-47ed-a00b-786be3e7de8e","local_time":"20201229224100","is_ascension_mode":true,"campfire_choices":[{"data":"theMarked:SwordAndMagic","floor":6.0,"key":"SMITH"},{"data":"theMarked:SoldierOfQuellstein","floor":8.0,"key":"SMITH"},{"floor":15.0,"key":"REST"}],"circlet_count":0,"master_deck":["theMarked:Defend","theMarked:Defend","theMarked:Defend","theMarked:Defend","theMarked:SoldierOfQuellstein+1","theMarked:SwordAndMagic+1","theMarked:EmpowerWeapon","theMarked:EmpowerWeapon","theMarked:EternalStudent","theMarked:TwofoldDefense","theMarked:ChannelForce","Sickly","Guardian:Aged"],"relics":["theMarked:ArtifactOfAir","hubris:Reverence","infinitespire:ShieldingShard","Mercury Hourglass","Kintsugi","PrismaticShard","Letter Opener"],"acts_visited":["Exordium","TheCity"],"potions_floor_usage":[23,23,23],"damage_taken":[{"damage":1.0,"enemies":"2 Louse","floor":1.0,"turns":3.0},{"damage":1.0,"enemies":"Cultist","floor":4.0,"turns":3.0},{"damage":0.0,"enemies":"Small Slimes","floor":5.0,"turns":3.0},{"damage":46.0,"enemies":"Lagavulin","floor":7.0,"turns":7.0},{"damage":14.0,"enemies":"3 Sentries","floor":10.0,"turns":6.0},{"damage":7.0,"enemies":"Exordium Wildlife","floor":12.0,"turns":6.0},{"damage":0.0,"enemies":"2 Fungi Beasts","floor":13.0,"turns":2.0},{"damage":5.0,"enemies":"Exordium Thugs","floor":14.0,"turns":4.0},{"damage":15.0,"enemies":"Hexaghost","floor":16.0,"turns":6.0},{"damage":22.0,"enemies":"2 Thieves","floor":18.0,"turns":4.0},{"damage":40,"enemies":"Shell Parasite","floor":22,"turns":7},{"damage":17,"enemies":"Replay:Snechameleon","floor":23,"turns":5}],"seed_played":"4856263994165141674","potions_obtained":[{"floor":2.0,"key":"ColorlessPotion"},{"floor":2.0,"key":"blueLaboratory:BottleOfVodka"},{"floor":2.0,"key":"Cursed Concoction"},{"floor":10.0,"key":"blueLaboratory:BottledHope"},{"floor":14.0,"key":"champ:CounterPotion"},{"floor":22,"key":"blueLaboratory:BubblePotion"}],"is_trial":false,"path_per_floor":["M","?","$","M","M","R","E","R","T","E","$","M","M","M","R","B",null,"M","?","$","?","M","E"],"character_chosen":"THE_DEFAULT","items_purchased":["theMarked:EternalStudent","PrismaticShard"],"campfire_rested":1,"item_purchase_floors":[11,20],"current_hp_per_floor":[76,76,76,75,75,75,29,29,29,15,15,8,8,3,26,11,77,55,55,55,55,15,0,0],"gold":25,"neow_bonus":"TEN_PERCENT_HP_BONUS","is_daily":false,"chose_seed":false,"campfire_upgraded":2,"win_rate":0.0,"timestamp":1609299660,"path_taken":["M","?","?","M","M","R","E","R","T","E","$","M","?","M","R","BOSS","M","?","?","?","M","E"],"items_purchased_type":["Card","Relic"],"build_version":"2020-12-22","purchased_purges":0,"victory":false,"max_hp_per_floor":[77,77,77,77,77,77,77,77,77,77,77,77,77,77,77,77,77,77,77,77,77,77,77,77],"relic_stats":{"counters":[12,56],"Letter Opener":[5],"obtain_stats":[{"theMarked:ArtifactOfAir":0,"infinitespire:ShieldingShard":7,"Letter Opener":21,"Kintsugi":17,"PrismaticShard":20,"hubris:Reverence":9,"Mercury Hourglass":10},{"theMarked:ArtifactOfAir":0,"infinitespire:ShieldingShard":4,"Letter Opener":10,"Kintsugi":9,"PrismaticShard":10,"hubris:Reverence":4,"Mercury Hourglass":5},{"theMarked:ArtifactOfAir":0,"infinitespire:ShieldingShard":16,"Letter Opener":44,"Kintsugi":40,"PrismaticShard":44,"hubris:Reverence":16,"Mercury Hourglass":22}],"Mercury Hourglass":[114]},"card_choices":[{"not_picked":["theMarked:Parkour","theMarked:Static"],"picked":"theMarked:SwordAndMagic","floor":1.0},{"not_picked":["theMarked:RepellingDischarge","theMarked:ResourceFulStrike"],"picked":"theMarked:EmpowerWeapon","floor":4.0},{"not_picked":["theMarked:Frustration","theMarked:ElectricStrings"],"picked":"theMarked:EmpowerWeapon","floor":5.0},{"not_picked":["theMarked:RogueSparks","theMarked:ChainLightning","theMarked:Seal"],"picked":"SKIP","floor":7.0},{"not_picked":["theMarked:SwordAndMagic","theMarked:KeepCalmAndFightOn","theMarked:EnhancedHearing"],"picked":"SKIP","floor":10.0},{"not_picked":["theMarked:WastefulAttack","theMarked:EnhancedHearing"],"picked":"theMarked:TwofoldDefense","floor":12.0},{"not_picked":["theMarked:ResourceFulStrike","theMarked:Electrify","theMarked:Indomitable"],"picked":"SKIP","floor":13.0},{"not_picked":["theMarked:Parkour","theMarked:Electrocute"],"picked":"theMarked:ChannelForce","floor":14.0},{"not_picked":["theMarked:Static","theMarked:SelfDefenseTraining","theMarked:GodGivenPower+1"],"picked":"SKIP","floor":18.0},{"not_picked":["PathToVictory+1","TheCursedMod:SmokeScreen","HollowMod:CycloneSlash"],"picked":"SKIP","floor":22}],"player_experience":998918,"relics_obtained":[{"floor":7.0,"key":"infinitespire:ShieldingShard"},{"floor":9.0,"key":"hubris:Reverence"},{"floor":10.0,"key":"Mercury Hourglass"}],"event_choices":[{"damage_healed":0.0,"max_hp_gain":0.0,"max_hp_loss":0.0,"gold_gain":0.0,"event_name":"The Woman in Blue","player_choice":"Bought 3 Potions","floor":2.0,"gold_loss":0.0,"damage_taken":0.0},{"damage_healed":0,"gold_gain":0,"player_choice":"Ignored","damage_taken":0,"max_hp_gain":0,"max_hp_loss":0,"event_name":"The Mausoleum","floor":19,"gold_loss":0},{"damage_healed":0,"gold_gain":0,"player_choice":"Gave Potion","damage_taken":0,"relics_obtained":["Letter Opener"],"max_hp_gain":0,"max_hp_loss":0,"event_name":"WeMeetAgain","floor":21,"gold_loss":0}],"is_beta":false,"boss_relics":[{"not_picked":["Velvet Choker","SacredBark"],"picked":"Kintsugi"}],"items_purged_floors":[],"is_endless":false,"potions_floor_spawned":[5,10,13,14,22],"killed_by":"Replay:Snechameleon","ascension_level":2}}