{"host":"ixqzyafodex1tsi5","time":1609348220,"event":{"mods":["AchievementEnabler","Act Like it!","BaseMod","Gensokyo","GifTheSpireLib","Hallownest","Koishi","Lobotomy","LobotomyExtend","Minty Spire (QoL Compilation)","Relic Stats","Replay The Spire","RumiaBox-Â¶Ã×æ«µÄÉñÃØºÐ×Ó","SIMod","Spicy Shops","StSLib","[IsaacMod]ÒÔÈö¼âËþ","¡¾¹¦ÄÜMod¡¿»ìãçÖ®»·ÐÞ¸´²¹¶¡","¡¾ÒÅÎï¿¨ÅÆ¡¿REMEMod"],"gold_per_floor":[157,157,211,211,246,271,310,357,357,390,26,78,111,131,131,231,231,271,306,306],"floor_reached":2,"playtime":1663,"items_purged":[],"score":44,"play_id":"313ae018-02c8-4fad-b582-4da72402dcf8","local_time":"20201231011020","is_ascension_mode":false,"campfire_choices":[{"floor":15,"key":"REST"}],"circlet_count":0,"master_deck":["Koishi:BasicStrike+1","Koishi:BasicStrike","Koishi:BasicStrike+1","Koishi:BasicDefend","Koishi:BasicDefend","Koishi:BasicDefend","Koishi:BasicDefend","Koishi:Provoke","Koishi:HauntingSlash","HandOfGreed","Woodsman","Koishi:StingingMind","VoidDream","CrumblingArmor","Koishi:EmbryosDream","MHz","Koishi:SubconsciousSweep","Koishi:Prune","Koishi:DNAsFlaw","Koishi:Whimsy","Koishi:ReflexRadar","Koishi:UnansweredLove+1","Koishi:LastRemote","Koishi:UnansweredLove","Koishi:YoukaiPolygraph","Koishi:FleetingPhantom","Koishi:MassHysteria","LongBird","Koishi:PhantomStrike","BigBird","Koishi:SilentAndRestless","BettingIsNotGood"],"relics":["Koishi:ImaginaryFriend","REME_ComplimentaryCards","HushsDoor","SatanicBible","CogitoBucket","Regal Pillow","Koishi:EchoesOfADeadGirl","Odd Mushroom","REME_LimitBreaker","REME_IWantAll","Frozen Eye","Coffee Dripper","LetterFromLob"],"acts_visited":["Exordium","TheCity"],"potions_floor_usage":[10,12,2],"damage_taken":[{"damage":17.0,"enemies":"Small Slimes","floor":1.0,"turns":4.0},{"damage":8.0,"enemies":"Jaw Worm","floor":5.0,"turns":5.0},{"damage":25.0,"enemies":"Gremlin Nob","floor":6.0,"turns":4.0},{"damage":7.0,"enemies":"Cultist","floor":7.0,"turns":4.0},{"damage":26,"enemies":"The Mushroom Lair","floor":8,"turns":4},{"damage":1,"enemies":"Lagavulin","floor":10,"turns":7},{"damage":23,"enemies":"2 Fungi Beasts","floor":12,"turns":6},{"damage":20,"enemies":"Blue Slaver","floor":13,"turns":3},{"damage":19,"enemies":"3 Louse","floor":14,"turns":3},{"damage":89,"enemies":"Fading Forest","floor":16,"turns":11},{"damage":0,"enemies":"Jaw Worm","floor":1,"turns":2},{"damage":26,"enemies":"Small Slimes","floor":2,"turns":5}],"seed_played":"7841125409046486404","potions_obtained":[{"floor":7.0,"key":"Milkshake"},{"floor":8,"key":"Weak Potion"},{"floor":10,"key":"Languid Potion"},{"floor":13,"key":"BlessingOfTheForge"},{"floor":14,"key":"Strength Potion"}],"is_trial":false,"path_per_floor":["M","?","T","?","M","E","M","?","T","E","$","M","M","M","R","B",null,"M","M","M"],"character_chosen":"KOISHI","items_purchased":["SuicideKing","Frozen Eye","Koishi:UnansweredLove+1"],"campfire_rested":1,"item_purchase_floors":[11,11,11],"current_hp_per_floor":[44,32,32,32,35,25,25,17,17,30,30,35,21,21,55,12,66,73,0,0],"gold":306,"neow_bonus":"TEN_PERCENT_HP_BONUS","is_daily":false,"chose_seed":false,"campfire_upgraded":0,"win_rate":0.0,"timestamp":1609348220,"path_taken":["M","?","?","?","M","E","M","?","T","E","$","M","M","?","R","BOSS","M","M","M"],"items_purchased_type":["Card","Relic","Card"],"build_version":"2020-12-22","purchased_purges":0,"victory":false,"max_hp_per_floor":[60,60,60,60,60,60,60,60,60,63,63,66,66,66,66,66,66,73,73,73],"relic_stats":{"Regal Pillow":15,"counters":[14,60],"obtain_stats":[{"KeepersGift":0,"Regal Pillow":3,"Odd Mushroom":8,"REME_LimitBreaker":9,"REME_IWantAll":10,"SatanicBible":0,"Frozen Eye":11,"CogitoBucket":0,"LetterFromLob":1,"Coffee Dripper":17,"Koishi:EchoesOfADeadGirl":6,"HushsDoor":0,"Koishi:ImaginaryFriend":0,"REME_ComplimentaryCards":0},{"KeepersGift":0,"Regal Pillow":1,"Odd Mushroom":5,"REME_LimitBreaker":5,"REME_IWantAll":6,"SatanicBible":0,"Frozen Eye":6,"CogitoBucket":0,"LetterFromLob":1,"Coffee Dripper":11,"Koishi:EchoesOfADeadGirl":3,"HushsDoor":0,"Koishi:ImaginaryFriend":0,"REME_ComplimentaryCards":0},{"KeepersGift":0,"Regal Pillow":4,"Odd Mushroom":21,"REME_LimitBreaker":21,"REME_IWantAll":28,"SatanicBible":0,"Frozen Eye":28,"CogitoBucket":0,"LetterFromLob":4,"Coffee Dripper":52,"Koishi:EchoesOfADeadGirl":13,"HushsDoor":0,"Koishi:ImaginaryFriend":0,"REME_ComplimentaryCards":0}]},"card_choices":[{"not_picked":["LittlePrince","VoidDream"],"picked":"Woodsman","floor":1.0},{"not_picked":["Koishi:DanmakuParanoia","Koishi:Prune"],"picked":"Koishi:StingingMind","floor":1.0},{"not_picked":["FairyFestival","Murderer","VoidDream"],"picked":"Singing Bowl","floor":5.0},{"not_picked":["LittleHelper","SpiderBud"],"picked":"VoidDream","floor":5.0},{"not_picked":["Koishi:FreudianInstinct","Koishi:HeartfeltFancy","Koishi:UnansweredLove"],"picked":"SKIP","floor":5.0},{"not_picked":["Wellcheers","PunishingBird"],"picked":"CrumblingArmor","floor":6.0},{"not_picked":["Koishi:DNAsFlaw","Bomb"],"picked":"Koishi:EmbryosDream","floor":6.0},{"not_picked":["PunishingBird","Murderer","Scorched"],"picked":"Singing Bowl","floor":7.0},{"not_picked":["CherryBlossoms","FairyFestival"],"picked":"MHz","floor":7.0},{"not_picked":["Koishi:PhantomStrike","Koishi:SubterraneanRose"],"picked":"Koishi:SubconsciousSweep","floor":7.0},{"not_picked":["ShyLook","PunishingBird","FairyFestival"],"picked":"Singing Bowl","floor":8},{"not_picked":["Koishi:BloodcurdlingScream","Koishi:PhantomBarrier"],"picked":"Koishi:Prune","floor":8},{"not_picked":["Koishi:DNAsFlaw","Koishi:Whimsy","Koishi:ReflexRadar"],"picked":"Singing Bowl","floor":10},{"not_picked":["BeautyBeast","Murderer","LaLuna"],"picked":"Singing Bowl","floor":10},{"not_picked":["BehaviorAdjustmentRelic","AdjustmentMirrorRelic","HellTrainRelic"],"picked":"Singing Bowl","floor":12},{"not_picked":["FairyFestival","Scorched","HappyTeddy"],"picked":"Singing Bowl","floor":12},{"not_picked":["Koishi:HeartStoppingHorror","Koishi:CatchAndRose"],"picked":"Koishi:FleetingPhantom","floor":12},{"not_picked":["MeatLantern","PunishingBird","SpiderBud"],"picked":"Singing Bowl","floor":13},{"not_picked":["Koishi:Possession","Koishi:DreadfulBlow"],"picked":"Koishi:MassHysteria","floor":13},{"not_picked":["FairyFestival","ShyLook","Mercenary"],"picked":"Singing Bowl","floor":14},{"not_picked":["Porccubus","SnowQueen"],"picked":"LongBird","floor":14},{"not_picked":["Koishi:GeneticsOfTheUnconscious","Koishi:DreadfulBlow"],"picked":"Koishi:PhantomStrike","floor":14},{"not_picked":["CherryBlossoms","HeroicMonk"],"picked":"BigBird","floor":16},{"not_picked":["Koishi:FormlessExistence","Koishi:HeartStoppingHorror"],"picked":"Koishi:SilentAndRestless","floor":16},{"not_picked":["BettingIsNotGood"],"picked":"Singing Bowl","floor":0},{"not_picked":["ShyLook","Variant","OSAHOGD"],"picked":"Singing Bowl","floor":1},{"not_picked":["Koishi:BloodcurdlingScream","Koishi:ReflexRadar","Koishi:ParalyzingFear"],"picked":"SKIP","floor":1}],"player_experience":157907,"relics_obtained":[{"floor":1.0,"key":"LetterFromLob"},{"floor":3.0,"key":"Regal Pillow"},{"floor":6.0,"key":"Koishi:EchoesOfADeadGirl"},{"floor":8,"key":"Odd Mushroom"},{"floor":9,"key":"REME_LimitBreaker"},{"floor":10,"key":"REME_IWantAll"},{"floor":1,"key":"LetterFromLob"}],"event_choices":[{"damage_healed":0.0,"max_hp_gain":0.0,"max_hp_loss":0.0,"gold_gain":0.0,"event_name":"Shining Light","player_choice":"Entered Light","floor":2.0,"gold_loss":0.0,"damage_taken":12.0,"cards_upgraded":["Koishi:BasicStrike","Koishi:BasicStrike"]},{"cards_removed":["Koishi:BasicStrike"],"damage_healed":0.0,"max_hp_gain":0.0,"max_hp_loss":0.0,"gold_gain":0.0,"event_name":"Wheel of Change","player_choice":"Card Removal","floor":4.0,"gold_loss":0.0,"damage_taken":0.0},{"damage_healed":0,"gold_gain":0,"player_choice":"Fought Mushrooms","damage_taken":0,"max_hp_gain":0,"max_hp_loss":0,"event_name":"Mushrooms","floor":8,"gold_loss":0}],"is_beta":false,"boss_relics":[{"not_picked":["Busted Crown","SoulBox"],"picked":"Coffee Dripper"},{"not_picked":[]}],"items_purged_floors":[],"is_endless":false,"potions_floor_spawned":[7,8,10,13,14,16],"killed_by":"Small Slimes","ascension_level":0}}