{"host":"j3h0p3l2xgzxhnx7","time":1609342399,"event":{"mods":["BaseMod","Luminous","Marisa????????","Minty Spire (QoL Compilation)","Remilia??????","StSLib","The Bug Knight","The Cursed","The Servant 0.9.4"],"gold_per_floor":[110,285,285,245,259,293,22,38,38,52,52,52,52,76,76,195,195,214,234,254,1,1,1,1,41,41,66,113,127,142,166,166,166,166],"floor_reached":33,"playtime":1202,"items_purged":["Doubt"],"score":269,"play_id":"9b30a94d-91f9-4725-a40c-789406cd737a","local_time":"20201230233319","is_ascension_mode":false,"campfire_choices":[{"floor":15,"key":"REST"},{"floor":23,"key":"REST"},{"floor":32,"key":"REST"}],"circlet_count":0,"master_deck":["Strike_B","Strike_B","Strike_B","Strike_B+1","Defend_B","Defend_B","Defend_B","Zap","Dualcast","FTL+1","Coolheaded","Storm","Redo","Loop","Go for the Eyes","FTL","Rainbow","Chaos+1","Cold Snap","Sweeping Beam","Chill","Ball Lightning","Streamline","Blizzard","Go for the Eyes+1"],"relics":["Cracked Core","Mercury Hourglass","Anchor","Boot","Golden Idol","Fusion Hammer","Gremlin Horn","Vajra","Oddly Smooth Stone","Nunchaku"],"acts_visited":["Exordium","TheCity"],"potions_floor_usage":[16,16,25,30,31,31,33,33,33],"damage_taken":[{"damage":0,"enemies":"Small Slimes","floor":1,"turns":2},{"damage":6,"enemies":"Jaw Worm","floor":5,"turns":3},{"damage":29,"enemies":"Lagavulin","floor":6,"turns":8},{"damage":0,"enemies":"2 Louse","floor":8,"turns":2},{"damage":7,"enemies":"2 Fungi Beasts","floor":10,"turns":3},{"damage":0,"enemies":"Lots of Slimes","floor":14,"turns":2},{"damage":22,"enemies":"Hexaghost","floor":16,"turns":9},{"damage":3,"enemies":"3 Byrds","floor":18,"turns":3},{"damage":3,"enemies":"Spheric Guardian","floor":19,"turns":3},{"damage":22,"enemies":"Centurion and Healer","floor":20,"turns":6},{"damage":21,"enemies":"Slavers","floor":25,"turns":4},{"damage":13,"enemies":"3 Cultists","floor":27,"turns":3},{"damage":0,"enemies":"Shelled Parasite and Fungi","floor":29,"turns":4},{"damage":0,"enemies":"Chosen and Byrds","floor":30,"turns":4},{"damage":27,"enemies":"Snake Plant","floor":31,"turns":4},{"damage":51,"enemies":"Collector","floor":33,"turns":7}],"seed_played":"8826008810215698493","potions_obtained":[{"floor":6,"key":"Ancient Potion"},{"floor":10,"key":"LiquidMemories"},{"floor":16,"key":"Strength Potion"},{"floor":19,"key":"EssenceOfSteel"},{"floor":29,"key":"EntropicBrew"},{"floor":30,"key":"Explosive Potion"}],"is_trial":false,"path_per_floor":["M","?","?","?","M","E","$","M","T","M","?","$","?","M","R","B",null,"M","M","M","$","$","R","$","E","T","M","T","M","M","M","R","B"],"character_chosen":"DEFECT","items_purchased":["Anchor","Redo","Gremlin Horn"],"campfire_rested":3,"item_purchase_floors":[7,7,21],"current_hp_per_floor":[75,75,60,60,54,25,25,25,25,18,18,18,18,18,40,18,75,72,69,47,47,47,69,69,48,48,35,35,35,35,8,30,0,0],"gold":166,"neow_bonus":"REMOVE_CARD","is_daily":false,"chose_seed":false,"campfire_upgraded":0,"win_rate":0.0,"timestamp":1609342399,"path_taken":["M","?","?","?","M","E","?","M","T","M","?","?","?","M","R","BOSS","M","M","M","?","$","R","$","E","T","M","?","M","?","?","R","BOSS"],"items_purchased_type":["Relic","Card","Relic"],"build_version":"2020-12-22","purchased_purges":1,"victory":false,"max_hp_per_floor":[75,75,75,75,75,75,75,75,75,75,75,75,75,75,75,75,75,75,75,75,75,75,75,75,75,75,75,75,75,75,75,75,75,75],"card_choices":[{"not_picked":["Redo","Static Discharge"],"picked":"FTL","floor":1},{"not_picked":["Reprogram","Hologram"],"picked":"Coolheaded","floor":5},{"not_picked":["Go for the Eyes","Stack"],"picked":"Storm","floor":6},{"not_picked":["Fusion","Double Energy"],"picked":"Loop","floor":8},{"not_picked":["Steam","Reinforced Body"],"picked":"Go for the Eyes","floor":10},{"not_picked":["Heatsinks","Undo"],"picked":"FTL","floor":14},{"not_picked":["All For One","Amplify"],"picked":"Rainbow","floor":16},{"not_picked":["Leap","Gash"],"picked":"Chaos+1","floor":18},{"not_picked":["Steam Power","Tempest"],"picked":"Cold Snap","floor":19},{"not_picked":["Rip and Tear","Cold Snap"],"picked":"Sweeping Beam","floor":20},{"not_picked":["Thunder Strike","Double Energy"],"picked":"Chill","floor":25},{"not_picked":["Rebound","Stack"],"picked":"Ball Lightning","floor":27},{"not_picked":["Leap","Reinforced Body"],"picked":"Streamline","floor":29},{"not_picked":["Scrape+1","Stack"],"picked":"Blizzard","floor":30},{"not_picked":["Consume+1","Redo"],"picked":"Go for the Eyes+1","floor":31}],"player_experience":76067,"relics_obtained":[{"floor":6,"key":"Mercury Hourglass"},{"floor":9,"key":"Boot"},{"floor":25,"key":"Vajra"},{"floor":26,"key":"Oddly Smooth Stone"},{"floor":28,"key":"Nunchaku"}],"event_choices":[{"damage_healed":0,"gold_gain":175,"player_choice":"AGREE","damage_taken":0,"max_hp_gain":0,"max_hp_loss":0,"event_name":"Liars Game","floor":2,"gold_loss":0,"cards_obtained":["Doubt"]},{"damage_healed":0,"gold_gain":0,"player_choice":"Entered Light","damage_taken":15,"max_hp_gain":0,"max_hp_loss":0,"event_name":"Shining Light","floor":3,"gold_loss":0,"cards_upgraded":["Strike_B","FTL"]},{"damage_healed":0,"gold_gain":0,"player_choice":"Left Gold","damage_taken":0,"max_hp_gain":0,"max_hp_loss":0,"event_name":"World of Goop","floor":4,"gold_loss":40},{"damage_healed":0,"gold_gain":0,"player_choice":"Take Wound","damage_taken":0,"relics_obtained":["Golden Idol"],"max_hp_gain":0,"max_hp_loss":0,"event_name":"Golden Idol","floor":11,"gold_loss":0,"cards_obtained":["Injury"]},{"cards_removed":["Injury"],"damage_healed":0,"gold_gain":0,"player_choice":"Card Removal","damage_taken":0,"max_hp_gain":0,"max_hp_loss":0,"event_name":"Wheel of Change","floor":13,"gold_loss":0}],"is_beta":false,"boss_relics":[{"not_picked":["Snecko Eye","Runic Pyramid"],"picked":"Fusion Hammer"}],"items_purged_floors":[7],"is_endless":false,"potions_floor_spawned":[6,10,16,19,29,30,31],"killed_by":"Collector","ascension_level":0}}