{"host":"bw13iioxe4nmywrn","time":1609352922,"event":{"mods":["AchievementEnabler","BaseMod","Colored Powertips","Minty Spire (QoL Compilation)"],"gold_per_floor":[116,116,128,4,4,36,36,36,61,61,61,61,61,73,73,178,178,198,198,198,198,213,242,18,18,18,35,51,24,24,43,43,138,138,150,150,163,182,196,211,230,0,23,23,37,37,62,80,80,80],"floor_reached":51,"playtime":3572,"items_purged":["FlyingSleeves+1"],"score":822,"play_id":"d692223d-5c90-49df-b534-ffcf1d15a8d7","local_time":"20201230232842","is_ascension_mode":false,"campfire_choices":[{"data":"Eruption","floor":7,"key":"SMITH"},{"data":"1","floor":10,"key":"LIFT"},{"data":"FlyingSleeves","floor":13,"key":"SMITH"},{"data":"2","floor":15,"key":"LIFT"},{"data":"3","floor":25,"key":"LIFT"},{"floor":30,"key":"REST"},{"floor":32,"key":"REST"},{"floor":44,"key":"DIG"},{"floor":49,"key":"DIG"}],"circlet_count":0,"master_deck":["Defend_P","Defend_P","Defend_P","Defend_P","Eruption+1","Vigilance","Worship","FlyingSleeves+1","Nirvana","CutThroughFate","JustLucky","DeusExMachina","Perseverance+1","Bite","Bite","Bite","Bite","Bite","EmptyBody+1","ClearTheMind","Protect+1","DeusExMachina","CurseOfTheBell","Halt","DeusExMachina","Fasting2+1","Study+1","Madness","Madness","Nirvana"],"relics":["PureWater","NeowsBlessing","TungstenRod","Girya","Anchor","HornCleat","Fusion Hammer","Enchiridion","Bottled Lightning","Bag of Marbles","Shuriken","Calling Bell","Damaru","Mercury Hourglass","Shovel","Red Mask","Dream Catcher","The Courier","Gambling Chip","Sundial"],"acts_visited":["Exordium","TheCity","TheBeyond"],"potions_floor_usage":[16,16,18,18,31,33,50,50,50],"damage_taken":[{"damage":0,"enemies":"Small Slimes","floor":1,"turns":1},{"damage":0,"enemies":"Jaw Worm","floor":3,"turns":1},{"damage":0,"enemies":"Gremlin Nob","floor":6,"turns":1},{"damage":0,"enemies":"2 Louse","floor":14,"turns":1},{"damage":10,"enemies":"The Guardian","floor":16,"turns":10},{"damage":12,"enemies":"Spheric Guardian","floor":18,"turns":4},{"damage":1,"enemies":"2 Thieves","floor":22,"turns":2},{"damage":0,"enemies":"Book of Stabbing","floor":23,"turns":5},{"damage":4,"enemies":"Shelled Parasite and Fungi","floor":27,"turns":5},{"damage":0,"enemies":"3 Cultists","floor":28,"turns":5},{"damage":0,"enemies":"Centurion and Healer","floor":31,"turns":4},{"damage":0,"enemies":"Champ","floor":33,"turns":15},{"damage":0,"enemies":"Orb Walker","floor":35,"turns":3},{"damage":1,"enemies":"3 Darklings","floor":37,"turns":6},{"damage":3,"enemies":"Sphere and 2 Shapes","floor":38,"turns":5},{"damage":13,"enemies":"Transient","floor":39,"turns":5},{"damage":2,"enemies":"Maw","floor":40,"turns":6},{"damage":0,"enemies":"Sphere and 2 Shapes","floor":41,"turns":5},{"damage":0,"enemies":"3 Darklings","floor":45,"turns":6},{"damage":24,"enemies":"Nemesis","floor":47,"turns":11},{"damage":0,"enemies":"Writhing Mass","floor":48,"turns":5},{"damage":28,"enemies":"Donu and Deca","floor":50,"turns":10}],"seed_played":"8527050883774879046","potions_obtained":[{"floor":1,"key":"Fire Potion"},{"floor":3,"key":"Fire Potion"},{"floor":14,"key":"ColorlessPotion"},{"floor":16,"key":"Weak Potion"},{"floor":22,"key":"Dexterity Potion"},{"floor":27,"key":"SneckoOil"},{"floor":35,"key":"SteroidPotion"},{"floor":38,"key":"EssenceOfSteel"},{"floor":41,"key":"Strength Potion"},{"floor":48,"key":"Regen Potion"}],"is_trial":false,"path_per_floor":["M","?","M","$","?","E","R","$","T","R","?","?","R","M","R","B",null,"M","?","?","?","M","E","$","R","T","M","M","$","R","M","R","B",null,"M","?","M","M","M","M","M","?","T","R","M","?","E","M","R","B",null],"character_chosen":"WATCHER","items_purchased":["Nirvana","CutThroughFate","Bag of Marbles","ClearTheMind"],"campfire_rested":2,"item_purchase_floors":[4,4,24,29],"current_hp_per_floor":[72,60,60,60,60,60,60,60,60,60,60,60,60,60,60,50,72,60,50,43,31,32,44,44,44,44,50,55,55,55,55,55,55,55,55,55,55,54,42,53,55,55,55,55,55,49,38,42,42,36],"gold":80,"neow_bonus":"THREE_ENEMY_KILL","is_daily":false,"chose_seed":false,"campfire_upgraded":2,"win_rate":0.0,"timestamp":1609352922,"path_taken":["M","?","M","$","?","E","R","$","T","R","?","?","R","?","R","BOSS","M","?","?","?","?","E","$","R","T","?","M","$","R","M","R","BOSS","M","?","M","?","?","M","M","?","T","R","M","?","E","M","R","BOSS"],"items_purchased_type":["Card","Card","Relic","Card"],"build_version":"2020-12-22","purchased_purges":1,"victory":true,"max_hp_per_floor":[72,72,72,72,72,72,72,72,72,72,72,72,72,72,72,72,72,72,50,55,55,55,55,55,55,55,55,55,55,55,55,55,55,55,55,55,55,55,55,55,55,55,55,55,55,55,55,55,55,55],"card_choices":[{"not_picked":["Crescendo","Perseverance"],"picked":"Worship","floor":1},{"not_picked":["FlurryOfBlows","WindmillStrike"],"picked":"FlyingSleeves","floor":3},{"not_picked":["Collect","CrushJoints"],"picked":"FlyingSleeves","floor":6},{"not_picked":["LikeWater","ThirdEye"],"picked":"JustLucky","floor":14},{"not_picked":["DevaForm","ConjureBlade"],"picked":"DeusExMachina","floor":16},{"not_picked":["CrushJoints","FlurryOfBlows+1"],"picked":"Perseverance+1","floor":18},{"not_picked":["ThirdEye","WheelKick"],"picked":"EmptyBody+1","floor":22},{"not_picked":["Swivel","WaveOfTheHand","FollowUp"],"picked":"SKIP","floor":23},{"not_picked":["EmptyMind","SandsOfTime","WaveOfTheHand"],"picked":"SKIP","floor":27},{"not_picked":["WreathOfFlame+1","FlyingSleeves+1","FlurryOfBlows"],"picked":"SKIP","floor":28},{"not_picked":["Consecrate","Halt+1"],"picked":"Protect+1","floor":31},{"not_picked":["Omniscience","Ragnarok"],"picked":"DeusExMachina","floor":33},{"not_picked":["Study+1","JustLucky+1"],"picked":"Halt","floor":35},{"not_picked":["Halt","Sanctity"],"picked":"Fasting2+1","floor":37},{"not_picked":["Halt","WheelKick+1"],"picked":"Study+1","floor":38},{"not_picked":["Omniscience","CrushJoints+1","FlurryOfBlows+1"],"picked":"SKIP","floor":39},{"not_picked":["DeceiveReality+1","TalkToTheHand","FearNoEvil"],"picked":"SKIP","floor":40},{"not_picked":["Collect+1","Meditate+1","EmptyMind"],"picked":"SKIP","floor":41},{"not_picked":["Consecrate","Weave+1","Halt+1"],"picked":"SKIP","floor":45},{"not_picked":["FlurryOfBlows+1","WindmillStrike+1","ClearTheMind+1"],"picked":"SKIP","floor":47},{"not_picked":["TalkToTheHand","Vengeance"],"picked":"Nirvana","floor":48}],"player_experience":220119,"relics_obtained":[{"floor":6,"key":"Girya"},{"floor":9,"key":"Anchor"},{"floor":21,"key":"Enchiridion"},{"floor":23,"key":"Bottled Lightning"},{"floor":26,"key":"Shuriken"},{"floor":34,"key":"Damaru"},{"floor":34,"key":"Mercury Hourglass"},{"floor":34,"key":"Shovel"},{"floor":43,"key":"Dream Catcher"},{"floor":44,"key":"The Courier"},{"floor":47,"key":"Gambling Chip"},{"floor":49,"key":"Sundial"}],"event_choices":[{"damage_healed":0,"gold_gain":0,"player_choice":"Success","damage_taken":12,"relics_obtained":["TungstenRod"],"max_hp_gain":0,"max_hp_loss":0,"event_name":"Scrap Ooze","floor":2,"gold_loss":0},{"damage_healed":0,"gold_gain":0,"player_choice":"Ignored","damage_taken":0,"max_hp_gain":0,"max_hp_loss":0,"event_name":"Golden Idol","floor":5,"gold_loss":0},{"damage_healed":0,"gold_gain":0,"player_choice":"Searched \u00272\u0027 times","damage_taken":0,"relics_obtained":["HornCleat"],"max_hp_gain":0,"max_hp_loss":0,"event_name":"Dead Adventurer","floor":11,"gold_loss":0},{"damage_healed":0,"gold_gain":0,"player_choice":"Forge","damage_taken":0,"max_hp_gain":0,"max_hp_loss":0,"event_name":"Accursed Blacksmith","floor":12,"gold_loss":0,"cards_upgraded":["FlyingSleeves"]},{"damage_healed":0,"gold_gain":0,"player_choice":"Became a vampire","damage_taken":0,"max_hp_gain":0,"max_hp_loss":22,"event_name":"Vampires","floor":19,"gold_loss":0,"cards_obtained":["Bite","Bite","Bite","Bite","Bite"]},{"damage_healed":0,"gold_gain":0,"player_choice":"Shed Blood","damage_taken":13,"max_hp_gain":5,"max_hp_loss":0,"event_name":"Forgotten Altar","floor":20,"gold_loss":0},{"damage_healed":0,"gold_gain":0,"player_choice":"Obtained Book","damage_taken":16,"max_hp_gain":0,"max_hp_loss":0,"event_name":"Cursed Tome","floor":21,"gold_loss":0},{"damage_healed":0,"gold_gain":0,"player_choice":"Copied","damage_taken":0,"max_hp_gain":0,"max_hp_loss":0,"event_name":"Duplicator","floor":36,"gold_loss":0,"cards_obtained":["DeusExMachina"]},{"damage_healed":0,"gold_gain":0,"player_choice":"Paid","damage_taken":0,"relics_obtained":["Red Mask"],"max_hp_gain":0,"max_hp_loss":0,"event_name":"Tomb of Lord Red Mask","floor":42,"gold_loss":230},{"damage_healed":0,"gold_gain":0,"player_choice":"Embrace Madness","damage_taken":7,"max_hp_gain":0,"max_hp_loss":0,"event_name":"Winding Halls","floor":46,"gold_loss":0,"cards_obtained":["Madness","Madness"]}],"is_beta":false,"boss_relics":[{"not_picked":["Empty Cage","Snecko Eye"],"picked":"Fusion Hammer"},{"not_picked":["Runic Pyramid","Black Star"],"picked":"Calling Bell"}],"items_purged_floors":[24],"is_endless":false,"potions_floor_spawned":[1,3,14,16,22,27,35,38,41,48],"ascension_level":0}}