{"host":"ge5lrm1y73hv6om0","time":1609305758,"event":{"mods":["2.2 Compatiblity","Arknights The Spire","Aspiration","Astrologer","Bard","BaseMod","Bestiary","Better Altar","Better Match","Better Note","Better Sensory Stone","Better Skull","Better Third Choice","Block Reminder","ChefMod","Colored Powertips","Conspire","Curses Come First","DeckTracker","Dio Mod","Dota2Spire","Downfall","FutureSeer","GungeonMod","Hermit","Hero for Fun","Hunter ??","Infinite Spire","Kratos Character Expansion","Luminous","Mad Scientist","Melee Mod","Minty Spire (QoL Compilation)","Puzzle Mod","Quick Restart","Rare Cards Sparkle","Remilia??????","Replay The Spire","Robot Space Explorer","SIMod","Shade Mod","StSLib","The Alterego","The Bladedancer","The Caster","The Construct","The Cursed","The Disciple","The Dragon Tamer","The Elementalist","The Exalted","The Forsaken","The Hayseed","The Hierophant","The Jungle","The Marked","The Mystic","The Necromancer","The Poker Player","The Runesmith","The Saiyan","The Servant 0.9.4","The Trickster","The Wild Card","TheBandit","TheFirefly","TheVacant","UnlockEverythingMod","??????REMEMod"],"gold_per_floor":[99,99,99,99,99,130,156,27,27,27,27,27,27],"floor_reached":11,"playtime":978,"items_purged":[],"score":65,"play_id":"68ede698-d5fe-49fb-aa74-0f144d4da633","local_time":"20201230022238","is_ascension_mode":false,"campfire_choices":[{"floor":1,"key":"RECALL"},{"floor":10,"key":"REST"}],"circlet_count":0,"master_deck":["Slimebound:Strike_Slimebound","Slimebound:Strike_Slimebound","Slimebound:Strike_Slimebound","Slimebound:Tackle","Slimebound:Defend_Slimebound","Slimebound:Defend_Slimebound","Slimebound:Defend_Slimebound","Slimebound:Defend_Slimebound","Slimebound:Split","Slimebound:CorrosiveSpit","alterego_mod:IdEs","Slimebound:SplitLeeching","Slimebound:SplitAcid","Slimebound:GoopSpray","Slimebound:DouseInSlime","Slimebound:Repurpose","Slimebound:Dissolve","Slimebound:TongueLash"],"relics":["Slimebound:AbsorbEndCombat","REME_ComplimentaryCards","downfall:HeartsMalice","KratosMod:chalice","PokerPlayerMod:AceCard","ats:Originium","Simple Rune","Regal Pillow","downfall:BrokenWingStatue"],"acts_visited":["Exordium"],"potions_floor_usage":[],"damage_taken":[{"damage":0,"enemies":"Small Slimes","floor":2,"turns":1},{"damage":0,"enemies":"2 Louse","floor":3,"turns":1},{"damage":0,"enemies":"Jaw Worm","floor":5,"turns":1},{"damage":57,"enemies":"3 Sentries","floor":6,"turns":6},{"damage":10,"enemies":"downfall:FleeingMerchant","floor":8,"turns":4},{"damage":94,"enemies":"Gremlin Nob","floor":11,"turns":3}],"seed_played":"-4335910998830010344","potions_obtained":[],"is_trial":false,"path_per_floor":["R","M","M","?","M","E","T","$","?","R","E"],"character_chosen":"SLIMEBOUND","items_purchased":["Slimebound:Dissolve","Slimebound:TongueLash"],"campfire_rested":1,"item_purchase_floors":[8,8],"current_hp_per_floor":[60,60,60,60,60,35,35,37,37,60,0,0,0],"gold":27,"neow_bonus":"THREE_ENEMY_KILL","is_daily":false,"chose_seed":false,"campfire_upgraded":0,"win_rate":0.0,"timestamp":1609305758,"path_taken":["R","M","M","?","M","E","T","$","?","R","E"],"items_purchased_type":["Card","Card"],"build_version":"2020-12-22","purchased_purges":0,"victory":false,"max_hp_per_floor":[60,60,60,60,60,60,60,60,60,60,60,60,60],"card_choices":[{"not_picked":["Slimebound:SlimeBarrage","Slimebound:BestDefense"],"picked":"Slimebound:SplitLeeching","floor":2},{"not_picked":["Slimebound:FormOfPuddle","Slimebound:GoopSpray"],"picked":"Slimebound:SplitAcid","floor":3},{"not_picked":["Slimebound:Equalize","Slimebound:ViciousTackle"],"picked":"Slimebound:GoopSpray","floor":5},{"not_picked":["Slimebound:SpikyOuterGoop","Slimebound:LeechEnergy"],"picked":"Slimebound:DouseInSlime","floor":6},{"not_picked":["Slimebound:Equalize","Slimebound:GoopSpray"],"picked":"Slimebound:Repurpose","floor":8}],"player_experience":37515,"relics_obtained":[{"floor":6,"key":"ats:Originium"},{"floor":6,"key":"Simple Rune"},{"floor":7,"key":"Regal Pillow"}],"event_choices":[],"is_beta":false,"boss_relics":[],"items_purged_floors":[],"is_endless":false,"potions_floor_spawned":[],"killed_by":"Gremlin Nob","ascension_level":0}}