{"host":"xy5qih4nvxccm4rc","time":1609289979,"event":{"mods":["AchievementEnabler","BaseMod","Minty Spire (QoL Compilation)","StSLib"],"gold_per_floor":[111,111,126,144,219,249,249,104,104,133,152,170,201,211,211,308,308,322,322,36,49,49,84,96,143,178,190,190],"floor_reached":27,"playtime":1090,"items_purged":["Strike_P"],"score":390,"play_id":"2eb67ac5-5ab6-4ba5-a16d-ad8c6dbe128b","local_time":"20201229185939","is_ascension_mode":true,"campfire_choices":[{"data":"Vigilance","floor":7,"key":"SMITH"},{"data":"Ragnarok","floor":15,"key":"SMITH"},{"floor":24,"key":"REST"}],"circlet_count":0,"master_deck":["Strike_P","Strike_P","Defend_P","Defend_P","Defend_P","Eruption+1","Vigilance+1","Tantrum+1","CutThroughFate","Wallop","Crescendo","Ragnarok+1","JustLucky","ClearTheMind","Judgement","Tantrum","CutThroughFate","DevaForm","Consecrate","ForeignInfluence","Tantrum","CutThroughFate","Halt","Indignation+1"],"relics":["PureWater","Turnip","Pear","Potion Belt","Blood Vial","Empty Cage","MawBank","Lizard Tail"],"acts_visited":["Exordium","TheCity"],"potions_floor_usage":[6,13,13,16,18,23,23,23,23,23],"damage_taken":[{"damage":15,"enemies":"Jaw Worm","floor":1,"turns":3},{"damage":2,"enemies":"2 Louse","floor":3,"turns":2},{"damage":0,"enemies":"Cultist","floor":4,"turns":2},{"damage":0,"enemies":"Lagavulin","floor":6,"turns":3},{"damage":0,"enemies":"Gremlin Nob","floor":10,"turns":2},{"damage":1,"enemies":"3 Louse","floor":11,"turns":2},{"damage":3,"enemies":"Red Slaver","floor":12,"turns":3},{"damage":12,"enemies":"Lagavulin","floor":13,"turns":4},{"damage":10,"enemies":"Looter","floor":14,"turns":2},{"damage":0,"enemies":"Slime Boss","floor":16,"turns":4},{"damage":47,"enemies":"Shell Parasite","floor":18,"turns":4},{"damage":6,"enemies":"3 Byrds","floor":21,"turns":3},{"damage":30,"enemies":"Slavers","floor":23,"turns":4},{"damage":25,"enemies":"Book of Stabbing","floor":25,"turns":4},{"damage":52,"enemies":"Gremlin Leader","floor":27,"turns":3}],"seed_played":"-6309778618999090766","potions_obtained":[{"floor":1,"key":"BottledMiracle"},{"floor":3,"key":"Explosive Potion"},{"floor":4,"key":"DistilledChaos"},{"floor":11,"key":"Weak Potion"},{"floor":13,"key":"Strength Potion"},{"floor":16,"key":"SkillPotion"},{"floor":18,"key":"Strength Potion"}],"is_trial":false,"path_per_floor":["M","?","M","M","?","E","R","$","T","E","M","M","E","M","R","B",null,"M","?","$","M","$","E","R","E","T","E"],"character_chosen":"WATCHER","items_purchased":["Ragnarok","Tantrum","StancePotion","Fire Potion","BottledMiracle"],"campfire_rested":1,"item_purchase_floors":[8,20,20,20,20],"current_hp_per_floor":[57,57,55,55,44,44,44,44,54,54,53,50,38,30,30,32,82,35,35,35,31,31,3,27,4,4,0,0],"gold":190,"neow_bonus":"UPGRADE_CARD","is_daily":false,"chose_seed":false,"campfire_upgraded":2,"win_rate":0.0,"timestamp":1609289979,"path_taken":["M","?","M","M","?","E","R","$","T","E","M","M","E","M","R","BOSS","M","?","$","M","$","E","R","E","T","E"],"items_purchased_type":["Card","Card","Potion","Potion","Potion"],"build_version":"2020-12-22","purchased_purges":1,"victory":false,"max_hp_per_floor":[72,72,72,72,72,72,72,72,82,82,82,82,82,82,82,82,82,82,82,82,82,82,82,82,82,82,82,82],"card_choices":[{"not_picked":["Weave","Prostrate"],"picked":"Tantrum","floor":1},{"not_picked":["Prostrate","EmptyFist"],"picked":"CutThroughFate","floor":3},{"not_picked":["Meditate","CrushJoints"],"picked":"Wallop","floor":4},{"not_picked":["PathToVictory","Nirvana"],"picked":"Crescendo","floor":6},{"not_picked":["FollowUp","Pray"],"picked":"JustLucky","floor":10},{"not_picked":["Consecrate","BowlingBash"],"picked":"ClearTheMind","floor":11},{"not_picked":["PathToVictory","DeceiveReality"],"picked":"Judgement","floor":12},{"not_picked":["SignatureMove","Evaluate"],"picked":"Tantrum","floor":13},{"not_picked":["CarveReality","ClearTheMind"],"picked":"CutThroughFate","floor":14},{"not_picked":["Judgement","SpiritShield"],"picked":"DevaForm","floor":16},{"not_picked":["ThirdEye","EmptyFist"],"picked":"Consecrate","floor":18},{"not_picked":["Crescendo","ClearTheMind"],"picked":"CutThroughFate","floor":21},{"not_picked":["PathToVictory","Consecrate"],"picked":"Halt","floor":23},{"not_picked":["FlurryOfBlows","WheelKick"],"picked":"Indignation+1","floor":25}],"player_experience":321927,"relics_obtained":[{"floor":6,"key":"Turnip"},{"floor":9,"key":"Pear"},{"floor":10,"key":"Potion Belt"},{"floor":13,"key":"Blood Vial"},{"floor":23,"key":"MawBank"},{"floor":25,"key":"Lizard Tail"}],"event_choices":[{"damage_healed":0,"gold_gain":0,"player_choice":"Grow","damage_taken":0,"max_hp_gain":0,"max_hp_loss":0,"event_name":"Living Wall","floor":2,"gold_loss":0,"cards_upgraded":["Tantrum"]},{"damage_healed":0,"gold_gain":75,"player_choice":"Gather Gold","damage_taken":11,"max_hp_gain":0,"max_hp_loss":0,"event_name":"World of Goop","floor":5,"gold_loss":0},{"damage_healed":0,"gold_gain":0,"player_choice":"Read","damage_taken":0,"max_hp_gain":0,"max_hp_loss":0,"event_name":"The Library","floor":19,"gold_loss":0,"cards_obtained":["ForeignInfluence"]}],"is_beta":false,"boss_relics":[{"not_picked":["SacredBark","Coffee Dripper"],"picked":"Empty Cage"}],"items_purged_floors":[20],"is_endless":false,"potions_floor_spawned":[1,3,4,11,13,16,18],"killed_by":"Gremlin Leader","ascension_level":1}}