{"host":"94aus4jnk6thj94q","time":1609336805,"event":{"mods":["BaseMod","Minty Spire (QoL Compilation)","Quick Restart","StSLib"],"gold_per_floor":[109,109,41,52,68,102,102,122,122,122,122,122,134,49,49,145,145,159,159,179,179,25,60,60,78,130,130,40,53,53,18,18,114,114,131,131,150,7,25,25,25,25],"floor_reached":41,"playtime":2102,"items_purged":[],"score":434,"play_id":"5a0514f9-c28e-4415-ba28-6680a7d074de","local_time":"20201230160005","is_ascension_mode":false,"campfire_choices":[{"floor":11,"key":"REST"},{"floor":15,"key":"REST"},{"floor":24,"key":"REST"},{"floor":30,"key":"REST"},{"floor":32,"key":"RECALL"},{"floor":40,"key":"REST"}],"circlet_count":0,"master_deck":["Strike_B","Strike_B","Strike_B","Defend_B","Defend_B","Defend_B","Defend_B","Zap","Dualcast","Injury","Conserve Battery","Steam","Doom and Gloom","Defragment","Consume","Ball Lightning","Coolheaded","Loop","Defragment","J.A.X.","Steam+1","Capacitor","Ball Lightning","Capacitor","Redo+1","Self Repair"],"relics":["FrozenCore","Strawberry","Membership Card","Bottled Tornado","Potion Belt","HornCleat","Juzu Bracelet","Velvet Choker","Thread and Needle"],"acts_visited":["Exordium","TheCity","TheBeyond"],"potions_floor_usage":[6,16,18,23,29,37],"damage_taken":[{"damage":3,"enemies":"Jaw Worm","floor":1,"turns":3},{"damage":0,"enemies":"Cultist","floor":4,"turns":4},{"damage":0,"enemies":"2 Louse","floor":5,"turns":2},{"damage":28,"enemies":"Gremlin Nob","floor":6,"turns":5},{"damage":8,"enemies":"Exordium Wildlife","floor":8,"turns":3},{"damage":17,"enemies":"Large Slime","floor":13,"turns":6},{"damage":48,"enemies":"Slime Boss","floor":16,"turns":9},{"damage":8,"enemies":"Chosen","floor":18,"turns":6},{"damage":6,"enemies":"Shell Parasite","floor":20,"turns":10},{"damage":15,"enemies":"Book of Stabbing","floor":23,"turns":7},{"damage":23,"enemies":"Snake Plant","floor":25,"turns":6},{"damage":5,"enemies":"Centurion and Healer","floor":29,"turns":9},{"damage":48,"enemies":"Champ","floor":33,"turns":11},{"damage":16,"enemies":"3 Darklings","floor":35,"turns":9},{"damage":38,"enemies":"3 Shapes","floor":37,"turns":5},{"damage":18,"enemies":"3 Darklings","floor":39,"turns":7},{"damage":0,"enemies":"Sphere and 2 Shapes","floor":41,"turns":1}],"seed_played":"7649567504513400287","potions_obtained":[{"floor":1,"key":"Ancient Potion"},{"floor":4,"key":"Block Potion"},{"floor":8,"key":"SpeedPotion"},{"floor":16,"key":"Explosive Potion"},{"floor":18,"key":"EssenceOfSteel"},{"floor":29,"key":"FocusPotion"},{"floor":33,"key":"GamblersBrew"},{"floor":35,"key":"PowerPotion"}],"is_trial":false,"path_per_floor":["M","?","$","M","M","E","?","M","T","?","R","$","M","$","R","B",null,"M","?","M","?","$","E","R","M","T","T","$","M","R","$","R","B",null,"M","$","M","$","M","R","M"],"character_chosen":"DEFECT","items_purchased":["Doom and Gloom","Coolheaded","Loop","Membership Card","Juzu Bracelet","Capacitor","Capacitor","Thread and Needle"],"campfire_rested":5,"item_purchase_floors":[3,14,14,22,28,28,31,38],"current_hp_per_floor":[86,86,86,86,86,65,65,57,57,57,85,85,68,68,96,48,96,88,88,82,82,82,67,95,72,72,72,72,67,95,95,95,47,96,80,80,42,42,24,52,52,52],"gold":25,"neow_bonus":"TWENTY_PERCENT_HP_BONUS","is_daily":false,"chose_seed":false,"campfire_upgraded":0,"win_rate":0.0,"timestamp":1609336805,"path_taken":["M","?","$","M","?","E","?","M","T","?","R","?","M","$","R","BOSS","M","?","M","?","?","E","R","M","T","?","$","M","R","$","R","BOSS","M","$","M","$","M","R","M"],"items_purchased_type":["Card","Card","Card","Relic","Relic","Card","Card","Relic"],"build_version":"2020-12-22","purchased_purges":0,"victory":false,"max_hp_per_floor":[89,89,89,89,89,96,96,96,96,96,96,96,96,96,96,96,96,96,96,96,96,96,96,96,96,96,96,96,96,96,96,96,96,96,96,96,96,96,96,96,96,96],"card_choices":[{"not_picked":["Go for the Eyes","Turbo"],"picked":"Conserve Battery","floor":1},{"not_picked":["Chill","Go for the Eyes"],"picked":"Defragment","floor":4},{"not_picked":["Loop","Stack"],"picked":"Consume","floor":5},{"not_picked":["Steam","Consume","Skim"],"picked":"SKIP","floor":6},{"not_picked":["Turbo","Stack","Gash"],"picked":"SKIP","floor":8},{"not_picked":["Hologram","Seek"],"picked":"Ball Lightning","floor":13},{"not_picked":["Rebound","Coolheaded","Hologram"],"picked":"SKIP","floor":18},{"not_picked":["Leap","Rebound"],"picked":"Defragment","floor":20},{"not_picked":["Stack","Auto Shields+1"],"picked":"Steam+1","floor":23},{"not_picked":["Compile Driver+1","Sweeping Beam","Sunder"],"picked":"SKIP","floor":25},{"not_picked":["Auto Shields","Beam Cell"],"picked":"Ball Lightning","floor":29},{"not_picked":["Darkness+1","Static Discharge"],"picked":"Redo+1","floor":35},{"not_picked":["Genetic Algorithm","Redo","Compile Driver+1"],"picked":"SKIP","floor":37},{"not_picked":["Cold Snap","Leap+1"],"picked":"Self Repair","floor":39}],"player_experience":5653443,"relics_obtained":[{"floor":6,"key":"Strawberry"},{"floor":23,"key":"Bottled Tornado"},{"floor":26,"key":"Potion Belt"},{"floor":27,"key":"HornCleat"}],"event_choices":[{"damage_healed":0,"gold_gain":0,"cards_transformed":["Strike_B"],"player_choice":"Transformed","damage_taken":0,"max_hp_gain":0,"max_hp_loss":0,"event_name":"Transmorgrifier","floor":2,"gold_loss":0,"cards_obtained":["Steam"]},{"damage_healed":0,"gold_gain":0,"player_choice":"Ignored","damage_taken":0,"max_hp_gain":0,"max_hp_loss":0,"event_name":"Shining Light","floor":7,"gold_loss":0},{"damage_healed":0,"gold_gain":0,"player_choice":"Ignored","damage_taken":0,"max_hp_gain":0,"max_hp_loss":0,"event_name":"Liars Game","floor":10,"gold_loss":0},{"damage_healed":0,"gold_gain":0,"player_choice":"Ignored","damage_taken":0,"max_hp_gain":0,"max_hp_loss":0,"event_name":"Ghosts","floor":19,"gold_loss":0},{"damage_healed":0,"gold_gain":0,"player_choice":"Obtain J.A.X.","damage_taken":0,"max_hp_gain":0,"max_hp_loss":0,"event_name":"Drug Dealer","floor":21,"gold_loss":0,"cards_obtained":["J.A.X."]}],"is_beta":false,"boss_relics":[{"not_picked":["Runic Pyramid","Tiny House"],"picked":"FrozenCore"},{"not_picked":["Busted Crown","Cursed Key"],"picked":"Velvet Choker"}],"items_purged_floors":[],"is_endless":false,"potions_floor_spawned":[1,4,8,16,18,29,33,35],"killed_by":"Sphere and 2 Shapes","ascension_level":0}}