{"host":"ge5lrm1y73hv6om0","time":1609372352,"event":{"mods":["2.2 Compatiblity","A Magickal Journey","Act Like it!","Aspiration","Astrologer","Bard","Bartender","BaseMod","Bestiary","Better Altar","Better Match","Better Note","Better Sensory Stone","Better Skull","Better Third Choice","Better Vampires","CatGirl Mod","ChefMod","Clockwork Mod","Colored Powertips","Colorless Booster Pack","Conspire","Curses Come First","DeckTracker","Dio Mod","Dota2Spire","Downfall","Ekko","Energized Spire","Exacting","Fiend Mod","Friendly Minions","FutureSeer","GifTheSpireLib","Gremlin Mod","Gremlin\u0027s Dice","GungeonMod","Halation","Hallownest","Hermit","Hero for Fun","Hubris","Infinite Spire","Jedi Mod","JesterMod","Jorbs\u0027s Wanderer Trilogy","KinomotoSakuraMod(????)","Koishi","KomeijiMod","Kratos Character Expansion","LagranYue(???·?)","Luminous","Mad Scientist","Marked Mod","Mathematician","Melee Mod","Mimic Mod","Minty Spire (QoL Compilation)","Potionbrewer","Quarter Circle Forward PUNCH!","RRrroohrrRGHHhhh!!","Rare Cards Sparkle","Replay The Spire","RumiaBox-????????","SOS???????","Shade Mod","Shop Mod","Slumbering Mod","Small Relic Pack","Spicy Shops","StSLib","Steal the Spire","Stuff the Spire","TestMod","The Accelerator","The Administrix","The Animator","The Blackbeard","The Bladedancer","The Blue Laboratory","The Bug Knight","The Caster","The Clintock","The Construct","The Cursed","The Disciple","The Dragon Tamer","The Druid","The Elementalist","The Exalted","The Factory","The Florist","The Forsaken","The Gatherer","The Hayseed","The Hierophant","The Judge","The Juggle","The Jungle","The Kombatant","The Marked","The Mystic","The Necromancer","The Sage","The Saiyan","The Showman","The Spell Scribe","The Trickster","The Valiant","The Wild Card","TheArtist","TheBandit","TheFirefly","TheHero","TheVacant","TheVelvet","Thieving Mod","Thrall Mod","Trackpad","Useless Jewels Mod","Voiceroid Mod","Wandering Minibosses","thorton","vexMod","??????REMEMod"],"gold_per_floor":[131,61,61,92,92,125,125,125,175,175,215,66,150,3,3,26,26,26],"floor_reached":16,"playtime":2084,"items_purged":["Normality"],"score":129,"play_id":"0f7701cc-bfcc-4524-9f6e-b554dff6da3b","local_time":"20201230205232","is_ascension_mode":false,"campfire_choices":[{"floor":7,"key":"RECALL"},{"data":"Slimebound:DuplicatedForm","floor":10,"key":"SMITH"},{"floor":15,"key":"REST"}],"circlet_count":0,"master_deck":["thethorton:Strike","thethorton:Strike","thethorton:Strike","thethorton:Strike","thethorton:Defend","thethorton:Defend","thethorton:Defend","thethorton:Defend","thethorton:Heckle","thethorton:CreditCard","Slimebound:DuplicatedForm+1","thethorton:CannonShot","thethorton:CoinShield","thethorton:WhirlingBriefcase","thethorton:DownPayment","thethorton:Fortune","thethorton:StumblingSlap","thethorton:LongTermPayoff","thethorton:WhirlingBriefcase"],"relics":["thethorton:CouragePotion","testmod-TestBox","REME_ComplimentaryCards","LagranYue:RandomDrawCardRelic","testmod-Acrobat","NeowsBlessing","Hallownest:StagBellRelic1","Juzu Bracelet","Dota2Spire:Vanguard","Ccalipers","Hallownest:DreamNailRelic","theForsaken:Lifeblossom","trackpad:PocketGalaxy"],"acts_visited":["Hallownest:Greenpath"],"potions_floor_usage":[13],"damage_taken":[{"damage":0,"enemies":"Hallownest:monsterHuskGuard","floor":1,"turns":1},{"damage":0,"enemies":"conspire:MimicChest","floor":4,"turns":1},{"damage":0,"enemies":"Hallownest:eliteVengeflyKing","floor":6,"turns":1},{"damage":2,"enemies":"Hallownest:monsterHuskWarrior","floor":11,"turns":5},{"damage":33,"enemies":"Hallownest:eliteCrystalGuardian","floor":13,"turns":7},{"damage":85,"enemies":"Hallownest:BossHornet","floor":16,"turns":5}],"seed_played":"-8273050733488528406","potions_obtained":[{"floor":4,"key":"potionbrewer:ToxicPotion"}],"is_trial":false,"path_per_floor":["M","?","?","?","?","E","R","?","T","R","M","$","E","$","R","B"],"character_chosen":"THE_THORT","items_purchased":["thethorton:Fortune","trackpad:PocketGalaxy"],"campfire_rested":1,"item_purchase_floors":[12,14],"current_hp_per_floor":[68,68,68,68,68,68,68,68,68,68,66,66,43,43,63,0,0,0],"gold":26,"neow_bonus":"THREE_ENEMY_KILL","is_daily":false,"chose_seed":false,"campfire_upgraded":1,"win_rate":0.0,"timestamp":1609372352,"path_taken":["M","?","?","?","?","E","R","?","T","R","M","$","E","?","R","BOSS"],"items_purchased_type":["Card","Relic"],"build_version":"2020-12-22","purchased_purges":1,"victory":false,"max_hp_per_floor":[68,68,68,68,68,68,68,68,68,68,68,68,68,68,68,68,68,68],"card_choices":[{"not_picked":["thethorton:HitAhead","thethorton:SicklyRun"],"picked":"thethorton:CannonShot","floor":1},{"not_picked":["thethorton:ShoutAndRun","thethorton:DualBap"],"picked":"thethorton:CoinShield","floor":4},{"not_picked":["thethorton:BookBash","thethorton:SheetShred"],"picked":"thethorton:WhirlingBriefcase","floor":6},{"not_picked":["thethorton:ThickSkin","thethorton:MomentaryBreak"],"picked":"thethorton:DownPayment","floor":11},{"not_picked":["thethorton:SnowDay","thethorton:HitAhead"],"picked":"thethorton:LongTermPayoff","floor":13}],"player_experience":40757,"relics_obtained":[{"floor":4,"key":"Dota2Spire:Vanguard"},{"floor":6,"key":"Ccalipers"},{"floor":13,"key":"theForsaken:Lifeblossom"}],"event_choices":[{"damage_healed":0,"gold_gain":0,"player_choice":"Swap Relic","damage_taken":0,"relics_obtained":["Juzu Bracelet"],"max_hp_gain":0,"max_hp_loss":0,"event_name":"Box For Yourself","floor":3,"relics_lost":["DemoMod:GlassGuonStoneRelic"],"gold_loss":0}],"is_beta":false,"boss_relics":[],"items_purged_floors":[12],"is_endless":false,"potions_floor_spawned":[4],"killed_by":"Hallownest:BossHornet","ascension_level":0}}