{"host":"0qevis500jgmlc2v","time":1609315907,"event":{"mods":["Act Like it!","Aspiration","BaseMod","Challenge The Spire","Conspire","Downfall","Friendly Minions","GifTheSpireLib","Hallownest","Hubris","KinomotoSakuraMod(ƒæ÷Æ±æ”£)","Koishi","KomeijiMod","Luminous","Marisa£®ÏF”Í°°ƒß¿Ì…≥£©","Minty Spire (QoL Compilation)","Quick Restart","Reimu£®≤©¿ˆ¡È√Œ£©","Replay The Spire","Shop Mod","StSLib","Stuff the Spire","The Bug Knight","The Hierophant","vexMod","°æ“≈ŒÔø®≈∆°øREMEMod"],"gold_per_floor":[113,113,130,142,142,132,132],"floor_reached":6,"playtime":813,"items_purged":[],"score":38,"play_id":"3ef046a1-4333-4124-b1d9-49850d13c090","local_time":"20201230161147","is_ascension_mode":true,"campfire_choices":[],"circlet_count":0,"master_deck":["hierophant:Strike_Hierophant","hierophant:Strike_Hierophant","hierophant:Strike_Hierophant","hierophant:Strike_Hierophant","hierophant:Punish","hierophant:Defend_Hierophant","hierophant:Defend_Hierophant","hierophant:Defend_Hierophant","hierophant:Defend_Hierophant","hierophant:ChurchCoffers","ReplayTheSpireMod:System Scan","hierophant:Determination","hierophant:Rebuild","hierophant:PristineSoul","hierophant:Empathy"],"relics":["hierophant:PropheticMaskRelic","REME_ComplimentaryCards"],"acts_visited":["Exordium"],"potions_floor_usage":[6],"damage_taken":[{"damage":15.0,"enemies":"Jaw Worm","floor":1.0,"turns":5.0},{"damage":5.0,"enemies":"conspire:RoseBush","floor":3.0,"turns":5.0},{"damage":0.0,"enemies":"Small Slimes","floor":4.0,"turns":5.0},{"damage":61,"enemies":"HollowMod:MossKnight","floor":6,"turns":22}],"seed_played":"-7043470531646688134","potions_obtained":[{"floor":1.0,"key":"Fire Potion"},{"floor":4.0,"key":"LiquidBronze"}],"is_trial":false,"path_per_floor":["M","?","M","M","?","E"],"character_chosen":"HIEROPHANT","items_purchased":[],"campfire_rested":0,"item_purchase_floors":[],"current_hp_per_floor":[64,75,72,74,74,22,22],"gold":132,"neow_bonus":"ONE_RANDOM_RARE_CARD","is_daily":false,"chose_seed":false,"campfire_upgraded":0,"win_rate":0.0,"timestamp":1609315907,"path_taken":["M","?","M","M","?","E"],"items_purchased_type":[],"build_version":"2020-12-22","purchased_purges":0,"victory":false,"max_hp_per_floor":[75,75,75,75,75,75,75],"card_choices":[{"not_picked":["hierophant:ThreeLashes","hierophant:Remorse"],"picked":"hierophant:Rebuild","floor":1.0},{"not_picked":["hierophant:Doubloon","hierophant:Sermon"],"picked":"hierophant:PristineSoul","floor":3.0},{"not_picked":["hierophant:ThreeLashes","hierophant:MorningPrayer"],"picked":"hierophant:Empathy","floor":4.0}],"player_experience":1002076,"relics_obtained":[],"event_choices":[],"is_beta":false,"boss_relics":[],"items_purged_floors":[],"is_endless":false,"potions_floor_spawned":[1,4],"killed_by":"HollowMod:MossKnight","ascension_level":1}}