{"host":"dcj2yvrgcvh5dl2s","time":1609289128,"event":{"mods":["BaseMod","Better Note","Block Reminder","Colored Powertips","DeckTracker","Minty Spire (QoL Compilation)","Quick Restart","Rare Cards Sparkle","Relic Stats","StSLib"],"gold_per_floor":[116,65,77,93,93,93,126,126,126,162,162,162,183,19,19,19,19],"floor_reached":16,"playtime":393,"items_purged":[],"score":205,"play_id":"50ce8d4b-4b97-47a8-8abf-96f9f8f67090","local_time":"20201230104528","is_ascension_mode":true,"campfire_choices":[{"data":"Thunderclap","floor":6,"key":"SMITH"},{"floor":8,"key":"REST"},{"floor":11,"key":"REST"},{"floor":15,"key":"REST"}],"circlet_count":0,"master_deck":["AscendersBane","Strike_R","Strike_R","Strike_R","Strike_R","Defend_R","Defend_R","Defend_R","Defend_R","Bash","Cleave","Shrug It Off","Battle Trance","Thunderclap+1","Uppercut","Offering","Whirlwind","Body Slam"],"relics":["Burning Blood","NeowsBlessing","Golden Idol","Matryoshka","Strawberry","Pear","Art of War","Sling"],"acts_visited":["Exordium"],"potions_floor_usage":[7,10],"damage_taken":[{"damage":0,"enemies":"Cultist","floor":1,"turns":1},{"damage":0,"enemies":"Small Slimes","floor":3,"turns":1},{"damage":0,"enemies":"2 Louse","floor":4,"turns":1},{"damage":36,"enemies":"Gremlin Nob","floor":7,"turns":4},{"damage":34,"enemies":"Lagavulin","floor":10,"turns":8},{"damage":19,"enemies":"Exordium Thugs","floor":13,"turns":3},{"damage":80,"enemies":"Slime Boss","floor":16,"turns":7}],"seed_played":"-3864977096424110817","potions_obtained":[{"floor":3,"key":"PowerPotion"},{"floor":7,"key":"Block Potion"}],"is_trial":false,"path_per_floor":["M","$","M","M","?","R","E","R","T","E","R","?","M","$","R","B"],"character_chosen":"IRONCLAD","items_purchased":["Shrug It Off","Sling"],"campfire_rested":3,"item_purchase_floors":[2,14],"current_hp_per_floor":[74,74,75,75,49,49,19,41,58,30,57,57,44,44,71,0,0],"gold":19,"neow_bonus":"THREE_ENEMY_KILL","is_daily":false,"chose_seed":false,"campfire_upgraded":1,"win_rate":0.0,"timestamp":1609289128,"path_taken":["M","$","M","?","?","R","E","R","T","E","R","?","?","?","R","BOSS"],"items_purchased_type":["Card","Relic"],"build_version":"2020-12-22","purchased_purges":0,"victory":false,"max_hp_per_floor":[75,75,75,75,75,75,75,75,92,92,92,92,92,92,92,92,92],"relic_stats":{"counters":[7,25],"Golden Idol":18,"Art of War":[0],"obtain_stats":[{"Matryoshka":7,"Pear":9,"NeowsBlessing":0,"Golden Idol":5,"Strawberry":9,"Art of War":10,"Sling":14,"Burning Blood":0},{"Matryoshka":4,"Pear":4,"NeowsBlessing":0,"Golden Idol":3,"Strawberry":4,"Art of War":5,"Sling":6,"Burning Blood":0},{"Matryoshka":7,"Pear":7,"NeowsBlessing":0,"Golden Idol":3,"Strawberry":7,"Art of War":15,"Sling":18,"Burning Blood":0}],"Burning Blood":25},"card_choices":[{"not_picked":["True Grit","Wild Strike"],"picked":"Cleave","floor":1},{"not_picked":["Wild Strike","Warcry"],"picked":"Battle Trance","floor":3},{"not_picked":["Combust","Twin Strike"],"picked":"Thunderclap","floor":4},{"not_picked":["Clothesline","Sword Boomerang"],"picked":"Uppercut","floor":7},{"not_picked":["Blood for Blood","Shrug It Off"],"picked":"Offering","floor":10},{"not_picked":["Entrench","Burning Pact"],"picked":"Body Slam","floor":13}],"player_experience":2105967,"relics_obtained":[{"floor":7,"key":"Matryoshka"},{"floor":9,"key":"Strawberry"},{"floor":9,"key":"Pear"},{"floor":10,"key":"Art of War"}],"event_choices":[{"damage_healed":0,"gold_gain":0,"player_choice":"Take Damage","damage_taken":26,"relics_obtained":["Golden Idol"],"max_hp_gain":0,"max_hp_loss":0,"event_name":"Golden Idol","floor":5,"gold_loss":0},{"damage_healed":0,"gold_gain":0,"cards_transformed":["Strike_R"],"player_choice":"Transformed","damage_taken":0,"max_hp_gain":0,"max_hp_loss":0,"event_name":"Transmorgrifier","floor":12,"gold_loss":0,"cards_obtained":["Whirlwind"]}],"is_beta":false,"boss_relics":[],"items_purged_floors":[],"is_endless":false,"potions_floor_spawned":[3,7],"killed_by":"Slime Boss","ascension_level":18}}