{"host":"k4et7hlhlqy8fuoz","time":1609360630,"event":{"mods":["2.2 Compatiblity","AchievementEnabler","BaseMod","Colored Map","DeckTracker","Highlight Path","Minty Spire (QoL Compilation)","Random Character Button","Rare Cards Sparkle"],"gold_per_floor":[114,129,43,58,7,7,22,22,322,352,367,382,412,24,24,124,124,139,64,64,30,45,60,60,90,90,90,120,120,135,150,150,250,250,265,280,42,42,57,57,72,87,87,87,102,117,23,38,38,38,38],"floor_reached":50,"playtime":4211,"items_purged":["Parasite"],"score":547,"play_id":"95d6909b-2d1b-469c-830e-7a87d8fffc55","local_time":"20201230213710","daily_mods":["Cursed Run","Diverse","DeadlyEvents"],"is_ascension_mode":false,"campfire_choices":[{"data":"Zap","floor":6,"key":"SMITH"},{"data":"Calculated Gamble","floor":8,"key":"SMITH"},{"floor":15,"key":"REST"},{"floor":24,"key":"REST"},{"floor":27,"key":"REST"},{"data":"Transmutation","floor":32,"key":"SMITH"},{"floor":40,"key":"REST"},{"floor":49,"key":"REST"}],"circlet_count":0,"master_deck":["Strike_B","Strike_B","Strike_B","Strike_B","Defend_B","Defend_B","Defend_B","Defend_B","Zap+1","Dualcast","Poisoned Stab","Perfected Strike","Steam","Calculated Gamble+1","Go for the Eyes","Dagger Spray","Streamline","Genetic Algorithm","Conserve Battery","Quick Slash","Searing Blow","Leap","Transmutation+1","Backflip","Impervious","CurseOfTheBell","Pommel Strike","Noxious Fumes","Endless Agony","Seeing Red","Melter","Cleave","Heavy Blade","Ball Lightning","Core Surge","Sweeping Beam","Bane+1","Enlightenment","Immolate","Loop","Second Wind+1","Infernal Blade+1","Body Slam+1","Doubt","Berserk","Deflect","Bandage Up","Steam"],"relics":["Cursed Key","Darkstone Periapt","Du-Vu Doll","Old Coin","Meat on the Bone","Bottled Flame","Toy Ornithopter","Calling Bell","Lantern","Sundial","Girya","Spirit Poop","Pear","Eternal Feather","Letter Opener","Inserter","StrikeDummy"],"acts_visited":["Exordium","TheCity","TheBeyond"],"potions_floor_usage":[16,16,33,33,33,33,39,42,42,50],"damage_taken":[{"damage":1,"enemies":"Cultist","floor":1,"turns":3},{"damage":0,"enemies":"Small Slimes","floor":2,"turns":3},{"damage":0,"enemies":"Jaw Worm","floor":4,"turns":3},{"damage":12,"enemies":"Exordium Thugs","floor":7,"turns":3},{"damage":27,"enemies":"3 Sentries","floor":10,"turns":6},{"damage":0,"enemies":"2 Fungi Beasts","floor":11,"turns":2},{"damage":10,"enemies":"Looter","floor":12,"turns":2},{"damage":22,"enemies":"Gremlin Nob","floor":13,"turns":4},{"damage":47,"enemies":"Hexaghost","floor":16,"turns":11},{"damage":21,"enemies":"Shell Parasite","floor":18,"turns":6},{"damage":6,"enemies":"3 Byrds","floor":22,"turns":4},{"damage":15,"enemies":"Snecko","floor":23,"turns":4},{"damage":58,"enemies":"Book of Stabbing","floor":25,"turns":7},{"damage":25,"enemies":"Gremlin Leader","floor":28,"turns":8},{"damage":14,"enemies":"Sentry and Sphere","floor":30,"turns":4},{"damage":0,"enemies":"Snake Plant","floor":31,"turns":3},{"damage":74,"enemies":"Collector","floor":33,"turns":9},{"damage":55,"enemies":"3 Shapes","floor":35,"turns":4},{"damage":24,"enemies":"Orb Walker","floor":36,"turns":3},{"damage":52,"enemies":"Writhing Mass","floor":39,"turns":7},{"damage":34,"enemies":"4 Shapes","floor":41,"turns":4},{"damage":54,"enemies":"Maw","floor":42,"turns":9},{"damage":55,"enemies":"Transient","floor":45,"turns":5},{"damage":32,"enemies":"4 Shapes","floor":46,"turns":5},{"damage":28,"enemies":"Spire Growth","floor":48,"turns":5},{"damage":94,"enemies":"Donu and Deca","floor":50,"turns":6}],"seed_played":"9091901603564859836","potions_obtained":[{"floor":4,"key":"FearPotion"},{"floor":10,"key":"PotionOfCapacity"},{"floor":12,"key":"ColorlessPotion"},{"floor":18,"key":"EntropicBrew"},{"floor":25,"key":"EssenceOfDarkness"},{"floor":35,"key":"DuplicationPotion"},{"floor":36,"key":"ColorlessPotion"},{"floor":39,"key":"Swift Potion"},{"floor":41,"key":"Fire Potion"}],"is_trial":false,"path_per_floor":["M","M","$","M","$","R","M","R","T","E","M","M","E","$","R","B",null,"M","$","?","$","M","M","R","E","T","R","E","?","M","M","R","B",null,"M","M","$","?","M","R","M","M","T","?","M","M","$","M","R","B"],"character_chosen":"DEFECT","items_purchased":["Steam","Calculated Gamble","Dagger Spray","Leap","Transmutation","Toy Ornithopter","Backflip","Noxious Fumes","Enlightenment","Immolate","Loop","Bandage Up"],"campfire_rested":5,"item_purchase_floors":[3,3,5,14,14,14,14,21,37,37,37,47],"current_hp_per_floor":[74,74,74,74,74,74,62,62,68,41,41,43,33,33,57,38,93,72,72,72,72,66,51,77,41,47,95,70,103,89,89,103,66,109,66,54,54,54,19,74,52,20,26,98,55,35,35,23,79,0,0],"gold":38,"neow_bonus":"","is_daily":true,"chose_seed":false,"campfire_upgraded":3,"win_rate":0.0,"timestamp":1609360630,"path_taken":["M","M","$","?","$","R","M","R","T","?","M","M","?","$","R","BOSS","M","$","?","$","M","M","R","?","T","R","E","?","M","M","R","BOSS","M","M","$","?","?","R","M","M","T","?","M","M","?","M","R","BOSS"],"items_purchased_type":["Card","Card","Card","Card","Card","Relic","Card","Card","Card","Card","Card","Card"],"build_version":"2020-12-22","purchased_purges":1,"victory":false,"max_hp_per_floor":[75,75,75,75,75,75,75,75,81,81,81,81,81,81,81,87,93,93,90,87,87,87,87,87,97,103,103,103,103,103,103,103,109,109,109,109,109,106,106,106,106,106,112,98,98,98,98,98,98,98,98],"card_choices":[{"not_picked":["Body Slam","PiercingWail"],"picked":"Poisoned Stab","floor":1},{"not_picked":["Hologram","Storm"],"picked":"Perfected Strike","floor":2},{"not_picked":["Dodge and Roll","Echo Form"],"picked":"Go for the Eyes","floor":4},{"not_picked":["Metallicize","Hologram"],"picked":"Streamline","floor":7},{"not_picked":["Setup","Havoc"],"picked":"Genetic Algorithm","floor":10},{"not_picked":["Skewer","Ball Lightning"],"picked":"Conserve Battery","floor":11},{"not_picked":["Doppelganger","Flex"],"picked":"Quick Slash","floor":12},{"not_picked":["Thunderclap","Sucker Punch"],"picked":"Searing Blow","floor":13},{"not_picked":["Offering","Double Tap"],"picked":"Impervious","floor":16},{"not_picked":["Sucker Punch","Footwork+1"],"picked":"Pommel Strike","floor":18},{"not_picked":["Compile Driver","Deflect"],"picked":"Endless Agony","floor":22},{"not_picked":["Evolve","Undo"],"picked":"Seeing Red","floor":23},{"not_picked":["Heavy Blade","Clash"],"picked":"Melter","floor":25},{"not_picked":["Metallicize+1","Creative AI"],"picked":"Cleave","floor":28},{"not_picked":["Wild Strike","Prepared"],"picked":"Heavy Blade","floor":30},{"not_picked":["Quick Slash+1","Havoc"],"picked":"Ball Lightning","floor":31},{"not_picked":["Feed","Unload"],"picked":"Core Surge","floor":33},{"not_picked":["Dagger Spray","Ball Lightning"],"picked":"Sweeping Beam","floor":35},{"not_picked":["Bouncing Flask+1","Heavy Blade+1"],"picked":"Bane+1","floor":36},{"not_picked":["Wild Strike+1","Barrage"],"picked":"Second Wind+1","floor":39},{"not_picked":["Fire Breathing+1","Barrage+1"],"picked":"Infernal Blade+1","floor":41},{"not_picked":["Noxious Fumes","Doom and Gloom"],"picked":"Body Slam+1","floor":42},{"not_picked":["Heavy Blade","Pommel Strike"],"picked":"Berserk","floor":45},{"not_picked":["Reinforced Body","True Grit+1"],"picked":"Deflect","floor":46},{"not_picked":["Redo+1","Escape Plan+1"],"picked":"Steam","floor":48}],"player_experience":36180,"relics_obtained":[{"floor":9,"key":"Old Coin"},{"floor":10,"key":"Meat on the Bone"},{"floor":13,"key":"Bottled Flame"},{"floor":17,"key":"Lantern"},{"floor":17,"key":"Sundial"},{"floor":17,"key":"Girya"},{"floor":25,"key":"Pear"},{"floor":26,"key":"Eternal Feather"},{"floor":28,"key":"Letter Opener"},{"floor":43,"key":"StrikeDummy"}],"event_choices":[{"cards_removed":["Parasite"],"damage_healed":0,"gold_gain":0,"player_choice":"Offered Curse","damage_taken":0,"relics_obtained":["Spirit Poop"],"max_hp_gain":0,"max_hp_loss":0,"event_name":"Bonfire Elementals","floor":20,"gold_loss":0},{"damage_healed":34,"gold_gain":0,"player_choice":"Heal","damage_taken":0,"max_hp_gain":0,"max_hp_loss":0,"event_name":"The Library","floor":29,"gold_loss":0},{"cards_removed":["Doubt","Parasite"],"damage_healed":0,"gold_gain":0,"player_choice":"Removed Curses","damage_taken":0,"max_hp_gain":0,"max_hp_loss":0,"event_name":"Fountain of Cleansing","floor":38,"gold_loss":0},{"damage_healed":98,"gold_gain":0,"player_choice":"Heal","damage_taken":0,"max_hp_gain":0,"max_hp_loss":14,"event_name":"The Moai Head","floor":44,"gold_loss":0}],"is_beta":false,"boss_relics":[{"not_picked":["Philosopher\u0027s Stone","Empty Cage"],"picked":"Calling Bell"},{"not_picked":["Astrolabe","Runic Dome"],"picked":"Inserter"}],"items_purged_floors":[19],"is_endless":false,"potions_floor_spawned":[4,10,12,13,18,25,30,35,36,39,41],"killed_by":"Donu and Deca","ascension_level":0}}