{"host":"y3iy5gb13b300rns","time":1609311083,"event":{"mods":["BaseMod","Bestiary","Curses Come First","Minty Spire (QoL Compilation)","Replay The Spire","StSLib","The Runesmith"],"gold_per_floor":[213,67,84,94,107,140,140,12,12,26,42,55,3,15,15,111,111,94,94,17,27,38,38,66,66,66,66,31,56,70,84,84,84,84],"floor_reached":33,"playtime":3043,"items_purged":[],"score":306,"play_id":"9a0ec234-bcc8-4e99-8fcc-93f2d223f938","local_time":"20201230005123","is_ascension_mode":true,"campfire_choices":[{"floor":7.0,"key":"REST"},{"floor":15.0,"key":"REST"},{"floor":23.0,"key":"REST"},{"floor":27.0,"key":"REST"},{"floor":32.0,"key":"REST"}],"circlet_count":0,"master_deck":["Strike_G","Strike_G","Strike_G","Strike_G","Strike_G","Defend_G","Defend_G","Defend_G","Defend_G","Defend_G","Survivor","Neutralize","Dagger Throw","Deadly Poison","PiercingWail","Cloak And Dagger","Cloak And Dagger","Crippling Poison","Tactician","Deadly Poison","Adrenaline","Envenom","Deflect","Endless Agony","Poisoned Stab+1","Outmaneuver","Bane","Infinite Blades","Hidden Blade","Bane","Hidden Blade"],"relics":["Ring of the Snake","HandDrill","Strawberry","Dead Branch","Ring of Chaos","Replay:Towering Pillar of Hats","Ancient Tea Set","InkBottle","Bronze Scales"],"acts_visited":["Exordium","TheCity"],"potions_floor_usage":[33],"damage_taken":[{"damage":5.0,"enemies":"Cultist","floor":1.0,"turns":5.0},{"damage":0.0,"enemies":"2 Louse","floor":3.0,"turns":2.0},{"damage":0.0,"enemies":"Jaw Worm","floor":4.0,"turns":3.0},{"damage":6.0,"enemies":"Exordium Thugs","floor":5.0,"turns":7.0},{"damage":34.0,"enemies":"Lagavulin","floor":6.0,"turns":11.0},{"damage":8.0,"enemies":"Large Slime","floor":10.0,"turns":5.0},{"damage":15.0,"enemies":"Gremlin Gang","floor":11.0,"turns":4.0},{"damage":14.0,"enemies":"Exordium Wildlife","floor":12.0,"turns":4.0},{"damage":3.0,"enemies":"Red Slaver","floor":14.0,"turns":5.0},{"damage":4.0,"enemies":"Slime Boss","floor":16.0,"turns":8.0},{"damage":9.0,"enemies":"2 Thieves","floor":18.0,"turns":4.0},{"damage":16.0,"enemies":"Chosen","floor":21.0,"turns":6.0},{"damage":3.0,"enemies":"Centurion and Healer","floor":22.0,"turns":4.0},{"damage":29.0,"enemies":"Book of Stabbing","floor":24.0,"turns":6.0},{"damage":31.0,"enemies":"Slavers","floor":29.0,"turns":8.0},{"damage":16.0,"enemies":"Snake Plant","floor":30.0,"turns":3.0},{"damage":19.0,"enemies":"Cultist and Chosen","floor":31.0,"turns":5.0},{"damage":33,"enemies":"Champ","floor":33,"turns":5}],"seed_played":"6998089908431407249","potions_obtained":[{"floor":3.0,"key":"Weak Potion"},{"floor":4.0,"key":"Languid Potion"},{"floor":6.0,"key":"Fruit Juice"},{"floor":11.0,"key":"Block Potion"},{"floor":16.0,"key":"DuplicationPotion"},{"floor":18.0,"key":"SkillPotion"},{"floor":24.0,"key":"Weak Potion"},{"floor":29.0,"key":"ColorlessPotion"},{"floor":31.0,"key":"Strength Potion"}],"is_trial":false,"path_per_floor":["M","$","M","M","M","E","R","?","T","M","M","M","$","M","R","B",null,"M","?","$","M","M","R","E","?","T","R","$","E","M","M","R","B"],"character_chosen":"THE_SILENT","items_purchased":["HandDrill","PowerPotion","Endless Agony","Infinite Blades"],"campfire_rested":5,"item_purchase_floors":[2,13,20,28],"current_hp_per_floor":[65,65,65,65,59,37,61,61,61,53,38,24,24,21,45,41,82,73,73,73,57,54,78,49,49,49,73,73,42,26,7,31,0,0],"gold":84,"neow_bonus":"HUNDRED_GOLD","is_daily":false,"chose_seed":false,"campfire_upgraded":0,"win_rate":0.0,"timestamp":1609311083,"path_taken":["M","$","?","M","M","E","R","?","T","M","?","M","$","M","R","BOSS","M","?","$","?","M","R","E","?","T","R","$","E","M","M","R","BOSS"],"items_purchased_type":["Relic","Potion","Card","Card"],"build_version":"2020-12-22","purchased_purges":0,"victory":false,"max_hp_per_floor":[70,70,70,70,70,82,82,82,82,82,82,82,82,82,82,82,82,82,82,82,82,82,82,82,82,82,82,82,82,82,82,82,82,82],"card_choices":[{"not_picked":["Masterful Stab","Acrobatics"],"picked":"Dagger Throw","floor":1.0},{"not_picked":["Underhanded Strike","Backflip"],"picked":"Deadly Poison","floor":3.0},{"not_picked":["Prepared","Sucker Punch"],"picked":"PiercingWail","floor":4.0},{"not_picked":["Finisher","ReplayTheSpireMod:The Works"],"picked":"Cloak And Dagger","floor":5.0},{"not_picked":["Backflip","Fluid Movement"],"picked":"Cloak And Dagger","floor":6.0},{"not_picked":["Dodge and Roll","Dagger Spray"],"picked":"Crippling Poison","floor":10.0},{"not_picked":["Distraction","Cloak And Dagger"],"picked":"Tactician","floor":11.0},{"not_picked":["Finisher","Dagger Throw"],"picked":"Deadly Poison","floor":12.0},{"not_picked":["Riddle With Holes","Flechettes"],"picked":"Adrenaline","floor":14.0},{"not_picked":["Poison Darts","Wraith Form v2"],"picked":"Envenom","floor":16.0},{"not_picked":["Tactician","Prepared+1"],"picked":"Deflect","floor":18.0},{"not_picked":["Dagger Throw","ReplayTheSpireMod:Speed Training"],"picked":"Poisoned Stab+1","floor":21.0},{"not_picked":["Dagger Throw","ReplayTheSpireMod:The Works+1"],"picked":"Outmaneuver","floor":22.0},{"not_picked":["Toxin Wave+1","Atom Bomb"],"picked":"Bane","floor":24.0},{"not_picked":["Reflex","Dagger Throw"],"picked":"Hidden Blade","floor":29.0},{"not_picked":["Outmaneuver","ReplayTheSpireMod:Exploit Weakness"],"picked":"Bane","floor":30.0},{"not_picked":["Dash","Flechettes"],"picked":"Hidden Blade","floor":31.0}],"player_experience":373182,"relics_obtained":[{"floor":6.0,"key":"Strawberry"},{"floor":24.0,"key":"Ancient Tea Set"},{"floor":26.0,"key":"InkBottle"},{"floor":29.0,"key":"Bronze Scales"}],"event_choices":[{"damage_healed":0.0,"max_hp_gain":0.0,"max_hp_loss":0.0,"gold_gain":0.0,"event_name":"WeMeetAgain","player_choice":"Paid Gold","floor":8.0,"gold_loss":128.0,"damage_taken":0.0,"relics_obtained":["Dead Branch"]},{"cards_removed":["ReplayTheSpireMod:Restless Dread"],"damage_healed":0.0,"max_hp_gain":0.0,"max_hp_loss":0.0,"gold_gain":0.0,"event_name":"Purifier","player_choice":"Purged","floor":25.0,"gold_loss":0.0,"damage_taken":0.0}],"is_beta":false,"boss_relics":[{"not_picked":["Replay:Wanted Poster","Snecko Scales"],"picked":"Ring of Chaos"}],"items_purged_floors":[],"is_endless":false,"potions_floor_spawned":[3,4,6,11,16,18,24,29,31],"killed_by":"Champ","ascension_level":1}}