{"host":"sav7uxregyirlf69","time":1609320147,"event":{"mods":["AchievementEnabler","BaseMod","Colored Map","DeckTracker","Keyboard Shortcuts","Minty Spire (QoL Compilation)","READ ME - Guardian Mod","StSLib","SuperFastMode"],"gold_per_floor":[365,128,203,34,34,34,64,64,64,79,95,9,9,26,26,100,100,119,119,19,35,55,55,67,67,67,67,98,109,125,156,156,234,284,298,520,538,558,558,558,558,558],"floor_reached":41,"playtime":1116,"items_purged":["Strike_G","Strike_G"],"score":947,"play_id":"b80d10a2-e826-4ef8-aca4-c12551fdaf4f","local_time":"20201230182227","is_ascension_mode":true,"campfire_choices":[{"data":"Neutralize","floor":6.0,"key":"SMITH"},{"floor":8.0,"key":"REST"},{"data":"Noxious Fumes","floor":13.0,"key":"SMITH"},{"data":"Noxious Fumes","floor":15.0,"key":"SMITH"},{"data":"Calculated Gamble","floor":23.0,"key":"SMITH"},{"data":"Prepared","floor":25.0,"key":"SMITH"},{"data":"Caltrops","floor":32.0,"key":"SMITH"},{"floor":40.0,"key":"RECALL"}],"circlet_count":0,"master_deck":["AscendersBane","Strike_G+1","Strike_G","Defend_G+1","Defend_G+1","Defend_G","Defend_G","Defend_G","Survivor","Neutralize+1","Dagger Throw+1","Noxious Fumes+1","Leg Sweep","Noxious Fumes+1","Prepared+1","Calculated Gamble+1","Ghostly+1","Ghostly+1","Ghostly+1","Tactician+1","Caltrops+1","Adrenaline+1","Crippling Poison+1","Concentrate+1","PiercingWail+1"],"relics":["Ring of the Snake","Bronze Scales","Medical Kit","War Paint","Mummified Hand","Runic Pyramid","Toxic Egg 2","Juzu Bracelet","Red Mask","Tiny House"],"acts_visited":["Exordium","TheCity","TheBeyond"],"potions_floor_usage":[41,41],"damage_taken":[{"damage":1.0,"enemies":"2 Louse","floor":1.0,"turns":4.0},{"damage":32.0,"enemies":"Lagavulin","floor":7.0,"turns":10.0},{"damage":0.0,"enemies":"Cultist","floor":10.0,"turns":3.0},{"damage":1.0,"enemies":"Jaw Worm","floor":11.0,"turns":4.0},{"damage":0.0,"enemies":"Large Slime","floor":14.0,"turns":6.0},{"damage":0.0,"enemies":"Hexaghost","floor":16.0,"turns":9.0},{"damage":1.0,"enemies":"Spheric Guardian","floor":18.0,"turns":6.0},{"damage":1.0,"enemies":"Shell Parasite","floor":21.0,"turns":6.0},{"damage":9.0,"enemies":"Centurion and Healer","floor":22.0,"turns":7.0},{"damage":0.0,"enemies":"Snecko","floor":24.0,"turns":7.0},{"damage":4.0,"enemies":"Gremlin Leader","floor":28.0,"turns":8.0},{"damage":0.0,"enemies":"Sentry and Sphere","floor":29.0,"turns":6.0},{"damage":0.0,"enemies":"Chosen and Byrds","floor":30.0,"turns":6.0},{"damage":0.0,"enemies":"Masked Bandits","floor":31.0,"turns":4.0},{"damage":12.0,"enemies":"Champ","floor":33.0,"turns":15.0},{"damage":6.0,"enemies":"3 Shapes","floor":35.0,"turns":5.0},{"damage":1.0,"enemies":"Orb Walker","floor":37.0,"turns":5.0},{"damage":4.0,"enemies":"Jaw Worm Horde","floor":38.0,"turns":4.0},{"damage":22,"enemies":"Nemesis","floor":41,"turns":9}],"seed_played":"2855208408661837038","potions_obtained":[{"floor":1.0,"key":"Dexterity Potion"},{"floor":11.0,"key":"SneckoOil"},{"floor":14.0,"key":"FearPotion"},{"floor":21.0,"key":"PowerPotion"},{"floor":28.0,"key":"Energy Potion"},{"floor":29.0,"key":"Poison Potion"},{"floor":33.0,"key":"Fire Potion"}],"is_trial":false,"path_per_floor":["M","$","?","$","?","R","E","R","T","M","M","$","R","M","R","B",null,"M","?","$","M","M","R","M","R","T","?","E","M","M","?","R","B",null,"M","?","M","M","?","R","E"],"character_chosen":"THE_SILENT","items_purchased":["Bronze Scales","Medical Kit","Noxious Fumes"],"campfire_rested":1,"item_purchase_floors":[2,4,12],"current_hp_per_floor":[58,58,47,47,47,47,15,33,33,33,32,32,32,32,32,32,53,52,52,52,51,42,42,42,42,42,30,26,26,26,26,26,14,31,25,25,24,20,20,20,0,0],"gold":558,"neow_bonus":"TWO_FIFTY_GOLD","is_daily":false,"chose_seed":false,"campfire_upgraded":6,"win_rate":0.0,"timestamp":1609320147,"path_taken":["M","$","?","$","?","R","E","R","T","M","M","$","R","M","R","BOSS","M","?","$","M","M","R","M","R","T","?","E","M","M","?","R","BOSS","M","?","M","M","?","R","E"],"items_purchased_type":["Relic","Relic","Card"],"build_version":"2020-12-22","purchased_purges":2,"victory":false,"max_hp_per_floor":[60,60,60,60,60,60,60,60,60,60,60,60,60,60,60,60,60,60,60,60,60,60,60,60,60,60,30,30,30,30,30,30,30,35,35,35,35,35,35,35,35,35],"card_choices":[{"not_picked":["Masterful Stab","Accuracy"],"picked":"Dagger Throw","floor":1.0},{"not_picked":["Blade Dance","Outmaneuver"],"picked":"Noxious Fumes","floor":7.0},{"not_picked":["Outmaneuver","Underhanded Strike"],"picked":"Leg Sweep","floor":10.0},{"not_picked":["Underhanded Strike","Concentrate","Finisher"],"picked":"SKIP","floor":11.0},{"not_picked":["Infinite Blades","Acrobatics","Accuracy"],"picked":"SKIP","floor":14.0},{"not_picked":["Dodge and Roll","Dagger Throw"],"picked":"Prepared","floor":18.0},{"not_picked":["Flying Knee","Prepared","Expertise+1"],"picked":"SKIP","floor":21.0},{"not_picked":["Prepared","Deflect","Dodge and Roll"],"picked":"SKIP","floor":22.0},{"not_picked":["Poisoned Stab","Blade Dance","Quick Slash"],"picked":"SKIP","floor":24.0},{"not_picked":["Quick Slash","Outmaneuver+1"],"picked":"Tactician+1","floor":28.0},{"not_picked":["Flying Knee","Endless Agony","Setup+1"],"picked":"SKIP","floor":29.0},{"not_picked":["Expertise+1","Underhanded Strike"],"picked":"Caltrops","floor":30.0},{"not_picked":["Venomology+1","A Thousand Cuts"],"picked":"Adrenaline+1","floor":33.0},{"not_picked":["Caltrops","Cloak And Dagger+1"],"picked":"Crippling Poison+1","floor":34.0},{"not_picked":["Poisoned Stab","Choke","Quick Slash"],"picked":"SKIP","floor":35.0},{"not_picked":["Blade Dance+1","Slice"],"picked":"Concentrate+1","floor":37.0},{"not_picked":["Flying Knee","Dodge and Roll+1"],"picked":"PiercingWail+1","floor":38.0}],"player_experience":1071214,"relics_obtained":[{"floor":7.0,"key":"War Paint"},{"floor":9.0,"key":"Mummified Hand"},{"floor":26.0,"key":"Toxic Egg 2"},{"floor":28.0,"key":"Juzu Bracelet"},{"floor":31.0,"key":"Red Mask"}],"event_choices":[{"damage_healed":0.0,"max_hp_gain":0.0,"max_hp_loss":0.0,"gold_gain":75.0,"event_name":"World of Goop","player_choice":"Gather Gold","floor":3.0,"gold_loss":0.0,"damage_taken":11.0},{"damage_healed":0.0,"max_hp_gain":0.0,"max_hp_loss":0.0,"gold_gain":0.0,"event_name":"Upgrade Shrine","player_choice":"Upgraded","floor":5.0,"gold_loss":0.0,"damage_taken":0.0,"cards_upgraded":["Dagger Throw"]},{"damage_healed":0.0,"max_hp_gain":0.0,"max_hp_loss":0.0,"gold_gain":0.0,"event_name":"The Library","player_choice":"Read","floor":19.0,"gold_loss":0.0,"damage_taken":0.0,"cards_obtained":["Calculated Gamble"]},{"damage_healed":0.0,"max_hp_gain":0.0,"max_hp_loss":30.0,"gold_gain":0.0,"event_name":"Ghosts","player_choice":"Became a Ghost","floor":27.0,"gold_loss":0.0,"damage_taken":0.0,"cards_obtained":["Ghostly","Ghostly","Ghostly"]},{"damage_healed":0.0,"max_hp_gain":0.0,"max_hp_loss":0.0,"gold_gain":0.0,"event_name":"Masked Bandits","player_choice":"Fought Bandits","floor":31.0,"gold_loss":0.0,"damage_taken":0.0},{"damage_healed":0.0,"max_hp_gain":0.0,"max_hp_loss":0.0,"gold_gain":222.0,"event_name":"Tomb of Lord Red Mask","player_choice":"Wore Mask","floor":36.0,"gold_loss":0.0,"damage_taken":0.0},{"cards_removed":["Strike_G"],"damage_healed":0.0,"max_hp_gain":0.0,"max_hp_loss":0.0,"gold_gain":0.0,"event_name":"Purifier","player_choice":"Purged","floor":39.0,"gold_loss":0.0,"damage_taken":0.0}],"is_beta":false,"boss_relics":[{"not_picked":["WristBlade","Calling Bell"],"picked":"Runic Pyramid"},{"not_picked":["HoveringKite","SlaversCollar"],"picked":"Tiny House"}],"items_purged_floors":[2,20],"is_endless":false,"potions_floor_spawned":[1,11,14,18,21,28,29,30,33,35],"killed_by":"Nemesis","ascension_level":20}}