{"host":"9kuc8qxv67wkis18","time":1609362103,"event":{"mods":["2.2 Compatiblity","AchievementEnabler","Aspiration","Astrologer","Bard","BaseMod","Beaked The Cultist","Bestiary","Better Note","Better Third Choice","Block Reminder","Challenge The Spire","ChefMod","Conspire","Curses Come First","GifTheSpireLib","Glutton Mod","Halation","Hermit","Highlight Path","Hubris","Infinite Spire","Jorbs\u0027s Wanderer Trilogy","Marked Mod","Melee Mod","Minty Spire (QoL Compilation)","Permanent Neow","Potionbrewer","Random Character Button","Rare Cards Sparkle","Replay The Spire","Shade Mod","Somnambulant","Spikes Relics","StSLib","Stuff the Spire","The Accelerator","The Blue Laboratory","The Caster","The Construct","The Cursed","The Disciple","The Florist","The Forsaken","The Hierophant","The Judge","The Juggle","The Jungle","The Marked","The Necromancer","The Showman","The Wild Card","TheArtist","Thieving Mod","everything is the same but u backflip on backflip","thorton","vexMod"],"gold_per_floor":[118,130,142,158,7,7,39,39,65,82,12,12,39,49,49,150,150,169,195,209,209,220,220,220],"floor_reached":23,"playtime":2073,"items_purged":[],"score":242,"play_id":"a452f6eb-e2b9-463e-a77f-cc940315ef86","local_time":"20201230160143","is_ascension_mode":true,"campfire_choices":[{"data":"hermit:Snapshot","floor":6,"key":"SMITH"},{"floor":8,"key":"REST"},{"data":"hermit:Shortfuse","floor":12,"key":"SMITH"},{"data":"hermit:Quickdraw","floor":15,"key":"SMITH"}],"circlet_count":0,"master_deck":["hermit:Strike_Hermit","hermit:Strike_Hermit","hermit:Strike_Hermit","hermit:Strike_Hermit","hermit:Defend_Hermit","hermit:Defend_Hermit","hermit:Defend_Hermit","hermit:Defend_Hermit+1","hermit:Snapshot+1","hermit:Covet","hermit:Quickdraw+1","hermit:Quickdraw","hermit:Shortfuse+1","hermit:DeadOrAlive","hermit:Glare"],"relics":["hermit:Momento","Orichalcum","aspiration:ChemicalBlood","hermit:RyeStalk","conspire:Flyswatter","StuffTheSpire:RunicConfusion"],"acts_visited":["Exordium","TheCity"],"potions_floor_usage":[16,19,22,22],"damage_taken":[{"damage":6,"enemies":"Cultist","floor":1,"turns":3},{"damage":1,"enemies":"Jaw Worm","floor":2,"turns":3},{"damage":0,"enemies":"2 Louse","floor":3,"turns":3},{"damage":2,"enemies":"Exordium Thugs","floor":4,"turns":5},{"damage":11,"enemies":"3 Sentries","floor":7,"turns":9},{"damage":2,"enemies":"Large Slime","floor":10,"turns":5},{"damage":0,"enemies":"Lagavulin","floor":13,"turns":4},{"damage":0,"enemies":"Exordium Wildlife","floor":14,"turns":4},{"damage":24,"enemies":"Hexaghost","floor":16,"turns":9},{"damage":1,"enemies":"Chosen","floor":18,"turns":3},{"damage":2,"enemies":"Shell Parasite","floor":19,"turns":3},{"damage":16,"enemies":"Snake Plant","floor":20,"turns":4},{"damage":25,"enemies":"Cultist and Chosen","floor":22,"turns":7},{"damage":21,"enemies":"Gremlin Leader","floor":23,"turns":4}],"seed_played":"-6833606569430455810","potions_obtained":[{"floor":1,"key":"hermit:Tonic"},{"floor":3,"key":"potionbrewer:DiscountPotion"},{"floor":10,"key":"GamblersBrew"},{"floor":19,"key":"blueLaboratory:BottleOfRum"},{"floor":20,"key":"Explosive Potion"},{"floor":22,"key":"potionbrewer:ToxicPotion"},{"floor":22,"key":"Swift Potion"},{"floor":23,"key":"infinitespire:BlackPotion"}],"is_trial":false,"path_per_floor":["M","M","M","M","$","R","E","R","T","M","$","R","E","M","R","B",null,"M","M","M","$","M","E"],"character_chosen":"HERMIT","items_purchased":["Orichalcum","hermit:Shortfuse"],"campfire_rested":1,"item_purchase_floors":[5,11],"current_hp_per_floor":[69,68,68,66,66,66,55,75,75,73,73,73,73,73,73,49,75,74,72,56,56,31,10,10],"gold":220,"neow_bonus":"RANDOM_EVENT","is_daily":false,"chose_seed":false,"campfire_upgraded":3,"win_rate":0.0,"timestamp":1609362103,"path_taken":["M","M","M","M","$","R","E","R","T","M","$","R","E","M","R","BOSS","M","M","M","$","M","E"],"items_purchased_type":["Relic","Card"],"build_version":"2020-12-22","purchased_purges":0,"victory":false,"max_hp_per_floor":[75,75,75,75,75,75,75,75,75,75,75,75,75,75,75,75,75,75,75,75,75,75,75,75],"card_choices":[{"not_picked":["hermit:FullyLoaded","hermit:Vantage","hermit:FlashPowder"],"picked":"SKIP","floor":1},{"not_picked":["hermit:Midnight","hermit:BodyArmor"],"picked":"hermit:Quickdraw","floor":2},{"not_picked":["hermit:LowProfile","hermit:BodyArmor","hermit:Desperado"],"picked":"SKIP","floor":3},{"not_picked":["hermit:ShadowCloak","hermit:TakeAim","hermit:CalledShot"],"picked":"SKIP","floor":4},{"not_picked":["hermit:TrackingShot","hermit:Headshot","hermit:Midnight"],"picked":"SKIP","floor":7},{"not_picked":["hermit:Headshot","hermit:DeadMansHand"],"picked":"hermit:Quickdraw","floor":10},{"not_picked":["hermit:Virtue","hermit:HighCaliber","hermit:TakeCover"],"picked":"SKIP","floor":13},{"not_picked":["hermit:OverwhelmingPower","hermit:Feint","hermit:Desperado"],"picked":"SKIP","floor":14},{"not_picked":["hermit:OverwhelmingPower","hermit:RoundhouseKick"],"picked":"hermit:DeadOrAlive","floor":16},{"not_picked":["hermit:Showdown","hermit:HighCaliber+1","hermit:Manifest+1"],"picked":"SKIP","floor":18},{"not_picked":["hermit:Desperado+1","hermit:SprayPray+1","hermit:Misfire"],"picked":"SKIP","floor":19},{"not_picked":["hermit:EyeOfTheStorm","hermit:BodyArmor+1"],"picked":"hermit:Glare","floor":20},{"not_picked":["hermit:Showdown","hermit:Spite","hermit:TakeAim+1"],"picked":"SKIP","floor":22}],"player_experience":137664,"relics_obtained":[{"floor":7,"key":"aspiration:ChemicalBlood"},{"floor":9,"key":"hermit:RyeStalk"},{"floor":13,"key":"conspire:Flyswatter"}],"event_choices":[],"is_beta":false,"boss_relics":[{"not_picked":["conspire:RoyalGoblet","vexMod:RockOfEvil"],"picked":"StuffTheSpire:RunicConfusion"}],"items_purged_floors":[],"is_endless":false,"potions_floor_spawned":[1,3,10,13,19,22],"killed_by":"Gremlin Leader","ascension_level":1}}