{"host":"7khtwbkyze7y134w","time":1609319605,"event":{"mods":["AchievementEnabler","BaseMod","Bestiary","Colored Map","Colored Powertips","Highlight Path","Minty Spire (QoL Compilation)","Quick Restart","Relic Stats","Slay-I","StSLib","SuperFastMode"],"gold_per_floor":[213,230,61,136,136,166,166,182,251,8,28,28,28,47,47,178,178,202,102,121,121,22,43,43,58,58,58,58,58,58,58,58,58,58],"floor_reached":33,"playtime":2965,"items_purged":["Strike_P","Establishment"],"score":268,"play_id":"393a30a5-1503-47a8-823f-0687a3059257","local_time":"20201230091325","is_ascension_mode":false,"campfire_choices":[{"data":"FlurryOfBlows","floor":7.0,"key":"SMITH"},{"floor":15,"key":"REST"},{"data":"FlurryOfBlows","floor":24,"key":"SMITH"},{"floor":30,"key":"REST"},{"floor":32,"key":"REST"}],"circlet_count":0,"master_deck":["Strike_P+1","Strike_P+1","Defend_P+1","Defend_P+1","Defend_P+1","Defend_P+1","Eruption+1","Vigilance","FlurryOfBlows+1","EmptyMind","Halt","Adaptation","Apotheosis","Fasting2","Crescendo","FlurryOfBlows+1","ClearTheMind","Crescendo","Parasite","Ghostly","Ghostly","Ghostly","Ghostly","Ghostly","Injury"],"relics":["PureWater","Bronze Scales","Sundial","Golden Idol","Cursed Key","Happy Flower","Yang","MutagenicStrength"],"acts_visited":["Exordium","TheCity"],"potions_floor_usage":[16,16,20],"damage_taken":[{"damage":1.0,"enemies":"Jaw Worm","floor":1.0,"turns":5.0},{"damage":4.0,"enemies":"Small Slimes","floor":2.0,"turns":3.0},{"damage":36.0,"enemies":"Lagavulin","floor":6.0,"turns":7.0},{"damage":0.0,"enemies":"Cultist","floor":8.0,"turns":2.0},{"damage":4,"enemies":"Looter","floor":11,"turns":3},{"damage":12,"enemies":"2 Fungi Beasts","floor":14,"turns":3},{"damage":16,"enemies":"The Guardian","floor":16,"turns":9},{"damage":13,"enemies":"Shell Parasite","floor":18,"turns":5},{"damage":0,"enemies":"3 Byrds","floor":20,"turns":3},{"damage":15,"enemies":"Centurion and Healer","floor":23,"turns":4},{"damage":36,"enemies":"Snake Plant","floor":25,"turns":3},{"damage":25,"enemies":"Automaton","floor":33,"turns":6}],"seed_played":"6548216837208429433","potions_obtained":[{"floor":2.0,"key":"Explosive Potion"},{"floor":8.0,"key":"Weak Potion"},{"floor":11,"key":"Weak Potion"}],"is_trial":false,"path_per_floor":["M","M","$","?","?","E","R","M","T","$","M","?","?","M","R","B",null,"M","$","M","?","$","M","R","M","T","?","T","?","R","?","R","B"],"character_chosen":"WATCHER","items_purchased":["EmptyMind","Halt","Apotheosis","Fasting2","FlurryOfBlows","ClearTheMind"],"campfire_rested":3,"item_purchase_floors":[3,3,10,10,22,22],"current_hp_per_floor":[71,67,67,56,56,20,20,20,20,20,16,16,16,4,24,8,67,54,54,54,54,54,39,39,3,3,3,3,3,12,12,21,0,0],"gold":58,"neow_bonus":"HUNDRED_GOLD","is_daily":false,"chose_seed":false,"campfire_upgraded":2,"win_rate":0.0,"timestamp":1609319605,"path_taken":["M","M","$","?","?","E","R","M","T","?","?","?","?","M","R","BOSS","M","?","M","?","$","M","R","M","T","?","?","?","R","?","R","BOSS"],"items_purchased_type":["Card","Card","Card","Card","Card","Card"],"build_version":"2020-12-22","purchased_purges":2,"victory":false,"max_hp_per_floor":[72,72,72,72,72,72,72,72,72,72,72,67,67,67,67,67,67,67,67,67,67,67,67,67,67,67,33,33,33,33,33,33,33,33],"relic_stats":{"Happy Flower":[2],"counters":[12,53],"Sundial":[8],"Golden Idol":46,"Bronze Scales":[135],"Yang":[17],"Cursed Key":2,"obtain_stats":[{"Happy Flower":26,"Sundial":9,"Golden Idol":12,"Bronze Scales":6,"MutagenicStrength":31,"Yang":28,"PureWater":0,"Cursed Key":17},{"Happy Flower":11,"Sundial":4,"Golden Idol":5,"Bronze Scales":3,"MutagenicStrength":11,"Yang":11,"PureWater":0,"Cursed Key":7},{"Happy Flower":47,"Sundial":17,"Golden Idol":20,"Bronze Scales":15,"MutagenicStrength":47,"Yang":47,"PureWater":0,"Cursed Key":32}]},"card_choices":[{"not_picked":["Wireheading","BowlingBash"],"picked":"FlurryOfBlows","floor":1.0},{"not_picked":["FlyingSleeves","BowlingBash","BattleHymn"],"picked":"SKIP","floor":2.0},{"not_picked":["ConjureBlade","Wish","Perseverance"],"picked":"SKIP","floor":6.0},{"not_picked":["Study","BattleHymn"],"picked":"Adaptation","floor":8.0},{"not_picked":["Halt","PathToVictory"],"picked":"Crescendo","floor":11},{"not_picked":["Adaptation","PathToVictory","CrushJoints"],"picked":"SKIP","floor":14},{"not_picked":["PathToVictory+1","Nirvana","Protect"],"picked":"SKIP","floor":18},{"not_picked":["JustLucky","Protect+1","Conclude"],"picked":"SKIP","floor":20},{"not_picked":["Weave","FollowUp+1","Protect"],"picked":"SKIP","floor":23},{"not_picked":["SashWhip+1","Protect+1"],"picked":"Crescendo","floor":25}],"player_experience":29684,"relics_obtained":[{"floor":6.0,"key":"Bronze Scales"},{"floor":9.0,"key":"Sundial"},{"floor":26,"key":"Happy Flower"},{"floor":28,"key":"Yang"}],"event_choices":[{"damage_healed":0.0,"max_hp_gain":0.0,"max_hp_loss":0.0,"gold_gain":75.0,"event_name":"World of Goop","player_choice":"Gather Gold","floor":4.0,"gold_loss":0.0,"damage_taken":11.0},{"damage_healed":0.0,"max_hp_gain":0.0,"max_hp_loss":0.0,"gold_gain":0.0,"event_name":"Living Wall","player_choice":"Grow","floor":5.0,"gold_loss":0.0,"damage_taken":0.0,"cards_upgraded":["Eruption"]},{"damage_healed":0,"gold_gain":0,"player_choice":"Lose Max HP","damage_taken":0,"relics_obtained":["Golden Idol"],"max_hp_gain":0,"max_hp_loss":5,"event_name":"Golden Idol","floor":12,"gold_loss":0},{"damage_healed":0,"gold_gain":0,"cards_transformed":["Strike_P"],"player_choice":"Transformed","damage_taken":0,"max_hp_gain":0,"max_hp_loss":0,"event_name":"Transmorgrifier","floor":13,"gold_loss":0,"cards_obtained":["Establishment"]},{"damage_healed":0,"gold_gain":0,"player_choice":"Simplicity","damage_taken":0,"max_hp_gain":0,"max_hp_loss":0,"event_name":"Back to Basics","floor":21,"gold_loss":0,"cards_upgraded":["Strike_P","Strike_P","Defend_P","Defend_P","Defend_P","Defend_P"]},{"damage_healed":0,"gold_gain":0,"player_choice":"Became a Ghost","damage_taken":0,"max_hp_gain":0,"max_hp_loss":34,"event_name":"Ghosts","floor":27,"gold_loss":0,"cards_obtained":["Ghostly","Ghostly","Ghostly","Ghostly","Ghostly"]},{"damage_healed":0,"gold_gain":0,"player_choice":"Ignored","damage_taken":0,"max_hp_gain":0,"max_hp_loss":0,"event_name":"Cursed Tome","floor":29,"gold_loss":0},{"damage_healed":0,"gold_gain":0,"player_choice":"Inject Mutagens","damage_taken":0,"relics_obtained":["MutagenicStrength"],"max_hp_gain":0,"max_hp_loss":0,"event_name":"Drug Dealer","floor":31,"gold_loss":0}],"is_beta":false,"boss_relics":[{"not_picked":["Runic Pyramid","VioletLotus"],"picked":"Cursed Key"}],"items_purged_floors":[3,19],"is_endless":false,"potions_floor_spawned":[2,8,11],"killed_by":"Automaton","ascension_level":0}}