{"host":"avjwtc49fhlk6kym","time":1609287777,"event":{"mods":["AchievementEnabler","BaseMod","Better Match","Better Note","Better Third Choice","Colored Map","Colored Powertips","Displayed Cursed Tome","Highlight Path","Minty Spire (QoL Compilation)","Permanent Neow","Quick Restart","StSLib"],"gold_per_floor":[118,128,128,139,154,154,188,188,188,188,188,188,201,46,46,148,198,215,215,8,23,23,23,23,23,23,23,41,61,61,61],"floor_reached":30,"playtime":806,"items_purged":[],"score":228,"play_id":"d218c481-79de-437b-a97b-bf16122f9a87","local_time":"20201229192257","is_ascension_mode":false,"campfire_choices":[{"data":"CrushJoints","floor":6.0,"key":"SMITH"},{"floor":8.0,"key":"REST"},{"floor":10.0,"key":"REST"},{"data":"Apotheosis","floor":15.0,"key":"SMITH"},{"floor":24,"key":"REST"},{"data":"CrushJoints","floor":27,"key":"SMITH"}],"circlet_count":0,"master_deck":["Strike_P","Strike_P","Strike_P","Defend_P+1","Defend_P","Defend_P","Eruption","Vigilance","CrushJoints+1","ThirdEye","Conclude","ReachHeaven","Devotion","Protect","Apotheosis+1","Establishment","Protect","BowlingBash+1","CrushJoints+1","Necronomicurse","CrushJoints","LikeWater+1"],"relics":["SlaversCollar","The Courier","Bottled Flame","Potion Belt","Tiny House","Mummified Hand","Necronomicon","Toxic Egg 2"],"acts_visited":["Exordium","TheCity"],"potions_floor_usage":[16,28,30],"damage_taken":[{"damage":0.0,"enemies":"Small Slimes","floor":1.0,"turns":2.0},{"damage":0.0,"enemies":"Cultist","floor":2.0,"turns":2.0},{"damage":7.0,"enemies":"Jaw Worm","floor":4.0,"turns":4.0},{"damage":8.0,"enemies":"Looter","floor":5.0,"turns":3.0},{"damage":23.0,"enemies":"Lagavulin","floor":7.0,"turns":6.0},{"damage":9.0,"enemies":"2 Fungi Beasts","floor":13.0,"turns":2.0},{"damage":7,"enemies":"The Guardian","floor":16,"turns":7},{"damage":35,"enemies":"2 Thieves","floor":18,"turns":5},{"damage":3,"enemies":"Chosen","floor":21,"turns":4},{"damage":23,"enemies":"Centurion and Healer","floor":28,"turns":5},{"damage":14,"enemies":"Sentry and Sphere","floor":29,"turns":5},{"damage":14,"enemies":"Snake Plant","floor":30,"turns":4}],"seed_played":"-6258680678728345645","potions_obtained":[{"floor":4.0,"key":"CultistPotion"},{"floor":13.0,"key":"PowerPotion"},{"floor":17,"key":"CultistPotion"},{"floor":21,"key":"BlessingOfTheForge"}],"is_trial":false,"path_per_floor":["M","M","?","M","M","R","E","R","T","R","?","T","M","$","R","B",null,"M","?","$","M","?","$","R","?","T","R","M","M","M"],"character_chosen":"WATCHER","items_purchased":["Apotheosis","Mummified Hand"],"campfire_rested":3,"item_purchase_floors":[14,20],"current_hp_per_floor":[72,72,72,65,57,57,34,55,55,72,52,52,43,43,43,36,77,42,42,42,39,23,23,46,46,46,46,23,9,0,0],"gold":61,"neow_bonus":"BOSS_RELIC","is_daily":false,"chose_seed":false,"campfire_upgraded":3,"win_rate":0.0,"timestamp":1609287777,"path_taken":["M","M","?","?","M","R","E","R","T","R","?","?","M","$","R","BOSS","M","?","$","M","?","?","R","?","T","R","?","M","M"],"items_purchased_type":["Card","Relic"],"build_version":"2020-12-22","purchased_purges":0,"victory":false,"max_hp_per_floor":[72,72,72,72,72,72,72,72,72,72,72,72,72,72,72,72,77,77,77,77,77,77,77,77,77,77,77,77,77,77,77],"card_choices":[{"not_picked":["PathToVictory","FollowUp"],"picked":"CrushJoints","floor":1.0},{"not_picked":["Crescendo","EmptyBody"],"picked":"ThirdEye","floor":2.0},{"not_picked":["Crescendo","Worship"],"picked":"Conclude","floor":4.0},{"not_picked":["JustLucky","SashWhip"],"picked":"ReachHeaven","floor":5.0},{"not_picked":["Establishment","ClearTheMind"],"picked":"Devotion","floor":7.0},{"not_picked":["Indignation","SashWhip"],"picked":"Protect","floor":13.0},{"not_picked":["Ragnarok","Devotion"],"picked":"Establishment","floor":16},{"not_picked":["Consecrate","FlurryOfBlows"],"picked":"Protect","floor":17},{"not_picked":["SashWhip","ThirdEye"],"picked":"BowlingBash+1","floor":18},{"not_picked":["Adaptation+1","BowlingBash+1"],"picked":"CrushJoints","floor":21},{"not_picked":["Perseverance+1","Conclude+1"],"picked":"CrushJoints","floor":28},{"not_picked":["WaveOfTheHand+1","FlyingSleeves"],"picked":"LikeWater+1","floor":29}],"player_experience":355956,"relics_obtained":[{"floor":7.0,"key":"The Courier"},{"floor":9.0,"key":"Bottled Flame"},{"floor":26,"key":"Toxic Egg 2"}],"event_choices":[{"cards_removed":["Defend_P"],"damage_healed":0.0,"max_hp_gain":0.0,"max_hp_loss":0.0,"gold_gain":0.0,"event_name":"Bonfire Elementals","player_choice":"Offered Basic","floor":3.0,"gold_loss":0.0,"damage_taken":0.0},{"damage_healed":0.0,"max_hp_gain":0.0,"max_hp_loss":0.0,"gold_gain":0.0,"event_name":"betterThird:BetterScrap","player_choice":"Relic ","floor":11.0,"gold_loss":0.0,"damage_taken":20.0,"cards_obtained":["Thunder Strike"]},{"cards_removed":["Defend_P"],"damage_healed":0,"gold_gain":0,"player_choice":"Give","damage_taken":0,"max_hp_gain":0,"max_hp_loss":0,"event_name":"betterNote:BetterNote","floor":19,"gold_loss":0,"cards_obtained":["Strike_P"]},{"damage_healed":0,"gold_gain":0,"player_choice":"Obtained Book","damage_taken":16,"max_hp_gain":0,"max_hp_loss":0,"event_name":"Cursed Tome","floor":22,"gold_loss":0},{"cards_removed":["Strike_P"],"damage_healed":0,"gold_gain":0,"player_choice":"Purged","damage_taken":0,"max_hp_gain":0,"max_hp_loss":0,"event_name":"Purifier","floor":25,"gold_loss":0}],"is_beta":false,"boss_relics":[{"not_picked":["Astrolabe","Fusion Hammer"],"picked":"Tiny House"}],"items_purged_floors":[],"is_endless":false,"potions_floor_spawned":[4,13,21],"killed_by":"Snake Plant","ascension_level":0}}