{"host":"96bpdudduaq3ttpf","time":1609369661,"event":{"mods":["Act Like it!","Astrologer","Bard","Bartender","BaseMod","CapriCore","Challenge The Spire","Chen","Downfall","Elementarium","Energized Spire","Friendly Minions","GifTheSpireLib","Hallownest","Hermit","Jorbs\u0027s Wanderer Trilogy","Koishi","Mari Mod (Legacy)","Mari\u0027s V1 Patch","Marisa????????","Mimic Mod","Minty Spire (QoL Compilation)","Prisma Mod","Remilia??????","Replay The Spire","Shade Mod","StSLib","Td1madao Mod","The Administrix","The Bladedancer","The Bug Knight","The Construct","The Cursed","The Factory","The Gatherer","The Hierophant","The Immortal","The IronCluck","The Jungle","The Marked","The Mystic","The Necromancer","The Runesmith","The Servant 0.9.4","Wandering Minibosses","WarShipGirlsR/????R mod","Yohane!","Yuyuko"],"gold_per_floor":[115,134,134,134,145,145,157,157,184,184,218,240,264,303,303,417,417,443,443,443,478,112,112,147,127,127,153,153,56,76,76],"floor_reached":30,"playtime":1408,"items_purged":["Decay"],"score":307,"play_id":"f8bc4e76-8c50-4143-8cb3-ca2428474887","local_time":"20201230160741","is_ascension_mode":false,"campfire_choices":[{"data":"rmod:ammunitionsupply","floor":6,"key":"SMITH"},{"data":"rmod:openingtorpedo","floor":10,"key":"SMITH"},{"floor":15,"key":"REST"},{"data":"rmod:expedition+1","floor":23,"key":"SMITH"},{"floor":28,"key":"RECALL"}],"circlet_count":0,"master_deck":["rmod:strick","rmod:strick","rmod:strick","rmod:defend+1","rmod:defend","rmod:defend","rmod:defend","rmod:basicallowance","rmod:maingunfire","rmod:guardianhero","rmod:ammunitionsupply+1","RedRainbow","Gatherer:Examine","rmod:openingtorpedo+1","Clothesline","sneckomod:UnknownUncommonSkill","Chen:SurpriseAttack","PrismaMod:IllyaInstallSaber","Hallucinations","Elementarium:StickyTar","stsjorbsmod:Procrastination","PrismaMod:IllyaPoisonBomb+1","sneckomod:UnknownStrike","Koishi:JumpScare+1","rmod:diamondstrike+1","rmod:expedition+2","PrismaMod:MiyuDevil+1","SprinkleStarSeal","astrologer:Confirmation","rmod:fletcherpendant+1","rmod:fletcher+1"],"relics":["rmod:firstchargereward","PrismaticShard","Cleaning_Rag","Replay:Bandana","Boot","Replay:Ancient Bell","Lantern","Golden Egg","Prayer Wheel","Membership Card","Quantum Egg"],"acts_visited":["Exordium","TheCity"],"potions_floor_usage":[5,24,24],"damage_taken":[{"damage":4,"enemies":"Jaw Worm","floor":1,"turns":4},{"damage":0,"enemies":"2 Louse","floor":2,"turns":2},{"damage":12,"enemies":"Cultist","floor":5,"turns":2},{"damage":21,"enemies":"Exordium Thugs","floor":7,"turns":7},{"damage":0,"enemies":"Large Slime","floor":11,"turns":5},{"damage":1,"enemies":"2 Fungi Beasts","floor":12,"turns":2},{"damage":0,"enemies":"Red Slaver","floor":13,"turns":2},{"damage":0,"enemies":"Gremlin Nob","floor":14,"turns":2},{"damage":20,"enemies":"Slime Boss","floor":16,"turns":7},{"damage":30,"enemies":"Spheric Guardian","floor":18,"turns":4},{"damage":12,"enemies":"2 Thieves","floor":21,"turns":4},{"damage":15,"enemies":"Snake Plant","floor":24,"turns":3},{"damage":11,"enemies":"Chosen and Byrds","floor":27,"turns":5},{"damage":35,"enemies":"Centurion and Healer","floor":30,"turns":4}],"seed_played":"5878769144774639444","potions_obtained":[{"floor":1,"key":"Death Potion"},{"floor":7,"key":"Adrenaline Potion"},{"floor":11,"key":"Cursed Concoction"},{"floor":14,"key":"Fire Potion"},{"floor":16,"key":"DuplicationPotion"},{"floor":21,"key":"Adrenaline Potion"},{"floor":24,"key":"EssenceOfSteel"},{"floor":25,"key":"FearPotion"}],"is_trial":false,"path_per_floor":["M","M","?","?","M","R","M","?","T","R","M","M","M","E","R","B",null,"M","?","?","M","$","R","M","?","T","M","R","$","M"],"character_chosen":"PRAEFECT","items_purchased":["Membership Card","rmod:diamondstrike","rmod:expedition","Quantum Egg","rmod:fletcherpendant","rmod:fletcher"],"campfire_rested":1,"item_purchase_floors":[22,22,22,22,29,29],"current_hp_per_floor":[71,71,71,68,56,56,35,35,35,35,35,34,34,34,56,56,75,45,45,45,33,33,33,33,33,33,29,29,29,0,0],"gold":76,"neow_bonus":"RANDOM_EVENT","is_daily":false,"chose_seed":false,"campfire_upgraded":3,"win_rate":0.0,"timestamp":1609369661,"path_taken":["M","M","?","?","M","R","M","?","T","R","M","?","M","E","R","BOSS","M","?","?","M","$","R","M","?","T","M","R","$","M"],"items_purchased_type":["Relic","Card","Card","Relic","Card","Card"],"build_version":"2020-12-22","purchased_purges":1,"victory":false,"max_hp_per_floor":[75,75,75,75,75,75,75,75,75,75,75,75,75,75,75,75,75,75,75,75,75,75,75,75,75,75,75,75,75,75,75],"card_choices":[{"not_picked":["rmod:diamondstrike","rmod:unsinkable"],"picked":"rmod:guardianhero","floor":1},{"not_picked":["rmod:supportescort","rmod:tearstotiara"],"picked":"rmod:ammunitionsupply","floor":2},{"not_picked":["ReplayTheSpireMod:The Works","Yohane:Allure_of_Darkness"],"picked":"RedRainbow","floor":5},{"not_picked":["MokouMod:Sear","DragonMeteor"],"picked":"Gatherer:Examine","floor":7},{"not_picked":["Chen:Fadeout","MariMod:Mari_Its_Joke","Guardian:MultiBeam"],"picked":"SKIP","floor":11},{"not_picked":["Stifle","construct:Synchronize"],"picked":"Clothesline","floor":12},{"not_picked":["Acceleration","theMarked:Generate"],"picked":"sneckomod:UnknownUncommonSkill","floor":13},{"not_picked":["Gatherer:SmartManeuver","MokouMod:InfernalWave"],"picked":"Chen:SurpriseAttack","floor":14},{"not_picked":["Chen:Clarity","PrismaMod:IllyaInstallCaster"],"picked":"PrismaMod:IllyaInstallSaber","floor":16},{"not_picked":["hexamod:Haunted","CommonCold"],"picked":"Hallucinations","floor":17},{"not_picked":["Wraith","Overencumbered"],"picked":"Elementarium:StickyTar","floor":17},{"not_picked":["Replay:Sluggish","Languid"],"picked":"stsjorbsmod:Procrastination","floor":17},{"not_picked":["Death_March_Dance","Conserve Battery+1"],"picked":"PrismaMod:IllyaPoisonBomb+1","floor":18},{"not_picked":["Guardian:ArmoredProtocol+1","hermit:Quickdraw","MariMod:Mari_Fragile_Hope"],"picked":"SKIP","floor":18},{"not_picked":["Koishi:RacingHeart+1","Gatherer:UpgradeBag"],"picked":"sneckomod:UnknownStrike","floor":21},{"not_picked":["mysticmod:StyleChange","HollowMod:CycloneSlash"],"picked":"Koishi:JumpScare+1","floor":21},{"not_picked":["theMarked:CreepingChasm","HeartBreak"],"picked":"PrismaMod:MiyuDevil+1","floor":24},{"not_picked":["construct:VentSteam","Guardian:Incinerate"],"picked":"SprinkleStarSeal","floor":24},{"not_picked":["bard:Thunderwave","hermit:Coalescence"],"picked":"astrologer:Confirmation","floor":27},{"not_picked":["Hidden Blade+1","stsjorbsmod:BlackTentacles_Cull","Steamed Phantom"],"picked":"SKIP","floor":27}],"player_experience":755809,"relics_obtained":[{"floor":9,"key":"Replay:Bandana"},{"floor":14,"key":"Boot"}],"event_choices":[{"damage_healed":0,"gold_gain":0,"player_choice":"Success","damage_taken":3,"relics_obtained":["Cleaning_Rag"],"max_hp_gain":0,"max_hp_loss":0,"event_name":"Scrap Ooze","floor":4,"gold_loss":0},{"damage_healed":0,"gold_gain":0,"cards_transformed":["rmod:strick"],"player_choice":"Transformed","damage_taken":0,"max_hp_gain":0,"max_hp_loss":0,"event_name":"Transmorgrifier","floor":8,"gold_loss":0,"cards_obtained":["rmod:openingtorpedo"]},{"damage_healed":0,"gold_gain":0,"player_choice":"Smashed Altar","damage_taken":0,"max_hp_gain":0,"max_hp_loss":0,"event_name":"Forgotten Altar","floor":19,"gold_loss":0,"cards_obtained":["Decay"]},{"damage_healed":0,"gold_gain":0,"player_choice":"Bought 1 Potion","damage_taken":0,"max_hp_gain":0,"max_hp_loss":0,"event_name":"The Woman in Blue","floor":25,"gold_loss":0}],"is_beta":false,"boss_relics":[{"not_picked":["Sozu","Kintsugi"],"picked":"Replay:Ancient Bell"},{"not_picked":["Smiling Mask","Anchor"],"picked":"Lantern"},{"not_picked":["ReplayTheSpireMod:Shallot","Replay:Accelerometer"],"picked":"Golden Egg"},{"not_picked":["FossilizedHelix","Turnip"],"picked":"Prayer Wheel"}],"items_purged_floors":[22],"is_endless":false,"potions_floor_spawned":[1,7,11,14,16,21,24],"killed_by":"Centurion and Healer","ascension_level":0}}