{"host":"g520aj7wy7fyc13m","time":1609311139,"event":{"mods":["2.2 Compatiblity","AlwaysNeverKeys","Aspiration","BaseMod","Better Sensory Stone","Better Third Choice","Colored Powertips","Downfall","Hermit","Jorbs\u0027s Wanderer Trilogy","Minty Spire (QoL Compilation)","Permanent Neow","Quick Restart","Random Character Button","StSLib","The Disciple","The Runesmith","egg"],"gold_per_floor":[18,18,33,44,0,0,13,24,24,40,115,115,115,115,115,218,218,233,233,158,158,177,194,226,226,226,226,226,226],"floor_reached":27,"playtime":2068,"items_purged":["champ:Strike"],"score":248,"play_id":"827e79c2-eb6f-4c28-825d-7d13cd83f73a","local_time":"20201230065219","is_ascension_mode":false,"campfire_choices":[{"data":"champ:FocusedBerserking","floor":6,"key":"SMITH"},{"floor":12,"key":"REST"},{"data":"champ:Taunt","floor":15,"key":"SMITH"},{"data":"Heavy Blade","floor":25,"key":"SMITH"}],"circlet_count":0,"master_deck":["champ:Strike","champ:Strike","champ:Strike","champ:Defend","champ:Defend","champ:Defend","champ:Execute","champ:Taunt+1","champ:LastStand","champ:AdrenalArmor","champ:FocusedBerserking+1","champ:FanOfKnives","champ:BringItOn","champ:HeartStrike","champ:AdrenalArmor","champ:AdrenalArmor","Heavy Blade+1","champ:CalledShot+1"],"relics":["champ:ChampionCrown","Pocketwatch","aspiration:BabyByrd","aspiration:IroncladSkillbook","CaptainsWheel","Eternal Feather"],"acts_visited":["Exordium","TheCity"],"potions_floor_usage":[4,4,16,16,22],"damage_taken":[{"damage":20,"enemies":"Small Slimes","floor":1,"turns":6},{"damage":14,"enemies":"2 Louse","floor":3,"turns":5},{"damage":23,"enemies":"Cultist","floor":4,"turns":8},{"damage":20,"enemies":"Looter","floor":5,"turns":5},{"damage":7,"enemies":"2 Fungi Beasts","floor":7,"turns":4},{"damage":16,"enemies":"Exordium Thugs","floor":8,"turns":6},{"damage":16,"enemies":"Red Slaver","floor":10,"turns":5},{"damage":78,"enemies":"The Guardian","floor":16,"turns":14},{"damage":32,"enemies":"Shell Parasite","floor":18,"turns":8},{"damage":43,"enemies":"Spheric Guardian","floor":22,"turns":3},{"damage":34,"enemies":"Snecko","floor":23,"turns":5},{"damage":137,"enemies":"Gremlin Leader","floor":24,"turns":7},{"damage":30,"enemies":"Snake Plant","floor":27,"turns":2}],"seed_played":"8146124961467320766","potions_obtained":[{"floor":1,"key":"EssenceOfSteel"},{"floor":3,"key":"SpeedPotion"},{"floor":8,"key":"LiquidBronze"},{"floor":10,"key":"ColorlessPotion"},{"floor":18,"key":"champ:UltimateStancePotion"}],"is_trial":false,"path_per_floor":["M","?","M","M","M","R","M","M","T","M","?","R","?","?","R","B",null,"M","?","$","?","M","M","E","R","T","M"],"character_chosen":"THE_CHAMP","items_purchased":[],"campfire_rested":1,"item_purchase_floors":[],"current_hp_per_floor":[80,80,80,63,56,56,56,44,44,37,26,53,53,53,53,34,90,90,84,84,49,53,57,27,27,27,0,0,0],"gold":226,"neow_bonus":"THREE_RARE_CARDS","is_daily":false,"chose_seed":false,"campfire_upgraded":3,"win_rate":0.0,"timestamp":1609311139,"path_taken":["M","?","M","M","M","R","M","M","T","?","?","R","?","?","R","BOSS","M","?","$","?","M","M","E","R","T","M"],"items_purchased_type":[],"build_version":"2020-12-22","purchased_purges":1,"victory":false,"max_hp_per_floor":[90,90,90,90,90,90,90,90,90,90,90,90,90,90,90,90,90,90,90,90,90,90,90,90,90,90,90,90,90],"card_choices":[{"not_picked":["champ:Devastate","champ:DancingMaster"],"picked":"champ:LastStand","floor":0},{"not_picked":["champ:StanceDance","champ:Lariat"],"picked":"champ:AdrenalArmor","floor":1},{"not_picked":["champ:FlashCut","champ:IronFortress"],"picked":"champ:FocusedBerserking","floor":3},{"not_picked":["champ:GladiatorsShout","champ:IronFortress"],"picked":"champ:FanOfKnives","floor":4},{"not_picked":["champ:Backstep","champ:Duel"],"picked":"champ:BringItOn","floor":5},{"not_picked":["champ:AdrenalArmor","champ:RecklessLeap"],"picked":"champ:HeartStrike","floor":7},{"not_picked":["champ:BerserkersShout","champ:GladiatorsShout"],"picked":"champ:AdrenalArmor","floor":8},{"not_picked":["champ:VampiricStrike","champ:Circumvent"],"picked":"champ:AdrenalArmor","floor":10},{"not_picked":["champ:PerfectedStrike","Wild Strike","Clash"],"picked":"Heavy Blade","floor":18},{"not_picked":["Clash","champ:FocusedGladiator","Rage","Cleave"],"picked":"SKIP","floor":22},{"not_picked":["champ:BladeFlurry+1","champ:CrookedStrike+1","Heavy Blade"],"picked":"champ:CalledShot+1","floor":23},{"not_picked":["Immolate","Warcry","champ:DefensiveStyle","Shrug It Off"],"picked":"SKIP","floor":24}],"player_experience":578432,"relics_obtained":[{"floor":9,"key":"Pocketwatch"},{"floor":24,"key":"CaptainsWheel"},{"floor":26,"key":"Eternal Feather"}],"event_choices":[{"damage_healed":0,"gold_gain":1,"player_choice":"1","damage_taken":0,"max_hp_gain":0,"max_hp_loss":0,"event_name":"betterStone:BetterStone","floor":2,"gold_loss":0},{"damage_healed":0,"gold_gain":75,"player_choice":"Gold","damage_taken":11,"max_hp_gain":0,"max_hp_loss":0,"event_name":"betterThird:BetterGoop","floor":11,"gold_loss":0},{"cards_removed":["champ:Defend"],"damage_healed":0,"gold_gain":0,"player_choice":"Forget","damage_taken":0,"max_hp_gain":0,"max_hp_loss":0,"event_name":"Living Wall","floor":13,"gold_loss":0},{"damage_healed":0,"gold_gain":0,"player_choice":"","damage_taken":6,"max_hp_gain":0,"max_hp_loss":0,"event_name":"Knowing Skull","floor":19,"potions_obtained":[],"gold_loss":0,"cards_obtained":[]}],"is_beta":false,"boss_relics":[{"not_picked":["aspiration:WatcherSkillbook","aspiration:FutureDiary"],"picked":"aspiration:IroncladSkillbook"}],"items_purged_floors":[20],"is_endless":false,"potions_floor_spawned":[1,3,8,10,18],"killed_by":"Snake Plant","ascension_level":0}}