{"host":"l7bqp3ve1ygltd7f","time":1609333650,"event":{"mods":["BaseMod","Downfall","Hermit","Minty Spire (QoL Compilation)","StSLib","The Bug Knight","The Construct","The Cursed","The Hierophant","The Jungle","The Poker Player","The Runesmith","The Servant 0.9.4"],"gold_per_floor":[115,115,390,36,46,46,81,81,81,108,119,119,119,119,119,218,218,228,128,128,147,147,173,192,192,216,216,216,235,235,247,247,247,247],"floor_reached":33,"playtime":1167,"items_purged":["Regret","Regret"],"score":340,"play_id":"04c00ac7-aca0-429a-a812-aa54d1169864","local_time":"20201230210730","is_ascension_mode":true,"campfire_choices":[{"data":"Rupture","floor":6,"key":"SMITH"},{"data":"Twin Strike","floor":8,"key":"SMITH"},{"floor":15,"key":"RECALL"},{"data":"RitualDagger","floor":25,"key":"SMITH"},{"data":"Heavy Blade","floor":27,"key":"SMITH"},{"floor":30,"key":"REST"},{"data":"Bash","floor":32,"key":"SMITH"}],"circlet_count":0,"master_deck":["Strike_R","Strike_R","Strike_R","Strike_R","Strike_R","Defend_R+1","Defend_R+1","Defend_R","Bash+1","Twin Strike+1","Rupture+1","Flex+1","RitualDagger+1","Clash+1","Ghostly Armor","Heavy Blade+1","Intimidate","Sword Boomerang+1"],"relics":["Burning Blood","NeowsBlessing","Gremlin Horn","Mercury Hourglass","Runesmith:Nanobots","Juzu Bracelet","Self Forming Clay","SlaversCollar","FaceOfCleric","War Paint","Art of War"],"acts_visited":["Exordium","TheCity"],"potions_floor_usage":[16,16,29,29,33,33,33,33,33],"damage_taken":[{"damage":0,"enemies":"Small Slimes","floor":1,"turns":1},{"damage":0,"enemies":"Cultist","floor":5,"turns":1},{"damage":0,"enemies":"3 Sentries","floor":7,"turns":1},{"damage":16,"enemies":"Gremlin Nob","floor":10,"turns":3},{"damage":0,"enemies":"2 Louse","floor":11,"turns":2},{"damage":59,"enemies":"Slime Boss","floor":16,"turns":11},{"damage":14,"enemies":"Spheric Guardian","floor":18,"turns":3},{"damage":12,"enemies":"Chosen","floor":21,"turns":3},{"damage":15,"enemies":"Slavers","floor":23,"turns":3},{"damage":6,"enemies":"3 Cultists","floor":24,"turns":5},{"damage":0,"enemies":"Snake Plant","floor":29,"turns":1},{"damage":3,"enemies":"Sentry and Sphere","floor":31,"turns":3},{"damage":76,"enemies":"Automaton","floor":33,"turns":8}],"seed_played":"-1836630114897727565","potions_obtained":[{"floor":1,"key":"Guardian:BlockOnCardUsePotion"},{"floor":10,"key":"HeartOfIron"},{"floor":11,"key":"Weak Potion"},{"floor":23,"key":"EntropicBrew"},{"floor":24,"key":"SteroidPotion"},{"floor":31,"key":"Weak Potion"}],"is_trial":false,"path_per_floor":["M","?","?","$","M","R","E","R","T","E","M","?","?","T","R","B",null,"M","$","?","M","?","E","M","R","T","R","?","M","R","M","R","B"],"character_chosen":"IRONCLAD","items_purchased":["Gremlin Horn","Rupture"],"campfire_rested":1,"item_purchase_floors":[4,4],"current_hp_per_floor":[80,80,80,80,80,80,80,80,80,70,76,76,76,76,76,23,80,72,72,66,60,60,52,53,53,53,53,37,44,70,74,74,0,0],"gold":247,"neow_bonus":"THREE_ENEMY_KILL","is_daily":false,"chose_seed":false,"campfire_upgraded":5,"win_rate":0.0,"timestamp":1609333650,"path_taken":["M","?","?","$","?","R","E","R","T","E","M","?","?","?","R","BOSS","M","$","?","M","?","E","M","R","T","R","?","M","R","M","R","BOSS"],"items_purchased_type":["Relic","Card"],"build_version":"2020-12-22","purchased_purges":2,"victory":false,"max_hp_per_floor":[80,80,80,80,80,80,80,80,80,80,80,80,80,80,80,80,80,80,80,80,80,80,81,82,82,82,82,87,88,88,89,89,89,89],"card_choices":[{"not_picked":["Burning Pact","Hemokinesis"],"picked":"Twin Strike","floor":1},{"not_picked":["Thunderclap","Battle Trance","Anger"],"picked":"SKIP","floor":5},{"not_picked":["Pommel Strike","Reckless Charge","Body Slam"],"picked":"SKIP","floor":7},{"not_picked":["Clothesline","Sword Boomerang","Sever Soul"],"picked":"SKIP","floor":10},{"not_picked":["Feel No Pain","Anger","Body Slam"],"picked":"SKIP","floor":11},{"not_picked":["Entrench+1","Heavy Blade"],"picked":"Flex+1","floor":18},{"not_picked":["Heavy Blade+1","Iron Wave"],"picked":"Clash+1","floor":21},{"not_picked":["Pommel Strike","Juggernaut"],"picked":"Ghostly Armor","floor":23},{"not_picked":["Fire Breathing","Entrench"],"picked":"Heavy Blade","floor":24},{"not_picked":["Cleave","True Grit"],"picked":"Intimidate","floor":29},{"not_picked":["Dropkick","Blood for Blood"],"picked":"Sword Boomerang+1","floor":31}],"player_experience":140293,"relics_obtained":[{"floor":7,"key":"Mercury Hourglass"},{"floor":9,"key":"Runesmith:Nanobots"},{"floor":10,"key":"Juzu Bracelet"},{"floor":23,"key":"War Paint"},{"floor":26,"key":"Art of War"}],"event_choices":[{"cards_removed":["Defend_R"],"damage_healed":0,"gold_gain":0,"player_choice":"Forget","damage_taken":0,"max_hp_gain":0,"max_hp_loss":0,"event_name":"Living Wall","floor":2,"gold_loss":0},{"damage_healed":0,"gold_gain":275,"player_choice":"Desecrate","damage_taken":0,"max_hp_gain":0,"max_hp_loss":0,"event_name":"Golden Shrine","floor":3,"gold_loss":0,"cards_obtained":["Regret"]},{"damage_healed":0,"gold_gain":0,"player_choice":"Box","damage_taken":0,"relics_obtained":["Self Forming Clay"],"max_hp_gain":0,"max_hp_loss":0,"event_name":"Big Fish","floor":12,"gold_loss":0,"cards_obtained":["Regret"]},{"damage_healed":0,"gold_gain":0,"player_choice":"Ignored","damage_taken":0,"max_hp_gain":0,"max_hp_loss":0,"event_name":"Liars Game","floor":13,"gold_loss":0},{"damage_healed":0,"gold_gain":0,"player_choice":"Joined the Cult","damage_taken":6,"max_hp_gain":0,"max_hp_loss":0,"event_name":"Nest","floor":20,"gold_loss":0,"cards_obtained":["RitualDagger"]},{"damage_healed":0,"gold_gain":0,"player_choice":"Trade","damage_taken":0,"relics_obtained":["FaceOfCleric"],"max_hp_gain":0,"max_hp_loss":0,"event_name":"FaceTrader","floor":22,"gold_loss":0},{"damage_healed":0,"gold_gain":0,"player_choice":"Shed Blood","damage_taken":21,"max_hp_gain":5,"max_hp_loss":0,"event_name":"Forgotten Altar","floor":28,"gold_loss":0}],"is_beta":false,"boss_relics":[{"not_picked":["Ectoplasm","Cursed Key"],"picked":"SlaversCollar"}],"items_purged_floors":[4,19],"is_endless":false,"potions_floor_spawned":[1,10,11,23,24,31],"killed_by":"Automaton","ascension_level":3}}