{"host":"agflykcedf93aoo8","time":1609365203,"event":{"mods":["BaseMod","Hermit","Minty Spire (QoL Compilation)","StSLib","Td1madao Mod","The Bug Knight","The Cursed","The Gatherer","The Hierophant","The Runesmith"],"gold_per_floor":[113,167,180,180,26,96,96,135,135,207,233,259,309,355,355,454,454,504,464,496,27,99,99,99,198,198,248,292,352,352,134,134,243,243,277,499,544,67,67,67,103,137,189,261,4,4,59,83,83,90],"floor_reached":51,"playtime":6043,"items_purged":["hermit:Snapshot"],"score":804,"play_id":"c408ae13-070e-4021-8503-00b5c99fbf63","local_time":"20201231065323","is_ascension_mode":true,"campfire_choices":[{"floor":7,"key":"REST"},{"data":"hermit:HighNoon","floor":15,"key":"SMITH"},{"data":"hermit:DeadOrAlive","floor":23,"key":"SMITH"},{"data":"hermit:DeadMansHand","floor":30,"key":"PURGE"},{"data":"hermit:Brawl","floor":32,"key":"SMITH"},{"data":"Apotheosis","floor":40,"key":"SMITH"},{"data":"hermit:LoneWolf","floor":49,"key":"SMITH"}],"circlet_count":0,"master_deck":["hermit:Defend_Hermit","hermit:Defend_Hermit","hermit:Defend_Hermit","hermit:Covet","hermit:Scavenge+1","hermit:DeadOrAlive+1","hermit:EyeOfTheStorm","hermit:GhostlyPresence","hermit:DeadOrAlive","hermit:HighNoon+1","hermit:DeadOrAlive","hermit:Brawl+1","Bite","Bite","Bite","Bite","Bite","hermit:Gambit","hermit:LoneWolf+1","Apotheosis+1","hermit:Malice","hermit:EyeOfTheStorm","hermit:FlashPowder+1","hermit:Dive+1","hermit:Deadeye+1"],"relics":["Runic Pyramid","Anchor","Peace Pipe","Bottled Lightning","Thread and Needle","hermit:BartenderGlass","Mummified Hand","OrangePellets","Red Mask","hermit:Spyglass","Bag of Preparation","hermit:DentedPlate","Orichalcum","ClockworkSouvenir","Gremlin Horn","Lantern","Pen Nib","hermit:Horseshoe"],"acts_visited":["Exordium","TheCity","TheBeyond"],"potions_floor_usage":[10,14,20,20,20,22,22,27,27,29,29,33,33,35,37,41,42,42,42,44,44,47,48,48,50,50],"damage_taken":[{"damage":1,"enemies":"Cultist","floor":1,"turns":3},{"damage":0,"enemies":"2 Louse","floor":3,"turns":2},{"damage":39,"enemies":"Lagavulin","floor":6,"turns":7},{"damage":0,"enemies":"Jaw Worm","floor":8,"turns":3},{"damage":0,"enemies":"3 Sentries","floor":10,"turns":9},{"damage":0,"enemies":"Red Slaver","floor":11,"turns":4},{"damage":0,"enemies":"Lots of Slimes","floor":12,"turns":6},{"damage":0,"enemies":"Gremlin Gang","floor":13,"turns":5},{"damage":0,"enemies":"Large Slime","floor":14,"turns":5},{"damage":10,"enemies":"Hexaghost","floor":16,"turns":15},{"damage":16,"enemies":"2 Thieves","floor":18,"turns":5},{"damage":5,"enemies":"Spheric Guardian","floor":20,"turns":6},{"damage":24,"enemies":"Masked Bandits","floor":22,"turns":7},{"damage":42,"enemies":"Centurion and Healer","floor":27,"turns":8},{"damage":16,"enemies":"Shelled Parasite and Fungi","floor":28,"turns":7},{"damage":9,"enemies":"3 Cultists","floor":29,"turns":7},{"damage":81,"enemies":"Champ","floor":33,"turns":22},{"damage":6,"enemies":"Orb Walker","floor":35,"turns":5},{"damage":7,"enemies":"3 Shapes","floor":37,"turns":6},{"damage":14,"enemies":"3 Darklings","floor":41,"turns":7},{"damage":59,"enemies":"Giant Head","floor":42,"turns":13},{"damage":55,"enemies":"Nemesis","floor":44,"turns":13},{"damage":0,"enemies":"Sphere and 2 Shapes","floor":47,"turns":3},{"damage":11,"enemies":"Spire Growth","floor":48,"turns":7},{"damage":36,"enemies":"Time Eater","floor":50,"turns":16}],"seed_played":"8492163727915014563","potions_obtained":[{"floor":6,"key":"SkillPotion"},{"floor":11,"key":"Swift Potion"},{"floor":12,"key":"GamblersBrew"},{"floor":13,"key":"Weak Potion"},{"floor":14,"key":"SneckoOil"},{"floor":16,"key":"EntropicBrew"},{"floor":19,"key":"Regen Potion"},{"floor":19,"key":"SkillPotion"},{"floor":41,"key":"Block Potion"},{"floor":42,"key":"SteroidPotion"}],"is_trial":false,"path_per_floor":["M","?","M","?","$","E","R","M","T","E","M","M","M","M","R","B",null,"M","?","M","$","?","R","?","?","T","M","M","M","R","$","R","B",null,"M","?","M","$","?","R","M","E","T","E","$","?","M","M","R","B",null],"character_chosen":"HERMIT","items_purchased":["hermit:DeadOrAlive","Mummified Hand","hermit:Brawl","OrangePellets","Bag of Preparation","Orichalcum","Apotheosis","ClockworkSouvenir","hermit:Horseshoe"],"campfire_rested":1,"item_purchase_floors":[5,21,21,21,31,38,38,38,45],"current_hp_per_floor":[74,74,74,49,49,10,32,32,32,32,32,32,32,32,32,22,75,59,59,69,69,45,45,45,45,45,25,21,26,26,26,26,23,55,63,63,66,66,66,66,83,58,58,54,54,54,66,79,79,84],"gold":90,"neow_bonus":"BOSS_RELIC","is_daily":false,"chose_seed":false,"campfire_upgraded":5,"win_rate":0.0,"timestamp":1609365203,"path_taken":["M","?","M","?","?","E","R","M","T","E","M","?","?","?","R","BOSS","M","?","?","$","?","R","?","?","T","M","M","M","R","?","R","BOSS","M","?","M","$","?","R","?","E","T","E","?","?","?","M","R","BOSS"],"items_purchased_type":["Card","Relic","Card","Relic","Relic","Relic","Card","Relic","Relic"],"build_version":"2020-12-22","purchased_purges":1,"victory":true,"max_hp_per_floor":[75,75,75,75,75,75,75,75,75,75,75,75,75,75,75,75,75,75,75,75,75,75,75,52,52,52,52,52,52,52,52,52,52,84,84,84,84,84,84,84,84,84,84,84,84,84,84,84,84,84],"card_choices":[{"not_picked":["hermit:HoleUp","hermit:Snipe","hermit:Ricochet"],"picked":"SKIP","floor":1},{"not_picked":["hermit:Cheat","hermit:HighCaliber"],"picked":"hermit:Scavenge","floor":3},{"not_picked":["hermit:SprayPray","hermit:PistolWhip"],"picked":"hermit:EyeOfTheStorm","floor":6},{"not_picked":["hermit:ShadowCloak","hermit:LoneWolf"],"picked":"hermit:GhostlyPresence","floor":8},{"not_picked":["hermit:HighCaliber","hermit:Grudge","hermit:SprayPray"],"picked":"SKIP","floor":10},{"not_picked":["hermit:LoneWolf","hermit:WideOpen","hermit:EyeOfTheStorm"],"picked":"SKIP","floor":11},{"not_picked":["hermit:Roulette","hermit:Enervate"],"picked":"hermit:DeadOrAlive","floor":12},{"not_picked":["hermit:Coalescence","hermit:TrackingShot"],"picked":"hermit:HighNoon","floor":13},{"not_picked":["hermit:BodyArmor","hermit:Spite","hermit:Virtue"],"picked":"SKIP","floor":14},{"not_picked":["hermit:BlackWind","hermit:Dissolve"],"picked":"hermit:DeadOrAlive","floor":16},{"not_picked":["hermit:Ricochet","hermit:Glare+1"],"picked":"hermit:DeadMansHand","floor":18},{"not_picked":["hermit:Coalescence+1","hermit:HoleUp+1","hermit:Dive"],"picked":"SKIP","floor":20},{"not_picked":["hermit:Enervate+1","hermit:Coalescence","hermit:Vantage"],"picked":"SKIP","floor":27},{"not_picked":["hermit:WideOpen","hermit:Deadeye","hermit:TakeCover"],"picked":"SKIP","floor":28},{"not_picked":["hermit:Ricochet","hermit:Purgatory","hermit:LuckOfTheDraw"],"picked":"SKIP","floor":29},{"not_picked":["hermit:Purgatory","hermit:HighNoon"],"picked":"hermit:Gambit","floor":33},{"not_picked":["hermit:Feint+1","hermit:Horror+1"],"picked":"hermit:LoneWolf","floor":35},{"not_picked":["hermit:TakeAim+1","hermit:BodyArmor+1","hermit:Spite"],"picked":"SKIP","floor":37},{"not_picked":["hermit:Headshot","hermit:BodyArmor"],"picked":"hermit:EyeOfTheStorm","floor":41},{"not_picked":["hermit:CalledShot+1","hermit:Quickdraw"],"picked":"hermit:FlashPowder+1","floor":42},{"not_picked":["hermit:ItchyTrigger","hermit:CalledShot"],"picked":"hermit:Dive+1","floor":44},{"not_picked":["hermit:Malice+1","hermit:Dive+1","hermit:Cheat"],"picked":"SKIP","floor":47},{"not_picked":["hermit:Purgatory","hermit:Glare"],"picked":"hermit:Deadeye+1","floor":48}],"player_experience":343462,"relics_obtained":[{"floor":6,"key":"Peace Pipe"},{"floor":9,"key":"Bottled Lightning"},{"floor":10,"key":"Thread and Needle"},{"floor":22,"key":"Red Mask"},{"floor":26,"key":"hermit:Spyglass"},{"floor":42,"key":"Gremlin Horn"},{"floor":43,"key":"Lantern"},{"floor":44,"key":"Pen Nib"}],"event_choices":[{"damage_healed":0,"gold_gain":54,"player_choice":"Gained Gold","damage_taken":0,"max_hp_gain":0,"max_hp_loss":0,"event_name":"Golden Wing","floor":2,"gold_loss":0},{"damage_healed":0,"gold_gain":0,"player_choice":"Success","damage_taken":25,"relics_obtained":["Anchor"],"max_hp_gain":0,"max_hp_loss":0,"event_name":"Scrap Ooze","floor":4,"gold_loss":0},{"damage_healed":0,"gold_gain":0,"player_choice":"Bought 3 Potions","damage_taken":0,"max_hp_gain":0,"max_hp_loss":0,"event_name":"The Woman in Blue","floor":19,"gold_loss":0},{"damage_healed":0,"gold_gain":0,"player_choice":"Fought Bandits","damage_taken":0,"max_hp_gain":0,"max_hp_loss":0,"event_name":"Masked Bandits","floor":22,"gold_loss":0},{"damage_healed":0,"gold_gain":0,"player_choice":"Became a vampire","damage_taken":0,"max_hp_gain":0,"max_hp_loss":23,"event_name":"Vampires","floor":24,"gold_loss":0,"cards_obtained":["Bite","Bite","Bite","Bite","Bite"]},{"damage_healed":0,"gold_gain":99,"player_choice":"Stole From Cult","damage_taken":0,"max_hp_gain":0,"max_hp_loss":0,"event_name":"Nest","floor":25,"gold_loss":0},{"damage_healed":0,"gold_gain":222,"player_choice":"Wore Mask","damage_taken":0,"max_hp_gain":0,"max_hp_loss":0,"event_name":"Tomb of Lord Red Mask","floor":36,"gold_loss":0},{"damage_healed":0,"gold_gain":0,"cards_transformed":["hermit:Defend_Hermit"],"player_choice":"Transformed","damage_taken":0,"max_hp_gain":0,"max_hp_loss":0,"event_name":"Transmorgrifier","floor":39,"gold_loss":0,"cards_obtained":["hermit:Malice"]},{"damage_healed":0,"gold_gain":0,"player_choice":"Upgraded","damage_taken":0,"max_hp_gain":0,"max_hp_loss":0,"event_name":"Upgrade Shrine","floor":46,"gold_loss":0,"cards_upgraded":["hermit:Scavenge"]}],"is_beta":false,"boss_relics":[{"not_picked":["Calling Bell","Pandora\u0027s Box"],"picked":"hermit:BartenderGlass"},{"not_picked":["Cursed Key","Runic Dome"],"picked":"hermit:DentedPlate"}],"items_purged_floors":[31],"is_endless":false,"potions_floor_spawned":[6,11,12,13,14,16,27,28,41,42,48],"ascension_level":1}}