{"host":"93n4kdg5le7r8dks","time":1609351611,"event":{"mods":["AlwaysNeverKeys","BaseMod","Better Note","Better Sensory Stone","Better Skull","Better Third Choice","Block Reminder","Colored Map","Colored Powertips","DeckTracker","Infinite Spire","Minty Spire (QoL Compilation)","Quick Restart","StSLib"],"gold_per_floor":[117,130,147,147,163,188,188,188,188],"floor_reached":8,"playtime":380,"items_purged":[],"score":58,"play_id":"d5314eab-34ab-4629-be33-e44182c34348","local_time":"20201230120651","is_ascension_mode":false,"campfire_choices":[{"data":"Juggernaut","floor":7,"key":"SMITH"}],"circlet_count":0,"master_deck":["Strike_R","Strike_R","Strike_R","Strike_R","Defend_R","Defend_R","Defend_R","Defend_R","Bash","Uppercut","Dropkick","Iron Wave","Juggernaut+1","Heavy Blade"],"relics":["Burning Blood","Potion Belt","Ice Cream"],"acts_visited":["Exordium"],"potions_floor_usage":[],"damage_taken":[{"damage":10.0,"enemies":"Cultist","floor":1.0,"turns":4.0},{"damage":14.0,"enemies":"Small Slimes","floor":2.0,"turns":4.0},{"damage":6.0,"enemies":"Jaw Worm","floor":3.0,"turns":2.0},{"damage":33.0,"enemies":"Gremlin Gang","floor":5.0,"turns":5.0},{"damage":44.0,"enemies":"Lagavulin","floor":6.0,"turns":7.0},{"damage":19,"enemies":"Gremlin Nob","floor":8,"turns":3}],"seed_played":"-7974942902496292868","potions_obtained":[{"floor":1.0,"key":"Regen Potion"},{"floor":6,"key":"Ancient Potion"}],"is_trial":false,"path_per_floor":["M","M","M","?","M","E","R","E"],"character_chosen":"IRONCLAD","items_purchased":[],"campfire_rested":0,"item_purchase_floors":[],"current_hp_per_floor":[76,68,68,68,50,12,12,0,0],"gold":188,"neow_bonus":"RANDOM_COMMON_RELIC","is_daily":false,"chose_seed":false,"campfire_upgraded":1,"win_rate":0.0,"timestamp":1609351611,"path_taken":["M","M","M","?","M","E","R","E"],"items_purchased_type":[],"build_version":"2020-12-13","purchased_purges":0,"victory":false,"max_hp_per_floor":[80,80,80,80,80,80,80,80,80],"card_choices":[{"not_picked":["Dual Wield","Sword Boomerang"],"picked":"Uppercut","floor":1.0},{"not_picked":["Heavy Blade","Warcry"],"picked":"Dropkick","floor":2.0},{"not_picked":["Evolve","Twin Strike"],"picked":"Iron Wave","floor":3.0},{"not_picked":["Flame Barrier","Clothesline"],"picked":"Juggernaut","floor":5.0},{"not_picked":["Hemokinesis","Rage"],"picked":"Heavy Blade","floor":6}],"player_experience":78437,"relics_obtained":[{"floor":6,"key":"Ice Cream"}],"event_choices":[{"cards_removed":["Strike_R"],"damage_healed":0.0,"max_hp_gain":0.0,"max_hp_loss":0.0,"gold_gain":0.0,"event_name":"Purifier","player_choice":"Purged","floor":4.0,"gold_loss":0.0,"damage_taken":0.0}],"is_beta":false,"boss_relics":[],"items_purged_floors":[],"is_endless":false,"potions_floor_spawned":[1,6],"killed_by":"Gremlin Nob","ascension_level":0}}