{"host":"6yklbc9za0aylqsj","time":1609330333,"event":{"mods":["AchievementEnabler","BaseMod","Bestiary","Colored Map","Colored Powertips","Minty Spire (QoL Compilation)","Rare Cards Sparkle","Relic Stats","Slay-I","StSLib"],"gold_per_floor":[116,28,43,55,55,88,108,140,140,154,154,188,188,206,206,281,281,301,61,72,82,82,82,82,98,147,147,159,159,159,172,172,251,251,269,269,18,43,63,63,95,111,161,192,217,235,264,21,21,21,21,21],"floor_reached":51,"playtime":2114,"items_purged":["Strike_G"],"score":1489,"play_id":"8f2fcb06-4151-4a80-8e15-d4a24f4eab05","local_time":"20201230131213","is_ascension_mode":true,"campfire_choices":[{"data":"Finisher","floor":11.0,"key":"SMITH"},{"floor":13.0,"key":"REST"},{"data":"Glass Knife","floor":15.0,"key":"SMITH"},{"data":"A Thousand Cuts","floor":23.0,"key":"SMITH"},{"data":"Cloak And Dagger","floor":27.0,"key":"SMITH"},{"data":"Blade Dance","floor":29.0,"key":"SMITH"},{"data":"Accuracy","floor":32.0,"key":"SMITH"},{"data":"Adrenaline","floor":40.0,"key":"SMITH"},{"data":"Blade Dance","floor":49.0,"key":"SMITH"}],"circlet_count":0,"master_deck":["AscendersBane","Strike_G","Strike_G","Defend_G","Defend_G","Defend_G","Defend_G+1","Defend_G","Survivor","Neutralize","Footwork+1","Finisher+1","Poisoned Stab","Dash","Backflip","Bane","Glass Knife+1","Escape Plan","Cloak And Dagger+1","Adrenaline+1","A Thousand Cuts+1","Blade Dance+1","Escape Plan+1","Backstab","Adrenaline","Accuracy+1","Adrenaline","Prepared+1","Calculated Gamble","Parasite","Blade Dance+1","Footwork","Adrenaline"],"relics":["Ring of the Snake","Centennial Puzzle","Pocketwatch","Unceasing Top","Du-Vu Doll","Meat on the Bone","WristBlade","TwistedFunnel","War Paint","Empty Cage","PreservedInsect","Oddly Smooth Stone","Pantograph","Juzu Bracelet","Potion Belt","CaptainsWheel","Snake Skull"],"acts_visited":["Exordium","TheCity","TheBeyond"],"potions_floor_usage":[51,51],"damage_taken":[{"damage":3.0,"enemies":"Cultist","floor":1.0,"turns":4.0},{"damage":0.0,"enemies":"Small Slimes","floor":3.0,"turns":2.0},{"damage":0.0,"enemies":"2 Louse","floor":4.0,"turns":2.0},{"damage":29.0,"enemies":"3 Sentries","floor":6.0,"turns":12.0},{"damage":1.0,"enemies":"Exordium Thugs","floor":7.0,"turns":4.0},{"damage":14.0,"enemies":"Gremlin Nob","floor":8.0,"turns":4.0},{"damage":3.0,"enemies":"Blue Slaver","floor":10.0,"turns":2.0},{"damage":10.0,"enemies":"Lagavulin","floor":12.0,"turns":3.0},{"damage":0.0,"enemies":"Red Slaver","floor":14.0,"turns":4.0},{"damage":29.0,"enemies":"Hexaghost","floor":16.0,"turns":8.0},{"damage":5.0,"enemies":"Chosen","floor":18.0,"turns":4.0},{"damage":0.0,"enemies":"Spheric Guardian","floor":20.0,"turns":4.0},{"damage":9.0,"enemies":"Shelled Parasite and Fungi","floor":21.0,"turns":3.0},{"damage":4.0,"enemies":"Centurion and Healer","floor":25.0,"turns":4.0},{"damage":0.0,"enemies":"Sentry and Sphere","floor":28.0,"turns":3.0},{"damage":0.0,"enemies":"Snecko","floor":31.0,"turns":2.0},{"damage":22.0,"enemies":"Collector","floor":33.0,"turns":4.0},{"damage":0.0,"enemies":"3 Shapes","floor":35.0,"turns":3.0},{"damage":2.0,"enemies":"3 Darklings","floor":39.0,"turns":3.0},{"damage":2.0,"enemies":"Nemesis","floor":41.0,"turns":3.0},{"damage":19.0,"enemies":"Writhing Mass","floor":42.0,"turns":4.0},{"damage":29.0,"enemies":"Reptomancer","floor":44.0,"turns":4.0},{"damage":0.0,"enemies":"Mind Bloom Boss Battle","floor":45.0,"turns":2.0},{"damage":16.0,"enemies":"Transient","floor":46.0,"turns":6.0},{"damage":0.0,"enemies":"Nemesis","floor":47.0,"turns":1.0},{"damage":34.0,"enemies":"Donu and Deca","floor":50.0,"turns":4.0},{"damage":73,"enemies":"Awakened One","floor":51,"turns":7}],"seed_played":"206243413465444224","potions_obtained":[{"floor":3.0,"key":"EntropicBrew"},{"floor":4.0,"key":"SkillPotion"},{"floor":8.0,"key":"SpeedPotion"},{"floor":10.0,"key":"Regen Potion"},{"floor":14.0,"key":"Poison Potion"},{"floor":16.0,"key":"LiquidMemories"},{"floor":18.0,"key":"Energy Potion"},{"floor":25.0,"key":"DuplicationPotion"},{"floor":33.0,"key":"SneckoOil"},{"floor":41.0,"key":"Explosive Potion"},{"floor":44.0,"key":"GhostInAJar"},{"floor":46.0,"key":"LiquidBronze"}],"is_trial":false,"path_per_floor":["M","$","M","M","?","E","M","E","T","M","R","E","R","M","R","B",null,"M","$","M","M","?","R","?","M","T","R","M","R","?","M","R","B",null,"M","?","$","T","M","R","E","M","T","E","?","M","E","$","R","B","B"],"character_chosen":"THE_SILENT","items_purchased":["Finisher","Poisoned Stab","TwistedFunnel","A Thousand Cuts","PreservedInsect","Regen Potion","PowerPotion","SkillPotion","Explosive Potion"],"campfire_rested":1,"item_purchase_floors":[2,2,19,19,37,37,48,48,48],"current_hp_per_floor":[62,62,62,62,62,33,32,18,18,15,15,14,35,47,47,30,62,57,57,57,48,28,28,28,36,36,36,48,48,48,48,48,38,67,67,67,67,67,65,65,63,44,44,39,64,48,48,48,48,39,0,0],"gold":21,"neow_bonus":"TEN_PERCENT_HP_BONUS","is_daily":false,"chose_seed":false,"campfire_upgraded":8,"win_rate":0.0,"timestamp":1609330333,"path_taken":["M","?","?","M","?","E","M","E","T","M","R","E","R","M","R","BOSS","M","$","M","?","?","R","?","?","T","R","M","R","?","?","R","BOSS","M","?","$","?","M","R","E","M","T","E","?","M","E","$","R","BOSS","BOSS"],"items_purchased_type":["Card","Card","Relic","Card","Relic","Potion","Potion","Potion","Potion"],"build_version":"2020-12-22","purchased_purges":1,"victory":false,"max_hp_per_floor":[72,72,72,72,72,72,72,72,72,72,72,72,72,72,72,72,72,72,72,72,72,77,77,77,77,77,77,77,77,77,77,77,77,77,77,77,77,77,77,77,77,77,77,77,77,77,77,77,77,77,77,77],"relic_stats":{"Centennial Puzzle":[51],"counters":[27,106],"Pantograph":75,"PreservedInsect":162,"Snake Skull":[35],"Juzu Bracelet":0,"War Paint":["Escape Plan","Defend_G"],"obtain_stats":[{"TwistedFunnel":19,"Potion Belt":44,"Oddly Smooth Stone":38,"PreservedInsect":37,"Snake Skull":47,"Juzu Bracelet":43,"War Paint":26,"Empty Cage":34,"Du-Vu Doll":9,"Centennial Puzzle":5,"CaptainsWheel":45,"WristBlade":17,"Pantograph":41,"Unceasing Top":8,"Ring of the Snake":0,"Pocketwatch":6,"Meat on the Bone":12},{"TwistedFunnel":11,"Potion Belt":22,"Oddly Smooth Stone":18,"PreservedInsect":18,"Snake Skull":25,"Juzu Bracelet":21,"War Paint":14,"Empty Cage":17,"Du-Vu Doll":6,"Centennial Puzzle":3,"CaptainsWheel":23,"WristBlade":10,"Pantograph":20,"Unceasing Top":6,"Ring of the Snake":0,"Pocketwatch":4,"Meat on the Bone":8},{"TwistedFunnel":49,"Potion Belt":86,"Oddly Smooth Stone":72,"PreservedInsect":72,"Snake Skull":95,"Juzu Bracelet":82,"War Paint":60,"Empty Cage":69,"Du-Vu Doll":28,"Centennial Puzzle":8,"CaptainsWheel":88,"WristBlade":45,"Pantograph":78,"Unceasing Top":28,"Ring of the Snake":0,"Pocketwatch":20,"Meat on the Bone":33}],"Unceasing Top":[3],"Ring of the Snake":[54],"Pocketwatch":[53],"Meat on the Bone":72},"card_choices":[{"not_picked":["Dagger Throw","Dodge and Roll"],"picked":"Footwork","floor":1.0},{"not_picked":["Dagger Spray","Acrobatics","Prepared"],"picked":"SKIP","floor":3.0},{"not_picked":["PiercingWail","Outmaneuver"],"picked":"Dash","floor":4.0},{"not_picked":["Bouncing Flask","Dodge and Roll"],"picked":"Backflip","floor":6.0},{"not_picked":["Prepared","Backflip"],"picked":"Bane","floor":7.0},{"not_picked":["Masterful Stab","Sucker Punch"],"picked":"Glass Knife","floor":8.0},{"not_picked":["Accuracy","Outmaneuver"],"picked":"Escape Plan","floor":10.0},{"not_picked":["Dodge and Roll","Choke"],"picked":"Cloak And Dagger","floor":12.0},{"not_picked":["Escape Plan","PiercingWail","Cloak And Dagger"],"picked":"SKIP","floor":14.0},{"not_picked":["Doppelganger","Corpse Explosion"],"picked":"Adrenaline","floor":16.0},{"not_picked":["Flechettes","Dagger Throw","Backflip"],"picked":"SKIP","floor":18.0},{"not_picked":["Quick Slash","Cloak And Dagger+1"],"picked":"Blade Dance","floor":20.0},{"not_picked":["Tactician+1","Sucker Punch","Dagger Spray"],"picked":"SKIP","floor":21.0},{"not_picked":["Backflip","Sucker Punch"],"picked":"Escape Plan","floor":25.0},{"not_picked":["Poisoned Stab+1","Finisher+1"],"picked":"Backstab","floor":28.0},{"not_picked":["Expertise","Well Laid Plans"],"picked":"Accuracy","floor":31.0},{"not_picked":["Die Die Die","Unload"],"picked":"Adrenaline","floor":33.0},{"not_picked":["Quick Slash+1","Prepared","PiercingWail+1"],"picked":"SKIP","floor":35.0},{"not_picked":["Deadly Poison","Deflect"],"picked":"Prepared+1","floor":39.0},{"not_picked":["Tools of the Trade","Tactician"],"picked":"Calculated Gamble","floor":41.0},{"not_picked":["Underhanded Strike","Flying Knee+1","Bouncing Flask"],"picked":"SKIP","floor":42.0},{"not_picked":["Poisoned Stab","Skewer","Quick Slash"],"picked":"SKIP","floor":44.0},{"not_picked":["Blur","Riddle With Holes+1"],"picked":"Blade Dance","floor":45.0},{"not_picked":["Blade Dance","Expertise+1"],"picked":"Footwork","floor":46.0},{"not_picked":["Eviscerate","Footwork+1"],"picked":"Adrenaline","floor":47.0}],"player_experience":686554,"relics_obtained":[{"floor":5.0,"key":"Centennial Puzzle"},{"floor":6.0,"key":"Pocketwatch"},{"floor":8.0,"key":"Unceasing Top"},{"floor":9.0,"key":"Du-Vu Doll"},{"floor":12.0,"key":"Meat on the Bone"},{"floor":26.0,"key":"War Paint"},{"floor":38.0,"key":"Oddly Smooth Stone"},{"floor":41.0,"key":"Pantograph"},{"floor":43.0,"key":"Juzu Bracelet"},{"floor":44.0,"key":"Potion Belt"},{"floor":45.0,"key":"CaptainsWheel"},{"floor":47.0,"key":"Snake Skull"}],"event_choices":[{"damage_healed":0.0,"max_hp_gain":0.0,"max_hp_loss":0.0,"gold_gain":0.0,"event_name":"Wheel of Change","player_choice":"Relic","floor":5.0,"gold_loss":0.0,"damage_taken":0.0},{"damage_healed":0.0,"max_hp_gain":5.0,"max_hp_loss":0.0,"gold_gain":0.0,"event_name":"Forgotten Altar","player_choice":"Shed Blood","floor":22.0,"gold_loss":0.0,"damage_taken":25.0},{"damage_healed":0.0,"max_hp_gain":0.0,"max_hp_loss":0.0,"gold_gain":0.0,"event_name":"Duplicator","player_choice":"Copied","floor":30.0,"gold_loss":0.0,"damage_taken":0.0,"cards_obtained":["Adrenaline"]},{"damage_healed":0.0,"max_hp_gain":0.0,"max_hp_loss":0.0,"gold_gain":0.0,"event_name":"Accursed Blacksmith","player_choice":"Forge","floor":36.0,"gold_loss":0.0,"damage_taken":0.0,"cards_upgraded":["Footwork"]},{"damage_healed":0.0,"max_hp_gain":0.0,"max_hp_loss":0.0,"gold_gain":0.0,"event_name":"MindBloom","player_choice":"Fight","floor":45.0,"gold_loss":0.0,"damage_taken":0.0}],"is_beta":false,"boss_relics":[{"not_picked":["Calling Bell","Velvet Choker"],"picked":"WristBlade"},{"not_picked":["Busted Crown","Tiny House"],"picked":"Empty Cage"}],"items_purged_floors":[48],"is_endless":false,"potions_floor_spawned":[3,4,8,10,14,16,18,25,33,41,42,44,46],"killed_by":"Awakened One","ascension_level":20}}