{"host":"7uuqqk35leady37t","time":1609316798,"event":{"mods":["BaseMod","Colored Map","Colored Powertips","Downfall","Marisa£®ÏF”Í°°ƒß¿Ì…≥£©","Minty Spire (QoL Compilation)","Robot Space Explorer","StSLib","The Bug Knight","The Servant 0.9.4","Waifu the Spire","Yuri Mod","[IsaacMod]“‘»ˆº‚À˛"],"gold_per_floor":[153,167,342,352,39,39,51,51,51],"floor_reached":8,"playtime":308,"items_purged":[],"score":46,"play_id":"ae693b50-3db6-49c8-aa3b-878b8943a2f0","local_time":"20201230162638","is_ascension_mode":false,"campfire_choices":[{"floor":6,"key":"REST"}],"circlet_count":0,"master_deck":["Strike_G","Strike_G","Strike_G","Strike_G","Strike_G","Defend_G","Defend_G","Defend_G","Defend_G","Defend_G","Survivor","Neutralize","DoctorFetus","Predator","Infinite Blades","Dagger Throw","Swift Strike","Doubt","Outmaneuver","Caltrops","Burst+1"],"relics":["Ring of the Snake","HushsDoor","BloodDonationBag","Toxic Egg 2"],"acts_visited":["Exordium"],"potions_floor_usage":[],"damage_taken":[{"damage":5,"enemies":"Small Slimes","floor":1,"turns":4},{"damage":0,"enemies":"2 Louse","floor":4,"turns":3},{"damage":9,"enemies":"Cultist","floor":7,"turns":4},{"damage":18,"enemies":"Lagavulin","floor":8,"turns":4}],"seed_played":"-857398526584066493","potions_obtained":[{"floor":7,"key":"Guardian:BlockOnCardUsePotion"}],"is_trial":false,"path_per_floor":["M","$","?","M","$","R","M","E"],"character_chosen":"THE_SILENT","items_purchased":["Infinite Blades","Dagger Throw","Swift Strike","Toxic Egg 2","Caltrops"],"campfire_rested":1,"item_purchase_floors":[2,2,2,5,5],"current_hp_per_floor":[59,1,1,1,1,24,15,0,0],"gold":51,"neow_bonus":"TEN_PERCENT_HP_BONUS","is_daily":false,"chose_seed":false,"campfire_upgraded":0,"win_rate":0.0,"timestamp":1609316798,"path_taken":["M","$","?","M","?","R","M","E"],"items_purchased_type":["Card","Card","Card","Relic","Card"],"build_version":"2020-12-22","purchased_purges":0,"victory":false,"max_hp_per_floor":[77,77,77,77,77,77,77,77,77],"card_choices":[{"not_picked":[],"picked":"DoctorFetus","floor":0},{"not_picked":["Bomb","Sucker Punch"],"picked":"Predator","floor":1},{"not_picked":["Dagger Throw","Riddle With Holes"],"picked":"Outmaneuver","floor":4},{"not_picked":["Flying Knee","Dodge and Roll+1"],"picked":"Burst+1","floor":7}],"player_experience":21969,"relics_obtained":[],"event_choices":[{"damage_healed":0,"gold_gain":175,"player_choice":"AGREE","damage_taken":0,"max_hp_gain":0,"max_hp_loss":0,"event_name":"Liars Game","floor":3,"gold_loss":0,"cards_obtained":["Doubt"]}],"is_beta":false,"boss_relics":[],"items_purged_floors":[],"is_endless":false,"potions_floor_spawned":[7],"killed_by":"Lagavulin","ascension_level":0}}