{"host":"wshh0nphwn6jv7vj","time":1609350819,"event":{"mods":["BaseMod","Bestiary","Minty Spire (QoL Compilation)"],"gold_per_floor":[110,110,35,47,47,78,98,98,98,123,136,161,172,223,223,223,223],"floor_reached":16,"playtime":1029,"items_purged":["Strike_R"],"score":268,"play_id":"ea4931ca-b5b9-46cc-8a76-476cb23c5dc5","local_time":"20201230125339","is_ascension_mode":true,"campfire_choices":[{"data":"Uppercut","floor":8,"key":"SMITH"},{"data":"Pommel Strike","floor":15,"key":"SMITH"}],"circlet_count":0,"master_deck":["AscendersBane","Strike_R","Strike_R","Strike_R","Strike_R","Defend_R","Defend_R","Defend_R","Defend_R","Bash","Pommel Strike+1","Uppercut+1","Reckless Charge","Clash","Fiend Fire","Dropkick","Rampage","Intimidate"],"relics":["Burning Blood","NeowsBlessing","NlothsMask","Kunai","Nunchaku","Eternal Feather","Strawberry"],"acts_visited":["Exordium"],"potions_floor_usage":[10,12,16,16],"damage_taken":[{"damage":0,"enemies":"Small Slimes","floor":1,"turns":1},{"damage":0,"enemies":"Cultist","floor":4,"turns":1},{"damage":0,"enemies":"3 Sentries","floor":6,"turns":2},{"damage":5,"enemies":"Jaw Worm","floor":7,"turns":4},{"damage":27,"enemies":"Gremlin Nob","floor":10,"turns":4},{"damage":8,"enemies":"Gremlin Gang","floor":11,"turns":5},{"damage":35,"enemies":"3 Sentries","floor":12,"turns":9},{"damage":11,"enemies":"Looter","floor":13,"turns":2},{"damage":42,"enemies":"Slime Boss","floor":16,"turns":7}],"seed_played":"9135287970870138170","potions_obtained":[{"floor":1,"key":"DistilledChaos"},{"floor":11,"key":"Fire Potion"},{"floor":12,"key":"Block Potion"},{"floor":13,"key":"SteroidPotion"}],"is_trial":false,"path_per_floor":["M","?","$","M","?","E","M","R","T","E","M","E","M","T","R","B"],"character_chosen":"IRONCLAD","items_purchased":[],"campfire_rested":0,"item_purchase_floors":[],"current_hp_per_floor":[74,74,74,75,75,75,75,75,75,54,52,23,18,25,34,0,0],"gold":223,"neow_bonus":"THREE_ENEMY_KILL","is_daily":false,"chose_seed":false,"campfire_upgraded":2,"win_rate":0.0,"timestamp":1609350819,"path_taken":["M","?","$","?","?","E","M","R","T","E","M","E","M","?","R","BOSS"],"items_purchased_type":[],"build_version":"2020-12-22","purchased_purges":1,"victory":false,"max_hp_per_floor":[75,75,75,75,75,75,75,75,75,75,75,75,75,82,82,82,82],"card_choices":[{"not_picked":["Infernal Blade","Sword Boomerang"],"picked":"Pommel Strike","floor":1},{"not_picked":["Shrug It Off","Rupture"],"picked":"Uppercut","floor":4},{"not_picked":["Infernal Blade","Havoc"],"picked":"Reckless Charge","floor":6},{"not_picked":["Headbutt","Perfected Strike"],"picked":"Clash","floor":7},{"not_picked":["Iron Wave","Pommel Strike"],"picked":"Fiend Fire","floor":10},{"not_picked":["Twin Strike","Iron Wave"],"picked":"Dropkick","floor":11},{"not_picked":["Metallicize","Headbutt"],"picked":"Rampage","floor":12},{"not_picked":["Dark Embrace","Flex"],"picked":"Intimidate","floor":13}],"player_experience":1528689,"relics_obtained":[{"floor":6,"key":"Kunai"},{"floor":10,"key":"Nunchaku"},{"floor":12,"key":"Eternal Feather"},{"floor":14,"key":"Strawberry"}],"event_choices":[{"damage_healed":0,"gold_gain":0,"player_choice":"Trade","damage_taken":0,"relics_obtained":["NlothsMask"],"max_hp_gain":0,"max_hp_loss":0,"event_name":"FaceTrader","floor":2,"gold_loss":0},{"damage_healed":0,"gold_gain":0,"player_choice":"Leave","damage_taken":0,"max_hp_gain":0,"max_hp_loss":0,"event_name":"The Cleric","floor":5,"gold_loss":0}],"is_beta":false,"boss_relics":[],"items_purged_floors":[3],"is_endless":false,"potions_floor_spawned":[1,11,12,13],"killed_by":"Slime Boss","ascension_level":17}}