{"host":"gttgmv2wah99hzdm","time":1609350462,"event":{"mods":["AchievementEnabler","BaseMod","Bestiary","Block Reminder","Filter the Spire","Minty Spire (QoL Compilation)","Relic Stats","ojb\u0027s Better Paths Mod","ojb\u0027s Info Mod"],"gold_per_floor":[113,132,2,21,96,130,130,130,130,165,7,17,17,36,36,114,114,127,145,160,81,81,81,91,124,124,150,150,161,61,79,79,79,79],"floor_reached":33,"playtime":1614,"items_purged":["Strike_R","Strike_R"],"score":644,"play_id":"fb65ebc6-ef5a-4f73-abc0-82183b6c55f9","local_time":"20201230114742","is_ascension_mode":true,"campfire_choices":[{"data":"Uppercut","floor":7,"key":"SMITH"},{"floor":13,"key":"REST"},{"data":"Rampage","floor":15,"key":"SMITH"},{"data":"Whirlwind","floor":23,"key":"SMITH"},{"data":"Evolve","floor":28,"key":"SMITH"},{"floor":32,"key":"REST"}],"circlet_count":0,"master_deck":["AscendersBane","Strike_R","Defend_R","Defend_R","Defend_R","Defend_R","Bash","Clothesline","Pommel Strike+1","Uppercut+1","Rampage+1","Feed","Headbutt+1","Whirlwind+1","Disarm","Demon Form","Evolve+1","Burning Pact+1"],"relics":["Runic Dome","Ornamental Fan","Bag of Marbles","Sling","Empty Cage","Red Skull","PreservedInsect","Molten Egg 2"],"acts_visited":["Exordium","TheCity"],"potions_floor_usage":[12,14,18,25,27,33],"damage_taken":[{"damage":0,"enemies":"2 Louse","floor":1,"turns":3},{"damage":0,"enemies":"Cultist","floor":2,"turns":3},{"damage":4,"enemies":"Jaw Worm","floor":4,"turns":3},{"damage":6,"enemies":"Gremlin Nob","floor":6,"turns":3},{"damage":29,"enemies":"3 Sentries","floor":10,"turns":8},{"damage":6,"enemies":"Lots of Slimes","floor":12,"turns":5},{"damage":1,"enemies":"Gremlin Gang","floor":14,"turns":4},{"damage":32,"enemies":"The Guardian","floor":16,"turns":11},{"damage":8,"enemies":"Spheric Guardian","floor":18,"turns":3},{"damage":9,"enemies":"Chosen","floor":19,"turns":5},{"damage":10,"enemies":"Centurion and Healer","floor":20,"turns":6},{"damage":21,"enemies":"Snake Plant","floor":24,"turns":4},{"damage":0,"enemies":"Slavers","floor":25,"turns":1},{"damage":18,"enemies":"Gremlin Leader","floor":27,"turns":4},{"damage":17,"enemies":"Shelled Parasite and Fungi","floor":29,"turns":3},{"damage":18,"enemies":"Centurion and Healer","floor":31,"turns":7},{"damage":61,"enemies":"Automaton","floor":33,"turns":6}],"seed_played":"-3051641829799328761","potions_obtained":[{"floor":2,"key":"PowerPotion"},{"floor":6,"key":"Swift Potion"},{"floor":10,"key":"BloodPotion"},{"floor":12,"key":"BloodPotion"},{"floor":14,"key":"SteroidPotion"},{"floor":18,"key":"SkillPotion"},{"floor":25,"key":"Energy Potion"}],"is_trial":false,"path_per_floor":["M","M","$","M","?","E","R","?","T","E","$","M","R","M","R","B",null,"M","M","M","$","?","R","M","E","T","E","R","M","$","M","R","B"],"character_chosen":"IRONCLAD","items_purchased":["Pommel Strike","Sling","Whirlwind"],"campfire_rested":2,"item_purchase_floors":[3,11,21],"current_hp_per_floor":[68,68,68,64,53,47,47,47,47,18,18,27,49,63,63,31,64,56,50,43,43,81,81,63,63,63,45,45,31,31,16,43,0,0],"gold":79,"neow_bonus":"BOSS_RELIC","is_daily":false,"chose_seed":false,"campfire_upgraded":4,"win_rate":0.0,"timestamp":1609350462,"path_taken":["M","M","$","M","?","E","R","?","T","E","$","M","R","M","R","BOSS","M","M","M","$","?","R","M","E","T","E","R","?","$","M","R","BOSS"],"items_purchased_type":["Card","Relic","Card"],"build_version":"2020-12-22","purchased_purges":2,"victory":false,"max_hp_per_floor":[75,75,75,75,75,75,75,75,75,75,75,75,75,75,75,75,75,75,78,81,81,81,81,84,84,84,84,84,87,87,90,90,90,90],"relic_stats":{"counters":[17,79],"Ornamental Fan":[80],"PreservedInsect":43,"obtain_stats":[{"Runic Dome":0,"Ornamental Fan":6,"Molten Egg 2":27,"PreservedInsect":26,"Bag of Marbles":10,"Sling":11,"Empty Cage":17,"Burning Blood":0,"Red Skull":25},{"Runic Dome":0,"Ornamental Fan":4,"Molten Egg 2":14,"PreservedInsect":13,"Bag of Marbles":5,"Sling":5,"Empty Cage":8,"Burning Blood":0,"Red Skull":13},{"Runic Dome":0,"Ornamental Fan":12,"Molten Egg 2":63,"PreservedInsect":59,"Bag of Marbles":20,"Sling":20,"Empty Cage":40,"Burning Blood":0,"Red Skull":59}]},"card_choices":[{"not_picked":["Body Slam","True Grit"],"picked":"Clothesline","floor":1},{"not_picked":["Pummel","Anger","Rage"],"picked":"SKIP","floor":2},{"not_picked":["Clothesline","Flame Barrier"],"picked":"Uppercut","floor":4},{"not_picked":["Pummel","Perfected Strike","Blood for Blood"],"picked":"SKIP","floor":6},{"not_picked":["Heavy Blade","Warcry","Anger"],"picked":"SKIP","floor":10},{"not_picked":["Sword Boomerang","Searing Blow","Anger"],"picked":"SKIP","floor":12},{"not_picked":["Armaments","Infernal Blade"],"picked":"Rampage","floor":14},{"not_picked":["Immolate","Impervious"],"picked":"Feed","floor":16},{"not_picked":["Iron Wave","Flex"],"picked":"Headbutt+1","floor":18},{"not_picked":["Dropkick","Armaments","Thunderclap+1"],"picked":"SKIP","floor":19},{"not_picked":["Havoc","Power Through","Reckless Charge"],"picked":"SKIP","floor":20},{"not_picked":["Clash+1","Warcry+1"],"picked":"Disarm","floor":24},{"not_picked":["Warcry","Clash"],"picked":"Demon Form","floor":25},{"not_picked":["Armaments","Sentinel"],"picked":"Evolve","floor":27},{"not_picked":["Bloodletting+1","Headbutt+1"],"picked":"Burning Pact+1","floor":29},{"not_picked":["Body Slam+1","Flex","Perfected Strike+1"],"picked":"SKIP","floor":31}],"player_experience":1036854,"relics_obtained":[{"floor":6,"key":"Ornamental Fan"},{"floor":10,"key":"Bag of Marbles"},{"floor":25,"key":"Red Skull"},{"floor":26,"key":"PreservedInsect"},{"floor":27,"key":"Molten Egg 2"}],"event_choices":[{"damage_healed":0,"gold_gain":75,"player_choice":"Gather Gold","damage_taken":11,"max_hp_gain":0,"max_hp_loss":0,"event_name":"World of Goop","floor":5,"gold_loss":0},{"damage_healed":0,"gold_gain":0,"player_choice":"Grow","damage_taken":0,"max_hp_gain":0,"max_hp_loss":0,"event_name":"Living Wall","floor":8,"gold_loss":0,"cards_upgraded":["Pommel Strike"]},{"damage_healed":38,"gold_gain":0,"player_choice":"Full Heal","damage_taken":0,"max_hp_gain":0,"max_hp_loss":0,"event_name":"Wheel of Change","floor":22,"gold_loss":0}],"is_beta":false,"boss_relics":[{"not_picked":["SacredBark","Black Star"],"picked":"Empty Cage"}],"items_purged_floors":[3,30],"is_endless":false,"potions_floor_spawned":[2,6,10,12,14,18,20,25],"killed_by":"Automaton","ascension_level":20}}