{"host":"dlyy4wv9zatha4f7","time":1609351731,"event":{"mods":["BaseMod","Better Third Choice","Colored Map","GifTheSpireLib","Minty Spire (QoL Compilation)","Replay The Spire","Spicy Shops","StSLib","SuperFastMode","Unceasing Turn Reminder"],"gold_per_floor":[116,129,204,218,235,235,254,284,333,333,353,378,394,98,98,198,198,214,129,163,180,90,120,120,155,155,172,88,88,6,19,97,197,197,112,24,24,42,52,52,63,90,117,44,2,224,170,189,189,189],"floor_reached":51,"playtime":3718,"items_purged":["Strike_G","Decay","Strike_G","Strike_G","Strike_G","Spreading Infection"],"score":1343,"play_id":"b76e77e9-a5ef-4fc9-b461-22688ed858a6","local_time":"20201230200851","is_ascension_mode":true,"campfire_choices":[{"data":"Deadly Poison","floor":6.0,"key":"SMITH"},{"floor":10.0,"key":"REST"},{"data":"Deadly Poison","floor":15.0,"key":"SMITH"},{"data":"Neutralize","floor":24.0,"key":"SMITH"},{"data":"Leg Sweep","floor":29.0,"key":"SMITH"},{"data":"Malaise","floor":40.0,"key":"SMITH"},{"floor":49,"key":"REST"}],"circlet_count":0,"master_deck":["Defend_G","Defend_G","Defend_G+1","Defend_G","Defend_G","Survivor","Neutralize+1","Deadly Poison+1","Backstab","Deadly Poison+1","Sneak Up+1","Bane","PiercingWail","Discovery+1","Underhanded Strike","Toxin Wave+1","Bouncing Flask+1","Cloak And Dagger+1","Bane+1","Leg Sweep+1","Predator+1","Predator+1","Hidden Blade+1","Crippling Poison+1","Quick Slash+1","Malaise+1","Backflip+1","Well Laid Plans+1","Dodge and Roll+1","Adrenaline","Atom Bomb+1","Dash+1"],"relics":["Ring of the Snake","Smiling Mask","Mummified Hand","Blue Doll","Bottled Lightning","MealTicket","Cursed Key","Centennial Puzzle","Red Mask","The Specimen","Replay:Wax Seal","Molten Egg 2","Toolbox","Snecko Heart","Replay:Bottled Snecko","Gremlin Food","Bag of Preparation","Replay:Towering Pillar of Hats"],"acts_visited":["Exordium","TheCity","TheBeyond"],"potions_floor_usage":[50,50],"damage_taken":[{"damage":8.0,"enemies":"Cultist","floor":1.0,"turns":7.0},{"damage":1.0,"enemies":"Jaw Worm","floor":2.0,"turns":4.0},{"damage":0.0,"enemies":"2 Louse","floor":4.0,"turns":3.0},{"damage":7.0,"enemies":"2 Fungi Beasts","floor":5.0,"turns":4.0},{"damage":7.0,"enemies":"Large Slime","floor":7.0,"turns":6.0},{"damage":13.0,"enemies":"Gremlin Nob","floor":8.0,"turns":4.0},{"damage":1.0,"enemies":"Gremlin Gang","floor":11.0,"turns":5.0},{"damage":7.0,"enemies":"Replay:BlueRogue","floor":12.0,"turns":6.0},{"damage":0.0,"enemies":"Blue Slaver","floor":13.0,"turns":4.0},{"damage":16.0,"enemies":"The Guardian","floor":16.0,"turns":8.0},{"damage":0.0,"enemies":"3 Byrds","floor":18.0,"turns":5.0},{"damage":10.0,"enemies":"Masked Bandits","floor":20.0,"turns":4.0},{"damage":7.0,"enemies":"Chosen","floor":21.0,"turns":4.0},{"damage":15.0,"enemies":"Book of Stabbing","floor":23.0,"turns":5.0},{"damage":12.0,"enemies":"Replay:Snechameleon","floor":25.0,"turns":6.0},{"damage":8.0,"enemies":"Snecko","floor":27.0,"turns":3.0},{"damage":0.0,"enemies":"Snake Plant","floor":31.0,"turns":2.0},{"damage":39.0,"enemies":"Pondfish","floor":33.0,"turns":10.0},{"damage":8.0,"enemies":"Orb Walker","floor":35.0,"turns":3.0},{"damage":9.0,"enemies":"3 Shapes","floor":36.0,"turns":6.0},{"damage":6.0,"enemies":"Sphere and 2 Shapes","floor":38.0,"turns":5.0},{"damage":1.0,"enemies":"Jaw Worm Horde","floor":39.0,"turns":3.0},{"damage":1.0,"enemies":"Writhing Mass","floor":41.0,"turns":5.0},{"damage":12.0,"enemies":"Reptomancer","floor":42.0,"turns":5.0},{"damage":5.0,"enemies":"Giant Head","floor":44.0,"turns":7.0},{"damage":13,"enemies":"2 Orb Walkers","floor":47,"turns":3},{"damage":0,"enemies":"Sphere and 2 Shapes","floor":48,"turns":4},{"damage":18,"enemies":"Awakened One","floor":50,"turns":11}],"seed_played":"4629817682574122933","potions_obtained":[{"floor":2.0,"key":"Strength Potion"},{"floor":8.0,"key":"CultistPotion"},{"floor":12.0,"key":"Poison Potion"},{"floor":16.0,"key":"Regen Potion"},{"floor":23.0,"key":"Fire Potion"},{"floor":27.0,"key":"SpeedPotion"},{"floor":31.0,"key":"Strength Potion"},{"floor":36.0,"key":"FairyPotion"},{"floor":47,"key":"Adrenaline Potion"}],"is_trial":false,"path_per_floor":["M","M","?","M","M","R","M","E","T","R","M","E","M","$","R","B",null,"M","?","?","M","?","E","R","E","T","M","$","R","$","M","R_BF","B",null,"M","M","$","M","M","R","M","E","T","E","$","?","?","M","R","B",null],"character_chosen":"THE_SILENT","items_purchased":["Discovery+1","Underhanded Strike","MealTicket","Predator+1","Hidden Blade+1","Toolbox","Crippling Poison+1","Quick Slash+1","Atom Bomb+1"],"campfire_rested":2,"item_purchase_floors":[14,14,14,28,28,30,30,30,45],"current_hp_per_floor":[55,54,43,43,36,36,29,16,16,37,36,29,29,29,29,13,56,70,70,60,53,53,38,38,26,26,18,33,33,48,48,48,9,55,47,38,53,47,46,46,45,33,33,28,43,43,30,30,51,33],"gold":189,"neow_bonus":"RANDOM_COMMON_RELIC","is_daily":false,"chose_seed":false,"campfire_upgraded":5,"win_rate":0.0,"timestamp":1609351731,"path_taken":["M","?","?","M","M","R","M","E","T","R","M","E","M","$","R","BOSS","M","?","?","M","?","E","R","E","T","M","$","R","$","M","R_BF","BOSS","M","?","$","M","M","R","M","E","T","E","$","?","?","M","R","BOSS"],"items_purchased_type":["Card","Card","Relic","Card","Card","Relic","Card","Card","Card"],"build_version":"2020-12-22","purchased_purges":6,"victory":true,"max_hp_per_floor":[70,70,70,70,70,70,70,70,70,70,70,70,70,70,70,70,70,70,70,70,70,70,70,70,70,70,70,70,70,70,70,70,70,70,70,70,70,70,70,70,70,70,70,70,70,70,70,70,70,70],"card_choices":[{"not_picked":["Sucker Punch","ReplayTheSpireMod:The Works"],"picked":"Deadly Poison","floor":1.0},{"not_picked":["PiercingWail","Bane"],"picked":"Backstab","floor":2.0},{"not_picked":["Expertise","Acrobatics"],"picked":"Deadly Poison","floor":4.0},{"not_picked":["Deflect","Quick Slash"],"picked":"Sneak Up","floor":5.0},{"not_picked":["Acrobatics","Blade Dance","Sucker Punch"],"picked":"SKIP","floor":7.0},{"not_picked":["Underhanded Strike","Flechettes","Phantasmal Killer"],"picked":"SKIP","floor":8.0},{"not_picked":["Prepared","Deadly Poison"],"picked":"Bane","floor":11.0},{"not_picked":["Night Terror","Choke"],"picked":"PiercingWail","floor":12.0},{"not_picked":["Acrobatics","ReplayTheSpireMod:Shiv Toss","Dodge and Roll"],"picked":"SKIP","floor":13.0},{"not_picked":["Finisher+1","Prepared"],"picked":"Toxin Wave+1","floor":18.0},{"not_picked":["Dagger Spray","Bane"],"picked":"Bouncing Flask+1","floor":21.0},{"not_picked":["Underhanded Strike","Sneak Up"],"picked":"Cloak And Dagger+1","floor":23.0},{"not_picked":["A Thousand Cuts","Deflect+1"],"picked":"Bane+1","floor":25.0},{"not_picked":["ReplayTheSpireMod:Shiv Toss","Outmaneuver"],"picked":"Leg Sweep","floor":27.0},{"not_picked":["Cloak And Dagger+1","Hidden Blade","ReplayTheSpireMod:Scrap Shanks"],"picked":"SKIP","floor":31.0},{"not_picked":["Envenom","Unload+1"],"picked":"Malaise","floor":33.0},{"not_picked":["Reflex","ReplayTheSpireMod:Speed Training+1","Cloak And Dagger+1"],"picked":"SKIP","floor":35.0},{"not_picked":["Predator+1","Infinite Blades"],"picked":"Backflip+1","floor":36.0},{"not_picked":["Finisher+1","Hidden Blade","Slice+1"],"picked":"SKIP","floor":38.0},{"not_picked":["Reflex+1","Dodge and Roll"],"picked":"Well Laid Plans+1","floor":39.0},{"not_picked":["Quick Slash+1","Blade Dance"],"picked":"Dodge and Roll+1","floor":41.0},{"not_picked":["Backflip","Quick Slash+1","Replay:Poison Smokescreen"],"picked":"SKIP","floor":42.0},{"not_picked":["Underhanded Strike+1","ReplayTheSpireMod:The Works+1"],"picked":"Adrenaline","floor":44.0},{"not_picked":["Expertise+1","Dagger Spray+1"],"picked":"Dash+1","floor":48}],"player_experience":2221959,"relics_obtained":[{"floor":8.0,"key":"Mummified Hand"},{"floor":9.0,"key":"Blue Doll"},{"floor":12.0,"key":"Bottled Lightning"},{"floor":20.0,"key":"Red Mask"},{"floor":23.0,"key":"The Specimen"},{"floor":25.0,"key":"Replay:Wax Seal"},{"floor":26.0,"key":"Molten Egg 2"},{"floor":42.0,"key":"Replay:Bottled Snecko"},{"floor":43.0,"key":"Gremlin Food"},{"floor":44.0,"key":"Bag of Preparation"},{"floor":47,"key":"Replay:Towering Pillar of Hats"}],"event_choices":[{"damage_healed":0.0,"max_hp_gain":0.0,"max_hp_loss":0.0,"gold_gain":75.0,"event_name":"betterThird:BetterGoop","player_choice":"Gold","floor":3.0,"gold_loss":0.0,"damage_taken":11.0},{"damage_healed":0.0,"max_hp_gain":0.0,"max_hp_loss":0.0,"gold_gain":0.0,"event_name":"Addict","player_choice":"Obtained Relic","floor":19.0,"gold_loss":85.0,"damage_taken":0.0,"relics_obtained":["Centennial Puzzle"]},{"damage_healed":0.0,"max_hp_gain":0.0,"max_hp_loss":0.0,"gold_gain":0.0,"event_name":"Masked Bandits","player_choice":"Fought Bandits","floor":20.0,"gold_loss":0.0,"damage_taken":0.0},{"cards_removed":["Strike_G"],"damage_healed":0.0,"max_hp_gain":0.0,"max_hp_loss":0.0,"gold_gain":0.0,"event_name":"Designer","player_choice":"Upgrade and Remove","floor":22.0,"gold_loss":90.0,"damage_taken":0.0,"cards_upgraded":["Sneak Up"]},{"damage_healed":0,"gold_gain":222,"player_choice":"Wore Mask","damage_taken":0,"max_hp_gain":0,"max_hp_loss":0,"event_name":"Tomb of Lord Red Mask","floor":46,"gold_loss":0},{"damage_healed":0,"gold_gain":0,"player_choice":"Fight","damage_taken":0,"max_hp_gain":0,"max_hp_loss":0,"event_name":"Mysterious Sphere","floor":47,"gold_loss":0}],"is_beta":false,"boss_relics":[{"not_picked":["Busted Crown","Ring of Chaos"],"picked":"Cursed Key"},{"not_picked":["HoveringKite","Replay:Ancient Bell"],"picked":"Snecko Heart"}],"items_purged_floors":[14,28,28,37,37,45],"is_endless":false,"potions_floor_spawned":[2,8,12,16,23,27,31,36,38,47],"ascension_level":9}}