{"host":"q4axc00jr2bozlh9","time":1609334041,"event":{"mods":["AchievementEnabler","BaseMod","Bestiary","Colored Map","Colored Powertips","Curses Come First","Minty Spire (QoL Compilation)","Relic Stats","StSLib","SuperFastMode"],"gold_per_floor":[215,215,235,246,60,78,78,78],"floor_reached":7,"playtime":643,"items_purged":["Strike_G"],"score":43,"play_id":"b7073319-815d-4a4c-a636-6c6f19420f37","local_time":"20201230141401","is_ascension_mode":false,"campfire_choices":[],"circlet_count":0,"master_deck":["Strike_G","Strike_G","Strike_G","Strike_G","Defend_G","Defend_G","Defend_G","Defend_G","Defend_G","Survivor","Neutralize","PiercingWail","Heel Hook","Deflect","Blade Dance","Enlightenment","Dodge and Roll","PiercingWail"],"relics":["Ring of the Snake"],"acts_visited":["Exordium"],"potions_floor_usage":[7],"damage_taken":[{"damage":1,"enemies":"2 Louse","floor":1,"turns":4},{"damage":0,"enemies":"Cultist","floor":3,"turns":6},{"damage":15,"enemies":"Jaw Worm","floor":4,"turns":8},{"damage":6,"enemies":"Large Slime","floor":6,"turns":12},{"damage":48,"enemies":"Lagavulin","floor":7,"turns":11}],"seed_played":"4699216934289938237","potions_obtained":[{"floor":4,"key":"SkillPotion"}],"is_trial":false,"path_per_floor":["M","?","M","M","$","M","E"],"character_chosen":"THE_SILENT","items_purchased":["Enlightenment","Dodge and Roll"],"campfire_rested":0,"item_purchase_floors":[5,5],"current_hp_per_floor":[69,69,69,54,54,48,0,0],"gold":78,"neow_bonus":"HUNDRED_GOLD","is_daily":false,"chose_seed":false,"campfire_upgraded":0,"win_rate":0.0,"timestamp":1609334041,"path_taken":["M","?","?","M","$","M","E"],"items_purchased_type":["Card","Card"],"build_version":"2020-12-22","purchased_purges":1,"victory":false,"max_hp_per_floor":[70,70,70,70,70,70,70,70],"relic_stats":{"counters":[5,41],"obtain_stats":[{"Ring of the Snake":0},{"Ring of the Snake":0},{"Ring of the Snake":0}],"Ring of the Snake":[10]},"card_choices":[{"not_picked":["Riddle With Holes","Bouncing Flask"],"picked":"PiercingWail","floor":1},{"not_picked":["Dagger Spray","Calculated Gamble"],"picked":"Deflect","floor":3},{"not_picked":["Outmaneuver","PiercingWail"],"picked":"Blade Dance","floor":4},{"not_picked":["Riddle With Holes","Sucker Punch"],"picked":"PiercingWail","floor":6}],"player_experience":180570,"relics_obtained":[],"event_choices":[{"damage_healed":0,"gold_gain":0,"player_choice":"1 cards matched","damage_taken":0,"max_hp_gain":0,"max_hp_loss":0,"event_name":"Match and Keep!","floor":2,"gold_loss":0,"cards_obtained":["Heel Hook"]}],"is_beta":false,"boss_relics":[],"items_purged_floors":[5],"is_endless":false,"potions_floor_spawned":[4],"killed_by":"Lagavulin","ascension_level":0}}