{"host":"hhk99zdwe8tkcyq7","time":1609307433,"event":{"mods":["AchievementEnabler","BaseMod","Minty Spire (QoL Compilation)"],"gold_per_floor":[109,109,32,49,61,87,87,12,12,12,12,27,43,13,13,109,109,109,109],"floor_reached":18,"playtime":1182,"items_purged":["Strike_B"],"score":160,"play_id":"7866a0de-1f39-40b7-8c2c-32fd31fc5871","local_time":"20201229235033","is_ascension_mode":false,"campfire_choices":[{"floor":7,"key":"REST"},{"data":"Zap","floor":11,"key":"SMITH"},{"floor":15,"key":"REST"}],"circlet_count":0,"master_deck":["Strike_B","Strike_B","Defend_B","Defend_B","Defend_B","Defend_B","Zap+1","Dualcast","Reinforced Body","Storm","Cold Snap","Biased Cognition","Leap","Ball Lightning","Multi-Cast"],"relics":["Cracked Core","Sundial","Oddly Smooth Stone","Inserter"],"acts_visited":["Exordium","TheCity"],"potions_floor_usage":[16,16],"damage_taken":[{"damage":10,"enemies":"Jaw Worm","floor":1,"turns":5},{"damage":2,"enemies":"Cultist","floor":4,"turns":5},{"damage":2,"enemies":"2 Louse","floor":5,"turns":3},{"damage":32,"enemies":"3 Sentries","floor":6,"turns":11},{"damage":0,"enemies":"Red Slaver","floor":12,"turns":3},{"damage":0,"enemies":"Blue Slaver","floor":13,"turns":4},{"damage":24,"enemies":"Slime Boss","floor":16,"turns":17},{"damage":93,"enemies":"Shell Parasite","floor":18,"turns":19}],"seed_played":"3637985919311494539","potions_obtained":[{"floor":6,"key":"SkillPotion"},{"floor":12,"key":"Strength Potion"},{"floor":16,"key":"SkillPotion"}],"is_trial":false,"path_per_floor":["M","?","$","M","M","E","R","$","T","$","R","M","M","?","R","B",null,"M"],"character_chosen":"DEFECT","items_purchased":["Storm"],"campfire_rested":2,"item_purchase_floors":[3],"current_hp_per_floor":[72,72,72,70,68,36,60,60,60,60,60,60,60,60,82,58,82,0,0],"gold":109,"neow_bonus":"TEN_PERCENT_HP_BONUS","is_daily":false,"chose_seed":false,"campfire_upgraded":1,"win_rate":0.0,"timestamp":1609307433,"path_taken":["M","?","$","M","?","E","R","?","T","$","R","M","?","?","R","BOSS","M"],"items_purchased_type":["Card"],"build_version":"2020-12-22","purchased_purges":1,"victory":false,"max_hp_per_floor":[82,82,82,82,82,82,82,82,82,82,82,82,82,82,82,82,82,82,82],"card_choices":[{"not_picked":["Gash","Steam"],"picked":"Reinforced Body","floor":1},{"not_picked":["Beam Cell","Sweeping Beam","Streamline"],"picked":"SKIP","floor":4},{"not_picked":["Streamline","Skim"],"picked":"Cold Snap","floor":5},{"not_picked":["Aggregate","Reprogram"],"picked":"Biased Cognition","floor":6},{"not_picked":["Steam Power","Streamline"],"picked":"Leap","floor":12},{"not_picked":["Scrape","Glacier"],"picked":"Ball Lightning","floor":13},{"not_picked":["Seek","Biased Cognition"],"picked":"Multi-Cast","floor":16}],"player_experience":10257,"relics_obtained":[{"floor":6,"key":"Sundial"},{"floor":9,"key":"Oddly Smooth Stone"}],"event_choices":[{"cards_removed":["Strike_B"],"damage_healed":0,"gold_gain":0,"player_choice":"Purged","damage_taken":0,"max_hp_gain":0,"max_hp_loss":0,"event_name":"Purifier","floor":2,"gold_loss":0},{"damage_healed":0,"gold_gain":0,"player_choice":"Left Gold","damage_taken":0,"max_hp_gain":0,"max_hp_loss":0,"event_name":"World of Goop","floor":14,"gold_loss":30}],"is_beta":false,"boss_relics":[{"not_picked":["Fusion Hammer","Tiny House"],"picked":"Inserter"}],"items_purged_floors":[8],"is_endless":false,"potions_floor_spawned":[6,12,16],"killed_by":"Shell Parasite","ascension_level":0}}