{"host":"g1wmg2w41xhsnw8g","time":1609371342,"event":{"mods":["2.2 Compatiblity","Act Like it!","BaseMod","Better Altar","Better Match","Better Note","Better Sensory Stone","Better Skull","Better Third Choice","BetterRewards","Booster Modes","CapriCore","Colored Map","Colored Powertips","Curses Come First","Defuse TimeMaze Blight","Displayed Cursed Tome","Evolution","Friendly Minions","GifTheSpireLib","Googly Eyes","Infinite Spire","Magitek Elite","Minty Spire (QoL Compilation)","Red Circlet Mod","Relic Sorter","Ruin Mod","SCP261 Mod","Shop Mod","Spicy Shops","StSLib","Stuff the Spire","The Sage","Transform Curses","Wandering Minibosses","????"],"gold_per_floor":[110,125,125,140,155,182,182,216,216,291,324,74,100,117,117,219,219,236,236,336,351,351,351,351],"floor_reached":23,"playtime":1702,"items_purged":[],"score":307,"play_id":"ebea2d8d-e3b8-4666-b1e7-200c841f3c09","local_time":"20201230183542","daily_mods":["SealedDeck","Specialized","Heirloom","Elite Swarm"],"is_ascension_mode":true,"campfire_choices":[{"data":"StuffTheSpire:Innocence","floor":15,"key":"SMITH"}],"circlet_count":0,"master_deck":["theRuin:SharedGrave","theRuin:SharedGrave","theRuin:SharedGrave","theRuin:SharedGrave","theRuin:SharedGrave","theRuin:DefensiveDuel","theRuin:InfectedDagger","theRuin:Revival","theRuin:Patience","theRuin:MeatShield","theRuin:BoneToss","theRuin:BoneToss","theRuin:BigBones","theRuin:BoneFactory","theRuin:SharpenedBones","theRuin:GiftFromBeyond","theRuin:QuestionablePotion","StuffTheSpire:Innocence+1","theRuin:Rebuilding","theRuin:Endure","theRuin:Endure","Panacea","theRuin:QuestionablePotion","theRuin:Endure","theRuin:Forethought","theRuin:Unrelenting","theRuin:DropDead","theRuin:SharpenedBones"],"relics":["Cracked Core","EVO:Axolotl","infinitespire:Lychee Nut","HornCleat","infinitespire:Cubic Diamond","Ornamental Fan","StuffTheSpire:EmeraldSignet","theRuin:FrightfulMask","MerchantsRug","theRuin:MilkCarton","Philosopher\u0027s Stone"],"acts_visited":["Exordium","TheCity"],"potions_floor_usage":[5,5,23],"damage_taken":[{"damage":1,"enemies":"Cultist","floor":1,"turns":4},{"damage":6,"enemies":"Jaw Worm","floor":2,"turns":4},{"damage":0,"enemies":"2 Louse","floor":4,"turns":4},{"damage":0,"enemies":"Looter","floor":5,"turns":1},{"damage":13,"enemies":"Lagavulin","floor":6,"turns":6},{"damage":37,"enemies":"3 Sentries","floor":8,"turns":7},{"damage":14,"enemies":"Lagavulin","floor":11,"turns":7},{"damage":19,"enemies":"3 Sentries","floor":13,"turns":7},{"damage":3,"enemies":"Exordium Wildlife","floor":14,"turns":3},{"damage":0,"enemies":"Slime Boss","floor":16,"turns":6},{"damage":49,"enemies":"Spheric Guardian","floor":18,"turns":8},{"damage":21,"enemies":"Chosen","floor":21,"turns":7},{"damage":39,"enemies":"Slavers","floor":23,"turns":4}],"seed_played":"-325351094846523294","potions_obtained":[{"floor":1,"key":"SCP261:ThunderBarPotion"},{"floor":4,"key":"Fruit Juice"},{"floor":11,"key":"SCP261:SweetSwarmPotion"},{"floor":21,"key":"Block Potion"}],"is_trial":true,"path_per_floor":["M","M","?","M","M","E","?","E","T","?","E","$","E","M","R","B",null,"M","?","?","M","?","E"],"character_chosen":"THE_DEFAULT","items_purchased":["MerchantsRug","Panacea","theRuin:QuestionablePotion"],"campfire_rested":0,"item_purchase_floors":[12,12,12],"current_hp_per_floor":[60,57,50,60,65,60,60,29,29,18,10,10,13,24,24,38,65,40,40,40,33,24,0,0],"gold":351,"neow_bonus":"","is_daily":false,"chose_seed":false,"campfire_upgraded":1,"win_rate":0.0,"timestamp":1609371342,"path_taken":["M","?","?","M","M","E","?","E","T","?","E","$","E","?","R","BOSS","M","?","?","?","?","E"],"items_purchased_type":["Relic","Card","Card"],"build_version":"2020-12-22","purchased_purges":0,"victory":false,"max_hp_per_floor":[60,60,60,60,65,65,65,65,65,65,65,65,65,65,65,65,65,65,65,65,65,65,65,65],"card_choices":[{"not_picked":["theRuin:BoneToss","theRuin:GraveLeap"],"picked":"theRuin:GiftFromBeyond","floor":1},{"not_picked":["theRuin:RaiseDead","theRuin:BoneToss"],"picked":"theRuin:QuestionablePotion","floor":2},{"not_picked":["theRuin:GraveLeap","theRuin:RaiseDead","theRuin:MyOwnBones"],"picked":"SKIP","floor":4},{"not_picked":["theRuin:DescentToDeath","theRuin:ShallowGraveStrike","theRuin:SharedGrave"],"picked":"SKIP","floor":5},{"not_picked":["theRuin:DescentToDeath","theRuin:Endure"],"picked":"theRuin:Rebuilding","floor":6},{"not_picked":["theRuin:ScytheStrike","theRuin:Armageddon"],"picked":"theRuin:Endure","floor":8},{"not_picked":["theRuin:Armageddon","theRuin:DescentToDeath"],"picked":"theRuin:Endure","floor":11},{"not_picked":["theRuin:ScytheStrike","theRuin:Armageddon"],"picked":"theRuin:Endure","floor":13},{"not_picked":["theRuin:Phalanx","theRuin:GraveRobber"],"picked":"theRuin:Forethought","floor":14},{"not_picked":["theRuin:ScytheStrike","theRuin:Armageddon"],"picked":"theRuin:Unrelenting","floor":16},{"not_picked":["theRuin:AnkleGrab","theRuin:Phalanx"],"picked":"theRuin:DropDead","floor":18},{"not_picked":["theRuin:GraveLeap","theRuin:DefensiveDuel","theRuin:SharpenedBones"],"picked":"SKIP","floor":21}],"player_experience":1012056,"relics_obtained":[{"floor":6,"key":"HornCleat"},{"floor":8,"key":"Ornamental Fan"},{"floor":9,"key":"StuffTheSpire:EmeraldSignet"},{"floor":11,"key":"theRuin:FrightfulMask"},{"floor":13,"key":"theRuin:MilkCarton"}],"event_choices":[{"damage_healed":0,"gold_gain":75,"player_choice":"Gold","damage_taken":11,"max_hp_gain":0,"max_hp_loss":0,"event_name":"betterThird:BetterGoop","floor":10,"gold_loss":0},{"cards_removed":["StuffTheSpire:Innocence"],"damage_healed":0,"gold_gain":0,"player_choice":"Take \u0026 Give","damage_taken":0,"max_hp_gain":0,"max_hp_loss":0,"event_name":"betterNote:BetterNote","floor":19,"gold_loss":0,"cards_obtained":["theRuin:SharpenedBones"]},{"damage_healed":0,"gold_gain":100,"player_choice":"Pray","damage_taken":0,"max_hp_gain":0,"max_hp_loss":0,"event_name":"Golden Shrine","floor":20,"gold_loss":0},{"damage_healed":0,"gold_gain":0,"player_choice":"Stopped","damage_taken":9,"max_hp_gain":0,"max_hp_loss":0,"event_name":"Cursed Tome","floor":22,"gold_loss":0}],"is_beta":false,"boss_relics":[{"not_picked":["sagemod:Falmels_Amulet","StuffTheSpire:ModemDavis"],"picked":"Philosopher\u0027s Stone"}],"items_purged_floors":[],"is_endless":false,"potions_floor_spawned":[1,4,11,21],"killed_by":"Slavers","ascension_level":1}}