{"host":"y89x8uui45kcjy42","time":1609311014,"event":{"mods":["2.2 Compatiblity","BaseMod","CapriCore","Colored Map","Colored Powertips","Custom Start","Friendly Minions","Highlight Path","Keyboard Shortcuts","Minty Spire (QoL Compilation)","Relic Stats","Slay the Relics Exporter","StSLib","SuperFastMode","Waifu the Spire"],"gold_per_floor":[117,117,42,7,17,52,52,84,84,84,84,96,111,123,123,123,123],"floor_reached":16,"playtime":370,"items_purged":["Regret"],"score":270,"play_id":"5693852d-9ab5-42ef-851b-471f0adc0533","local_time":"20201230155014","is_ascension_mode":true,"campfire_choices":[{"data":"Bash","floor":7,"key":"SMITH"},{"data":"Armaments","floor":10,"key":"SMITH"},{"data":"Pommel Strike","floor":15,"key":"SMITH"}],"circlet_count":0,"master_deck":["AscendersBane","Strike_R","Strike_R","Strike_R","Strike_R","Strike_R","Defend_R","Defend_R","Defend_R","Defend_R","Bash+1","Armaments+1","Pommel Strike+1","Shrug It Off"],"relics":["Burning Blood","NeowsBlessing","Singing Bowl","Question Card","Thread and Needle","Bottled Lightning"],"acts_visited":["Exordium"],"potions_floor_usage":[8,16,16],"damage_taken":[{"damage":0,"enemies":"Cultist","floor":1,"turns":1},{"damage":0,"enemies":"Jaw Worm","floor":5,"turns":1},{"damage":0,"enemies":"Lagavulin","floor":6,"turns":1},{"damage":39,"enemies":"3 Sentries","floor":8,"turns":12},{"damage":6,"enemies":"Small Slimes","floor":12,"turns":5},{"damage":2,"enemies":"2 Fungi Beasts","floor":13,"turns":4},{"damage":12,"enemies":"Large Slime","floor":14,"turns":8},{"damage":48,"enemies":"The Guardian","floor":16,"turns":11}],"seed_played":"6640173021775431836","potions_obtained":[{"floor":5,"key":"Weak Potion"},{"floor":6,"key":"FearPotion"},{"floor":8,"key":"FearPotion"},{"floor":13,"key":"ColorlessPotion"}],"is_trial":false,"path_per_floor":["M","?","$","?","M","E","R","E","T","R","?","M","M","M","R","B"],"character_chosen":"IRONCLAD","items_purchased":[],"campfire_rested":0,"item_purchase_floors":[],"current_hp_per_floor":[74,74,74,75,75,75,75,44,44,44,44,46,52,48,48,0,0],"gold":123,"neow_bonus":"THREE_ENEMY_KILL","is_daily":false,"chose_seed":false,"campfire_upgraded":3,"win_rate":0.0,"timestamp":1609311014,"path_taken":["M","?","$","?","M","E","R","E","T","R","?","M","M","M","R","BOSS"],"items_purchased_type":[],"build_version":"2020-12-22","purchased_purges":1,"victory":false,"max_hp_per_floor":[75,75,75,75,75,75,75,77,77,77,77,79,81,83,83,83,83],"relic_stats":{"Singing Bowl":8,"counters":[8,43],"Question Card":4,"obtain_stats":[{"NeowsBlessing":0,"Singing Bowl":2,"Thread and Needle":8,"Bottled Lightning":9,"Question Card":6,"Burning Blood":0},{"NeowsBlessing":0,"Singing Bowl":1,"Thread and Needle":4,"Bottled Lightning":4,"Question Card":3,"Burning Blood":0},{"NeowsBlessing":0,"Singing Bowl":1,"Thread and Needle":15,"Bottled Lightning":15,"Question Card":3,"Burning Blood":0}],"Burning Blood":30},"card_choices":[{"not_picked":["Anger","Iron Wave"],"picked":"Armaments","floor":1},{"not_picked":["Combust","Sword Boomerang"],"picked":"Pommel Strike","floor":5},{"not_picked":["Iron Wave","Sword Boomerang"],"picked":"Shrug It Off","floor":6},{"not_picked":["Twin Strike","Armaments","Metallicize","Juggernaut"],"picked":"Singing Bowl","floor":8},{"not_picked":["Rupture","Anger","Reckless Charge","Havoc"],"picked":"Singing Bowl","floor":12},{"not_picked":["Anger","Combust","Seeing Red","Flex"],"picked":"Singing Bowl","floor":13},{"not_picked":["Flex","Dual Wield","Evolve","True Grit"],"picked":"Singing Bowl","floor":14}],"player_experience":526332,"relics_obtained":[{"floor":6,"key":"Question Card"},{"floor":8,"key":"Thread and Needle"},{"floor":9,"key":"Bottled Lightning"}],"event_choices":[{"damage_healed":0,"gold_gain":0,"player_choice":"Box","damage_taken":0,"relics_obtained":["Singing Bowl"],"max_hp_gain":0,"max_hp_loss":0,"event_name":"Big Fish","floor":2,"gold_loss":0,"cards_obtained":["Regret"]},{"damage_healed":18,"gold_gain":0,"player_choice":"Healed","damage_taken":0,"max_hp_gain":0,"max_hp_loss":0,"event_name":"The Cleric","floor":4,"gold_loss":35},{"damage_healed":0,"gold_gain":0,"player_choice":"Ignored","damage_taken":0,"max_hp_gain":0,"max_hp_loss":0,"event_name":"Liars Game","floor":11,"gold_loss":0}],"is_beta":false,"boss_relics":[],"items_purged_floors":[3],"is_endless":false,"potions_floor_spawned":[5,6,8,13],"killed_by":"The Guardian","ascension_level":20}}