{"host":"r6wilvrr1tovskr2","time":1609310911,"event":{"mods":["2.2 Compatiblity","AchievementEnabler","Aspiration","BaseMod","Bestiary","Better Altar","Better Match","Better Note","Better Sensory Stone","Better Skull","Better Third Choice","Colored Powertips","Conspire","Energized Spire","GifTheSpireLib","Halation","Highlight Path","Hubris","Infinite Spire","Marked Mod","Minty Spire (QoL Compilation)","Quick Restart","Replay The Spire","Shop Mod","Spicy Shops","Spikes Relics","StSLib","Stuff the Spire","vexMod"],"gold_per_floor":[112,130,57,72,72,111,111,111],"floor_reached":7,"playtime":450,"items_purged":[],"score":57,"play_id":"06f870b5-0988-42c6-afd7-c63ec115ed47","local_time":"20201230004831","is_ascension_mode":true,"campfire_choices":[],"circlet_count":0,"master_deck":["Strike_G","Strike_G","Strike_G","Strike_G","Strike_G","Defend_G","Defend_G","Defend_G","Defend_G","Defend_G","Survivor","Neutralize","Deadly Poison","Outmaneuver","StuffTheSpire:Sprint","StuffTheSpire:Injection"],"relics":["Ring of the Snake","NeowsBlessing","Paper Crane"],"acts_visited":["Exordium"],"potions_floor_usage":[4,7],"damage_taken":[{"damage":0,"enemies":"2 Louse","floor":1,"turns":1},{"damage":0,"enemies":"Jaw Worm","floor":2,"turns":1},{"damage":0,"enemies":"infinitespire:Voidling","floor":4,"turns":1},{"damage":17,"enemies":"conspire:MimicChest","floor":6,"turns":7},{"damage":51,"enemies":"3 Sentries","floor":7,"turns":11}],"seed_played":"-6324765807845225639","potions_obtained":[{"floor":1,"key":"Fruit Juice"},{"floor":4,"key":"GamblersBrew"}],"is_trial":false,"path_per_floor":["M","M","$","M","$","?","E"],"character_chosen":"THE_SILENT","items_purchased":["StuffTheSpire:Sprint"],"campfire_rested":0,"item_purchase_floors":[3],"current_hp_per_floor":[63,63,63,68,68,51,0,0],"gold":111,"neow_bonus":"THREE_ENEMY_KILL","is_daily":false,"chose_seed":false,"campfire_upgraded":0,"win_rate":0.0,"timestamp":1609310911,"path_taken":["M","M","$","M","$","?","E"],"items_purchased_type":["Card"],"build_version":"2020-12-22","purchased_purges":0,"victory":false,"max_hp_per_floor":[70,70,70,75,75,75,75,75],"card_choices":[{"not_picked":["Blade Dance","StuffTheSpire:Python"],"picked":"Deadly Poison","floor":1},{"not_picked":["Endless Agony","Dodge and Roll"],"picked":"Outmaneuver","floor":2},{"not_picked":["Deflect","Backflip"],"picked":"StuffTheSpire:Injection","floor":4}],"player_experience":1150213,"relics_obtained":[{"floor":6,"key":"Paper Crane"}],"event_choices":[],"is_beta":false,"boss_relics":[],"items_purged_floors":[],"is_endless":false,"potions_floor_spawned":[1,4],"killed_by":"3 Sentries","ascension_level":8}}