{"host":"mj19vc0tc3cyxsq4","time":1609334039,"event":{"mods":["BaseMod","Colored Powertips","Minty Spire (QoL Compilation)","StSLib","The Servant 0.9.4"],"gold_per_floor":[109,119,130,146,7,7,36,48,60,72,84,121,18,36,36,166,166,189,18,43,64,89,89,104,104,104,104,117,155,70,91,91,222,222,237,260,3,3,0,25,25,125,125,150,7,31,46,46,46,71],"floor_reached":51,"playtime":4298,"items_purged":["Injury"],"score":698,"play_id":"ca71de6b-1108-4b84-8f4c-8cbf449a74bb","local_time":"20201230141359","is_ascension_mode":false,"campfire_choices":[{"data":"DoubleEdge","floor":6,"key":"SMITH"},{"data":"Spin","floor":8,"key":"SMITH"},{"floor":15,"key":"REST"},{"floor":23,"key":"REST"},{"data":"MurderousAura","floor":25,"key":"SMITH"},{"floor":27,"key":"REST"},{"data":"Jack Of All Trades","floor":32,"key":"SMITH"},{"data":"BestPractice","floor":41,"key":"SMITH"},{"data":"Defy","floor":49,"key":"SMITH"}],"circlet_count":0,"master_deck":["Strike_S","Strike_S","Strike_S","Strike_S","Defend_S","Defend_S","Defend_S","Defend_S","KidneyShot","Exchange","Contraction","Ricochet","Desolation","DoubleEdge+1","Spin+1","Jack Of All Trades+1","SoulSculpture","Collapse","FanOfKnives","Contraction","MurderousAura+1","FastForward","Luminosity","Starlight","Rewind+1","Ricochet","Defy+1","Gouge","InstantArmor+1","ShiftingGears","Replace","KillingDoll","SilverBlades+1","DualDimension+1","BestPractice+1","Defy+1","Snipe+1","Rewind","Moondial","Spin","Rewind","Contraction+1"],"relics":["Uniform","MawBank","Ancient Tea Set","Golden Idol","Velvet Choker","Incense Burner","Pantograph","White Beast Statue","SacredBark","Pan","Red Mask"],"acts_visited":["Exordium","TheCity","TheBeyond"],"potions_floor_usage":[7,7,7,20,29,29,33,33,36,36,40,47,50,50,50],"damage_taken":[{"damage":0,"enemies":"Cultist","floor":1,"turns":3},{"damage":1,"enemies":"Jaw Worm","floor":2,"turns":5},{"damage":1,"enemies":"2 Louse","floor":3,"turns":2},{"damage":0,"enemies":"Large Slime","floor":4,"turns":5},{"damage":0,"enemies":"Gremlin Nob","floor":7,"turns":2},{"damage":8,"enemies":"Looter","floor":12,"turns":2},{"damage":5,"enemies":"3 Louse","floor":14,"turns":2},{"damage":24,"enemies":"Hexaghost","floor":16,"turns":10},{"damage":0,"enemies":"Chosen","floor":18,"turns":3},{"damage":14,"enemies":"2 Thieves","floor":20,"turns":3},{"damage":14,"enemies":"Sentry and Sphere","floor":21,"turns":7},{"damage":23,"enemies":"Centurion and Healer","floor":22,"turns":5},{"damage":1,"enemies":"3 Cultists","floor":24,"turns":5},{"damage":0,"enemies":"Cultist and Chosen","floor":28,"turns":6},{"damage":0,"enemies":"Gremlin Leader","floor":29,"turns":5},{"damage":5,"enemies":"Snake Plant","floor":31,"turns":5},{"damage":43,"enemies":"Champ","floor":33,"turns":13},{"damage":2,"enemies":"Orb Walker","floor":35,"turns":5},{"damage":9,"enemies":"3 Darklings","floor":36,"turns":6},{"damage":0,"enemies":"Sphere and 2 Shapes","floor":40,"turns":6},{"damage":0,"enemies":"Transient","floor":44,"turns":5},{"damage":4,"enemies":"4 Shapes","floor":46,"turns":4},{"damage":22,"enemies":"Writhing Mass","floor":47,"turns":7},{"damage":35,"enemies":"Awakened One","floor":50,"turns":20}],"seed_played":"-4260503349070972363","potions_obtained":[{"floor":0,"key":"Energy Potion"},{"floor":0,"key":"Strength Potion"},{"floor":0,"key":"Strength Potion"},{"floor":18,"key":"BlessingOfTheForge"},{"floor":22,"key":"Energy Potion"},{"floor":28,"key":"ColorlessPotion"},{"floor":31,"key":"Ancient Potion"},{"floor":33,"key":"EssenceOfSteel"},{"floor":35,"key":"Fire Potion"},{"floor":36,"key":"SkillPotion"},{"floor":40,"key":"SpeedPotion"},{"floor":44,"key":"DuplicationPotion"},{"floor":47,"key":"Weak Potion"}],"is_trial":false,"path_per_floor":["M","M","M","M","$","R","E","R","T","?","?","M","$","M","R","B",null,"M","$","M","M","M","R","M","R","T","R","M","E","?","M","R","B",null,"M","M","$","?","?","M","R","?","T","M","$","M","M","$","R","B",null],"character_chosen":"THE_SERVANT","items_purchased":["Spin","Jack Of All Trades","FanOfKnives","PowerPotion","Luminosity","Starlight","Pan","BestPractice","Defy","Moondial","Spin","Energy Potion"],"campfire_rested":3,"item_purchase_floors":[5,5,13,19,19,19,37,37,37,45,45,45],"current_hp_per_floor":[65,64,63,63,63,63,63,63,63,63,63,55,55,50,65,41,65,65,65,51,37,14,33,32,32,32,51,51,51,51,46,46,22,65,63,54,54,54,54,54,54,54,54,54,54,50,28,28,28,18],"gold":71,"neow_bonus":"THREE_SMALL_POTIONS","is_daily":false,"chose_seed":false,"campfire_upgraded":6,"win_rate":0.0,"timestamp":1609334039,"path_taken":["M","M","M","M","?","R","E","R","T","?","?","?","$","M","R","BOSS","M","$","M","M","M","R","M","R","T","R","M","E","?","M","R","BOSS","M","M","$","?","?","M","R","?","T","?","$","M","M","?","R","BOSS"],"items_purchased_type":["Card","Card","Card","Potion","Card","Card","Relic","Card","Card","Card","Card","Potion"],"build_version":"2020-12-22","purchased_purges":1,"victory":true,"max_hp_per_floor":[65,65,65,65,65,65,65,65,65,65,65,65,65,65,65,65,65,65,65,65,65,65,65,65,65,65,65,65,65,65,65,65,65,65,65,65,65,65,65,65,65,65,65,65,65,65,65,65,65,65],"card_choices":[{"not_picked":["Spin","Revamp"],"picked":"Contraction","floor":1},{"not_picked":["DoubleEdge","BottledTime"],"picked":"Ricochet","floor":2},{"not_picked":["FastForward","Alleviate"],"picked":"Desolation","floor":3},{"not_picked":["Spin","GearUp"],"picked":"DoubleEdge","floor":4},{"not_picked":["Spin","Replace"],"picked":"SoulSculpture","floor":7},{"not_picked":["InstantArmor","RealityMarble"],"picked":"Collapse","floor":12},{"not_picked":["BottledTime","Spin"],"picked":"Contraction","floor":14},{"not_picked":["ForgedInTime","Initiator"],"picked":"MurderousAura","floor":16},{"not_picked":["RealityMarble","Deadline+1"],"picked":"FastForward","floor":18},{"not_picked":["Alleviate","ReturningBlade+1"],"picked":"Rewind+1","floor":20},{"not_picked":["Rewind","Revamp"],"picked":"Ricochet","floor":21},{"not_picked":["Starlight","Read"],"picked":"Defy+1","floor":22},{"not_picked":["Replace","Manipulate"],"picked":"Gouge","floor":24},{"not_picked":["Revamp","ShatteredReality"],"picked":"InstantArmor+1","floor":28},{"not_picked":["TrueSight","Ricochet"],"picked":"ShiftingGears","floor":29},{"not_picked":["DoubleEdge","Rearm"],"picked":"Replace","floor":31},{"not_picked":["ForgedInTime","Duplication"],"picked":"KillingDoll","floor":33},{"not_picked":["Revamp","Ricochet"],"picked":"SilverBlades+1","floor":35},{"not_picked":["DoubleEdge+1","Sabotage"],"picked":"DualDimension+1","floor":36},{"not_picked":["Spin","Contraction"],"picked":"Snipe+1","floor":40},{"not_picked":["Revamp","Deadline+1"],"picked":"Rewind","floor":44},{"not_picked":["TimeWarp","FastForward"],"picked":"Rewind","floor":46},{"not_picked":["TimeWarp","Read+1"],"picked":"Contraction+1","floor":47}],"player_experience":215781,"relics_obtained":[{"floor":7,"key":"MawBank"},{"floor":9,"key":"Ancient Tea Set"},{"floor":26,"key":"Incense Burner"},{"floor":29,"key":"Pantograph"}],"event_choices":[{"damage_healed":0,"gold_gain":0,"player_choice":"Ignored","damage_taken":0,"max_hp_gain":0,"max_hp_loss":0,"event_name":"Liars Game","floor":10,"gold_loss":0},{"damage_healed":0,"gold_gain":0,"player_choice":"Take Wound","damage_taken":0,"relics_obtained":["Golden Idol"],"max_hp_gain":0,"max_hp_loss":0,"event_name":"Golden Idol","floor":11,"gold_loss":0,"cards_obtained":["Injury"]},{"damage_healed":0,"gold_gain":0,"player_choice":"Obtained Relic","damage_taken":0,"relics_obtained":["White Beast Statue"],"max_hp_gain":0,"max_hp_loss":0,"event_name":"Addict","floor":30,"gold_loss":85},{"damage_healed":0,"gold_gain":0,"player_choice":"Ignored","damage_taken":0,"max_hp_gain":0,"max_hp_loss":0,"event_name":"The Moai Head","floor":38,"gold_loss":0},{"damage_healed":0,"gold_gain":0,"player_choice":"Paid","damage_taken":0,"relics_obtained":["Red Mask"],"max_hp_gain":0,"max_hp_loss":0,"event_name":"Tomb of Lord Red Mask","floor":39,"gold_loss":3},{"damage_healed":0,"gold_gain":100,"player_choice":"Pray","damage_taken":0,"max_hp_gain":0,"max_hp_loss":0,"event_name":"Golden Shrine","floor":42,"gold_loss":0}],"is_beta":false,"boss_relics":[{"not_picked":["Fusion Hammer","Runic Dome"],"picked":"Velvet Choker"},{"not_picked":["Empty Cage","Pandora\u0027s Box"],"picked":"SacredBark"}],"items_purged_floors":[13],"is_endless":false,"potions_floor_spawned":[1,3,18,22,28,31,33,35,36,40,44,46,47],"ascension_level":0}}