{"host":"uwh382mre4waz4ff","time":1609317910,"event":{"mods":["AchievementEnabler","BaseMod","Better Note","Better Third Choice","BetterRewards","Minty Spire (QoL Compilation)","Quick Restart","Shop Mod","StSLib","The Cursed"],"gold_per_floor":[116,130,130,146,162,192,192,205,205,240,240,315,315,315],"floor_reached":13,"playtime":1398,"items_purged":["TheCursedMod:Strike_TheCursed"],"score":95,"play_id":"2721b54a-359c-4006-b84e-9b68f985d652","local_time":"20201230164510","is_ascension_mode":false,"campfire_choices":[{"data":"TheCursedMod:CursedStaff","floor":7,"key":"SMITH"},{"data":"TheCursedMod:CleanUpWorkshop","floor":11,"key":"SMITH"}],"circlet_count":0,"master_deck":["TheCursedMod:Strike_TheCursed","TheCursedMod:Strike_TheCursed","TheCursedMod:Strike_TheCursed","TheCursedMod:Defend_TheCursed","TheCursedMod:Defend_TheCursed","TheCursedMod:Defend_TheCursed","TheCursedMod:Defend_TheCursed","TheCursedMod:CursedWand","TheCursedMod:CleanUpWorkshop+1","TheCursedMod:Dregs","TheCursedMod:BloodBarrier","TheCursedMod:CircleOfCorruption","TheCursedMod:FleshFromBone","Apotheosis+1","TheCursedMod:CursedStaff+1","TheCursedMod:CursedArmor","TheCursedMod:BloodBarrier"],"relics":["TheCursedMod:BlackMagic101","Frozen Egg 2","SacredBark","Snecko Eye","TheCursedMod:CrystalBall","Gremlin Horn","InkBottle","Bronze Scales"],"acts_visited":["Exordium"],"potions_floor_usage":[13],"damage_taken":[{"damage":0,"enemies":"2 Louse","floor":1,"turns":4},{"damage":0,"enemies":"Jaw Worm","floor":2,"turns":3},{"damage":0,"enemies":"Small Slimes","floor":4,"turns":2},{"damage":3,"enemies":"Exordium Wildlife","floor":5,"turns":5},{"damage":11,"enemies":"Lagavulin","floor":6,"turns":6},{"damage":11,"enemies":"2 Fungi Beasts","floor":8,"turns":4},{"damage":5,"enemies":"3 Sentries","floor":10,"turns":6},{"damage":10,"enemies":"Lagavulin","floor":13,"turns":2}],"seed_played":"2045483403020025289","potions_obtained":[{"floor":5,"key":"GamblersBrew"},{"floor":6,"key":"SpeedPotion"},{"floor":10,"key":"Swift Potion"}],"is_trial":false,"path_per_floor":["M","M","?","M","M","E","R","M","T","E","R","?","E"],"character_chosen":"THE_CURSED","items_purchased":["TheCursedMod:BloodBarrier"],"campfire_rested":0,"item_purchase_floors":[0],"current_hp_per_floor":[32,32,32,32,29,18,18,7,7,2,2,2,0,0],"gold":315,"neow_bonus":"","is_daily":false,"chose_seed":false,"campfire_upgraded":2,"win_rate":0.0,"timestamp":1609317910,"path_taken":["M","M","?","M","M","E","R","M","T","E","R","?","E"],"items_purchased_type":["Card"],"build_version":"2020-12-22","purchased_purges":1,"victory":false,"max_hp_per_floor":[75,75,75,75,75,75,75,75,75,75,75,75,75,75],"card_choices":[{"not_picked":["TheCursedMod:HellfireBreathing+1","TheCursedMod:Torture"],"picked":"TheCursedMod:CircleOfCorruption","floor":1},{"not_picked":["TheCursedMod:CursedBlade","TheCursedMod:SmokeScreen"],"picked":"TheCursedMod:FleshFromBone","floor":2},{"not_picked":["TheCursedMod:SpitefulPray","TheCursedMod:Evocation"],"picked":"TheCursedMod:CursedStaff","floor":4},{"not_picked":["TheCursedMod:Obscuration","TheCursedMod:Hemoplague+1"],"picked":"TheCursedMod:CursedArmor","floor":5},{"not_picked":["TheCursedMod:SoulReap","TheCursedMod:SpitefulPray"],"picked":"TheCursedMod:BloodBarrier","floor":6},{"not_picked":["TheCursedMod:Stretching","TheCursedMod:Wield","TheCursedMod:SurpriseAttack"],"picked":"SKIP","floor":8},{"not_picked":["TheCursedMod:SurpriseAttack","TheCursedMod:SpitefulPlan+1","TheCursedMod:SpitefulPray"],"picked":"SKIP","floor":10}],"player_experience":113222,"relics_obtained":[{"floor":6,"key":"Gremlin Horn"},{"floor":9,"key":"InkBottle"},{"floor":10,"key":"Bronze Scales"}],"event_choices":[{"damage_healed":32,"gold_gain":0,"player_choice":"Protect","damage_taken":0,"max_hp_gain":0,"max_hp_loss":75,"event_name":"betterThird:BetterShining","floor":3,"gold_loss":1},{"damage_healed":0,"gold_gain":75,"player_choice":"Gained Gold","damage_taken":0,"max_hp_gain":0,"max_hp_loss":0,"event_name":"Golden Wing","floor":12,"gold_loss":0}],"is_beta":false,"boss_relics":[],"items_purged_floors":[0],"is_endless":false,"potions_floor_spawned":[5,6,10],"killed_by":"Lagavulin","ascension_level":0}}