{"host":"2lrkmsuh7nz013qb","time":1609313166,"event":{"mods":["BaseMod","Colored Map","DeckTracker","Minty Spire (QoL Compilation)","SuperFastMode","everything is the same but u backflip on backflip"],"gold_per_floor":[214,99,24,34,34,34,48,48,48,62,62,62,85,109,109,200,200,220,220,253,277,6,6,6,6],"floor_reached":24,"playtime":714,"items_purged":["Strike_G","Strike_G"],"score":472,"play_id":"3bff2794-bc2d-4245-bc03-014b21f9b541","local_time":"20201230162606","is_ascension_mode":true,"campfire_choices":[{"data":"Cloak And Dagger","floor":6,"key":"SMITH"},{"data":"Neutralize","floor":8,"key":"SMITH"},{"data":"Terror","floor":15,"key":"SMITH"},{"floor":23,"key":"REST"}],"circlet_count":0,"master_deck":["AscendersBane","Strike_G","Defend_G","Defend_G","Defend_G","Survivor","Neutralize+1","Cloak And Dagger+1","Footwork","Dagger Throw","Terror+1","Footwork","Acrobatics","Backflip","Grand Finale","Escape Plan","Adrenaline"],"relics":["Ring of the Snake","Golden Idol","StrikeDummy","Prayer Wheel","Empty Cage","Red Mask"],"acts_visited":["Exordium","TheCity"],"potions_floor_usage":[16,20,20],"damage_taken":[{"damage":1,"enemies":"2 Louse","floor":1,"turns":3},{"damage":0,"enemies":"Jaw Worm","floor":4,"turns":6},{"damage":5,"enemies":"Small Slimes","floor":7,"turns":4},{"damage":0,"enemies":"Blue Slaver","floor":10,"turns":4},{"damage":1,"enemies":"3 Louse","floor":13,"turns":4},{"damage":0,"enemies":"Looter","floor":14,"turns":4},{"damage":0,"enemies":"The Guardian","floor":16,"turns":13},{"damage":16,"enemies":"Spheric Guardian","floor":18,"turns":5},{"damage":29,"enemies":"Masked Bandits","floor":20,"turns":5},{"damage":9,"enemies":"2 Thieves","floor":21,"turns":3},{"damage":24,"enemies":"Slavers","floor":24,"turns":3}],"seed_played":"-7513251488056983430","potions_obtained":[{"floor":1,"key":"Fire Potion"},{"floor":7,"key":"AttackPotion"},{"floor":16,"key":"SkillPotion"}],"is_trial":false,"path_per_floor":["M","$","?","M","?","R","M","R","T","M","?","?","M","M","R","B",null,"M","?","?","M","$","R","E"],"character_chosen":"THE_SILENT","items_purchased":["Footwork","Adrenaline"],"campfire_rested":1,"item_purchase_floors":[2,22],"current_hp_per_floor":[58,58,58,58,35,35,30,30,30,30,30,25,24,24,24,24,56,40,40,11,2,2,21,0,0],"gold":6,"neow_bonus":"HUNDRED_GOLD","is_daily":false,"chose_seed":false,"campfire_upgraded":3,"win_rate":0.0,"timestamp":1609313166,"path_taken":["M","$","?","M","?","R","M","R","T","M","?","?","?","M","R","BOSS","M","?","?","M","$","R","E"],"items_purchased_type":["Card","Card"],"build_version":"2020-12-22","purchased_purges":2,"victory":false,"max_hp_per_floor":[66,66,66,66,66,66,66,66,66,66,66,66,66,66,66,66,66,66,66,66,66,66,66,66,66],"card_choices":[{"not_picked":["Crippling Poison","Quick Slash"],"picked":"Cloak And Dagger","floor":1},{"not_picked":["Heel Hook","Underhanded Strike"],"picked":"Dagger Throw","floor":4},{"not_picked":["Riddle With Holes","Flying Knee","Acrobatics"],"picked":"SKIP","floor":7},{"not_picked":["Eviscerate","Unload","Riddle With Holes"],"picked":"SKIP","floor":10},{"not_picked":["Bane","Caltrops"],"picked":"Terror","floor":13},{"not_picked":["Noxious Fumes","Quick Slash"],"picked":"Footwork","floor":13},{"not_picked":["Bouncing Flask","Deflect"],"picked":"Acrobatics","floor":14},{"not_picked":["Deflect","Sucker Punch"],"picked":"Backflip","floor":14},{"not_picked":["Unload","Wraith Form v2"],"picked":"Grand Finale","floor":16},{"not_picked":["Blade Dance","Dagger Spray","Noxious Fumes"],"picked":"SKIP","floor":18},{"not_picked":["PiercingWail","Slice","Flying Knee"],"picked":"SKIP","floor":18},{"not_picked":["Bouncing Flask+1","Predator"],"picked":"Escape Plan","floor":20},{"not_picked":["Endless Agony","Sucker Punch","Poisoned Stab"],"picked":"SKIP","floor":21},{"not_picked":["Finisher","Cloak And Dagger","Flying Knee"],"picked":"SKIP","floor":21}],"player_experience":707679,"relics_obtained":[{"floor":9,"key":"StrikeDummy"},{"floor":20,"key":"Red Mask"}],"event_choices":[{"cards_removed":["Defend_G"],"damage_healed":0,"gold_gain":0,"player_choice":"Card Removal","damage_taken":0,"max_hp_gain":0,"max_hp_loss":0,"event_name":"The Cleric","floor":3,"gold_loss":75},{"damage_healed":0,"gold_gain":0,"player_choice":"Take Damage","damage_taken":23,"relics_obtained":["Golden Idol"],"max_hp_gain":0,"max_hp_loss":0,"event_name":"Golden Idol","floor":5,"gold_loss":0},{"cards_removed":["Strike_G"],"damage_healed":0,"gold_gain":0,"player_choice":"Forget","damage_taken":0,"max_hp_gain":0,"max_hp_loss":0,"event_name":"Living Wall","floor":11,"gold_loss":0},{"damage_healed":0,"gold_gain":0,"player_choice":"Success","damage_taken":5,"relics_obtained":["Prayer Wheel"],"max_hp_gain":0,"max_hp_loss":0,"event_name":"Scrap Ooze","floor":12,"gold_loss":0},{"damage_healed":0,"gold_gain":0,"player_choice":"Ignored","damage_taken":0,"max_hp_gain":0,"max_hp_loss":0,"event_name":"Ghosts","floor":19,"gold_loss":0},{"damage_healed":0,"gold_gain":0,"player_choice":"Fought Bandits","damage_taken":0,"max_hp_gain":0,"max_hp_loss":0,"event_name":"Masked Bandits","floor":20,"gold_loss":0}],"is_beta":false,"boss_relics":[{"not_picked":["Snecko Eye","Cursed Key"],"picked":"Empty Cage"}],"items_purged_floors":[2,22],"is_endless":false,"potions_floor_spawned":[1,7,16,18],"killed_by":"Slavers","ascension_level":20}}