{"host":"ue7jlgf7uv134an9","time":1608459884,"event":{"mods":["BaseMod","Better Third Choice","Defuse TimeMaze Blight","Minty Spire (QoL Compilation)","Quick Restart","Rare Cards Sparkle","Relic Stats","StSLib","UnlockEverythingMod"],"gold_per_floor":[112,122,139,152,172,172,201,217,217,52,52,80,80,94,94,189,189,202,213,213,227,127,127,127,152,202,214,214,5,21,21,21,116,116,126,126,141,141,141,141,68,103,103,118,130,130,142,162,162,162],"floor_reached":51,"playtime":2430,"items_purged":["Strike_G","Defend_G","Strike_G"],"score":711,"play_id":"25f34dc0-b6fe-44bb-8ab3-a9ad4f5e12d2","local_time":"20201220052444","is_ascension_mode":false,"campfire_choices":[{"data":"Skewer","floor":6,"key":"SMITH"},{"data":"Wraith Form v2","floor":11,"key":"SMITH"},{"data":"Poisoned Stab","floor":13,"key":"SMITH"},{"data":"Sucker Punch","floor":15,"key":"SMITH"},{"data":"Doppelganger","floor":23,"key":"SMITH"},{"data":"Trip","floor":28,"key":"SMITH"},{"data":"Dagger Spray","floor":32,"key":"SMITH"},{"floor":40,"key":"RECALL"},{"data":"Panacea","floor":46,"key":"SMITH"},{"data":"Neutralize","floor":49,"key":"SMITH"}],"circlet_count":0,"master_deck":["Strike_G","Strike_G","Strike_G","Defend_G+1","Defend_G","Defend_G+1","Survivor","Neutralize+1","PiercingWail","Skewer+1","Masterful Stab","Sucker Punch+1","Dagger Spray+1","Wraith Form v2+1","Trip+1","Poisoned Stab+1","Doppelganger+1","Dagger Spray+1","Neutralize+1","Cloak And Dagger+1","Crippling Poison","Deflect+1","Venomology","Choke+1","Panacea+1","Dash","Deadly Poison"],"relics":["Ring of the Snake","Snake Skull","Vajra","White Beast Statue","Runic Pyramid","Nunchaku","Bag of Marbles","Membership Card","Cursed Key","War Paint","Gremlin Horn"],"acts_visited":["Exordium","TheCity","TheBeyond"],"potions_floor_usage":[7,16,18,25,25,27,33,42,42,47,47,47,50,50],"damage_taken":[{"damage":0,"enemies":"Cultist","floor":1,"turns":5},{"damage":0,"enemies":"Small Slimes","floor":2,"turns":3},{"damage":2,"enemies":"2 Louse","floor":3,"turns":2},{"damage":2,"enemies":"Looter","floor":4,"turns":2},{"damage":0,"enemies":"Exordium Thugs","floor":5,"turns":7},{"damage":18,"enemies":"Lagavulin","floor":7,"turns":5},{"damage":0,"enemies":"Exordium Wildlife","floor":8,"turns":2},{"damage":2,"enemies":"Gremlin Nob","floor":12,"turns":4},{"damage":1,"enemies":"Blue Slaver","floor":14,"turns":2},{"damage":3,"enemies":"Slime Boss","floor":16,"turns":5},{"damage":0,"enemies":"Spheric Guardian","floor":18,"turns":2},{"damage":10,"enemies":"2 Thieves","floor":19,"turns":3},{"damage":4,"enemies":"Cultist and Chosen","floor":21,"turns":7},{"damage":5,"enemies":"Book of Stabbing","floor":25,"turns":7},{"damage":2,"enemies":"Snake Plant","floor":27,"turns":3},{"damage":0,"enemies":"Chosen and Byrds","floor":30,"turns":4},{"damage":25,"enemies":"Collector","floor":33,"turns":10},{"damage":6,"enemies":"3 Shapes","floor":35,"turns":3},{"damage":1,"enemies":"Orb Walker","floor":37,"turns":3},{"damage":2,"enemies":"Reptomancer","floor":42,"turns":4},{"damage":0,"enemies":"Transient","floor":44,"turns":5},{"damage":0,"enemies":"4 Shapes","floor":45,"turns":4},{"damage":0,"enemies":"3 Darklings","floor":47,"turns":3},{"damage":2,"enemies":"Spire Growth","floor":48,"turns":5},{"damage":7,"enemies":"Time Eater","floor":50,"turns":11}],"seed_played":"-2078800147252189487","potions_obtained":[{"floor":3,"key":"LiquidMemories"},{"floor":5,"key":"PowerPotion"},{"floor":7,"key":"ColorlessPotion"},{"floor":14,"key":"Energy Potion"},{"floor":16,"key":"Weak Potion"},{"floor":18,"key":"Regen Potion"},{"floor":21,"key":"SkillPotion"},{"floor":25,"key":"CunningPotion"},{"floor":27,"key":"GamblersBrew"},{"floor":30,"key":"CunningPotion"},{"floor":31,"key":"ColorlessPotion"},{"floor":33,"key":"CultistPotion"},{"floor":37,"key":"PowerPotion"},{"floor":42,"key":"SpeedPotion"},{"floor":44,"key":"DuplicationPotion"},{"floor":47,"key":"Fruit Juice"},{"floor":48,"key":"FairyPotion"}],"is_trial":false,"path_per_floor":["M","M","M","M","M","R","E","M","T","$","R","E","R","M","R","B",null,"M","M","?","M","$","R","?","E","T","M","R","$","M","?","R","B",null,"M","?","M","?","?","R","$","E","T","M","M","R","M","M","R","B",null],"character_chosen":"THE_SILENT","items_purchased":["Trip","Membership Card","War Paint"],"campfire_rested":0,"item_purchase_floors":[10,29,41],"current_hp_per_floor":[70,70,68,66,66,66,48,48,48,48,48,46,46,45,45,42,70,70,60,60,56,56,56,56,65,65,63,63,63,63,63,63,38,70,64,64,63,63,58,58,58,56,56,56,56,56,61,59,59,52],"gold":162,"neow_bonus":"UPGRADE_CARD","is_daily":false,"chose_seed":false,"campfire_upgraded":9,"win_rate":0.0,"timestamp":1608459884,"path_taken":["M","M","M","?","M","R","E","M","T","$","R","E","R","M","R","BOSS","M","M","?","?","?","R","?","E","T","M","R","$","M","?","R","BOSS","M","?","M","?","?","R","$","E","T","?","M","R","M","M","R","BOSS"],"items_purchased_type":["Card","Relic","Relic"],"build_version":"2020-12-13","purchased_purges":3,"victory":true,"max_hp_per_floor":[70,70,70,70,70,70,70,70,70,70,70,70,70,70,70,70,70,70,70,70,70,70,70,70,70,70,70,70,70,70,70,70,70,70,70,70,70,70,70,70,70,70,70,70,70,70,75,75,75,75],"relic_stats":{"Nunchaku":[13],"Gremlin Horn":[5,5],"counters":[25,111],"Snake Skull":[25],"War Paint":["Defend_G","Defend_G"],"Cursed Key":0,"obtain_stats":[{"Nunchaku":25,"Gremlin Horn":42,"Vajra":9,"Snake Skull":7,"Bag of Marbles":26,"Membership Card":29,"War Paint":41,"Cursed Key":34,"White Beast Statue":12,"Ring of the Snake":0,"Runic Pyramid":17},{"Nunchaku":14,"Gremlin Horn":20,"Vajra":7,"Snake Skull":6,"Bag of Marbles":14,"Membership Card":15,"War Paint":19,"Cursed Key":17,"White Beast Statue":8,"Ring of the Snake":0,"Runic Pyramid":10},{"Nunchaku":56,"Gremlin Horn":83,"Vajra":26,"Snake Skull":24,"Bag of Marbles":56,"Membership Card":59,"War Paint":79,"Cursed Key":73,"White Beast Statue":30,"Ring of the Snake":0,"Runic Pyramid":37}],"Ring of the Snake":[50]},"card_choices":[{"not_picked":["Quick Slash","Deflect"],"picked":"PiercingWail","floor":1},{"not_picked":["Dodge and Roll","Leg Sweep"],"picked":"Skewer","floor":2},{"not_picked":["Dagger Throw","Sucker Punch"],"picked":"Masterful Stab","floor":3},{"not_picked":["Riddle With Holes","Acrobatics"],"picked":"Sucker Punch","floor":4},{"not_picked":["Escape Plan","Bane"],"picked":"Dagger Spray","floor":5},{"not_picked":["Blur","Catalyst","Quick Slash"],"picked":"SKIP","floor":7},{"not_picked":["Dodge and Roll","Bane"],"picked":"Wraith Form v2","floor":8},{"not_picked":["Slice","Die Die Die"],"picked":"Poisoned Stab","floor":12},{"not_picked":["Choke","Quick Slash","Poisoned Stab"],"picked":"SKIP","floor":14},{"not_picked":["A Thousand Cuts","Die Die Die"],"picked":"Doppelganger","floor":16},{"not_picked":["Outmaneuver","Backflip"],"picked":"Dagger Spray+1","floor":18},{"not_picked":["Dagger Throw","Flying Knee","Distraction"],"picked":"SKIP","floor":19},{"not_picked":["Acrobatics+1","Flechettes"],"picked":"Cloak And Dagger+1","floor":21},{"not_picked":["Poisoned Stab","Underhanded Strike"],"picked":"Crippling Poison","floor":25},{"not_picked":["Dagger Spray+1","Quick Slash","Catalyst"],"picked":"SKIP","floor":27},{"not_picked":["Distraction","Riddle With Holes"],"picked":"Deflect+1","floor":30},{"not_picked":["A Thousand Cuts","Burst"],"picked":"Venomology","floor":33},{"not_picked":["Cloak And Dagger+1","Catalyst"],"picked":"Choke+1","floor":35},{"not_picked":["Setup","Deflect","Cloak And Dagger"],"picked":"SKIP","floor":37},{"not_picked":["Setup","Deflect","Cloak And Dagger"],"picked":"SKIP","floor":37},{"not_picked":["Madness","Impatience"],"picked":"Panacea","floor":39},{"not_picked":["Eviscerate+1","Setup+1"],"picked":"Dash","floor":42},{"not_picked":["Expertise","Sucker Punch","Dagger Spray"],"picked":"SKIP","floor":44},{"not_picked":["Dagger Spray","Dagger Throw+1"],"picked":"Deadly Poison","floor":45},{"not_picked":["Dagger Spray","Reflex+1","Prepared"],"picked":"SKIP","floor":47},{"not_picked":["Expertise","Dagger Throw+1","Tactician+1"],"picked":"SKIP","floor":48}],"player_experience":2811,"relics_obtained":[{"floor":7,"key":"Snake Skull"},{"floor":9,"key":"Vajra"},{"floor":12,"key":"White Beast Statue"},{"floor":25,"key":"Nunchaku"},{"floor":26,"key":"Bag of Marbles"},{"floor":42,"key":"Gremlin Horn"}],"event_choices":[{"damage_healed":0,"gold_gain":0,"player_choice":"1 cards matched","damage_taken":0,"max_hp_gain":0,"max_hp_loss":0,"event_name":"Match and Keep!","floor":20,"gold_loss":0,"cards_obtained":["Neutralize"]},{"damage_healed":0,"gold_gain":0,"player_choice":"Ignored","damage_taken":0,"max_hp_gain":0,"max_hp_loss":0,"event_name":"Vampires","floor":24,"gold_loss":0},{"damage_healed":0,"gold_gain":0,"player_choice":"Got Potions","damage_taken":0,"max_hp_gain":0,"max_hp_loss":0,"event_name":"Lab","floor":31,"gold_loss":0},{"cards_removed":["Defend_G"],"damage_healed":0,"gold_gain":0,"player_choice":"Removed Skill","damage_taken":0,"max_hp_gain":0,"max_hp_loss":0,"event_name":"Falling","floor":36,"gold_loss":0},{"damage_healed":0,"gold_gain":0,"player_choice":"Ignored","damage_taken":0,"max_hp_gain":0,"max_hp_loss":0,"event_name":"Tomb of Lord Red Mask","floor":38,"gold_loss":0},{"damage_healed":0,"gold_gain":0,"player_choice":"Memory 2","damage_taken":5,"max_hp_gain":0,"max_hp_loss":0,"event_name":"SensoryStone","floor":39,"gold_loss":0}],"is_beta":false,"boss_relics":[{"not_picked":["Fusion Hammer","Astrolabe"],"picked":"Runic Pyramid"},{"not_picked":["Sozu","Calling Bell"],"picked":"Cursed Key"}],"items_purged_floors":[10,22,29],"is_endless":false,"potions_floor_spawned":[3,5,7,14,16,18,19,21,25,27,30,33,35,37,42,44,45,47,48],"ascension_level":0}}