{"host":"ya062ahhhuj9au1o","time":1608434237,"event":{"mods":["BaseMod","Better Third Choice","Filter the Spire","Hermit","Minty Spire (QoL Compilation)","Random Character Button","Robot Space Explorer","Somnambulant","StSLib","The Bug Knight","The Cursed","The Servant 0.9.4"],"gold_per_floor":[360,376,376,8,21,21,46,46,46,46,46,66,83,83,83,179,179,198,213,213,312,312,312,324,341,341,341,357,357,163,563,563,664,664,674,574,592,604,615,615,635,635,635,635,94,119,119,132,132,132],"floor_reached":51,"playtime":5250,"items_purged":["somnambulantmod: Defend_Somnambulant","somnambulantmod: DeeperSleep","somnambulantmod: DeeperSleep","somnambulantmod: PillowFort"],"score":1008,"play_id":"bc19a7c9-d345-4614-b6e9-1bd89f2d83a0","local_time":"20201219221717","is_ascension_mode":true,"campfire_choices":[{"floor":6.0,"key":"REST"},{"floor":8.0,"key":"REST"},{"data":"somnambulantmod: Trauma","floor":11.0,"key":"SMITH"},{"data":"somnambulantmod: QuickNap","floor":15.0,"key":"SMITH"},{"floor":23.0,"key":"REST"},{"floor":27.0,"key":"REST"},{"floor":29.0,"key":"REST"},{"floor":32.0,"key":"REST"},{"floor":40.0,"key":"REST"},{"floor":42,"key":"REST"},{"floor":49,"key":"RECALL"}],"circlet_count":0,"master_deck":["somnambulantmod: QuickNap+1","somnambulantmod: PrimingPunch+1","somnambulantmod: SleepingBody+1","somnambulantmod: Trauma+1","Trip+1","somnambulantmod: HorrificThought+1","Finesse+1","somnambulantmod: SleepParalysis+1","somnambulantmod: Withdraw+1","somnambulantmod: HappyThoughts+1","somnambulantmod: DreamBig+1","somnambulantmod: Bruise+1","somnambulantmod: Bruise+1","somnambulantmod: Cower+1","somnambulantmod: LoseForm+1","somnambulantmod: Remember+1","Insight+1","somnambulantmod: QuickNap+1","somnambulantmod: UnthoughtKnown+1","somnambulantmod: SleepingBody+1","somnambulantmod: ImpenetrableMind+1","somnambulantmod: ImpenetrableMind+1","somnambulantmod: NightHaunts+1","somnambulantmod: NightHaunts+1"],"relics":["somnambulantmod: DreamJournal","somnambulantmod: DementingVeil","HornCleat","The Courier","Pandora\u0027s Box","Ornamental Fan","DollysMirror","Old Coin","Sundial","somnambulantmod: GluedMask","somnambulantmod: PrivatePocket","War Paint","Blood Vial","Mark of the Bloom"],"acts_visited":["Exordium","TheCity","TheBeyond"],"potions_floor_usage":[50],"damage_taken":[{"damage":6.0,"enemies":"Jaw Worm","floor":1.0,"turns":5.0},{"damage":2.0,"enemies":"Cultist","floor":2.0,"turns":5.0},{"damage":0.0,"enemies":"2 Louse","floor":5.0,"turns":2.0},{"damage":20.0,"enemies":"3 Sentries","floor":7.0,"turns":8.0},{"damage":5.0,"enemies":"Exordium Wildlife","floor":12.0,"turns":7.0},{"damage":1.0,"enemies":"Looter","floor":13.0,"turns":2.0},{"damage":10.0,"enemies":"The Guardian","floor":16.0,"turns":10.0},{"damage":0.0,"enemies":"3 Byrds","floor":18.0,"turns":7.0},{"damage":14.0,"enemies":"Spheric Guardian","floor":19.0,"turns":7.0},{"damage":0.0,"enemies":"Snecko","floor":24.0,"turns":4.0},{"damage":22.0,"enemies":"Shelled Parasite and Fungi","floor":25.0,"turns":6.0},{"damage":30.0,"enemies":"Sentry and Sphere","floor":28.0,"turns":6.0},{"damage":4.0,"enemies":"Colosseum Slavers","floor":31.0,"turns":5.0},{"damage":19.0,"enemies":"Colosseum Nobs","floor":31.0,"turns":4.0},{"damage":16.0,"enemies":"Champ","floor":33.0,"turns":10.0},{"damage":5.0,"enemies":"3 Shapes","floor":35.0,"turns":6.0},{"damage":0.0,"enemies":"Orb Walker","floor":37.0,"turns":5.0},{"damage":22.0,"enemies":"Transient","floor":38.0,"turns":5.0},{"damage":7.0,"enemies":"3 Darklings","floor":39.0,"turns":5.0},{"damage":0,"enemies":"Maw","floor":41,"turns":5},{"damage":0,"enemies":"Giant Head","floor":46,"turns":7},{"damage":0,"enemies":"Transient","floor":48,"turns":5},{"damage":0,"enemies":"Awakened One","floor":50,"turns":10}],"seed_played":"-1851873999562708608","potions_obtained":[{"floor":2.0,"key":"Block Potion"},{"floor":5.0,"key":"GamblersBrew"},{"floor":13.0,"key":"SpeedPotion"},{"floor":24.0,"key":"LiquidMemories"},{"floor":31.0,"key":"ColorlessPotion"},{"floor":41,"key":"DistilledChaos"},{"floor":48,"key":"LiquidMemories"}],"is_trial":false,"path_per_floor":["M","M","?","$","M","R","E","R","T","?","R","M","M","?","R","B",null,"M","M","?","?","?","R","M","M","T","R","M","R","$","?","R","B",null,"M","$","M","M","M","R","M","R","T","?","$","E","?","M","R","B",null],"character_chosen":"THE_SOMNAMBULANT","items_purchased":["somnambulantmod: DementingVeil","somnambulantmod: HorrificThought","Finesse","DollysMirror","War Paint","somnambulantmod: ImpenetrableMind","somnambulantmod: NightHaunts","somnambulantmod: NightHaunts"],"campfire_rested":8,"item_purchase_floors":[4,4,4,30,45,45,45,45],"current_hp_per_floor":[57,55,55,55,55,65,45,66,66,66,66,61,60,65,65,55,68,68,54,54,54,54,74,74,52,52,76,46,70,70,47,72,56,74,69,69,69,47,40,66,66,84,84,80,80,80,80,80,80,80],"gold":132,"neow_bonus":"TWO_FIFTY_GOLD","is_daily":false,"chose_seed":false,"campfire_upgraded":2,"win_rate":0.0,"timestamp":1608434237,"path_taken":["M","M","?","$","?","R","E","R","T","?","R","M","M","?","R","BOSS","M","M","?","?","?","R","M","M","T","R","?","R","$","?","R","BOSS","M","$","M","M","M","R","M","R","T","?","$","E","?","M","R","BOSS"],"items_purchased_type":["Relic","Card","Card","Relic","Relic","Card","Card","Card"],"build_version":"2020-12-13","purchased_purges":4,"victory":true,"max_hp_per_floor":[63,63,63,63,63,65,65,67,67,67,67,67,67,72,72,72,72,72,72,72,72,72,74,74,74,74,76,76,78,78,78,80,80,80,80,80,80,80,80,82,82,84,84,80,80,80,80,80,80,80],"card_choices":[{"not_picked":["somnambulantmod: Cower","somnambulantmod: HeadSmack"],"picked":"somnambulantmod: SleepingBody","floor":1.0},{"not_picked":["somnambulantmod: Unmake","somnambulantmod: Blink"],"picked":"somnambulantmod: Trauma","floor":2.0},{"not_picked":["somnambulantmod: Nosebleed","somnambulantmod: TrepanningBlow"],"picked":"somnambulantmod: SleepParalysis","floor":5.0},{"not_picked":["somnambulantmod: PourItOut","somnambulantmod: HappyThoughts","somnambulantmod: LeechFears"],"picked":"SKIP","floor":7.0},{"not_picked":["somnambulantmod: Unmake","somnambulantmod: Repression","somnambulantmod: OpeningUp"],"picked":"SKIP","floor":12.0},{"not_picked":["somnambulantmod: Repression","somnambulantmod: Harden","somnambulantmod: RecurringDream"],"picked":"SKIP","floor":13.0},{"not_picked":["somnambulantmod: NewDawn","somnambulantmod: SleepParalysis"],"picked":"somnambulantmod: Withdraw","floor":16.0},{"not_picked":["somnambulantmod: Pinch+1","somnambulantmod: ShowerThought"],"picked":"somnambulantmod: Remember","floor":18.0},{"not_picked":["somnambulantmod: Nosebleed","somnambulantmod: HeadSmack","somnambulantmod: BadIdea"],"picked":"SKIP","floor":19.0},{"not_picked":["somnambulantmod: Wake","somnambulantmod: Stumble+1","somnambulantmod: HeadSmack"],"picked":"SKIP","floor":24.0},{"not_picked":["somnambulantmod: HappyThoughts+1","somnambulantmod: SnuggleUp","somnambulantmod: ShowerThought"],"picked":"SKIP","floor":25.0},{"not_picked":["somnambulantmod: HorrificThought","somnambulantmod: HeadSmack","somnambulantmod: Bruise"],"picked":"SKIP","floor":28.0},{"not_picked":["somnambulantmod: MindWave","somnambulantmod: Unburden"],"picked":"somnambulantmod: UnthoughtKnown","floor":31.0},{"not_picked":["somnambulantmod: SnuggleUp","somnambulantmod: Cower","somnambulantmod: Bruise+1"],"picked":"SKIP","floor":35.0},{"not_picked":["somnambulantmod: DeeperSleep+1","somnambulantmod: HeavyLids","somnambulantmod: HeadSmack+1"],"picked":"SKIP","floor":37.0},{"not_picked":["somnambulantmod: Nosebleed","somnambulantmod: Blink"],"picked":"somnambulantmod: SleepingBody","floor":38.0},{"not_picked":["somnambulantmod: Stimulus","somnambulantmod: PillowFort"],"picked":"somnambulantmod: ImpenetrableMind+1","floor":39.0},{"not_picked":["somnambulantmod: SickeningSwathe","somnambulantmod: Trauma","somnambulantmod: LeechFears"],"picked":"SKIP","floor":41},{"not_picked":["somnambulantmod: BadIdea","somnambulantmod: Repression","somnambulantmod: SickeningSwathe"],"picked":"SKIP","floor":46},{"not_picked":["somnambulantmod: BadIdea","somnambulantmod: AllForNothing+1","somnambulantmod: HeavyLids+1"],"picked":"SKIP","floor":48}],"player_experience":1651810,"relics_obtained":[{"floor":7.0,"key":"HornCleat"},{"floor":9.0,"key":"The Courier"},{"floor":26.0,"key":"Ornamental Fan"},{"floor":31.0,"key":"Old Coin"},{"floor":31.0,"key":"Sundial"},{"floor":43,"key":"somnambulantmod: PrivatePocket"},{"floor":46,"key":"Blood Vial"}],"event_choices":[{"damage_healed":0.0,"max_hp_gain":0.0,"max_hp_loss":0.0,"gold_gain":0.0,"event_name":"Match and Keep!","player_choice":"1 cards matched","floor":3.0,"gold_loss":0.0,"damage_taken":0.0,"cards_obtained":["Trip"]},{"damage_healed":0.0,"max_hp_gain":0.0,"max_hp_loss":0.0,"gold_gain":0.0,"event_name":"The Cleric","player_choice":"Leave","floor":10.0,"gold_loss":0.0,"damage_taken":0.0},{"damage_healed":0.0,"max_hp_gain":5.0,"max_hp_loss":0.0,"gold_gain":0.0,"event_name":"Big Fish","player_choice":"Donut","floor":14.0,"gold_loss":0.0,"damage_taken":0.0},{"damage_healed":0.0,"max_hp_gain":0.0,"max_hp_loss":0.0,"gold_gain":0.0,"event_name":"betterThird:BetterWriting","player_choice":"Insight","floor":20.0,"gold_loss":0.0,"damage_taken":0.0,"cards_obtained":["Insight"]},{"damage_healed":0.0,"max_hp_gain":0.0,"max_hp_loss":0.0,"gold_gain":99.0,"event_name":"betterThird:BetterNest","player_choice":"Steal","floor":21.0,"gold_loss":0.0,"damage_taken":0.0},{"damage_healed":0.0,"max_hp_gain":0.0,"max_hp_loss":0.0,"gold_gain":0.0,"event_name":"The Woman in Blue","player_choice":"Bought 0 Potions","floor":22.0,"gold_loss":0.0,"damage_taken":0.0},{"damage_healed":0.0,"max_hp_gain":0.0,"max_hp_loss":0.0,"gold_gain":0.0,"event_name":"Colosseum","player_choice":"Fight","floor":31.0,"gold_loss":0.0,"damage_taken":0.0},{"damage_healed":0.0,"max_hp_gain":0.0,"max_hp_loss":0.0,"gold_gain":0.0,"event_name":"Colosseum","player_choice":"Fought Nobs","floor":31.0,"gold_loss":0.0,"damage_taken":0.0},{"damage_healed":0,"gold_gain":0,"player_choice":"Max HP","damage_taken":0,"max_hp_gain":0,"max_hp_loss":4,"event_name":"Winding Halls","floor":44,"gold_loss":0},{"damage_healed":0,"gold_gain":0,"player_choice":"Upgrade","damage_taken":0,"relics_obtained":["Mark of the Bloom"],"max_hp_gain":0,"max_hp_loss":0,"event_name":"MindBloom","floor":47,"gold_loss":0,"cards_upgraded":["somnambulantmod: SleepingBody","Trip","Finesse","somnambulantmod: SleepParalysis","somnambulantmod: Bruise","somnambulantmod: LoseForm","somnambulantmod: Remember","somnambulantmod: UnthoughtKnown","somnambulantmod: SleepingBody","somnambulantmod: ImpenetrableMind","somnambulantmod: NightHaunts","somnambulantmod: NightHaunts"]}],"is_beta":false,"boss_relics":[{"not_picked":["Snecko Eye","Cursed Key"],"picked":"Pandora\u0027s Box"},{"not_picked":["Tiny House","Velvet Choker"],"picked":"somnambulantmod: GluedMask"}],"items_purged_floors":[4,30,36,45],"is_endless":false,"potions_floor_spawned":[2,5,13,24,25,31,31,41,46,48],"ascension_level":8}}