{"host":"sa7ebub27cgn5wai","time":1608477594,"event":{"mods":["BaseMod","Colored Map","Minty Spire (QoL Compilation)","SuperFastMode"],"gold_per_floor":[112,128,139,151,171,198,198,224,224,189,189,270,270,282,282,382,382,396,413,433,126,140,171,171,171,194,194,209,223,255,275,275,372,372,391,441,189,189,189,189,224,274,274,274,288,17,17,34,34,34],"floor_reached":51,"playtime":1184,"items_purged":["Power Through+1","Perfected Strike","Perfected Strike+1"],"score":752,"play_id":"d4dd0e49-603d-4ce7-ab99-f8aaae05bc33","local_time":"20201221001954","is_ascension_mode":false,"campfire_choices":[{"data":"Perfected Strike","floor":7,"key":"SMITH"},{"data":"Whirlwind","floor":11,"key":"SMITH"},{"data":"Flex","floor":13,"key":"SMITH"},{"data":"Power Through","floor":15,"key":"SMITH"},{"floor":24,"key":"REST"},{"data":"Seeing Red","floor":27,"key":"SMITH"},{"data":"Offering","floor":32,"key":"SMITH"},{"floor":40,"key":"REST"},{"floor":44,"key":"REST"},{"floor":47,"key":"REST"},{"floor":49,"key":"REST"}],"circlet_count":0,"master_deck":["Strike_R","Strike_R","Strike_R","Strike_R","Strike_R","Defend_R","Defend_R","Defend_R","Defend_R","Bash","Pommel Strike","Flex+1","Twin Strike","Sword Boomerang","Sword Boomerang","Whirlwind+1","Reaper","CurseOfTheBell","Offering+1","Thunderclap","Spot Weakness","Inflame","Flash of Steel","Seeing Red+1","Double Tap","Flex+1","Offering+1","Secret Technique","Bloodletting+1","Heavy Blade+1","Spot Weakness"],"relics":["Burning Blood","Du-Vu Doll","Bag of Preparation","Lantern","Shuriken","Pantograph","Calling Bell","Regal Pillow","Matryoshka","Unceasing Top","Happy Flower","Bottled Lightning","Oddly Smooth Stone","Torii","Fusion Hammer","StoneCalendar","DollysMirror","Bronze Scales","Incense Burner","Darkstone Periapt","Paper Frog","Lee\u0027s Waffle"],"acts_visited":["Exordium","TheCity","TheBeyond"],"potions_floor_usage":[6,30,50,50,50],"damage_taken":[{"damage":6,"enemies":"Jaw Worm","floor":1,"turns":3},{"damage":1,"enemies":"Cultist","floor":2,"turns":3},{"damage":14,"enemies":"2 Louse","floor":3,"turns":3},{"damage":8,"enemies":"2 Fungi Beasts","floor":4,"turns":4},{"damage":22,"enemies":"Exordium Thugs","floor":5,"turns":4},{"damage":6,"enemies":"Gremlin Nob","floor":6,"turns":3},{"damage":13,"enemies":"3 Sentries","floor":8,"turns":6},{"damage":0,"enemies":"3 Louse","floor":14,"turns":2},{"damage":26,"enemies":"Slime Boss","floor":16,"turns":10},{"damage":0,"enemies":"Spheric Guardian","floor":18,"turns":1},{"damage":20,"enemies":"Shell Parasite","floor":19,"turns":5},{"damage":16,"enemies":"Chosen and Byrds","floor":20,"turns":3},{"damage":16,"enemies":"Cultist and Chosen","floor":22,"turns":3},{"damage":18,"enemies":"Book of Stabbing","floor":23,"turns":2},{"damage":30,"enemies":"Centurion and Healer","floor":28,"turns":3},{"damage":0,"enemies":"3 Cultists","floor":29,"turns":1},{"damage":6,"enemies":"Slavers","floor":30,"turns":1},{"damage":6,"enemies":"Cultist and Chosen","floor":31,"turns":1},{"damage":35,"enemies":"Collector","floor":33,"turns":5},{"damage":6,"enemies":"3 Darklings","floor":35,"turns":1},{"damage":18,"enemies":"Mind Bloom Boss Battle","floor":36,"turns":3},{"damage":47,"enemies":"Reptomancer","floor":41,"turns":3},{"damage":12,"enemies":"2 Orb Walkers","floor":42,"turns":1},{"damage":15,"enemies":"3 Shapes","floor":45,"turns":1},{"damage":16,"enemies":"Writhing Mass","floor":48,"turns":2},{"damage":94,"enemies":"Time Eater","floor":50,"turns":6}],"seed_played":"3461152038405169561","potions_obtained":[{"floor":2,"key":"Weak Potion"},{"floor":3,"key":"SteroidPotion"},{"floor":6,"key":"HeartOfIron"},{"floor":18,"key":"CultistPotion"},{"floor":23,"key":"Regen Potion"},{"floor":31,"key":"ColorlessPotion"}],"is_trial":false,"path_per_floor":["M","M","M","M","M","E","R","E","T","?","R","T","R","M","R","B",null,"M","M","M","$","M","E","R","?","T","R","M","M","E","M","R","B",null,"M","?","$","?","?","R","E","?","T","R","M","$","R","M","R","B",null],"character_chosen":"IRONCLAD","items_purchased":["Spot Weakness","Inflame","Flash of Steel","DollysMirror","Lee\u0027s Waffle"],"campfire_rested":5,"item_purchase_floors":[21,21,21,37,46],"current_hp_per_floor":[72,72,64,62,46,46,46,39,39,57,57,57,57,63,63,52,72,72,58,48,48,38,26,62,62,62,62,48,54,54,54,54,51,72,72,60,60,60,60,72,43,72,72,72,63,79,79,69,79,18],"gold":34,"neow_bonus":"ONE_RARE_RELIC","is_daily":false,"chose_seed":false,"campfire_upgraded":6,"win_rate":0.0,"timestamp":1608477594,"path_taken":["M","M","M","M","M","E","R","E","T","?","R","?","R","M","R","BOSS","M","?","M","$","M","E","R","?","T","R","M","M","E","M","R","BOSS","M","?","$","?","?","R","E","?","T","R","M","$","R","M","R","BOSS"],"items_purchased_type":["Card","Card","Card","Relic","Relic"],"build_version":"2020-12-13","purchased_purges":3,"victory":true,"max_hp_per_floor":[72,72,72,72,72,72,72,72,72,72,72,72,72,72,72,72,72,72,72,72,72,72,72,72,72,72,72,72,72,72,72,72,72,72,72,72,72,72,72,72,72,72,72,72,72,79,79,79,79,79],"card_choices":[{"not_picked":["Warcry","Fire Breathing"],"picked":"Pommel Strike","floor":1},{"not_picked":["Warcry","Headbutt"],"picked":"Flex","floor":2},{"not_picked":["Clash","Iron Wave"],"picked":"Twin Strike","floor":3},{"not_picked":["Pommel Strike","Dark Embrace"],"picked":"Sword Boomerang","floor":4},{"not_picked":["Pommel Strike","Fire Breathing"],"picked":"Sword Boomerang","floor":5},{"not_picked":["Pommel Strike","Juggernaut"],"picked":"Perfected Strike","floor":6},{"not_picked":["Body Slam","Anger"],"picked":"Whirlwind","floor":8},{"not_picked":["Combust","Perfected Strike"],"picked":"Power Through","floor":14},{"not_picked":["Bludgeon","Impervious"],"picked":"Reaper","floor":16},{"not_picked":["Cleave+1","True Grit"],"picked":"Perfected Strike","floor":18},{"not_picked":["Blood for Blood+1","Evolve"],"picked":"Offering","floor":19},{"not_picked":["True Grit","Pommel Strike"],"picked":"Thunderclap","floor":20},{"not_picked":["Heavy Blade","Iron Wave"],"picked":"Seeing Red","floor":22},{"not_picked":["Ghostly Armor","Bludgeon","Body Slam"],"picked":"SKIP","floor":23},{"not_picked":["Armaments","Pommel Strike","Infernal Blade+1"],"picked":"SKIP","floor":28},{"not_picked":["Rage+1","Heavy Blade","Bloodletting"],"picked":"SKIP","floor":29},{"not_picked":["Clash+1","Heavy Blade","Iron Wave"],"picked":"SKIP","floor":30},{"not_picked":["Reckless Charge+1","Cleave","Perfected Strike"],"picked":"SKIP","floor":31},{"not_picked":["Exhume","Feed"],"picked":"Double Tap","floor":33},{"not_picked":["Thunderclap","Iron Wave","Rupture+1"],"picked":"SKIP","floor":35},{"not_picked":["Anger+1","Body Slam+1"],"picked":"Flex+1","floor":36},{"not_picked":["Magnetism","Purity"],"picked":"Secret Technique","floor":39},{"not_picked":["Perfected Strike+1","Iron Wave+1","Infernal Blade"],"picked":"SKIP","floor":41},{"not_picked":["Dual Wield","Iron Wave+1"],"picked":"Bloodletting+1","floor":42},{"not_picked":["True Grit","Twin Strike+1"],"picked":"Heavy Blade+1","floor":45},{"not_picked":["Carnage+1","Clothesline"],"picked":"Spot Weakness","floor":48}],"player_experience":237568,"relics_obtained":[{"floor":6,"key":"Bag of Preparation"},{"floor":8,"key":"Lantern"},{"floor":9,"key":"Shuriken"},{"floor":12,"key":"Pantograph"},{"floor":17,"key":"Regal Pillow"},{"floor":17,"key":"Matryoshka"},{"floor":17,"key":"Unceasing Top"},{"floor":23,"key":"Happy Flower"},{"floor":26,"key":"Bottled Lightning"},{"floor":26,"key":"Oddly Smooth Stone"},{"floor":30,"key":"Torii"},{"floor":36,"key":"StoneCalendar"},{"floor":41,"key":"Bronze Scales"},{"floor":42,"key":"Incense Burner"},{"floor":43,"key":"Darkstone Periapt"},{"floor":43,"key":"Paper Frog"}],"event_choices":[{"damage_healed":18,"gold_gain":0,"player_choice":"Healed","damage_taken":0,"max_hp_gain":0,"max_hp_loss":0,"event_name":"The Cleric","floor":10,"gold_loss":35},{"damage_healed":0,"gold_gain":0,"player_choice":"Ignored","damage_taken":0,"max_hp_gain":0,"max_hp_loss":0,"event_name":"Ghosts","floor":25,"gold_loss":0},{"damage_healed":0,"gold_gain":0,"player_choice":"Fight","damage_taken":0,"max_hp_gain":0,"max_hp_loss":0,"event_name":"MindBloom","floor":36,"gold_loss":0},{"damage_healed":0,"gold_gain":0,"player_choice":"Ignored","damage_taken":0,"max_hp_gain":0,"max_hp_loss":0,"event_name":"Tomb of Lord Red Mask","floor":38,"gold_loss":0},{"damage_healed":0,"gold_gain":0,"player_choice":"Memory 1","damage_taken":0,"max_hp_gain":0,"max_hp_loss":0,"event_name":"SensoryStone","floor":39,"gold_loss":0},{"damage_healed":0,"gold_gain":0,"player_choice":"Fight","damage_taken":0,"max_hp_gain":0,"max_hp_loss":0,"event_name":"Mysterious Sphere","floor":42,"gold_loss":0}],"is_beta":false,"boss_relics":[{"not_picked":["Snecko Eye","SacredBark"],"picked":"Calling Bell"},{"not_picked":["Philosopher\u0027s Stone","Runic Pyramid"],"picked":"Fusion Hammer"}],"items_purged_floors":[21,37,46],"is_endless":false,"potions_floor_spawned":[2,3,6,18,20,23,28,31,41,48],"ascension_level":0}}