{"host":"ypphcgdomtfqpc2w","time":1608473546,"event":{"mods":["BaseMod","DeckTracker","Minty Spire (QoL Compilation)","Relic Stats","StSLib"],"gold_per_floor":[116,135,135,135,25,55,68,68,93,110,120,147,159,171,183,269,281,303,36,86,136,2,34,47,80,103,119,119,119,153,165,165,239,239,255,255,255,165,182,182,200,226,226,260,260,274,303,203,203,203,203,203,203,3,33,33],"floor_reached":57,"playtime":5696,"items_purged":["Strike_R","Strike_R"],"score":3062,"play_id":"4e0d513a-b67d-41ee-9484-c2a358ba89ff","local_time":"20201220231226","is_ascension_mode":true,"campfire_choices":[{"data":"Armaments","floor":8.0,"key":"SMITH"},{"floor":13.0,"key":"REST"},{"data":"True Grit","floor":15.0,"key":"SMITH"},{"data":"Seeing Red","floor":29.0,"key":"SMITH"},{"data":"Warcry","floor":32.0,"key":"SMITH"},{"data":"Barricade","floor":40.0,"key":"SMITH"},{"data":"Forethought","floor":45.0,"key":"SMITH"},{"floor":49.0,"key":"RECALL"},{"data":"Intimidate","floor":53.0,"key":"SMITH"}],"circlet_count":0,"master_deck":["AscendersBane","Defend_R","Defend_R","Defend_R","Iron Wave","Body Slam","Armaments+1","Shrug It Off","Evolve","Shockwave","Power Through","True Grit+1","Fiend Fire","Pommel Strike","Battle Trance","Feel No Pain","Power Through","Seeing Red+1","Barricade+1","Intimidate+1","Battle Trance","Warcry+1","Berserk","Forethought+1","Flame Barrier+1","Dark Shackles","Warcry","Shrug It Off","Feel No Pain"],"relics":["Burning Blood","Omamori","Ornamental Fan","Oddly Smooth Stone","MawBank","Runic Pyramid","Akabeko","Bag of Preparation","Gremlin Horn","Dream Catcher","Juzu Bracelet","SlaversCollar","Bottled Tornado","White Beast Statue","Blood Vial","Pear","Lantern"],"acts_visited":["Exordium","TheCity","TheBeyond","TheEnding"],"potions_floor_usage":[56],"damage_taken":[{"damage":1.0,"enemies":"2 Louse","floor":1.0,"turns":4.0},{"damage":2.0,"enemies":"Cultist","floor":2.0,"turns":4.0},{"damage":17.0,"enemies":"Lagavulin","floor":6.0,"turns":8.0},{"damage":0.0,"enemies":"Jaw Worm","floor":7.0,"turns":4.0},{"damage":33.0,"enemies":"Gremlin Gang","floor":10.0,"turns":6.0},{"damage":0.0,"enemies":"2 Fungi Beasts","floor":11.0,"turns":4.0},{"damage":15.0,"enemies":"Gremlin Nob","floor":12.0,"turns":4.0},{"damage":21.0,"enemies":"Slime Boss","floor":16.0,"turns":19.0},{"damage":0.0,"enemies":"Chosen","floor":18.0,"turns":3.0},{"damage":0.0,"enemies":"Book of Stabbing","floor":23.0,"turns":4.0},{"damage":0.0,"enemies":"Spheric Guardian","floor":24.0,"turns":1.0},{"damage":9.0,"enemies":"Slavers","floor":25.0,"turns":7.0},{"damage":1.0,"enemies":"Centurion and Healer","floor":27.0,"turns":5.0},{"damage":8.0,"enemies":"Book of Stabbing","floor":30.0,"turns":6.0},{"damage":0.0,"enemies":"Cultist and Chosen","floor":31.0,"turns":3.0},{"damage":0.0,"enemies":"Collector","floor":33.0,"turns":6.0},{"damage":0.0,"enemies":"3 Shapes","floor":35.0,"turns":6.0},{"damage":0.0,"enemies":"Orb Walker","floor":39.0,"turns":2.0},{"damage":0.0,"enemies":"Sphere and 2 Shapes","floor":41.0,"turns":5.0},{"damage":0.0,"enemies":"Reptomancer","floor":42.0,"turns":6.0},{"damage":0.0,"enemies":"Nemesis","floor":44.0,"turns":9.0},{"damage":5.0,"enemies":"Spire Growth","floor":46.0,"turns":3.0},{"damage":0.0,"enemies":"Giant Head","floor":47.0,"turns":5.0},{"damage":3.0,"enemies":"Donu and Deca","floor":50.0,"turns":21.0},{"damage":2.0,"enemies":"Awakened One","floor":51.0,"turns":9.0},{"damage":26.0,"enemies":"Shield and Spear","floor":55.0,"turns":7.0},{"damage":2,"enemies":"The Heart","floor":56,"turns":8}],"seed_played":"7819403138893033843","potions_obtained":[{"floor":6.0,"key":"ElixirPotion"},{"floor":7.0,"key":"Swift Potion"},{"floor":10.0,"key":"Explosive Potion"},{"floor":23.0,"key":"Weak Potion"},{"floor":25.0,"key":"FearPotion"},{"floor":30.0,"key":"CultistPotion"},{"floor":47.0,"key":"Dexterity Potion"},{"floor":55.0,"key":"SteroidPotion"}],"is_trial":false,"path_per_floor":["M","M","?","?","$","E","M","R","T","M","M","E","R","?","R","B",null,"M","$","?","T","$","E","M","E","T","M","?","R","E","M","R","B",null,"M","?","?","$","M","R","M","E","T","E","R","M","E","$","R","B","B",null,"R","$","E","B",null],"character_chosen":"IRONCLAD","items_purchased":["Armaments","Block Potion","Battle Trance","Akabeko","Feel No Pain","PowerPotion","Forethought","Dark Shackles","Warcry","Shrug It Off"],"campfire_rested":1,"item_purchase_floors":[5,5,19,19,22,22,38,54,54,54],"current_hp_per_floor":[55,59,48,48,48,37,43,43,43,16,22,13,35,35,35,20,61,67,67,67,67,67,73,75,72,72,75,75,75,73,75,75,75,75,75,75,71,71,71,71,71,71,71,71,71,71,81,81,81,81,81,81,81,81,61,67],"gold":33,"neow_bonus":"REMOVE_TWO","is_daily":false,"chose_seed":true,"campfire_upgraded":7,"win_rate":0.0,"timestamp":1608473546,"path_taken":["M","M","?","?","$","E","?","R","T","M","M","E","R","?","R","BOSS","M","?","?","?","$","E","M","E","T","?","?","R","E","M","R","BOSS","M","?","?","?","M","R","M","E","T","E","R","M","E","$","R","BOSS","BOSS","R","$","E","BOSS"],"items_purchased_type":["Card","Potion","Card","Relic","Card","Potion","Card","Card","Card","Card"],"build_version":"2020-12-13","purchased_purges":2,"victory":true,"max_hp_per_floor":[75,75,75,75,75,75,75,75,75,75,75,75,75,75,75,75,75,75,75,75,75,75,75,75,75,75,75,75,75,75,75,75,75,75,75,75,71,71,71,71,71,71,71,71,71,71,81,81,81,81,81,81,81,81,81,81],"relic_stats":{"Blood Vial":2,"Dream Catcher":0,"Gremlin Horn":[15,24],"counters":[27,169],"Ornamental Fan":[68],"Bag of Preparation":[36],"Juzu Bracelet":0,"MawBank":84,"obtain_stats":[{"Lantern":55,"Pear":47,"Gremlin Horn":23,"Oddly Smooth Stone":9,"Omamori":3,"Bag of Preparation":21,"Juzu Bracelet":30,"Bottled Tornado":42,"MawBank":12,"Burning Blood":0,"Akabeko":19,"White Beast Statue":43,"Blood Vial":44,"SlaversCollar":34,"Dream Catcher":25,"Ornamental Fan":6,"Runic Pyramid":17},{"Lantern":26,"Pear":23,"Gremlin Horn":10,"Oddly Smooth Stone":4,"Omamori":2,"Bag of Preparation":9,"Juzu Bracelet":14,"Bottled Tornado":20,"MawBank":7,"Burning Blood":0,"Akabeko":9,"White Beast Statue":20,"Blood Vial":21,"SlaversCollar":16,"Dream Catcher":12,"Ornamental Fan":3,"Runic Pyramid":8},{"Lantern":161,"Pear":124,"Gremlin Horn":60,"Oddly Smooth Stone":20,"Omamori":8,"Bag of Preparation":56,"Juzu Bracelet":79,"Bottled Tornado":107,"MawBank":34,"Burning Blood":0,"Akabeko":56,"White Beast Statue":107,"Blood Vial":116,"SlaversCollar":88,"Dream Catcher":68,"Ornamental Fan":16,"Runic Pyramid":53}],"Burning Blood":102},"card_choices":[{"not_picked":["Headbutt","Dual Wield"],"picked":"Iron Wave","floor":1.0},{"not_picked":["Entrench","Havoc"],"picked":"Body Slam","floor":2.0},{"not_picked":["Armaments","Sword Boomerang"],"picked":"Shrug It Off","floor":6.0},{"not_picked":["Dual Wield","Reckless Charge"],"picked":"Evolve","floor":7.0},{"not_picked":["True Grit","Sword Boomerang"],"picked":"Shockwave","floor":10.0},{"not_picked":["Iron Wave","Intimidate"],"picked":"Power Through","floor":11.0},{"not_picked":["Evolve","Iron Wave"],"picked":"True Grit","floor":12.0},{"not_picked":["Berserk","Juggernaut"],"picked":"Fiend Fire","floor":16.0},{"not_picked":["Uppercut","Flex+1"],"picked":"Pommel Strike","floor":18.0},{"not_picked":["Armaments+1","Intimidate"],"picked":"Power Through","floor":23.0},{"not_picked":["Body Slam","Armaments"],"picked":"Seeing Red","floor":24.0},{"not_picked":["Body Slam","Clothesline"],"picked":"Barricade","floor":25.0},{"not_picked":["Ghostly Armor","Armaments"],"picked":"Intimidate","floor":27.0},{"not_picked":["Wild Strike","Metallicize"],"picked":"Battle Trance","floor":30.0},{"not_picked":["Armaments","Reckless Charge"],"picked":"Warcry","floor":31.0},{"not_picked":["Juggernaut","Bludgeon"],"picked":"Berserk","floor":33.0},{"not_picked":["Clothesline","Clash","Shockwave+1"],"picked":"SKIP","floor":35.0},{"not_picked":["Body Slam","Reckless Charge+1","Hemokinesis"],"picked":"SKIP","floor":39.0},{"not_picked":["Pummel","Whirlwind","Sentinel"],"picked":"SKIP","floor":41.0},{"not_picked":["Armaments","Thunderclap","Blood for Blood"],"picked":"SKIP","floor":42.0},{"not_picked":["Clothesline","Body Slam+1","Sword Boomerang"],"picked":"SKIP","floor":44.0},{"not_picked":["Sentinel","Headbutt+1","Iron Wave"],"picked":"SKIP","floor":46.0},{"not_picked":["Thunderclap","Pommel Strike+1"],"picked":"Flame Barrier+1","floor":47.0},{"not_picked":["Clothesline+1","Anger"],"picked":"Feel No Pain","floor":55.0}],"player_experience":1947472,"relics_obtained":[{"floor":6.0,"key":"Ornamental Fan"},{"floor":9.0,"key":"Oddly Smooth Stone"},{"floor":12.0,"key":"MawBank"},{"floor":21.0,"key":"Bag of Preparation"},{"floor":23.0,"key":"Gremlin Horn"},{"floor":25.0,"key":"Dream Catcher"},{"floor":30.0,"key":"Juzu Bracelet"},{"floor":42.0,"key":"Bottled Tornado"},{"floor":43.0,"key":"White Beast Statue"},{"floor":44.0,"key":"Blood Vial"},{"floor":47.0,"key":"Pear"},{"floor":55.0,"key":"Lantern"}],"event_choices":[{"damage_healed":0.0,"max_hp_gain":0.0,"max_hp_loss":0.0,"gold_gain":0.0,"event_name":"Scrap Ooze","player_choice":"Success","floor":3.0,"gold_loss":0.0,"damage_taken":11.0,"relics_obtained":["Omamori"]},{"cards_removed":["Strike_R"],"damage_healed":0.0,"max_hp_gain":0.0,"max_hp_loss":0.0,"gold_gain":0.0,"event_name":"Purifier","player_choice":"Purged","floor":4.0,"gold_loss":0.0,"damage_taken":0.0},{"cards_removed":["Bash"],"damage_healed":0.0,"max_hp_gain":0.0,"max_hp_loss":0.0,"gold_gain":0.0,"event_name":"Wheel of Change","player_choice":"Card Removal","floor":14.0,"gold_loss":0.0,"damage_taken":0.0},{"damage_healed":0.0,"max_hp_gain":0.0,"max_hp_loss":0.0,"gold_gain":50.0,"event_name":"Nest","player_choice":"Stole From Cult","floor":20.0,"gold_loss":0.0,"damage_taken":0.0},{"damage_healed":0.0,"max_hp_gain":0.0,"max_hp_loss":0.0,"gold_gain":0.0,"event_name":"Vampires","player_choice":"Ignored","floor":28.0,"gold_loss":0.0,"damage_taken":0.0},{"cards_removed":["Strike_R"],"damage_healed":0.0,"max_hp_gain":0.0,"max_hp_loss":0.0,"gold_gain":0.0,"event_name":"Falling","player_choice":"Removed Attack","floor":36.0,"gold_loss":0.0,"damage_taken":0.0},{"damage_healed":0.0,"max_hp_gain":0.0,"max_hp_loss":4.0,"gold_gain":0.0,"event_name":"Winding Halls","player_choice":"Max HP","floor":37.0,"gold_loss":0.0,"damage_taken":0.0}],"is_beta":false,"boss_relics":[{"not_picked":["Cursed Key","Pandora\u0027s Box"],"picked":"Runic Pyramid"},{"not_picked":["Sozu","Philosopher\u0027s Stone"],"picked":"SlaversCollar"}],"items_purged_floors":[19,48],"is_endless":false,"potions_floor_spawned":[6,7,10,23,25,27,30,42,44,46,47,55],"ascension_level":20}}