{"host":"rmsq46plbpwfbxcc","time":1608482779,"event":{"mods":["AchievementEnabler","BaseMod","Colored Map","DeckTracker","Minty Spire (QoL Compilation)","Permanent Neow","SuperFastMode"],"gold_per_floor":[113,125,125,142,159,159,7,7,7,37,48,82,98,114,114,192,192,205,215,235,235,82,112,112,138,138,138,138,138],"floor_reached":28,"playtime":818,"items_purged":["Pain"],"score":621,"play_id":"99bfeff3-48ff-4530-a4b4-1d5f82c7538d","local_time":"20201221014619","is_ascension_mode":true,"campfire_choices":[{"data":"Neutralize","floor":6.0,"key":"SMITH"},{"data":"Dash","floor":8.0,"key":"SMITH"},{"data":"Accuracy","floor":15.0,"key":"SMITH"},{"data":"Blade Dance","floor":24.0,"key":"SMITH"},{"data":"Adrenaline","floor":27.0,"key":"SMITH"}],"circlet_count":0,"master_deck":["AscendersBane","Strike_G","Strike_G","Strike_G","Strike_G","Strike_G","Defend_G","Defend_G","Defend_G","Defend_G","Defend_G","Survivor","Neutralize+1","Deadly Poison","Accuracy+1","Escape Plan","Dash+1","Backflip","PiercingWail","Blade Dance+1","Bullet Time","Blade Dance+1","Accuracy+1","Adrenaline+1"],"relics":["Coffee Dripper","WarpedTongs","Bronze Scales","Darkstone Periapt","Oddly Smooth Stone","SacredBark","InkBottle","Bottled Lightning","Blue Candle"],"acts_visited":["Exordium","TheCity"],"potions_floor_usage":[],"damage_taken":[{"damage":0.0,"enemies":"Jaw Worm","floor":1.0,"turns":4.0},{"damage":2.0,"enemies":"Cultist","floor":2.0,"turns":4.0},{"damage":7.0,"enemies":"Small Slimes","floor":4.0,"turns":4.0},{"damage":2.0,"enemies":"Looter","floor":5.0,"turns":3.0},{"damage":11.0,"enemies":"Gremlin Nob","floor":10.0,"turns":4.0},{"damage":1.0,"enemies":"Lots of Slimes","floor":11.0,"turns":4.0},{"damage":14.0,"enemies":"3 Sentries","floor":12.0,"turns":9.0},{"damage":0.0,"enemies":"Exordium Wildlife","floor":13.0,"turns":5.0},{"damage":13.0,"enemies":"Blue Slaver","floor":14.0,"turns":3.0},{"damage":0.0,"enemies":"Hexaghost","floor":16.0,"turns":9.0},{"damage":14.0,"enemies":"Spheric Guardian","floor":18.0,"turns":4.0},{"damage":7.0,"enemies":"Shell Parasite","floor":19.0,"turns":5.0},{"damage":3.0,"enemies":"Shelled Parasite and Fungi","floor":20.0,"turns":5.0},{"damage":0.0,"enemies":"Gremlin Leader","floor":23.0,"turns":5.0},{"damage":14.0,"enemies":"Slavers","floor":25.0,"turns":5.0},{"damage":14,"enemies":"Snake Plant","floor":28,"turns":2}],"seed_played":"8971552795786572726","potions_obtained":[{"floor":4.0,"key":"SteroidPotion"},{"floor":11.0,"key":"PowerPotion"},{"floor":12.0,"key":"Ancient Potion"},{"floor":14.0,"key":"AttackPotion"},{"floor":19.0,"key":"Block Potion"}],"is_trial":false,"path_per_floor":["M","M","?","M","M","R","$","R","T","E","M","E","M","M","R","B",null,"M","M","M","?","$","E","R","E","T","R","M"],"character_chosen":"THE_SILENT","items_purchased":["Dash","Adrenaline"],"campfire_rested":0,"item_purchase_floors":[7,22],"current_hp_per_floor":[59,57,57,50,48,48,48,48,48,37,36,22,22,9,9,9,52,38,31,28,28,28,28,28,14,14,14,0,0],"gold":138,"neow_bonus":"BOSS_RELIC","is_daily":false,"chose_seed":false,"campfire_upgraded":5,"win_rate":0.0,"timestamp":1608482779,"path_taken":["M","M","?","?","M","R","$","R","T","E","M","E","M","?","R","BOSS","M","M","M","?","?","E","R","E","T","R","?"],"items_purchased_type":["Card","Card"],"build_version":"2020-12-13","purchased_purges":1,"victory":false,"max_hp_per_floor":[66,66,66,66,66,66,66,66,66,66,66,66,66,66,66,66,66,66,66,66,66,66,66,66,66,66,66,66,66],"card_choices":[{"not_picked":["Blur","Reflex"],"picked":"Deadly Poison","floor":1.0},{"not_picked":["Quick Slash","Dagger Throw"],"picked":"Accuracy","floor":2.0},{"not_picked":["Grand Finale","Distraction"],"picked":"Escape Plan","floor":4.0},{"not_picked":["Underhanded Strike","Deadly Poison","Flying Knee"],"picked":"SKIP","floor":5.0},{"not_picked":["Poisoned Stab","Quick Slash","Dagger Throw"],"picked":"SKIP","floor":10.0},{"not_picked":["Prepared","Expertise"],"picked":"Backflip","floor":11.0},{"not_picked":["Tactician","Blur"],"picked":"PiercingWail","floor":12.0},{"not_picked":["PiercingWail","Prepared"],"picked":"Blade Dance","floor":13.0},{"not_picked":["Dagger Throw","Noxious Fumes","Dodge and Roll"],"picked":"SKIP","floor":14.0},{"not_picked":["Burst","Adrenaline"],"picked":"Bullet Time","floor":16.0},{"not_picked":["Sucker Punch","Backflip","Poisoned Stab"],"picked":"SKIP","floor":18.0},{"not_picked":["Underhanded Strike","Concentrate"],"picked":"Blade Dance+1","floor":19.0},{"not_picked":["Dagger Spray","Outmaneuver","Slice"],"picked":"SKIP","floor":20.0},{"not_picked":["Quick Slash","Sucker Punch+1","Caltrops"],"picked":"SKIP","floor":23.0},{"not_picked":["Calculated Gamble","Catalyst","Well Laid Plans"],"picked":"SKIP","floor":25.0}],"player_experience":1349509,"relics_obtained":[{"floor":9.0,"key":"Bronze Scales"},{"floor":10.0,"key":"Darkstone Periapt"},{"floor":12.0,"key":"Oddly Smooth Stone"},{"floor":23.0,"key":"InkBottle"},{"floor":25.0,"key":"Bottled Lightning"},{"floor":26.0,"key":"Blue Candle"}],"event_choices":[{"damage_healed":0.0,"max_hp_gain":0.0,"max_hp_loss":0.0,"gold_gain":0.0,"event_name":"Accursed Blacksmith","player_choice":"Rummage","floor":3.0,"gold_loss":0.0,"damage_taken":0.0,"relics_obtained":["WarpedTongs"],"cards_obtained":["Pain"]},{"damage_healed":0.0,"max_hp_gain":0.0,"max_hp_loss":0.0,"gold_gain":0.0,"event_name":"Duplicator","player_choice":"Copied","floor":21.0,"gold_loss":0.0,"damage_taken":0.0,"cards_obtained":["Accuracy"]}],"is_beta":false,"boss_relics":[{"not_picked":["Pandora\u0027s Box","Velvet Choker"],"picked":"SacredBark"}],"items_purged_floors":[7],"is_endless":false,"potions_floor_spawned":[4,11,12,14,19],"killed_by":"Snake Plant","ascension_level":16}}