{"host":"esx1hwjnbftf3eqj","time":1608499775,"event":{"mods":["BaseMod","Colored Map","Minty Spire (QoL Compilation)","StSLib","The Jungle"],"gold_per_floor":[215,229,27,27,46,80,91,91,115,129,129,79,29,54,54,154,154,170,120,135,495,512,512,512,538,620,424,443,455,467,467,467,569,569,588,600,600,600,187,187,217,217,217,227,254,40,40,0,0,0],"floor_reached":51,"playtime":7232,"items_purged":["Defend_R","Strike_R","Strike_R","Strike_R","Strike_R","Defend_R"],"score":978,"play_id":"783df6b5-b414-4d27-84a4-5b886027865d","local_time":"20201220132935","is_ascension_mode":true,"campfire_choices":[{"data":"Dual Wield","floor":8,"key":"SMITH"},{"data":"Armaments","floor":11,"key":"SMITH"},{"data":"Bash","floor":15,"key":"SMITH"},{"data":"Uppercut","floor":23,"key":"SMITH"},{"data":"Shockwave","floor":32,"key":"SMITH"},{"data":"Demon Form","floor":40,"key":"SMITH"},{"data":"Battle Trance","floor":42,"key":"SMITH"},{"data":"Double Tap","floor":49,"key":"SMITH"}],"circlet_count":0,"master_deck":["Defend_R","Bash+1","Iron Wave","Dual Wield+1","Shrug It Off","Shrug It Off","Battle Trance+1","Armaments+1","Iron Wave","Demon Form+1","Uppercut+1","Thunderclap+1","Cleave+1","Reaper","Shockwave+1","Seeing Red+1","Barricade","Blood for Blood+1","Shrug It Off+1","Entrench","Double Tap+1"],"relics":["Burning Blood","MealTicket","Smiling Mask","Centennial Puzzle","Red Skull","Sozu","Tiny Chest","Bottled Lightning","WingedGreaves","Snecko Eye","Singing Bowl","Ancient Tea Set","Happy Flower","Darkstone Periapt","Meat on the Bone","Thread and Needle","Red Mask"],"acts_visited":["Exordium","TheCity","TheBeyond"],"potions_floor_usage":[7,25,25,50],"damage_taken":[{"damage":13,"enemies":"Jaw Worm","floor":1,"turns":4},{"damage":1,"enemies":"Cultist","floor":2,"turns":3},{"damage":3,"enemies":"2 Louse","floor":5,"turns":3},{"damage":29,"enemies":"Gremlin Nob","floor":6,"turns":5},{"damage":12,"enemies":"Gremlin Gang","floor":7,"turns":7},{"damage":16,"enemies":"Exordium Thugs","floor":10,"turns":5},{"damage":15,"enemies":"Lagavulin","floor":14,"turns":10},{"damage":49,"enemies":"Slime Boss","floor":16,"turns":18},{"damage":4,"enemies":"Spheric Guardian","floor":18,"turns":6},{"damage":24,"enemies":"2 Thieves","floor":20,"turns":5},{"damage":7,"enemies":"Shelled Parasite and Fungi","floor":22,"turns":7},{"damage":11,"enemies":"Book of Stabbing","floor":25,"turns":6},{"damage":15,"enemies":"Centurion and Healer","floor":28,"turns":5},{"damage":12,"enemies":"3 Cultists","floor":29,"turns":3},{"damage":34,"enemies":"Snake Plant","floor":30,"turns":8},{"damage":27,"enemies":"Collector","floor":33,"turns":9},{"damage":22,"enemies":"3 Darklings","floor":35,"turns":4},{"damage":14,"enemies":"Orb Walker","floor":36,"turns":4},{"damage":12,"enemies":"Reptomancer","floor":41,"turns":6},{"damage":3,"enemies":"4 Shapes","floor":44,"turns":3},{"damage":15,"enemies":"Nemesis","floor":45,"turns":7},{"damage":0,"enemies":"Donu and Deca","floor":50,"turns":8}],"seed_played":"2989735822655787258","potions_obtained":[{"floor":1,"key":"GamblersBrew"},{"floor":2,"key":"ColorlessPotion"},{"floor":4,"key":"HeartOfIron"},{"floor":4,"key":"LiquidMemories"},{"floor":4,"key":"Ancient Potion"},{"floor":16,"key":"BlessingOfTheForge"}],"is_trial":false,"path_per_floor":["M","M","$","?","M","E","M","R","T","M","R","$","$","E","R","B",null,"M","$","M","?","M","R","?","E","T","$","M","M","M","T","R","B",null,"M","M","?","T","$","R","E","R","T","M","E","$","?","?","R","B",null],"character_chosen":"IRONCLAD","items_purchased":["MealTicket","Shrug It Off","Reaper","Shockwave","Ancient Tea Set","Entrench","Happy Flower","Double Tap"],"campfire_rested":0,"item_purchase_floors":[3,3,27,27,39,39,39,46],"current_hp_per_floor":[65,70,70,70,73,50,44,44,44,34,34,49,64,55,55,12,63,65,80,62,26,25,25,25,20,20,35,46,60,51,51,51,80,80,80,80,76,76,76,76,78,78,78,80,82,82,82,82,82,82],"gold":0,"neow_bonus":"HUNDRED_GOLD","is_daily":false,"chose_seed":false,"campfire_upgraded":8,"win_rate":0.0,"timestamp":1608499775,"path_taken":["M","M","$","?","?","E","M","R","T","M","R","?","$","E","R","BOSS","M","$","M","?","?","R","?","E","T","$","M","M","?","?","R","BOSS","M","M","?","?","$","R","E","R","T","M","E","$","?","?","R","BOSS"],"items_purchased_type":["Relic","Card","Card","Card","Relic","Card","Relic","Card"],"build_version":"2020-12-13","purchased_purges":6,"victory":true,"max_hp_per_floor":[80,80,80,80,80,80,80,80,80,80,80,80,80,80,80,80,80,80,80,80,80,80,80,80,80,80,80,80,80,80,80,80,80,80,80,80,76,76,76,76,78,78,78,80,82,82,82,82,82,82],"card_choices":[{"not_picked":["Body Slam","Twin Strike"],"picked":"Iron Wave","floor":1},{"not_picked":["Sword Boomerang","Pommel Strike"],"picked":"Dual Wield","floor":2},{"not_picked":["Sever Soul","Combust","Blood for Blood"],"picked":"SKIP","floor":5},{"not_picked":["Exhume","Rampage"],"picked":"Shrug It Off","floor":6},{"not_picked":["Warcry","Reckless Charge"],"picked":"Battle Trance","floor":7},{"not_picked":["Reckless Charge","Havoc"],"picked":"Armaments","floor":10},{"not_picked":["Hemokinesis","Clash"],"picked":"Iron Wave","floor":14},{"not_picked":["Barricade","Juggernaut"],"picked":"Demon Form","floor":16},{"not_picked":["Evolve+1","Dropkick","Searing Blow"],"picked":"SKIP","floor":18},{"not_picked":["Combust","Disarm"],"picked":"Uppercut","floor":20},{"not_picked":["Armaments","Infernal Blade+1"],"picked":"Thunderclap+1","floor":22},{"not_picked":["Ghostly Armor","Dark Embrace"],"picked":"Cleave+1","floor":25},{"not_picked":["Blood for Blood","Shockwave","Body Slam"],"picked":"SKIP","floor":28},{"not_picked":["Twin Strike","Wild Strike"],"picked":"Seeing Red+1","floor":29},{"not_picked":["Feel No Pain","Wild Strike","Demon Form"],"picked":"SKIP","floor":30},{"not_picked":["Impervious","Fiend Fire"],"picked":"Barricade","floor":33},{"not_picked":["Searing Blow+1","Dark Embrace+1"],"picked":"Blood for Blood+1","floor":35},{"not_picked":["True Grit","Spot Weakness+1"],"picked":"Shrug It Off+1","floor":36},{"not_picked":["Pommel Strike","Blood for Blood","Cleave"],"picked":"Singing Bowl","floor":41},{"not_picked":["True Grit","Warcry+1","Twin Strike+1"],"picked":"Singing Bowl","floor":44},{"not_picked":["Flex","Burning Pact+1","Wild Strike+1"],"picked":"Singing Bowl","floor":45}],"player_experience":518102,"relics_obtained":[{"floor":6,"key":"Smiling Mask"},{"floor":9,"key":"Centennial Puzzle"},{"floor":14,"key":"Red Skull"},{"floor":25,"key":"Tiny Chest"},{"floor":26,"key":"Bottled Lightning"},{"floor":31,"key":"WingedGreaves"},{"floor":38,"key":"Singing Bowl"},{"floor":41,"key":"Darkstone Periapt"},{"floor":43,"key":"Meat on the Bone"},{"floor":45,"key":"Thread and Needle"}],"event_choices":[{"damage_healed":0,"gold_gain":0,"player_choice":"Got Potions","damage_taken":0,"max_hp_gain":0,"max_hp_loss":0,"event_name":"Lab","floor":4,"gold_loss":0},{"damage_healed":0,"gold_gain":360,"player_choice":"GOLD GOLD GOLD GOLD ","damage_taken":36,"max_hp_gain":0,"max_hp_loss":0,"event_name":"Knowing Skull","floor":21,"potions_obtained":[],"gold_loss":0,"cards_obtained":[]},{"cards_removed":["Strike_R"],"damage_healed":0,"gold_gain":0,"player_choice":"Purged","damage_taken":0,"max_hp_gain":0,"max_hp_loss":0,"event_name":"Purifier","floor":24,"gold_loss":0},{"damage_healed":0,"gold_gain":0,"player_choice":"Max HP","damage_taken":0,"max_hp_gain":0,"max_hp_loss":4,"event_name":"Winding Halls","floor":37,"gold_loss":0},{"cards_removed":["Defend_R"],"damage_healed":0,"gold_gain":0,"player_choice":"Removed Skill","damage_taken":0,"max_hp_gain":0,"max_hp_loss":0,"event_name":"Falling","floor":47,"gold_loss":0},{"damage_healed":0,"gold_gain":0,"player_choice":"Paid","damage_taken":0,"relics_obtained":["Red Mask"],"max_hp_gain":0,"max_hp_loss":0,"event_name":"Tomb of Lord Red Mask","floor":48,"gold_loss":40}],"is_beta":false,"boss_relics":[{"not_picked":["Busted Crown","Fusion Hammer"],"picked":"Sozu"},{"not_picked":["Mark of Pain","Philosopher\u0027s Stone"],"picked":"Snecko Eye"}],"items_purged_floors":[12,13,19,27,39,46],"is_endless":false,"potions_floor_spawned":[1,2,16,20,22,33,41,44,45],"ascension_level":6}}