{"host":"2pffx5rqbod9ds0c","time":1608506786,"event":{"mods":["BaseMod","Better Altar","Better Match","Better Note","Better Sensory Stone","Better Skull","Better Third Choice","Custom Start","Hubris","Minty Spire (QoL Compilation)","Quick Restart","Relic Stats","Robot Space Explorer","Spicy Shops","StSLib"],"gold_per_floor":[116,1,1,20,20,50,50,77,127,147,147,147,175,175,175,272,272,285,305,355,355,371,371,401,417,417,435,3,23,48,48,48,145,195,208,228,503,515,89,120,133,161,161,161,161,179,199,225,225,225,225],"floor_reached":50,"playtime":1503,"items_purged":["Shame","RobotSpaceExplorer:Defend","Regret","Shame"],"score":775,"play_id":"2a5cd8e6-24ac-4621-934d-75ce8cc949c0","local_time":"20201220152626","is_ascension_mode":true,"campfire_choices":[{"data":"RobotSpaceExplorer:Blaster","floor":7.0,"key":"SMITH"},{"data":"RobotSpaceExplorer:Electropulse","floor":12.0,"key":"SMITH"},{"data":"RobotSpaceExplorer:MiniLasers","floor":15.0,"key":"SMITH"},{"data":"RobotSpaceExplorer:ChargingLaser","floor":23.0,"key":"SMITH"},{"data":"RobotSpaceExplorer:BigMissile","floor":32.0,"key":"SMITH"},{"data":"RobotSpaceExplorer:Scan","floor":44.0,"key":"SMITH"},{"floor":49.0,"key":"RECALL"}],"circlet_count":0,"master_deck":["Panache+1","RobotSpaceExplorer:Defend+1","RobotSpaceExplorer:Defend+1","RobotSpaceExplorer:Defend+1","RobotSpaceExplorer:Scan+1","RobotSpaceExplorer:MiniLasers+1","RobotSpaceExplorer:ScrapToss+1","RobotSpaceExplorer:Electropulse+1","RobotSpaceExplorer:LuckyStrike+1","RobotSpaceExplorer:Smokescreen+1","RobotSpaceExplorer:Blaster+1","RobotSpaceExplorer:BigMissile+1","RobotSpaceExplorer:LaserBurst+1","RobotSpaceExplorer:ChargingLaser+1","RobotSpaceExplorer:ScrapMissile+1","RobotSpaceExplorer:Accelerator+1","RobotSpaceExplorer:PowerGlove+1","RobotSpaceExplorer:Autoloader+1","RobotSpaceExplorer:PowerCollector+1","RobotSpaceExplorer:PowerCollector+1","RobotSpaceExplorer:TrailblazerForm+1"],"relics":["RobotSpaceExplorer:RoboCore","Happy Flower","Boot","Nunchaku","hubris:Towel","Frozen Egg 2","Coffee Dripper","Smiling Mask","hubris:SphereOfDissonance","Orichalcum","Lantern","Art of War","Tiny House","Mummified Hand","Toxic Egg 2","Oddly Smooth Stone","Gambling Chip","Mark of the Bloom","Question Card"],"acts_visited":["Exordium","TheCity","TheBeyond"],"potions_floor_usage":[],"damage_taken":[{"damage":2.0,"enemies":"Small Slimes","floor":1.0,"turns":2.0},{"damage":0.0,"enemies":"Cultist","floor":4.0,"turns":2.0},{"damage":7.0,"enemies":"3 Sentries","floor":6.0,"turns":2.0},{"damage":6.0,"enemies":"Lagavulin","floor":8.0,"turns":4.0},{"damage":0.0,"enemies":"2 Louse","floor":10.0,"turns":1.0},{"damage":0.0,"enemies":"Gremlin Nob","floor":13.0,"turns":2.0},{"damage":2.0,"enemies":"Hexaghost","floor":16.0,"turns":5.0},{"damage":3.0,"enemies":"Shell Parasite","floor":18.0,"turns":2.0},{"damage":0.0,"enemies":"3 Byrds","floor":19.0,"turns":2.0},{"damage":6.0,"enemies":"Snake Plant","floor":22.0,"turns":3.0},{"damage":10.0,"enemies":"Gremlin Leader","floor":24.0,"turns":4.0},{"damage":1.0,"enemies":"Centurion and Healer","floor":25.0,"turns":3.0},{"damage":3.0,"enemies":"Chosen and Byrds","floor":27.0,"turns":4.0},{"damage":0.0,"enemies":"Snecko","floor":29.0,"turns":2.0},{"damage":0.0,"enemies":"Slavers","floor":30.0,"turns":1.0},{"damage":26.0,"enemies":"Collector","floor":33.0,"turns":4.0},{"damage":5.0,"enemies":"3 Shapes","floor":35.0,"turns":3.0},{"damage":8.0,"enemies":"Orb Walker","floor":36.0,"turns":3.0},{"damage":25.0,"enemies":"Sphere and 2 Shapes","floor":38.0,"turns":4.0},{"damage":25.0,"enemies":"Nemesis","floor":40.0,"turns":3.0},{"damage":15.0,"enemies":"4 Shapes","floor":41.0,"turns":4.0},{"damage":0.0,"enemies":"Giant Head","floor":42.0,"turns":1.0},{"damage":5.0,"enemies":"Transient","floor":46.0,"turns":5.0},{"damage":0.0,"enemies":"3 Darklings","floor":47.0,"turns":2.0},{"damage":0.0,"enemies":"Nemesis","floor":48.0,"turns":3.0},{"damage":3,"enemies":"Time Eater","floor":50,"turns":1}],"seed_played":"-2993309054358753189","potions_obtained":[{"floor":1.0,"key":"Regen Potion"},{"floor":4.0,"key":"LiquidMemories"},{"floor":10.0,"key":"PowerPotion"},{"floor":34.0,"key":"Fruit Juice"},{"floor":38.0,"key":"SmokeBomb"},{"floor":41.0,"key":"Dexterity Potion"},{"floor":42.0,"key":"EssenceOfSteel"},{"floor":46.0,"key":"CultistPotion"}],"is_trial":false,"path_per_floor":["M","$","?","M","?","E","R","E","T","M","?","R","E","?","R","B",null,"M","M","?","?","M","R","E","M","T","M","$","M","E","?","R","B",null,"M","M","?","M","$","E","M","E","T","R","?","M","M","E","R","B"],"character_chosen":"RobotSpaceExplorer","items_purchased":["RobotSpaceExplorer:LuckyStrike","RobotSpaceExplorer:PowerGlove+1","Orichalcum","Mummified Hand","RobotSpaceExplorer:PowerCollector+1"],"campfire_rested":0,"item_purchase_floors":[2,28,28,39,39],"current_hp_per_floor":[73,73,73,73,73,66,66,60,60,60,60,60,60,60,60,58,75,72,72,72,72,66,66,56,55,55,52,52,52,52,52,52,26,85,80,72,72,47,47,22,7,7,7,7,7,2,2,2,2,0,0],"gold":225,"neow_bonus":"TRANSFORM_TWO_CARDS","is_daily":false,"chose_seed":false,"campfire_upgraded":6,"win_rate":0.0,"timestamp":1608506786,"path_taken":["M","$","?","?","?","E","R","E","T","?","?","R","E","?","R","BOSS","M","M","?","?","M","R","E","?","T","M","?","?","E","?","R","BOSS","M","M","?","M","$","E","?","E","T","R","?","M","M","E","R","BOSS"],"items_purchased_type":["Card","Card","Relic","Relic","Card"],"build_version":"2020-12-13","purchased_purges":4,"victory":false,"max_hp_per_floor":[75,75,75,75,75,75,75,75,75,75,75,75,75,75,75,75,75,75,75,75,75,75,75,75,75,75,75,75,75,75,75,75,75,85,85,85,85,85,85,85,85,85,85,85,85,85,85,85,85,85,85],"relic_stats":{"Nunchaku":[20],"Mark of the Bloom":0,"Happy Flower":[22],"counters":[26,72],"Mummified Hand":[35],"Gambling Chip":[6],"Art of War":[2],"Orichalcum":[48],"Boot":[181],"Smiling Mask":225,"Question Card":0,"obtain_stats":[{"Lantern":30,"Mark of the Bloom":45,"Tiny House":34,"Happy Flower":6,"hubris:SphereOfDissonance":26,"Oddly Smooth Stone":42,"RobotSpaceExplorer:RoboCore":0,"hubris:Towel":11,"Frozen Egg 2":13,"Orichalcum":28,"Boot":8,"Smiling Mask":24,"Question Card":48,"Nunchaku":9,"Mummified Hand":39,"Gambling Chip":43,"Coffee Dripper":17,"Art of War":31,"Toxic Egg 2":40},{"Lantern":15,"Mark of the Bloom":22,"Tiny House":16,"Happy Flower":3,"hubris:SphereOfDissonance":12,"Oddly Smooth Stone":22,"RobotSpaceExplorer:RoboCore":0,"hubris:Towel":5,"Frozen Egg 2":6,"Orichalcum":13,"Boot":4,"Smiling Mask":11,"Question Card":25,"Nunchaku":4,"Mummified Hand":19,"Gambling Chip":22,"Coffee Dripper":7,"Art of War":15,"Toxic Egg 2":20},{"Lantern":39,"Mark of the Bloom":61,"Tiny House":43,"Happy Flower":6,"hubris:SphereOfDissonance":32,"Oddly Smooth Stone":61,"RobotSpaceExplorer:RoboCore":0,"hubris:Towel":11,"Frozen Egg 2":13,"Orichalcum":36,"Boot":10,"Smiling Mask":29,"Question Card":71,"Nunchaku":10,"Mummified Hand":53,"Gambling Chip":61,"Coffee Dripper":18,"Art of War":39,"Toxic Egg 2":56}]},"card_choices":[{"not_picked":["RobotSpaceExplorer:DoubleFind","RobotSpaceExplorer:StarDust","RobotSpaceExplorer:Calculate"],"picked":"SKIP","floor":1.0},{"not_picked":["RobotSpaceExplorer:Counterblock","RobotSpaceExplorer:Pulsar","RobotSpaceExplorer:MetalStrike"],"picked":"SKIP","floor":4.0},{"not_picked":["RobotSpaceExplorer:FranticSearch","RobotSpaceExplorer:Probe"],"picked":"RobotSpaceExplorer:Blaster","floor":6.0},{"not_picked":["RobotSpaceExplorer:FrostMissile","RobotSpaceExplorer:SurgingShield"],"picked":"RobotSpaceExplorer:BigMissile","floor":8.0},{"not_picked":["RobotSpaceExplorer:MiniBoosters","RobotSpaceExplorer:ShockKick","RobotSpaceExplorer:FrostMissile"],"picked":"SKIP","floor":10.0},{"not_picked":["RobotSpaceExplorer:MetalStrike","RobotSpaceExplorer:FranticSearch"],"picked":"RobotSpaceExplorer:LaserBurst","floor":13.0},{"not_picked":["RobotSpaceExplorer:Arsenal","RobotSpaceExplorer:HighVoltage"],"picked":"RobotSpaceExplorer:ChargingLaser","floor":16.0},{"not_picked":["RobotSpaceExplorer:SlimeMissile","RobotSpaceExplorer:Jetpack","RobotSpaceExplorer:FrostMissile"],"picked":"SKIP","floor":18.0},{"not_picked":["RobotSpaceExplorer:StunGrenade","RobotSpaceExplorer:Electropulse"],"picked":"RobotSpaceExplorer:ScrapMissile","floor":19.0},{"not_picked":["RobotSpaceExplorer:Calculate","RobotSpaceExplorer:SwiftStep","RobotSpaceExplorer:Reload"],"picked":"SKIP","floor":22.0},{"not_picked":["RobotSpaceExplorer:SwiftStep","RobotSpaceExplorer:ShockKick+1"],"picked":"RobotSpaceExplorer:Accelerator+1","floor":24.0},{"not_picked":["RobotSpaceExplorer:Blitz","RobotSpaceExplorer:Smokescreen","RobotSpaceExplorer:StunGrenade+1"],"picked":"SKIP","floor":25.0},{"not_picked":["RobotSpaceExplorer:GlueShot","RobotSpaceExplorer:TurboDodge+1","RobotSpaceExplorer:Reload"],"picked":"SKIP","floor":27.0},{"not_picked":["RobotSpaceExplorer:MiniDrones","RobotSpaceExplorer:ShockKick","RobotSpaceExplorer:ToxicBomb"],"picked":"SKIP","floor":29.0},{"not_picked":["RobotSpaceExplorer:Pulsar","RobotSpaceExplorer:GearShield","RobotSpaceExplorer:Reload"],"picked":"SKIP","floor":30.0},{"not_picked":["RobotSpaceExplorer:Blaster","RobotSpaceExplorer:Exploration"],"picked":"RobotSpaceExplorer:Autoloader+1","floor":33.0},{"not_picked":["RobotSpaceExplorer:FreezingShield+1","RobotSpaceExplorer:Pulsar","RobotSpaceExplorer:MakeshiftVolley+1"],"picked":"SKIP","floor":35.0},{"not_picked":["RobotSpaceExplorer:Ammunition+1","RobotSpaceExplorer:ShovelStrike","RobotSpaceExplorer:ToxicBomb"],"picked":"SKIP","floor":36.0},{"not_picked":["RobotSpaceExplorer:ShovelStrike","RobotSpaceExplorer:IronShell","RobotSpaceExplorer:BigMissile"],"picked":"SKIP","floor":38.0},{"not_picked":["RobotSpaceExplorer:GlueSpray","RobotSpaceExplorer:StunGrenade"],"picked":"RobotSpaceExplorer:PowerCollector+1","floor":40.0},{"not_picked":["RobotSpaceExplorer:Ammunition+1","RobotSpaceExplorer:BigMissile+1","RobotSpaceExplorer:GlueShot+1"],"picked":"SKIP","floor":41.0},{"not_picked":["RobotSpaceExplorer:SlimeMissile+1","RobotSpaceExplorer:RigExplosive+1","RobotSpaceExplorer:MetalStrike"],"picked":"SKIP","floor":42.0},{"not_picked":["RobotSpaceExplorer:SlimeMissile","RobotSpaceExplorer:FreezeRay+1"],"picked":"RobotSpaceExplorer:TrailblazerForm+1","floor":46.0},{"not_picked":["RobotSpaceExplorer:Reload+1","RobotSpaceExplorer:SwiftStep+1","RobotSpaceExplorer:StarLightning+1"],"picked":"SKIP","floor":47.0},{"not_picked":["RobotSpaceExplorer:SurgingShield+1","RobotSpaceExplorer:GlueSpray+1","RobotSpaceExplorer:SwiftStep+1"],"picked":"SKIP","floor":48.0}],"player_experience":794647,"relics_obtained":[{"floor":6.0,"key":"Happy Flower"},{"floor":8.0,"key":"Boot"},{"floor":9.0,"key":"Nunchaku"},{"floor":13.0,"key":"Frozen Egg 2"},{"floor":24.0,"key":"Smiling Mask"},{"floor":26.0,"key":"hubris:SphereOfDissonance"},{"floor":30.0,"key":"Lantern"},{"floor":40.0,"key":"Toxic Egg 2"},{"floor":42.0,"key":"Oddly Smooth Stone"},{"floor":43.0,"key":"Gambling Chip"},{"floor":48.0,"key":"Question Card"}],"event_choices":[{"cards_removed":["RobotSpaceExplorer:Strike"],"damage_healed":0.0,"max_hp_gain":0.0,"max_hp_loss":0.0,"gold_gain":0.0,"event_name":"Purifier","player_choice":"Purged","floor":3.0,"gold_loss":0.0,"damage_taken":0.0},{"damage_healed":0.0,"max_hp_gain":0.0,"max_hp_loss":0.0,"gold_gain":0.0,"cards_transformed":["RobotSpaceExplorer:Strike"],"event_name":"Transmorgrifier","player_choice":"Transformed","floor":5.0,"gold_loss":0.0,"damage_taken":0.0,"cards_obtained":["RobotSpaceExplorer:Smokescreen"]},{"damage_healed":0.0,"max_hp_gain":0.0,"max_hp_loss":0.0,"gold_gain":0.0,"event_name":"Living Wall","player_choice":"Grow","floor":14.0,"gold_loss":0.0,"damage_taken":0.0,"cards_upgraded":["RobotSpaceExplorer:LaserBurst"]},{"damage_healed":0.0,"max_hp_gain":0.0,"max_hp_loss":0.0,"gold_gain":100.0,"event_name":"The Joust","player_choice":"Bet on Murderer","floor":20.0,"gold_loss":50.0,"damage_taken":0.0},{"cards_removed":["RobotSpaceExplorer:Blaster"],"damage_healed":0.0,"max_hp_gain":0.0,"max_hp_loss":0.0,"gold_gain":0.0,"event_name":"betterNote:BetterNote","player_choice":"Give","floor":21.0,"gold_loss":0.0,"damage_taken":0.0,"cards_obtained":["None"]},{"damage_healed":0.0,"max_hp_gain":0.0,"max_hp_loss":0.0,"gold_gain":0.0,"event_name":"Addict","player_choice":"Stole Relic","floor":31.0,"gold_loss":0.0,"damage_taken":0.0,"relics_obtained":["Art of War"],"cards_obtained":["Shame"]},{"damage_healed":0.0,"max_hp_gain":0.0,"max_hp_loss":0.0,"gold_gain":275.0,"event_name":"Golden Shrine","player_choice":"Desecrate","floor":37.0,"gold_loss":0.0,"damage_taken":0.0,"cards_obtained":["Regret"]},{"damage_healed":0.0,"max_hp_gain":0.0,"max_hp_loss":0.0,"gold_gain":0.0,"event_name":"MindBloom","player_choice":"Upgrade","floor":45.0,"gold_loss":0.0,"damage_taken":0.0,"cards_upgraded":["RobotSpaceExplorer:Defend","RobotSpaceExplorer:Defend","RobotSpaceExplorer:ScrapToss","RobotSpaceExplorer:LuckyStrike","RobotSpaceExplorer:Smokescreen","RobotSpaceExplorer:ScrapMissile"],"relics_obtained":["Mark of the Bloom"]}],"is_beta":false,"boss_relics":[{"not_picked":["Runic Dome","Fusion Hammer"],"picked":"Coffee Dripper"},{"not_picked":["Snecko Eye","hubris:BlackHole"],"picked":"Tiny House"}],"items_purged_floors":[2,28,39,39],"is_endless":false,"potions_floor_spawned":[1,4,10,13,18,22,27,29,30,38,41,42,46],"killed_by":"Time Eater","ascension_level":1}}