{"host":"70hw88lpn0qjvurq","time":1608492656,"event":{"mods":["Aspiration","BaseMod","BetterRewards","Colored Map","Colored Powertips","Conspire","Googly Eyes","Infinite Spire","Minty Spire (QoL Compilation)","Replay The Spire","Shop Mod","Spicy Shops","StSLib","The Jungle","[IsaacMod]????"],"gold_per_floor":[117,133,83,258,278,278,307,110,110,126,140,147,147],"floor_reached":12,"playtime":201,"items_purged":["Doubt"],"score":84,"play_id":"5b91b435-08bd-497a-8e36-32a19d5393d4","local_time":"20201220133056","is_ascension_mode":true,"campfire_choices":[{"data":"Eruption","floor":6,"key":"SMITH"}],"circlet_count":0,"master_deck":["Strike_P","Strike_P","Defend_P","Defend_P","Defend_P","Defend_P","Eruption+1","Vigilance","SignatureMove","Consecrate","Consecrate","Consecrate+1","SignatureMove+1","FollowUp+1","CarveReality+1","Conclude+1"],"relics":["PureWater","HushsDoor","SatanicBible","Molten Egg 2","BargainBundle","Toxic Egg 2","Potion Belt","SalivaCoin","MerchantsRug","Gremlin Horn"],"acts_visited":["Exordium"],"potions_floor_usage":[12],"damage_taken":[{"damage":25,"enemies":"infinitespire:Voidling","floor":1,"turns":3},{"damage":6,"enemies":"Jaw Worm","floor":2,"turns":2},{"damage":0,"enemies":"2 Louse","floor":5,"turns":1},{"damage":36,"enemies":"Lagavulin","floor":7,"turns":3},{"damage":0,"enemies":"Blue Slaver","floor":10,"turns":1},{"damage":0,"enemies":"Exordium Wildlife","floor":11,"turns":1},{"damage":13,"enemies":"Replay:BlueRogue","floor":12,"turns":1}],"seed_played":"1883371756306433343","potions_obtained":[{"floor":2,"key":"Strength Potion"},{"floor":7,"key":"GamblersBrew"},{"floor":10,"key":"SneckoOil"}],"is_trial":false,"path_per_floor":["M","M","?","?","M","R","E","$","T","M","M","E"],"character_chosen":"WATCHER","items_purchased":["BargainBundle","Toxic Egg 2","Potion Belt","SalivaCoin","SignatureMove+1","FollowUp+1","MerchantsRug"],"campfire_rested":0,"item_purchase_floors":[8,8,8,8,8,8,8],"current_hp_per_floor":[51,45,45,45,45,45,9,9,9,9,9,0,0],"gold":147,"neow_bonus":"REMOVE_CARD","is_daily":false,"chose_seed":false,"campfire_upgraded":1,"win_rate":0.0,"timestamp":1608492656,"path_taken":["M","?","?","?","M","R","E","$","T","?","M","E"],"items_purchased_type":["Relic","Relic","Relic","Relic","Card","Card","Relic"],"build_version":"2020-12-13","purchased_purges":1,"victory":false,"max_hp_per_floor":[72,72,72,72,72,72,72,72,72,72,72,72,72],"card_choices":[{"not_picked":[],"picked":"ChaosCard","floor":0},{"not_picked":["Replay:Battleflow","FlurryOfBlows"],"picked":"SignatureMove","floor":1},{"not_picked":["Omniscience","EmptyBody"],"picked":"Consecrate","floor":2},{"not_picked":["Replay:Hum","CrushJoints"],"picked":"Consecrate","floor":5},{"not_picked":["Alpha","Vengeance"],"picked":"Consecrate+1","floor":7},{"not_picked":["ThirdEye+1","JustLucky+1"],"picked":"CarveReality+1","floor":10},{"not_picked":["Replay:Anticipation+1","SashWhip+1"],"picked":"Conclude+1","floor":11}],"player_experience":173826,"relics_obtained":[{"floor":7,"key":"Molten Egg 2"},{"floor":9,"key":"Gremlin Horn"}],"event_choices":[{"cards_removed":["Strike_P"],"damage_healed":0,"gold_gain":0,"player_choice":"Card Removal","damage_taken":0,"max_hp_gain":0,"max_hp_loss":0,"event_name":"The Cleric","floor":3,"gold_loss":50},{"damage_healed":0,"gold_gain":175,"player_choice":"AGREE","damage_taken":0,"max_hp_gain":0,"max_hp_loss":0,"event_name":"Liars Game","floor":4,"gold_loss":0,"cards_obtained":["Doubt"]}],"is_beta":false,"boss_relics":[],"items_purged_floors":[8],"is_endless":false,"potions_floor_spawned":[2,7,10],"killed_by":"Replay:BlueRogue","ascension_level":1}}