{"host":"k5j3culymg4irp71","time":1608435127,"event":{"mods":["2.2 Compatiblity","Act Like it!","Art Attack!","Aspiration","Astrologer","Bard","BaseMod","Bestiary","Better Match","BetterRewards","Block Reminder","CCEM","Colored Map","Colored Powertips","Conspire","Downfall","Emptier Cage","Energized Spire","GifTheSpireLib","Halation","Hallownest","Hermit","Hubris","Infinite Spire","Ironclad Rager","Minty Spire (QoL Compilation)","Pale of the Ancients","Quarter Circle Forward PUNCH!","Rare Cards Sparkle","Replay The Spire","Shade Mod","Shop Mod","Spikes Relics","StSLib","Stuff the Spire","The Animator","The Blackbeard","The Bladedancer","The Blue Laboratory","The Cursed","The Druid","The Forsaken","The Gatherer","The Hayseed","The Hierophant","The Juggle","The Runesmith","The Servant 0.9.4","TheArtist","Waifu the Spire","Wandering Minibosses","slay the spire mod where everything is the same but ironclad has a cowboy hat","vexMod"],"gold_per_floor":[99,119,119,136,136,162,162,211,230,262,41,60,73,83,99,202,202,52,82,82,182,193,193,193,118,132,132,151,151,151,171,186,284,284,284,363,397,506,506,572,572,586,586,607,607,607,24,40,50,57],"floor_reached":51,"playtime":4222,"items_purged":[],"score":981,"play_id":"61e04ce9-d65f-47a6-9f73-afea79b82d11","local_time":"20201219203207","is_ascension_mode":false,"campfire_choices":[{"floor":1.0,"key":"DIG"},{"data":"sneckomod:MasterEye","floor":18,"key":"SMITH"},{"floor":23,"key":"RECALL"},{"data":"sneckomod:UnknownRarePower","floor":25,"key":"SMITH"},{"data":"sneckomod:CheapStock","floor":27,"key":"SMITH"},{"data":"Pot Of Greed","floor":35,"key":"SMITH"},{"data":"Pot Of Greed","floor":39,"key":"SMITH"}],"circlet_count":0,"master_deck":["sneckomod:Strike","sneckomod:Strike","sneckomod:Strike","sneckomod:Defend","sneckomod:Defend","sneckomod:Defend","sneckomod:TailWhip","sneckomod:SnekBite","sneckomod:Unknown","sneckomod:Unknown","sneckomod:CheapStock","sneckomod:UnknownCommonSkill","StuffTheSpire:BrainWave","sneckomod:UnknownClassGUARDIAN","sneckomod:UnknownCommonAttack+1","sneckomod:MasterEye+1","sneckomod:UnknownRareAttack+1","sneckomod:CheapStock+1","sneckomod:CheapStock","sneckomod:UnknownRareAttack+1","sneckomod:UnknownBlock","sneckomod:UnknownVulnerable","sneckomod:UnknownCommonAttack+1","sneckomod:UnknownClassPURPLE","sneckomod:UnknownRarePower+1","sneckomod:QuickBite+1","sneckomod:QuickBite+1","sneckomod:UnknownUncommonPower","sneckomod:UnknownX","hubris:Fate","ReplayTheSpireMod:Chaos Vortex","infinitespire:UltimateForm","sneckomod:UnknownEthereal+1","sneckomod:TrashToTreasure","sneckomod:GlitteringGambit","Pot Of Greed","Pot Of Greed+1","Pot Of Greed+1","sneckomod:QuickBite+1","Pot Of Greed","sneckomod:UnknownStrike+1","sneckomod:UnknownWeak","sneckomod:UnknownVulnerable","Impervious","sneckomod:SoulRoll","Acrobatics","sneckomod:Restock","Tantrum+1","sneckomod:QuickMove+1","ReplayTheSpireMod:Trickstab+1","Body Slam+1","sneckomod:UnknownClassTHE_CHAMP_GRAY","Pot Of Greed","sneckomod:DiceCrush+1","Gash+1"],"relics":["sneckomod:SneckoSoul","halation:PinkSoulGem","Molten Egg 2","Letter Opener","Anchor","Snecko Eye","downfall:HeartBlessingGreen","downfall:HeartBlessingBlue","aspiration:HummingbirdHeart","halation:EternalFortune","Pen Nib","downfall:HeartBlessingRed","conspire:Dentures","hubris:Backtick","Grinning Jar","theForsaken:Lifeblossom","qcfpunch:School_Backpack","CCEMRelics:OverlyComfyChair","Lizard Tail","Quantum Egg","conspire:Dentures","RollingBoulder"],"acts_visited":["Exordium","TheCity","TheBeyond"],"potions_floor_usage":[28],"damage_taken":[{"damage":0.0,"enemies":"Cultist","floor":2.0,"turns":3.0},{"damage":6.0,"enemies":"Jaw Worm","floor":4.0,"turns":3.0},{"damage":6.0,"enemies":"2 Louse","floor":9.0,"turns":2.0},{"damage":16.0,"enemies":"Lagavulin","floor":10.0,"turns":5.0},{"damage":0.0,"enemies":"downfall:FleeingMerchant","floor":11.0,"turns":4.0},{"damage":3.0,"enemies":"Large Slime","floor":12.0,"turns":4.0},{"damage":3.0,"enemies":"Exordium Thugs","floor":13.0,"turns":4.0},{"damage":0.0,"enemies":"3 Louse","floor":14.0,"turns":3.0},{"damage":0.0,"enemies":"Blue Slaver","floor":15.0,"turns":4.0},{"damage":73.0,"enemies":"downfall:Defect","floor":16.0,"turns":6.0},{"damage":20,"enemies":"Replay:Snechameleon","floor":19,"turns":6},{"damage":0,"enemies":"3 Byrds","floor":22,"turns":5},{"damage":0,"enemies":"Chosen","floor":26,"turns":3},{"damage":7,"enemies":"Shelled Parasite and Fungi","floor":28,"turns":6},{"damage":2,"enemies":"conspire:HollyBat","floor":31,"turns":7},{"damage":0,"enemies":"Snake Plant","floor":32,"turns":2},{"damage":0,"enemies":"downfall:Watcher","floor":33,"turns":7},{"damage":0,"enemies":"3 Darklings","floor":36,"turns":4},{"damage":25,"enemies":"Nemesis","floor":37,"turns":9},{"damage":0,"enemies":"3 Shapes","floor":38,"turns":3},{"damage":3,"enemies":"Spire Growth","floor":40,"turns":5},{"damage":6,"enemies":"Jaw Worm Horde","floor":42,"turns":4},{"damage":0,"enemies":"Giant Head","floor":44,"turns":5},{"damage":0,"enemies":"downfall:FleeingMerchant","floor":47,"turns":4},{"damage":0,"enemies":"Maw","floor":48,"turns":5},{"damage":0,"enemies":"Sphere and 2 Shapes","floor":49,"turns":4},{"damage":22,"enemies":"downfall:Silent","floor":50,"turns":5}],"seed_played":"1392952799476603521","potions_obtained":[{"floor":4.0,"key":"blueLaboratory:LouseDecoction"},{"floor":8.0,"key":"Block Potion"},{"floor":9.0,"key":"AttackPotion"},{"floor":10.0,"key":"blueLaboratory:FruitPunch"},{"floor":14.0,"key":"Adrenaline Potion"},{"floor":32,"key":"champ:CounterPotion"},{"floor":33,"key":"BlessingOfTheForge"},{"floor":36,"key":"sneckomod:MuddlingPotion"},{"floor":40,"key":"PowerPotion"}],"is_trial":false,"path_per_floor":["R_BF","M","?","M","?","T","T","?","M","E","$","M","M","M","M","B",null,"R","E","?","?","M","R","T","R","M","R","M","AVR","?","M","M","B",null,"R_BF","M","E","M","R","M","T","M","?","E","T","T","$","M","M","B",null],"character_chosen":"THE_SNECKO","items_purchased":["sneckomod:CheapStock","sneckomod:UnknownRareAttack+1","conspire:Dentures","RollingBoulder","ReplayTheSpireMod:Trickstab+1"],"campfire_rested":0,"item_purchase_floors":[11,11,47,47,47],"current_hp_per_floor":[99,99,99,94,94,94,94,95,90,74,78,76,74,75,76,6,111,121,101,104,104,104,104,104,104,105,105,99,99,99,127,127,127,127,127,127,103,113,113,117,117,120,133,136,136,136,136,137,137,121],"gold":57,"neow_bonus":"TEN_PERCENT_HP_BONUS","is_daily":false,"chose_seed":false,"campfire_upgraded":5,"win_rate":0.0,"timestamp":1608435127,"path_taken":["R_BF","M","?","M","?","?","T","?","M","E","$","?","M","M","M","BOSS","R","E","?","?","M","R","T","R","M","R","?","AVR","?","M","M","BOSS","R_BF","M","E","M","R","M","T","M","?","E","?","?","$","M","M","BOSS"],"items_purchased_type":["Card","Card","Relic","Relic","Card"],"build_version":"2020-12-13","purchased_purges":0,"victory":true,"max_hp_per_floor":[99,99,99,100,100,100,100,101,102,102,106,107,108,109,110,111,111,121,121,124,124,124,124,124,124,125,125,126,126,126,127,127,127,127,127,127,128,129,129,130,130,133,133,136,136,136,136,137,137,137],"card_choices":[{"not_picked":["sneckomod:Nope","sneckomod:UnknownWeak"],"picked":"sneckomod:CheapStock","floor":2.0},{"not_picked":["sneckomod:QuickMove","sneckomod:IronFang"],"picked":"sneckomod:UnknownCommonSkill","floor":4.0},{"not_picked":["StuffTheSpire:Brawn","StuffTheSpire:Vigor"],"picked":"StuffTheSpire:BrainWave","floor":5.0},{"not_picked":["sneckomod:SlitherStrike+1","sneckomod:Nope"],"picked":"sneckomod:UnknownClassGUARDIAN","floor":8.0},{"not_picked":["sneckomod:Nope","sneckomod:UnknownVulnerable"],"picked":"sneckomod:UnknownCommonAttack+1","floor":9.0},{"not_picked":["sneckomod:Rotation","sneckomod:RainOfDice+1"],"picked":"sneckomod:MasterEye","floor":10.0},{"not_picked":["sneckomod:RainOfDice+1","sneckomod:UnknownStrike+1"],"picked":"sneckomod:UnknownRareAttack+1","floor":11.0},{"not_picked":["sneckomod:SoulDraw","sneckomod:UnknownClassORANGE"],"picked":"sneckomod:UnknownBlock","floor":12.0},{"not_picked":["sneckomod:UnknownClassDEFAULT_GRAY_COLOR","sneckomod:UnknownCommonSkill"],"picked":"sneckomod:UnknownVulnerable","floor":13.0},{"not_picked":["sneckomod:UnknownClassFORSAKEN_GOLD_COLOR","sneckomod:UnknownClassTHE_UNNAMED"],"picked":"sneckomod:UnknownCommonAttack+1","floor":14.0},{"not_picked":["sneckomod:Unknown0Cost","sneckomod:UnknownBlock"],"picked":"sneckomod:UnknownClassPURPLE","floor":15.0},{"not_picked":["sneckomod:DangerNoodle+1","sneckomod:UnknownColorless"],"picked":"sneckomod:UnknownRarePower","floor":16.0},{"not_picked":["sneckomod:Unknown1Cost","sneckomod:UnknownBlock"],"picked":"sneckomod:QuickBite+1","floor":19},{"not_picked":["sneckomod:UnknownCommonAttack+1","sneckomod:SoulRoll"],"picked":"sneckomod:QuickBite+1","floor":22},{"not_picked":["sneckomod:Unknown1Cost","sneckomod:WideSting+1"],"picked":"sneckomod:UnknownUncommonPower","floor":26},{"not_picked":["sneckomod:Cheat","sneckomod:IronFang+1"],"picked":"sneckomod:UnknownX","floor":28},{"not_picked":["sneckomod:SoulDraw","sneckomod:UnknownClassRUNESMITH_BEIGE+1"],"picked":"sneckomod:UnknownEthereal+1","floor":31},{"not_picked":["sneckomod:UnknownClassPURPLE","sneckomod:UnknownVulnerable"],"picked":"sneckomod:TrashToTreasure","floor":32},{"not_picked":["sneckomod:Transmogrify","sneckomod:Cheat"],"picked":"sneckomod:GlitteringGambit","floor":33},{"not_picked":["sneckomod:IronFang+1","sneckomod:UnknownClassRED"],"picked":"sneckomod:QuickBite+1","floor":36},{"not_picked":["sneckomod:IronFang+1","sneckomod:DiceBoulder+1"],"picked":"sneckomod:UnknownStrike+1","floor":37},{"not_picked":["sneckomod:ImprovisedGuard","sneckomod:SoulDraw+1"],"picked":"sneckomod:UnknownWeak","floor":38},{"not_picked":["sneckomod:UnknownBlock","sneckomod:Nope+1"],"picked":"sneckomod:UnknownVulnerable","floor":40},{"not_picked":["Replay:Undeath\u0027s Touch+1","Anger+1"],"picked":"Impervious","floor":42},{"not_picked":["sneckomod:UnknownVulnerable","sneckomod:UnknownStrike+1"],"picked":"sneckomod:SoulRoll","floor":42},{"not_picked":["Calculated Gamble","Cloak And Dagger"],"picked":"Acrobatics","floor":44},{"not_picked":["sneckomod:RainOfDice+1","sneckomod:SoulDraw+1"],"picked":"sneckomod:Restock","floor":44},{"not_picked":["InnerPeace+1","FearNoEvil+1"],"picked":"Tantrum+1","floor":47},{"not_picked":["sneckomod:WideSting+1","sneckomod:UnknownClassJUGGLER_ORANGE"],"picked":"sneckomod:QuickMove+1","floor":47},{"not_picked":["Iron Wave+1","ReplayTheSpireMod:LeadingStrike+1"],"picked":"Body Slam+1","floor":48},{"not_picked":["sneckomod:IronFang+1","sneckomod:UnknownClassDEFAULT_GRAY_COLOR"],"picked":"sneckomod:UnknownClassTHE_CHAMP_GRAY","floor":48},{"not_picked":["sneckomod:RainOfDice+1","sneckomod:DiceBlock"],"picked":"sneckomod:DiceCrush+1","floor":49},{"not_picked":["StuffTheSpire:SnapShoot","Loop"],"picked":"Gash+1","floor":49}],"player_experience":48828,"relics_obtained":[{"floor":1.0,"key":"qcfpunch:Broken_Tusk"},{"floor":7.0,"key":"Molten Egg 2"},{"floor":8.0,"key":"Letter Opener"},{"floor":10.0,"key":"Anchor"},{"floor":19,"key":"aspiration:HummingbirdHeart"},{"floor":24,"key":"Pen Nib"},{"floor":37,"key":"theForsaken:Lifeblossom"},{"floor":41,"key":"qcfpunch:School_Backpack"},{"floor":42,"key":"halation:EternalFortune"},{"floor":44,"key":"halation:EternalFortune"},{"floor":44,"key":"CCEMRelics:OverlyComfyChair"},{"floor":45,"key":"Lizard Tail"},{"floor":46,"key":"Quantum Egg"}],"event_choices":[{"damage_healed":0,"gold_gain":0,"player_choice":"Ignored","damage_taken":0,"max_hp_gain":0,"max_hp_loss":0,"event_name":"Ghosts","floor":30,"gold_loss":0}],"is_beta":false,"boss_relics":[{"not_picked":["vexMod:TanglingVine","Honey Jar"],"picked":"Snecko Eye"},{"not_picked":["aspiration:SecretTechniqueScroll","Calling Bell"],"picked":"hubris:Backtick"}],"items_purged_floors":[],"is_endless":false,"potions_floor_spawned":[4,9,10,14,32,33,36,37,40],"ascension_level":0}}