{"host":"5gc11emcm5chfr5t","time":1608447641,"event":{"mods":["2.2 Compatiblity","AchievementEnabler","BaseMod","Bestiary","Better Note","Colored Map","Colored Powertips","Downfall","Googly Eyes","Minty Spire (QoL Compilation)","Rare Cards Sparkle","StSLib"],"gold_per_floor":[99,99,99,249,174,205,230,230,155,180,195,195,64,64,84,84,84],"floor_reached":16,"playtime":316,"items_purged":["Regret"],"score":245,"play_id":"43090646-3225-47d1-9fa5-cddd18e51898","local_time":"20201220020041","is_ascension_mode":true,"campfire_choices":[{"floor":1,"key":"RECALL"},{"floor":5,"key":"REST"},{"floor":9,"key":"REST"}],"circlet_count":0,"master_deck":["AscendersBane","sneckomod:Strike","sneckomod:Strike","sneckomod:Strike","sneckomod:Defend+1","sneckomod:Defend","sneckomod:Defend","sneckomod:TailWhip","sneckomod:SnekBite","sneckomod:Unknown","sneckomod:Unknown+1","sneckomod:SnakeSap","Doubt","sneckomod:UnknownRareAttack+1","sneckomod:UnknownExhaust","sneckomod:WideSting","sneckomod:Mudshield+1","sneckomod:MasterEye+1","sneckomod:UnknownClassGREEN"],"relics":["sneckomod:SneckoSoul","downfall:HeartsMalice","downfall:HeartBlessingRed","PreservedInsect","Bronze Scales","Shuriken","downfall:HeartBlessingGreen","Frozen Egg 2","downfall:BrokenWingStatue"],"acts_visited":["Exordium"],"potions_floor_usage":[10,16,16],"damage_taken":[{"damage":0,"enemies":"2 Louse","floor":2,"turns":1},{"damage":0,"enemies":"downfall:FleeingMerchant","floor":3,"turns":1},{"damage":0,"enemies":"Gremlin Nob","floor":6,"turns":1},{"damage":17,"enemies":"Lagavulin","floor":10,"turns":4},{"damage":9,"enemies":"Jaw Worm","floor":11,"turns":3},{"damage":9,"enemies":"downfall:FleeingMerchant","floor":13,"turns":4},{"damage":3,"enemies":"Small Slimes","floor":15,"turns":2},{"damage":57,"enemies":"downfall:Defect","floor":16,"turns":5}],"seed_played":"-6257778034380204963","potions_obtained":[{"floor":6,"key":"SkillPotion"},{"floor":10,"key":"Dexterity Potion"},{"floor":15,"key":"SteroidPotion"}],"is_trial":false,"path_per_floor":["R","M","$","?","R","E","T","?","R","E","M","?","$","?","M","B"],"character_chosen":"THE_SNECKO","items_purchased":["sneckomod:MasterEye+1"],"campfire_rested":2,"item_purchase_floors":[13],"current_hp_per_floor":[75,75,75,75,83,84,84,49,74,58,49,49,40,40,38,0,0],"gold":84,"neow_bonus":"THREE_ENEMY_KILL","is_daily":false,"chose_seed":false,"campfire_upgraded":0,"win_rate":0.0,"timestamp":1608447641,"path_taken":["R","M","$","?","R","E","T","?","R","E","M","?","?","?","M","BOSS"],"items_purchased_type":["Card"],"build_version":"2020-12-13","purchased_purges":1,"victory":false,"max_hp_per_floor":[83,83,83,83,83,84,84,84,84,85,85,85,85,85,86,86,86],"card_choices":[{"not_picked":["sneckomod:Unknown1Cost","sneckomod:Nope"],"picked":"sneckomod:SnakeSap","floor":2},{"not_picked":["sneckomod:SoulCleanse","sneckomod:UnknownX","sneckomod:WideSting"],"picked":"SKIP","floor":3},{"not_picked":["sneckomod:RainOfDice","sneckomod:QuickBite"],"picked":"sneckomod:UnknownRareAttack","floor":6},{"not_picked":["sneckomod:UnknownWeak","sneckomod:UnknownEthereal"],"picked":"sneckomod:UnknownExhaust","floor":10},{"not_picked":["sneckomod:Unknown0Cost","sneckomod:UnknownUncommonAttack"],"picked":"sneckomod:WideSting","floor":11},{"not_picked":["sneckomod:UnknownUncommonPower+1","sneckomod:DiceCrush"],"picked":"sneckomod:Mudshield+1","floor":13},{"not_picked":["sneckomod:UnknownClassSLIMEBOUND","sneckomod:DiceCrush"],"picked":"sneckomod:UnknownClassGREEN","floor":15}],"player_experience":449254,"relics_obtained":[{"floor":6,"key":"PreservedInsect"},{"floor":7,"key":"Bronze Scales"},{"floor":10,"key":"Frozen Egg 2"}],"event_choices":[{"damage_healed":0,"gold_gain":0,"player_choice":"Success","damage_taken":35,"relics_obtained":["Shuriken"],"max_hp_gain":0,"max_hp_loss":0,"event_name":"Scrap Ooze","floor":8,"gold_loss":0}],"is_beta":false,"boss_relics":[],"items_purged_floors":[13],"is_endless":false,"potions_floor_spawned":[6,10,15],"killed_by":"downfall:Defect","ascension_level":18}}