{"host":"69rply1jf2d1wbmp","time":1608479553,"event":{"mods":["BaseMod","Minty Spire (QoL Compilation)","Quick Restart"],"gold_per_floor":[113,113,127,127,151,187,206,381,450,450,84,84,84,105,105,228,228,249,249,66,156,169,169,190,190,190],"floor_reached":25,"playtime":896,"items_purged":["Strike_R"],"score":201,"play_id":"3214649f-b3c6-46f8-afb8-6e5d9f048884","local_time":"20201220105233","is_ascension_mode":false,"campfire_choices":[{"data":"Juggernaut","floor":10,"key":"SMITH"},{"data":"Metallicize","floor":13,"key":"SMITH"},{"floor":15,"key":"RECALL"},{"data":"Barricade","floor":23,"key":"SMITH"}],"circlet_count":0,"master_deck":["Strike_R","Strike_R","Strike_R","Strike_R","Defend_R","Defend_R","Defend_R","Defend_R","Bash","Juggernaut+1","Sword Boomerang","Shrug It Off","Injury","Cleave","Rage","Perfected Strike","Metallicize+1","Spot Weakness","Barricade+1","CurseOfTheBell","Ghostly Armor","Body Slam"],"relics":["Burning Blood","Golden Idol","Du-Vu Doll","Eternal Feather","Membership Card","Orichalcum","Calling Bell","MealTicket","Frozen Egg 2","TungstenRod","Oddly Smooth Stone","ClockworkSouvenir"],"acts_visited":["Exordium","TheCity"],"potions_floor_usage":[16,25],"damage_taken":[{"damage":1,"enemies":"Jaw Worm","floor":1,"turns":5},{"damage":5,"enemies":"Cultist","floor":3,"turns":4},{"damage":5,"enemies":"Small Slimes","floor":5,"turns":4},{"damage":39,"enemies":"3 Sentries","floor":6,"turns":12},{"damage":0,"enemies":"Exordium Wildlife","floor":7,"turns":5},{"damage":4,"enemies":"Looter","floor":14,"turns":2},{"damage":38,"enemies":"Hexaghost","floor":16,"turns":9},{"damage":3,"enemies":"Chosen","floor":18,"turns":3},{"damage":16,"enemies":"3 Byrds","floor":22,"turns":8},{"damage":6,"enemies":"Snecko","floor":24,"turns":8},{"damage":73,"enemies":"Slavers","floor":25,"turns":5}],"seed_played":"-6106362195432140937","potions_obtained":[{"floor":3,"key":"Ancient Potion"},{"floor":5,"key":"FearPotion"},{"floor":16,"key":"FearPotion"}],"is_trial":false,"path_per_floor":["M","?","M","?","M","E","M","?","T","R","$","?","R","M","R","B",null,"M","?","$","?","M","R","M","E"],"character_chosen":"IRONCLAD","items_purchased":["Membership Card","Orichalcum","Metallicize","Spot Weakness","BlessingOfTheForge","Oddly Smooth Stone","ClockworkSouvenir","Ghostly Armor"],"campfire_rested":0,"item_purchase_floors":[11,11,11,11,11,20,20,20],"current_hp_per_floor":[80,80,80,80,80,47,53,53,53,62,62,55,64,66,75,43,80,80,66,81,71,61,73,73,0,0],"gold":190,"neow_bonus":"ONE_RANDOM_RARE_CARD","is_daily":false,"chose_seed":false,"campfire_upgraded":3,"win_rate":0.0,"timestamp":1608479553,"path_taken":["M","?","?","?","M","E","M","?","T","R","$","?","R","M","R","BOSS","M","?","$","?","M","R","?","E"],"items_purchased_type":["Relic","Relic","Card","Card","Potion","Relic","Relic","Card"],"build_version":"2020-12-13","purchased_purges":1,"victory":false,"max_hp_per_floor":[80,80,80,80,80,80,80,80,80,80,80,80,80,80,80,80,80,80,85,85,85,85,85,85,85,85],"card_choices":[{"not_picked":["Clash","Bloodletting"],"picked":"Sword Boomerang","floor":1},{"not_picked":["Iron Wave","True Grit"],"picked":"Shrug It Off","floor":3},{"not_picked":["Flex","True Grit"],"picked":"Cleave","floor":5},{"not_picked":["Iron Wave","Entrench"],"picked":"Rage","floor":6},{"not_picked":["Impervious","Headbutt"],"picked":"Perfected Strike","floor":7},{"not_picked":["Body Slam","Sword Boomerang","True Grit"],"picked":"SKIP","floor":14},{"not_picked":["Berserk","Fiend Fire"],"picked":"Barricade","floor":16},{"not_picked":["Second Wind","Perfected Strike","Dark Embrace+1"],"picked":"SKIP","floor":18},{"not_picked":["Clothesline","Perfected Strike","Thunderclap+1"],"picked":"SKIP","floor":22},{"not_picked":["Battle Trance","Searing Blow+1"],"picked":"Body Slam","floor":24}],"player_experience":366815,"relics_obtained":[{"floor":6,"key":"Du-Vu Doll"},{"floor":9,"key":"Eternal Feather"},{"floor":17,"key":"MealTicket"},{"floor":17,"key":"Frozen Egg 2"},{"floor":17,"key":"TungstenRod"}],"event_choices":[{"damage_healed":0,"gold_gain":0,"player_choice":"0 cards matched","damage_taken":0,"max_hp_gain":0,"max_hp_loss":0,"event_name":"Match and Keep!","floor":2,"gold_loss":0,"cards_obtained":[]},{"damage_healed":0,"gold_gain":0,"player_choice":"Take Wound","damage_taken":0,"relics_obtained":["Golden Idol"],"max_hp_gain":0,"max_hp_loss":0,"event_name":"Golden Idol","floor":4,"gold_loss":0,"cards_obtained":["Injury"]},{"damage_healed":0,"gold_gain":175,"player_choice":"AGREE","damage_taken":0,"max_hp_gain":0,"max_hp_loss":0,"event_name":"Liars Game","floor":8,"gold_loss":0,"cards_obtained":["Doubt"]},{"cards_removed":["Doubt"],"damage_healed":0,"gold_gain":0,"player_choice":"Card Removal","damage_taken":7,"max_hp_gain":0,"max_hp_loss":0,"event_name":"Golden Wing","floor":12,"gold_loss":0},{"damage_healed":0,"gold_gain":0,"player_choice":"Shed Blood","damage_taken":20,"max_hp_gain":5,"max_hp_loss":0,"event_name":"Forgotten Altar","floor":19,"gold_loss":0},{"damage_healed":0,"gold_gain":90,"player_choice":"GOLD ","damage_taken":12,"max_hp_gain":0,"max_hp_loss":0,"event_name":"Knowing Skull","floor":21,"potions_obtained":[],"gold_loss":0,"cards_obtained":[]}],"is_beta":false,"boss_relics":[{"not_picked":["Empty Cage","Runic Pyramid"],"picked":"Calling Bell"}],"items_purged_floors":[11],"is_endless":false,"potions_floor_spawned":[3,5,16,22,24],"killed_by":"Slavers","ascension_level":0}}