{"host":"fhq3k2nq5elnbks3","time":1608427228,"event":{"mods":["2.2 Compatiblity","AchievementEnabler","Act Like it!","AlwaysNeverKeys","BaseMod","Better Altar","Better Skull","Better Vampires","Better-Laid Plans","Block Reminder","CapriCore","Card Filter","CatGirl Mod","Chen","Colored Powertips","Displayed Cursed Tome","Eldritch Tears","Fiend Mod","Fireblade Mod","Friendly Minions","FutureSeer","Gensokyo","GifTheSpireLib","Gremlin Skip","Hermit","JesterMod","Koishi","Marisa????????","Minty Spire (QoL Compilation)","Permanent Neow","QueenMod","Quick Restart","Relic Filter","Ruin Mod","Shop Mod","StSLib","SuperFastMode","The Administrix","The Cursed","The Fake Hero","The Forsaken","The Necromancer","Transform Curses","Uncapped","Unknown Chances","Wandering Minibosses"],"gold_per_floor":[115,115,135,155,45,45,45,45,71,71,81,81,81,161,161,258,258,275,298,623,132,132,132,132,132,156,169,169,169,183,197,197,197,197],"floor_reached":33,"playtime":1824,"items_purged":[],"score":281,"play_id":"e6d21ba9-6451-4a87-9ace-43adaa007fb6","local_time":"20201219192028","daily_mods":["Vintage","Heirloom","Time Dilation","Flight"],"is_ascension_mode":false,"campfire_choices":[{"data":"Koishi:HauntingSlash","floor":6,"key":"SMITH"},{"data":"Koishi:Provoke","floor":8,"key":"SMITH"},{"data":"Koishi:BasicDefend","floor":10,"key":"SMITH"},{"data":"Koishi:BasicStrike","floor":12,"key":"SMITH"},{"floor":15,"key":"DIG"},{"floor":23,"key":"DIG"},{"floor":24,"key":"REST"},{"floor":25,"key":"DIG"},{"floor":29,"key":"DIG"},{"floor":32,"key":"DIG"}],"circlet_count":0,"master_deck":["Koishi:BasicStrike","Koishi:BasicStrike","Koishi:BasicStrike+1","Koishi:BasicStrike","Koishi:BasicDefend+1","Koishi:BasicDefend+1","Koishi:BasicDefend+1","Koishi:BasicDefend+1","Koishi:Provoke+1","Koishi:HauntingSlash+1"],"relics":["Koishi:ImaginaryFriend","Shovel","Oddly Smooth Stone","Orichalcum","Art of War","CeramicFish","Akabeko","Bag of Marbles","MerchantsRug","Gensokyo:NagashiBinaDoll","Tiny Chest","War Paint","Koishi:LettersToReimu","Fusion Hammer","Smiling Mask","Shuriken","Letter Opener","MealTicket","PreservedInsect","theForsaken:Gavel","Koishi:AHoleWhereASisterShouldBe","The Courier","Ancient Tea Set","Toy Ornithopter","theForsaken:Lifeblossom","StrikeDummy","Calipers","Pantograph","Ginger","InkBottle"],"acts_visited":["Gensokyo:Gensokyo","Gensokyo:Gensokyoer"],"potions_floor_usage":[],"damage_taken":[{"damage":0,"enemies":"Gensokyo:2_Kodama","floor":1,"turns":5},{"damage":0,"enemies":"Gensokyo:Python","floor":3,"turns":3},{"damage":0,"enemies":"Gensokyo:Gryphon","floor":4,"turns":3},{"damage":0,"enemies":"Gensokyo:Kitsune","floor":11,"turns":2},{"damage":11,"enemies":"Gensokyo:Yukari","floor":16,"turns":13},{"damage":7,"enemies":"Gensokyo:AngelMirror","floor":18,"turns":7},{"damage":0,"enemies":"Gensokyo:CosmicMonolith","floor":27,"turns":2},{"damage":0,"enemies":"Gensokyo:Chomper_and_Gloop","floor":30,"turns":5},{"damage":9,"enemies":"Gensokyo:Slime_Group","floor":31,"turns":3},{"damage":0,"enemies":"Gensokyo:Eternal_Rivals","floor":33,"turns":1}],"seed_played":"-4152057589446179178","potions_obtained":[{"floor":1,"key":"DuplicationPotion"},{"floor":4,"key":"Fire Potion"},{"floor":18,"key":"SteroidPotion"},{"floor":30,"key":"Fire Potion"}],"is_trial":true,"path_per_floor":["M","?","M","M","$","R","?","R","T","R","M","R","?","?","R","B",null,"M","T","?","$","?","R","R","R","T","M","T","R","M","M","R","B"],"character_chosen":"KOISHI","items_purchased":["MerchantsRug","Shuriken","Letter Opener"],"campfire_rested":1,"item_purchase_floors":[5,21,21],"current_hp_per_floor":[60,4,5,7,7,7,7,7,7,7,9,9,15,15,15,16,66,65,65,65,65,4,4,23,23,23,25,25,25,35,33,33,58,58],"gold":197,"neow_bonus":"","is_daily":false,"chose_seed":false,"campfire_upgraded":4,"win_rate":0.0,"timestamp":1608427228,"path_taken":["M","?","?","M","?","R","?","R","T","R","?","R","?","?","R","BOSS","M","?","?","$","?","R","R","R","T","?","?","R","?","M","R","BOSS"],"items_purchased_type":["Relic","Relic","Relic"],"build_version":"2020-12-13","purchased_purges":0,"victory":false,"max_hp_per_floor":[60,60,60,60,60,60,60,60,60,60,60,60,66,66,66,66,66,66,66,66,66,66,66,66,66,66,66,66,66,66,66,66,66,66],"card_choices":[],"player_experience":240843,"relics_obtained":[{"floor":1,"key":"Oddly Smooth Stone"},{"floor":3,"key":"Akabeko"},{"floor":4,"key":"Bag of Marbles"},{"floor":9,"key":"Tiny Chest"},{"floor":11,"key":"War Paint"},{"floor":15,"key":"Koishi:LettersToReimu"},{"floor":18,"key":"Molten Egg 2"},{"floor":19,"key":"Smiling Mask"},{"floor":23,"key":"The Courier"},{"floor":25,"key":"Ancient Tea Set"},{"floor":26,"key":"Toy Ornithopter"},{"floor":27,"key":"theForsaken:Lifeblossom"},{"floor":28,"key":"StrikeDummy"},{"floor":29,"key":"Calipers"},{"floor":30,"key":"Pantograph"},{"floor":31,"key":"Ginger"},{"floor":32,"key":"InkBottle"}],"event_choices":[{"damage_healed":0,"gold_gain":0,"player_choice":"RE RE RE UP ","damage_taken":64,"relics_obtained":["Orichalcum","Art of War","CeramicFish"],"max_hp_gain":0,"max_hp_loss":0,"event_name":"betterSkull:BetterSkull","floor":2,"gold_loss":0,"cards_upgraded":["Koishi:BasicDefend"]},{"damage_healed":0,"gold_gain":0,"player_choice":"RE RE RE RE ","damage_taken":69,"relics_obtained":["MealTicket","PreservedInsect","theForsaken:Gavel","Koishi:AHoleWhereASisterShouldBe"],"max_hp_gain":0,"max_hp_loss":0,"event_name":"betterSkull:BetterSkull","floor":22,"gold_loss":0,"cards_upgraded":[]}],"is_beta":false,"boss_relics":[{"not_picked":["Runic Dome","Velvet Choker"],"picked":"Fusion Hammer"}],"items_purged_floors":[],"is_endless":false,"potions_floor_spawned":[1,4,18,30],"killed_by":"Gensokyo:Eternal_Rivals","ascension_level":0}}