{"host":"pmu3ictzl11fv3j7","time":1608436342,"event":{"mods":["BaseMod","Hermit","Minty Spire (QoL Compilation)","Quick Restart","Replay The Spire","StSLib"],"gold_per_floor":[109,120,90,108,108,108,108,118,142,152,103,163,174,190,190,190,190],"floor_reached":16,"playtime":1994,"items_purged":[],"score":104,"play_id":"e8cb1e86-b9d1-4de2-9cab-68fcbf0f456f","local_time":"20201219215222","is_ascension_mode":false,"campfire_choices":[{"floor":6,"key":"REST"},{"floor":15,"key":"REST"}],"circlet_count":0,"master_deck":["hermit:Strike_Hermit","hermit:Strike_Hermit","hermit:Strike_Hermit","hermit:Strike_Hermit","hermit:Defend_Hermit","hermit:Defend_Hermit","hermit:Defend_Hermit","hermit:Defend_Hermit","hermit:Snapshot","hermit:Covet","hermit:TrackingShot","hermit:LowProfile","Infernal Blade","hermit:Dive","hermit:Vantage","hermit:Malice+1","hermit:Malice+1","hermit:Spite","hermit:TakeAim","hermit:SprayPray"],"relics":["hermit:Momento","Bag of Marbles","PreservedInsect","Replay:Bottled Eggs"],"acts_visited":["Exordium"],"potions_floor_usage":[4,12,13,14],"damage_taken":[{"damage":12,"enemies":"Small Slimes","floor":1,"turns":4},{"damage":1,"enemies":"Cultist","floor":2,"turns":3},{"damage":6,"enemies":"Jaw Worm","floor":4,"turns":3},{"damage":0,"enemies":"Blue Slaver","floor":8,"turns":2},{"damage":5,"enemies":"Red Slaver","floor":10,"turns":5},{"damage":27,"enemies":"Lagavulin","floor":12,"turns":9},{"damage":6,"enemies":"Exordium Thugs","floor":13,"turns":3},{"damage":0,"enemies":"Lots of Slimes","floor":14,"turns":5},{"damage":65,"enemies":"Hexaghost","floor":16,"turns":11}],"seed_played":"-4635093115920599314","potions_obtained":[{"floor":3,"key":"Explosive Potion"},{"floor":3,"key":"Swift Potion"},{"floor":4,"key":"Fire Potion"},{"floor":13,"key":"LiquidBronze"}],"is_trial":false,"path_per_floor":["M","M","?","M","?","R","?","M","T","M","$","E","M","M","R","B"],"character_chosen":"HERMIT","items_purchased":["hermit:Malice"],"campfire_rested":2,"item_purchase_floors":[11],"current_hp_per_floor":[70,69,69,63,51,75,75,75,75,70,70,43,37,37,61,0,0],"gold":190,"neow_bonus":"TEN_PERCENT_HP_BONUS","is_daily":false,"chose_seed":false,"campfire_upgraded":0,"win_rate":0.0,"timestamp":1608436342,"path_taken":["M","M","?","?","?","R","?","M","T","M","$","E","?","M","R","BOSS"],"items_purchased_type":["Card"],"build_version":"2020-12-13","purchased_purges":0,"victory":false,"max_hp_per_floor":[82,82,82,82,82,82,82,82,82,82,82,82,82,82,82,82,82],"card_choices":[{"not_picked":["hermit:LowProfile","hermit:Manifest"],"picked":"hermit:TrackingShot","floor":1},{"not_picked":["hermit:Manifest","hermit:Spite"],"picked":"hermit:Virtue","floor":2},{"not_picked":["hermit:ItchyTrigger","hermit:Manifest"],"picked":"hermit:LowProfile","floor":4},{"not_picked":["hermit:ShadowCloak","hermit:BodyArmor"],"picked":"hermit:Dive","floor":8},{"not_picked":["hermit:Scavenge","hermit:HighCaliber"],"picked":"hermit:Vantage","floor":10},{"not_picked":["hermit:Ricochet","hermit:Glare"],"picked":"hermit:Spite","floor":12},{"not_picked":["hermit:ItchyTrigger","hermit:FullyLoaded"],"picked":"hermit:TakeAim","floor":13},{"not_picked":["hermit:Shortfuse","hermit:NoHoldsBarred"],"picked":"hermit:SprayPray","floor":14}],"player_experience":603028,"relics_obtained":[{"floor":9,"key":"PreservedInsect"},{"floor":12,"key":"Replay:Bottled Eggs"}],"event_choices":[{"damage_healed":0,"gold_gain":0,"player_choice":"Bought 2 Potions","damage_taken":0,"max_hp_gain":0,"max_hp_loss":0,"event_name":"The Woman in Blue","floor":3,"gold_loss":0},{"damage_healed":0,"gold_gain":0,"player_choice":"Success","damage_taken":12,"relics_obtained":["Bag of Marbles"],"max_hp_gain":0,"max_hp_loss":0,"event_name":"Scrap Ooze","floor":5,"gold_loss":0},{"cards_removed":["hermit:Virtue"],"damage_healed":0,"gold_gain":0,"player_choice":"Took Card","damage_taken":0,"max_hp_gain":0,"max_hp_loss":0,"event_name":"NoteForYourself","floor":7,"gold_loss":0,"cards_obtained":["Infernal Blade"]}],"is_beta":false,"boss_relics":[],"items_purged_floors":[],"is_endless":false,"potions_floor_spawned":[4,13],"killed_by":"Hexaghost","ascension_level":0}}