{"host":"usewcu4ohw2wtmxk","time":1608440693,"event":{"mods":["BaseMod","Minty Spire (QoL Compilation)","Permanent Neow","Quick Restart","Relic Stats"],"gold_per_floor":[116,76,93,107,118,118,137,166,166,38,53,86,86,119,119,196,196,244,244,274,274],"floor_reached":20,"playtime":578,"items_purged":["Defend_P"],"score":438,"play_id":"02ae52ba-7a0e-4d33-a00d-e27813db87d4","local_time":"20201220130453","is_ascension_mode":true,"campfire_choices":[{"data":"Eruption","floor":6.0,"key":"SMITH"},{"data":"TalkToTheHand","floor":15.0,"key":"SMITH"}],"circlet_count":0,"master_deck":["AscendersBane","Strike_P","Strike_P","Strike_P","Eruption+1","Vigilance","Brilliance","Indignation","BowlingBash","DevaForm","TalkToTheHand+1","CutThroughFate","Swivel+1","Wish+1","DeusExMachina+1"],"relics":["PureWater","Matryoshka","Nunchaku","Turnip","Calipers","Toy Ornithopter","Astrolabe"],"acts_visited":["Exordium","TheCity"],"potions_floor_usage":[],"damage_taken":[{"damage":0.0,"enemies":"Cultist","floor":1.0,"turns":2.0},{"damage":2.0,"enemies":"Small Slimes","floor":3.0,"turns":4.0},{"damage":5.0,"enemies":"2 Louse","floor":4.0,"turns":2.0},{"damage":7.0,"enemies":"Exordium Wildlife","floor":5.0,"turns":3.0},{"damage":14.0,"enemies":"Exordium Thugs","floor":7.0,"turns":4.0},{"damage":2.0,"enemies":"Lagavulin","floor":8.0,"turns":5.0},{"damage":11.0,"enemies":"Red Slaver","floor":11.0,"turns":4.0},{"damage":2.0,"enemies":"3 Sentries","floor":12.0,"turns":6.0},{"damage":0.0,"enemies":"Lagavulin","floor":14.0,"turns":4.0},{"damage":12.0,"enemies":"Hexaghost","floor":16.0,"turns":7.0},{"damage":28,"enemies":"3 Byrds","floor":18,"turns":5},{"damage":45,"enemies":"Chosen","floor":20,"turns":4}],"seed_played":"6625498630305665483","potions_obtained":[{"floor":1.0,"key":"Dexterity Potion"},{"floor":2.0,"key":"DuplicationPotion"},{"floor":2.0,"key":"DuplicationPotion"},{"floor":5.0,"key":"Regen Potion"},{"floor":7.0,"key":"GamblersBrew"},{"floor":12.0,"key":"Fruit Juice"},{"floor":13.0,"key":"SteroidPotion"},{"floor":13.0,"key":"Energy Potion"},{"floor":14.0,"key":"Strength Potion"},{"floor":16.0,"key":"PowerPotion"}],"is_trial":false,"path_per_floor":["M","?","M","M","M","R","M","E","T","$","M","E","?","E","R","B",null,"M","?","M"],"character_chosen":"WATCHER","items_purchased":["Block Potion"],"campfire_rested":0,"item_purchase_floors":[10],"current_hp_per_floor":[43,43,41,36,29,29,27,25,25,25,14,12,17,17,17,10,57,29,29,0,0],"gold":274,"neow_bonus":"THREE_RARE_CARDS","is_daily":false,"chose_seed":false,"campfire_upgraded":2,"win_rate":0.0,"timestamp":1608440693,"path_taken":["M","?","M","M","?","R","M","E","T","$","M","E","?","E","R","BOSS","M","?","M"],"items_purchased_type":["Potion"],"build_version":"2020-12-13","purchased_purges":1,"victory":false,"max_hp_per_floor":[68,68,68,68,68,68,68,68,68,68,68,68,73,73,73,73,73,73,73,73,73],"relic_stats":{"Nunchaku":[6],"counters":[12,50],"Astrolabe":["Swivel","Wish","DeusExMachina"],"Turnip":[0],"obtain_stats":[{"Nunchaku":9,"Matryoshka":8,"Calipers":12,"Astrolabe":17,"Turnip":9,"PureWater":0,"Toy Ornithopter":14},{"Nunchaku":6,"Matryoshka":6,"Calipers":8,"Astrolabe":10,"Turnip":6,"PureWater":0,"Toy Ornithopter":9},{"Nunchaku":20,"Matryoshka":20,"Calipers":30,"Astrolabe":41,"Turnip":20,"PureWater":0,"Toy Ornithopter":34}],"Toy Ornithopter":5},"card_choices":[{"not_picked":["Establishment","SpiritShield"],"picked":"Brilliance","floor":0.0},{"not_picked":["ReachHeaven","EmptyMind","PathToVictory"],"picked":"SKIP","floor":1.0},{"not_picked":["Crescendo","CrushJoints"],"picked":"Indignation","floor":3.0},{"not_picked":["ThirdEye","MentalFortress","WreathOfFlame"],"picked":"SKIP","floor":4.0},{"not_picked":["CutThroughFate","Study"],"picked":"BowlingBash","floor":5.0},{"not_picked":["FlyingSleeves","Swivel"],"picked":"DevaForm","floor":7.0},{"not_picked":["Halt","Nirvana"],"picked":"TalkToTheHand","floor":8.0},{"not_picked":["ReachHeaven","Swivel","ClearTheMind"],"picked":"SKIP","floor":11.0},{"not_picked":["Protect","Alpha"],"picked":"CutThroughFate","floor":12.0},{"not_picked":["FlyingSleeves","SashWhip","Halt"],"picked":"SKIP","floor":14.0},{"not_picked":["EmptyBody+1","Crescendo","PathToVictory"],"picked":"SKIP","floor":18}],"player_experience":226433,"relics_obtained":[{"floor":8.0,"key":"Matryoshka"},{"floor":9.0,"key":"Nunchaku"},{"floor":9.0,"key":"Turnip"},{"floor":12.0,"key":"Calipers"},{"floor":14.0,"key":"Toy Ornithopter"}],"event_choices":[{"damage_healed":0.0,"max_hp_gain":0.0,"max_hp_loss":0.0,"gold_gain":0.0,"event_name":"The Woman in Blue","player_choice":"Bought 3 Potions","floor":2.0,"gold_loss":0.0,"damage_taken":0.0},{"damage_healed":0.0,"max_hp_gain":0.0,"max_hp_loss":0.0,"gold_gain":0.0,"event_name":"Lab","player_choice":"Got Potions","floor":13.0,"gold_loss":0.0,"damage_taken":0.0},{"cards_removed":["Strike_P"],"damage_healed":0,"gold_gain":0,"player_choice":"Elegance","damage_taken":0,"max_hp_gain":0,"max_hp_loss":0,"event_name":"Back to Basics","floor":19,"gold_loss":0}],"is_beta":false,"boss_relics":[{"not_picked":["Busted Crown","Velvet Choker"],"picked":"Astrolabe"}],"items_purged_floors":[10],"is_endless":false,"potions_floor_spawned":[1,5,7,12,14,16],"killed_by":"Chosen","ascension_level":20}}