{"host":"db9qq6yd9ck6prkg","time":1608473558,"event":{"mods":["BaseMod","Custom Start","Minty Spire (QoL Compilation)","StSLib","Uncapped"],"gold_per_floor":[100018,100018,99978,99995,98946,98987,99016,99041,99041,97708,97727,97749,97802,96569,96569,96656,96656,96668,96668,96073,96088,96088,96088,95108,95108,95132,95148,94362,94362,94393,94408,94408,94481,94481,94501,94526,93515,93433,92897,92897,92930,92945,92945,92974,92974,92974,92997,92887,92887,92887,92887,92887,92536,92561,92561],"floor_reached":56,"playtime":1549,"items_purged":["Regret","Strike_G","Strike_G","Defend_G","Defend_G","Defend_G","Survivor","Well Laid Plans"],"score":2941,"play_id":"777892ce-d364-46a9-8a13-b91939accd3c","local_time":"20201220221238","is_ascension_mode":true,"campfire_choices":[{"data":"Strike_G","floor":15.0,"key":"PURGE"},{"data":"Defend_G","floor":23.0,"key":"PURGE"},{"data":"Defend_G","floor":25.0,"key":"PURGE"},{"data":"Neutralize","floor":32.0,"key":"PURGE"},{"data":"Apotheosis","floor":40.0,"key":"SMITH"},{"floor":46.0,"key":"RECALL"},{"data":"Malaise","floor":49.0,"key":"PURGE"},{"data":"Adrenaline","floor":52.0,"key":"SMITH"}],"circlet_count":0,"master_deck":["AscendersBane","Prepared","Reflex+1","Acrobatics","Escape Plan","Adrenaline+1","Grand Finale+1","After Image","Tactician","Master of Strategy","Adrenaline+1","Backflip","Apotheosis+1"],"relics":["Ring of the Snake","Pantograph","Medical Kit","CeramicFish","Gremlin Horn","Girya","Bag of Preparation","Peace Pipe","WingedGreaves","PreservedInsect","Chemical X","Art of War","TheAbacus","Bag of Marbles","Mercury Hourglass","HoveringKite","White Beast Statue","Cauldron","ClockworkSouvenir","FossilizedHelix","Letter Opener","OrangePellets","Blue Candle","Bronze Scales","Singing Bowl","Sozu","Turnip","Lee\u0027s Waffle","Pear","Torii","StrikeDummy","Membership Card","MealTicket","Oddly Smooth Stone","Whetstone","Meat on the Bone","Snake Skull","Smiling Mask","Mummified Hand","Ornamental Fan","Orrery"],"acts_visited":["Exordium","TheCity","TheBeyond","TheEnding"],"potions_floor_usage":[],"damage_taken":[{"damage":0.0,"enemies":"Small Slimes","floor":1.0,"turns":5.0},{"damage":0.0,"enemies":"2 Louse","floor":4.0,"turns":3.0},{"damage":24.0,"enemies":"3 Sentries","floor":6.0,"turns":6.0},{"damage":2.0,"enemies":"Jaw Worm","floor":7.0,"turns":6.0},{"damage":26.0,"enemies":"Lagavulin","floor":8.0,"turns":8.0},{"damage":0.0,"enemies":"Exordium Wildlife","floor":11.0,"turns":1.0},{"damage":0.0,"enemies":"Large Slime","floor":12.0,"turns":3.0},{"damage":0.0,"enemies":"The Guardian","floor":16.0,"turns":7.0},{"damage":0.0,"enemies":"3 Byrds","floor":18.0,"turns":1.0},{"damage":0.0,"enemies":"Chosen","floor":21.0,"turns":11.0},{"damage":0.0,"enemies":"Snake Plant","floor":27.0,"turns":1.0},{"damage":0.0,"enemies":"Gremlin Leader","floor":30.0,"turns":1.0},{"damage":0.0,"enemies":"Shelled Parasite and Fungi","floor":31.0,"turns":1.0},{"damage":0.0,"enemies":"Collector","floor":33.0,"turns":1.0},{"damage":0.0,"enemies":"3 Shapes","floor":35.0,"turns":1.0},{"damage":0.0,"enemies":"Mind Bloom Boss Battle","floor":36.0,"turns":1.0},{"damage":0.0,"enemies":"Giant Head","floor":41.0,"turns":1.0},{"damage":0.0,"enemies":"3 Darklings","floor":42.0,"turns":1.0},{"damage":0.0,"enemies":"Nemesis","floor":44.0,"turns":1.0},{"damage":0.0,"enemies":"Donu and Deca","floor":50.0,"turns":1.0},{"damage":0.0,"enemies":"Shield and Spear","floor":54.0,"turns":1.0},{"damage":0,"enemies":"The Heart","floor":55,"turns":4}],"seed_played":"3925943465929202326","potions_obtained":[{"floor":4.0,"key":"Weak Potion"},{"floor":12.0,"key":"GhostInAJar"},{"floor":20.0,"key":"FairyPotion"}],"is_trial":false,"path_per_floor":["M","?","?","M","$","E","M","E","T","$","M","M","T","$","R","B",null,"M","?","$","M","?","R","$","R","T","M","$","?","E","M","R","B",null,"M","?","$","?","$","R","E","M","T","E","?","R","T","?","R","B",null,"R","$","E","B",null],"character_chosen":"THE_SILENT","items_purchased":["Medical Kit","CeramicFish","Gremlin Horn","Corpse Explosion","Reflex","Well Laid Plans","DistilledChaos","WingedGreaves","PreservedInsect","Chemical X","Adrenaline","Grand Finale","Energy Potion","Explosive Potion","Malaise","TheAbacus","Bag of Marbles","Mercury Hourglass","After Image","Tactician","Master of Strategy","FairyPotion","White Beast Statue","Cauldron","ClockworkSouvenir","FossilizedHelix","Letter Opener","Backflip","OrangePellets","Blue Candle","Bronze Scales","Lee\u0027s Waffle","Pear","Torii","Membership Card","MealTicket","Oddly Smooth Stone","Apotheosis","Mummified Hand","Ornamental Fan","Orrery"],"campfire_rested":0,"item_purchase_floors":[5,5,5,5,5,5,5,10,10,10,10,10,10,10,10,14,14,14,14,14,14,14,20,20,24,24,24,24,28,28,28,37,37,37,39,39,39,39,53,53,53],"current_hp_per_floor":[59,59,59,59,59,35,33,7,7,7,7,7,7,7,7,32,58,58,58,58,58,76,76,76,76,76,76,76,54,56,58,58,85,87,89,91,108,108,108,108,110,112,112,114,114,114,114,114,114,114,114,114,124,126,126],"gold":92561,"neow_bonus":"REMOVE_TWO","is_daily":false,"chose_seed":true,"campfire_upgraded":2,"win_rate":0.0,"timestamp":1608473558,"path_taken":["M","?","?","M","$","E","M","E","T","$","?","M","?","$","R","BOSS","M","?","$","?","?","R","?","R","T","?","$","?","E","M","R","BOSS","M","?","$","?","$","R","E","?","T","E","?","R","?","?","R","BOSS","R","$","E","BOSS"],"items_purchased_type":["Relic","Relic","Relic","Card","Card","Card","Potion","Relic","Relic","Relic","Card","Card","Potion","Potion","Card","Relic","Relic","Relic","Card","Card","Card","Potion","Relic","Relic","Relic","Relic","Relic","Card","Relic","Relic","Relic","Relic","Relic","Relic","Relic","Relic","Relic","Card","Relic","Relic","Relic"],"build_version":"2020-12-13","purchased_purges":8,"victory":true,"max_hp_per_floor":[66,66,66,66,66,66,66,66,66,66,66,66,66,66,66,66,66,66,66,66,66,76,76,76,76,76,76,76,81,83,85,85,87,87,89,91,108,108,108,108,110,112,112,114,114,114,114,114,114,114,114,114,124,126,126],"card_choices":[{"not_picked":["Flying Knee","Dagger Throw"],"picked":"Prepared","floor":1.0},{"not_picked":["Distraction","Accuracy"],"picked":"Acrobatics","floor":6.0},{"not_picked":["Flying Knee","Choke"],"picked":"Escape Plan","floor":7.0},{"not_picked":["Poisoned Stab","Bouncing Flask"],"picked":"Footwork","floor":12.0},{"not_picked":["Malaise","After Image"],"picked":"Adrenaline","floor":16.0},{"not_picked":["Deadly Poison","Dash","Die Die Die"],"picked":"Singing Bowl","floor":30.0},{"not_picked":["Deadly Poison","Cloak And Dagger","Riddle With Holes"],"picked":"Singing Bowl","floor":31.0},{"not_picked":["Glass Knife","Tools of the Trade","Storm of Steel"],"picked":"Singing Bowl","floor":33.0},{"not_picked":["PiercingWail","Poisoned Stab+1","Flying Knee"],"picked":"Singing Bowl","floor":35.0},{"not_picked":["Poisoned Stab","Deflect","PiercingWail"],"picked":"Singing Bowl","floor":36.0},{"not_picked":["PiercingWail","Underhanded Strike","Burst"],"picked":"Singing Bowl","floor":41.0},{"not_picked":["Reflex","Poisoned Stab","Dagger Spray"],"picked":"Singing Bowl","floor":42.0},{"not_picked":["Deflect","Night Terror","Slice"],"picked":"Singing Bowl","floor":44.0},{"not_picked":["Sucker Punch+1","Prepared+1","Underhanded Strike"],"picked":"Singing Bowl","floor":53.0},{"not_picked":["Deadly Poison+1","Blade Dance","Tactician"],"picked":"Singing Bowl","floor":53.0},{"not_picked":["Cloak And Dagger+1","Dodge and Roll+1","Tools of the Trade"],"picked":"Singing Bowl","floor":53.0},{"not_picked":["Prepared+1","Bane","Dodge and Roll"],"picked":"Singing Bowl","floor":53.0},{"not_picked":["Noxious Fumes","PiercingWail","Deflect"],"picked":"Singing Bowl","floor":53.0},{"not_picked":["Skewer","PiercingWail","Calculated Gamble"],"picked":"Singing Bowl","floor":54.0}],"player_experience":178970,"relics_obtained":[{"floor":6.0,"key":"Girya"},{"floor":8.0,"key":"Bag of Preparation"},{"floor":9.0,"key":"Peace Pipe"},{"floor":13.0,"key":"Art of War"},{"floor":30.0,"key":"Singing Bowl"},{"floor":36.0,"key":"Turnip"},{"floor":41.0,"key":"Whetstone"},{"floor":43.0,"key":"Meat on the Bone"},{"floor":44.0,"key":"Snake Skull"},{"floor":47.0,"key":"Smiling Mask"}],"event_choices":[{"damage_healed":0.0,"max_hp_gain":0.0,"max_hp_loss":0.0,"gold_gain":0.0,"event_name":"Big Fish","player_choice":"Box","floor":2.0,"gold_loss":0.0,"damage_taken":0.0,"relics_obtained":["Pantograph"],"cards_obtained":["Regret"]},{"damage_healed":0.0,"max_hp_gain":0.0,"max_hp_loss":0.0,"gold_gain":0.0,"event_name":"World of Goop","player_choice":"Left Gold","floor":3.0,"gold_loss":40.0,"damage_taken":0.0},{"damage_healed":0.0,"max_hp_gain":0.0,"max_hp_loss":0.0,"gold_gain":0.0,"event_name":"Accursed Blacksmith","player_choice":"Forge","floor":19.0,"gold_loss":0.0,"damage_taken":0.0,"cards_upgraded":["Reflex"]},{"cards_removed":["Corpse Explosion"],"damage_healed":8.0,"max_hp_gain":10.0,"max_hp_loss":0.0,"gold_gain":0.0,"event_name":"Bonfire Elementals","player_choice":"Offered Rare","floor":22.0,"gold_loss":0.0,"damage_taken":0.0},{"damage_healed":0.0,"max_hp_gain":5.0,"max_hp_loss":0.0,"gold_gain":0.0,"event_name":"Forgotten Altar","player_choice":"Shed Blood","floor":29.0,"gold_loss":0.0,"damage_taken":27.0},{"damage_healed":0.0,"max_hp_gain":0.0,"max_hp_loss":0.0,"gold_gain":0.0,"event_name":"MindBloom","player_choice":"Fight","floor":36.0,"gold_loss":0.0,"damage_taken":0.0},{"damage_healed":0.0,"max_hp_gain":0.0,"max_hp_loss":0.0,"gold_gain":0.0,"event_name":"WeMeetAgain","player_choice":"Paid Gold","floor":38.0,"gold_loss":82.0,"damage_taken":0.0,"relics_obtained":["StrikeDummy"]},{"damage_healed":0.0,"max_hp_gain":0.0,"max_hp_loss":0.0,"gold_gain":0.0,"event_name":"Tomb of Lord Red Mask","player_choice":"Ignored","floor":45.0,"gold_loss":0.0,"damage_taken":0.0},{"cards_removed":["Footwork"],"damage_healed":0.0,"max_hp_gain":0.0,"max_hp_loss":0.0,"gold_gain":0.0,"event_name":"Designer","player_choice":"Upgrade and Remove","floor":48.0,"gold_loss":110.0,"damage_taken":0.0,"cards_upgraded":["Adrenaline"]}],"is_beta":false,"boss_relics":[{"not_picked":["Philosopher\u0027s Stone","Velvet Choker"],"picked":"HoveringKite"},{"not_picked":["Runic Pyramid","Tiny House"],"picked":"Sozu"}],"items_purged_floors":[5,10,14,20,24,28,37,39],"is_endless":false,"potions_floor_spawned":[4,12,16,21,27,30,31,33,35,36,41,42,44,54],"ascension_level":19}}