{"host":"egyxg9lnjq7g2hmw","time":1608428854,"event":{"mods":["AchievementEnabler","BaseMod","Block Reminder","Colored Map","Colored Powertips","Highlight Path","Minty Spire (QoL Compilation)","Rare Cards Sparkle","StSLib"],"gold_per_floor":[115,115,52,64,64,64,74,93,120,140,11,42,42,52,52,131,131,141,141,157,173,173,173],"floor_reached":22,"playtime":1035,"items_purged":["Strike_G"],"score":376,"play_id":"1702573a-8129-42cc-bceb-826dacaf5603","local_time":"20201219174734","is_ascension_mode":true,"campfire_choices":[{"floor":6.0,"key":"REST"},{"floor":13,"key":"REST"},{"floor":15,"key":"REST"}],"circlet_count":0,"master_deck":["AscendersBane","Strike_G+1","Strike_G","Strike_G","Defend_G","Defend_G","Defend_G+1","Defend_G","Defend_G","Survivor","Neutralize","Escape Plan","Blade Dance","All Out Attack","Riddle With Holes","Deflect","Blade Dance","Terror","Wraith Form v2","Backflip","Backflip","Tactician"],"relics":["Ring of the Snake","Boot","Snake Skull","InkBottle","HoveringKite"],"acts_visited":["Exordium","TheCity"],"potions_floor_usage":[16,16],"damage_taken":[{"damage":0.0,"enemies":"2 Louse","floor":1.0,"turns":4.0},{"damage":2.0,"enemies":"Small Slimes","floor":4.0,"turns":4.0},{"damage":0.0,"enemies":"Jaw Worm","floor":7.0,"turns":3.0},{"damage":0.0,"enemies":"Exordium Wildlife","floor":8.0,"turns":3.0},{"damage":14,"enemies":"Gremlin Gang","floor":10,"turns":4},{"damage":23,"enemies":"Lagavulin","floor":12,"turns":5},{"damage":0,"enemies":"2 Fungi Beasts","floor":14,"turns":2},{"damage":47,"enemies":"Slime Boss","floor":16,"turns":8},{"damage":11,"enemies":"2 Thieves","floor":18,"turns":4},{"damage":22,"enemies":"Chosen","floor":20,"turns":5},{"damage":10,"enemies":"Centurion and Healer","floor":21,"turns":7},{"damage":13,"enemies":"Sentry and Sphere","floor":22,"turns":3}],"seed_played":"-2257749522033337241","potions_obtained":[{"floor":1.0,"key":"Weak Potion"},{"floor":4.0,"key":"SpeedPotion"},{"floor":12,"key":"BlessingOfTheForge"},{"floor":16,"key":"FearPotion"}],"is_trial":false,"path_per_floor":["M","?","?","M","?","R","M","M","T","M","$","E","R","M","R","B",null,"M","?","M","M","M"],"character_chosen":"THE_SILENT","items_purchased":["Blade Dance"],"campfire_rested":3,"item_purchase_floors":[11],"current_hp_per_floor":[65,47,47,45,23,44,44,44,44,30,30,7,28,28,49,2,55,44,44,22,12,0,0],"gold":173,"neow_bonus":"TEN_PERCENT_HP_BONUS","is_daily":false,"chose_seed":false,"campfire_upgraded":0,"win_rate":0.0,"timestamp":1608428854,"path_taken":["M","?","?","M","?","R","M","M","T","M","$","E","R","M","R","BOSS","M","?","M","?","M"],"items_purchased_type":["Card"],"build_version":"2020-12-13","purchased_purges":1,"victory":false,"max_hp_per_floor":[72,72,72,72,72,72,72,72,72,72,72,72,72,72,72,72,72,72,72,72,72,72,72],"card_choices":[{"not_picked":["Blade Dance","Bouncing Flask"],"picked":"Escape Plan","floor":1.0},{"not_picked":["Deflect","Cloak And Dagger"],"picked":"Blade Dance","floor":4.0},{"not_picked":["Eviscerate","Phantasmal Killer"],"picked":"All Out Attack","floor":7.0},{"not_picked":["Poisoned Stab","PiercingWail"],"picked":"Riddle With Holes","floor":8.0},{"not_picked":["Poisoned Stab","Prepared"],"picked":"Deflect","floor":10},{"not_picked":["Dagger Throw","Die Die Die"],"picked":"Terror","floor":12},{"not_picked":["PiercingWail","Outmaneuver","Poisoned Stab"],"picked":"SKIP","floor":14},{"not_picked":["Grand Finale","Adrenaline"],"picked":"Wraith Form v2","floor":16},{"not_picked":["Flechettes","Dodge and Roll"],"picked":"Backflip","floor":18},{"not_picked":["Quick Slash","Prepared"],"picked":"Backflip","floor":20},{"not_picked":["Quick Slash","Distraction"],"picked":"Tactician","floor":21}],"player_experience":536176,"relics_obtained":[{"floor":9.0,"key":"Snake Skull"},{"floor":12,"key":"InkBottle"}],"event_choices":[{"damage_healed":0.0,"max_hp_gain":0.0,"max_hp_loss":0.0,"gold_gain":0.0,"event_name":"Scrap Ooze","player_choice":"Success","floor":2.0,"gold_loss":0.0,"damage_taken":18.0,"relics_obtained":["Boot"]},{"damage_healed":0.0,"max_hp_gain":0.0,"max_hp_loss":0.0,"gold_gain":0.0,"event_name":"World of Goop","player_choice":"Left Gold","floor":3.0,"gold_loss":63.0,"damage_taken":0.0},{"damage_healed":0.0,"max_hp_gain":0.0,"max_hp_loss":0.0,"gold_gain":0.0,"event_name":"Shining Light","player_choice":"Entered Light","floor":5.0,"gold_loss":0.0,"damage_taken":22.0,"cards_upgraded":["Defend_G","Strike_G"]},{"cards_removed":["Strike_G"],"damage_healed":0,"gold_gain":0,"player_choice":"Purged","damage_taken":0,"max_hp_gain":0,"max_hp_loss":0,"event_name":"Purifier","floor":19,"gold_loss":0}],"is_beta":false,"boss_relics":[{"not_picked":["SacredBark","Snecko Eye"],"picked":"HoveringKite"}],"items_purged_floors":[11],"is_endless":false,"potions_floor_spawned":[1,4,12,14,16],"killed_by":"Sentry and Sphere","ascension_level":20}}