{"host":"ki5kvxn974a96omm","time":1608475690,"event":{"mods":["BaseMod","Colored Map","Colored Powertips","Downfall","Key Reminder","Minty Spire (QoL Compilation)","Relic Sorter","StSLib"],"gold_per_floor":[99,119,119,119,148,165,192,217,142,167,167,182,193,221,241,345,345,345,355,355,368,393,393,475,494,494,521,540,558,558,181,201,299,299,224,244,275,260,279,298,298,138,173,98,117,133,151,66,76,76,76,111,62,62,62],"floor_reached":56,"playtime":7424,"items_purged":["champ:Strike","Shame"],"score":1503,"play_id":"618dc203-9dfb-4d1b-a0f6-8c0a7c42b1aa","local_time":"20201220094810","is_ascension_mode":true,"campfire_choices":[{"data":"champ:Taunt","floor":1,"key":"SMITH"},{"floor":3,"key":"RECALL"},{"floor":9,"key":"REST"},{"data":"champ:TornadoPunch","floor":18,"key":"SMITH"},{"data":"champ:Improvising","floor":20,"key":"SMITH"},{"data":"champ:RisingSlash","floor":26,"key":"SMITH"},{"data":"champ:PreciseThrust","floor":35,"key":"SMITH"},{"data":"champ:PerfectForm","floor":44,"key":"SMITH"},{"data":"expansioncontent:Chronoboost","floor":54,"key":"SMITH"}],"circlet_count":0,"master_deck":["champ:Strike","champ:Strike+1","champ:Strike+1","champ:Defend","champ:Defend","champ:Defend","champ:Defend","champ:Execute+1","champ:Taunt+1","champ:RisingSlash+1","champ:BringItOn","champ:PreciseThrust+1","champ:GladiatorStyle","champ:SwordSigil","champ:TornadoPunch+1","champ:DefensiveShout","champ:BringItOn","champ:Improvising+1","champ:Circumvent+1","champ:BladeFlurry","champ:FocusedGladiator","champ:SkillfulDodge","champ:CrookedStrike+1","champ:EnchantShield","Dark Shackles","champ:EnchantCrown","champ:Duel+1","champ:PerfectForm+1","champ:StanceDance+1","champ:GutPunch+1","champ:HoldFirm","champ:SwordSigil","champ:Encircle+1","champ:BladeFlurry+1","expansioncontent:Chronoboost+1","champ:BladeFlurry"],"relics":["champ:ChampionCrown","Tiny Chest","Dead Branch","sneckomod:BlankCard","Whetstone","downfall:HeartBlessingRed","Orichalcum","Odd Mushroom","SacredBark","champ:SpectersHand","Bottled Tornado","Meat on the Bone","hexamod:BolsterEngine","OrangePellets","Cursed Key","downfall:HeartBlessingGreen","Kunai","Guardian:BottledAnomaly","Ornamental Fan","Torii","downfall:HeartBlessingBlue","Incense Burner"],"acts_visited":["Exordium","TheCity","TheBeyond","TheEnding"],"potions_floor_usage":[5,16,16,22,27,33,37,47,55,55],"damage_taken":[{"damage":7,"enemies":"Jaw Worm","floor":2,"turns":3},{"damage":29,"enemies":"3 Sentries","floor":5,"turns":7},{"damage":0,"enemies":"2 Louse","floor":6,"turns":2},{"damage":37,"enemies":"Lagavulin","floor":8,"turns":7},{"damage":19,"enemies":"Gremlin Nob","floor":10,"turns":3},{"damage":0,"enemies":"Small Slimes","floor":12,"turns":2},{"damage":0,"enemies":"Blue Slaver","floor":13,"turns":3},{"damage":0,"enemies":"The Mushroom Lair","floor":14,"turns":4},{"damage":0,"enemies":"Exordium Wildlife","floor":15,"turns":4},{"damage":21,"enemies":"downfall:Silent","floor":16,"turns":8},{"damage":3,"enemies":"Chosen","floor":19,"turns":4},{"damage":0,"enemies":"3 Byrds","floor":21,"turns":5},{"damage":47,"enemies":"Gremlin Leader","floor":22,"turns":8},{"damage":0,"enemies":"Snecko","floor":25,"turns":2},{"damage":2,"enemies":"Book of Stabbing","floor":27,"turns":5},{"damage":31,"enemies":"Sentry and Sphere","floor":28,"turns":6},{"damage":0,"enemies":"Chosen and Byrds","floor":29,"turns":4},{"damage":3,"enemies":"downfall:FleeingMerchant","floor":31,"turns":4},{"damage":18,"enemies":"Snecko","floor":32,"turns":4},{"damage":20,"enemies":"downfall:Watcher","floor":33,"turns":8},{"damage":0,"enemies":"Orb Walker","floor":36,"turns":3},{"damage":38,"enemies":"Nemesis","floor":37,"turns":11},{"damage":5,"enemies":"downfall:FleeingMerchant","floor":38,"turns":4},{"damage":8,"enemies":"3 Shapes","floor":39,"turns":5},{"damage":12,"enemies":"Spire Growth","floor":40,"turns":5},{"damage":15,"enemies":"downfall:FleeingMerchant","floor":42,"turns":4},{"damage":39,"enemies":"Giant Head","floor":43,"turns":4},{"damage":15,"enemies":"Jaw Worm Horde","floor":45,"turns":4},{"damage":26,"enemies":"4 Shapes","floor":46,"turns":4},{"damage":15,"enemies":"Writhing Mass","floor":47,"turns":4},{"damage":12,"enemies":"Jaw Worm Horde","floor":49,"turns":3},{"damage":83,"enemies":"downfall:Defect","floor":50,"turns":5},{"damage":50,"enemies":"downfall:CharBossMerchant","floor":52,"turns":5},{"damage":71,"enemies":"downfall:NeowBoss","floor":55,"turns":13}],"seed_played":"6764814224754603787","potions_obtained":[{"floor":2,"key":"PowerPotion"},{"floor":5,"key":"PowerPotion"},{"floor":8,"key":"Dexterity Potion"},{"floor":15,"key":"Explosive Potion"},{"floor":25,"key":"SkillPotion"},{"floor":28,"key":"ColorlessPotion"},{"floor":29,"key":"Swift Potion"},{"floor":39,"key":"SneckoOil"},{"floor":45,"key":"ColorlessPotion"},{"floor":47,"key":"FearPotion"}],"is_trial":false,"path_per_floor":["R","M","R","?","E","M","T","E","R","E","?","M","M","?","M","B",null,"R","M","R","M","E","T","T","M","R","E","M","M","?","$","M","B",null,"R","M","E","?","M","M","T","$","E","R","M","M","M","$","M","B",null,"E","$","R","B",null],"character_chosen":"THE_CHAMP","items_purchased":["Dark Shackles","OrangePellets","SteroidPotion","Guardian:BottledAnomaly","Ornamental Fan","expansioncontent:Chronoboost","SteroidPotion"],"campfire_rested":1,"item_purchase_floors":[31,31,31,42,42,48,53],"current_hp_per_floor":[90,88,88,70,46,46,46,14,41,32,32,32,32,32,32,19,90,90,87,87,87,40,40,40,52,52,50,36,48,48,57,62,59,90,90,90,57,57,57,57,57,57,83,93,93,92,100,100,100,77,100,96,96,96,100],"gold":62,"neow_bonus":"UPGRADE_CARD","is_daily":false,"chose_seed":false,"campfire_upgraded":7,"win_rate":0.0,"timestamp":1608475690,"path_taken":["R","M","R","?","E","M","T","E","R","E","?","?","M","?","M","BOSS","R","M","R","M","E","?","T","M","R","E","M","M","?","$","M","BOSS","R","M","E","?","M","M","T","$","E","R","M","M","M","$","M","BOSS","E","$","R","BOSS"],"items_purchased_type":["Card","Relic","Potion","Relic","Relic","Card","Potion"],"build_version":"2020-12-13","purchased_purges":2,"victory":true,"max_hp_per_floor":[90,90,90,90,90,90,90,90,90,90,90,90,90,90,90,90,90,90,90,90,90,90,90,90,90,90,90,90,90,90,90,90,90,90,90,90,90,90,90,90,90,90,90,100,100,100,100,100,100,100,100,100,100,100,100],"card_choices":[{"not_picked":["champ:DefensiveShout","champ:StanceDance"],"picked":"champ:RisingSlash","floor":2},{"not_picked":["champ:BladeFlurry","champ:DeathBlow"],"picked":"champ:BringItOn","floor":5},{"not_picked":["champ:BladeFlurry","champ:PerfectedStrike"],"picked":"champ:PreciseThrust","floor":6},{"not_picked":["champ:DefensiveStyle","champ:ShieldThrow"],"picked":"champ:GladiatorStyle","floor":8},{"not_picked":["champ:CrookedStrike","champ:GladiatorStyle"],"picked":"champ:SwordSigil","floor":10},{"not_picked":["champ:AdrenalArmor","champ:BringItOn"],"picked":"champ:TornadoPunch","floor":12},{"not_picked":["champ:StanceDance","champ:BerserkerStyle"],"picked":"champ:DefensiveShout","floor":13},{"not_picked":["champ:Backstep","champ:BladeFlurry"],"picked":"champ:BringItOn","floor":15},{"not_picked":["champ:LastStand","champ:EnchantSword"],"picked":"champ:Improvising","floor":16},{"not_picked":["champ:TornadoPunch","champ:CrookedStrike"],"picked":"champ:Circumvent+1","floor":19},{"not_picked":["champ:BerserkerStyle","champ:FaceSlap"],"picked":"champ:BladeFlurry","floor":21},{"not_picked":["champ:BladeFlurry","champ:ShieldSigil"],"picked":"champ:FocusedGladiator","floor":22},{"not_picked":["champ:FocusedGladiator","champ:Shatter+1","champ:FocusedBerserking"],"picked":"SKIP","floor":25},{"not_picked":["champ:CalledShot","champ:PerfectedStrike"],"picked":"champ:SkillfulDodge","floor":27},{"not_picked":["champ:DefensiveShout","champ:FocusedGladiator+1"],"picked":"champ:CrookedStrike+1","floor":28},{"not_picked":["champ:DefensiveShout+1","champ:FlashCut"],"picked":"champ:EnchantShield","floor":29},{"not_picked":["champ:BerserkersShout","champ:PerfectedStrike+1","champ:ShieldSigil"],"picked":"SKIP","floor":31},{"not_picked":["champ:CalledShot","champ:RageSigil","champ:FocusedBerserking"],"picked":"SKIP","floor":32},{"not_picked":["champ:ShieldThrow","champ:StrikeOfGenius"],"picked":"champ:EnchantCrown","floor":33},{"not_picked":["champ:FlashCut","champ:RecklessLeap+1","champ:BringItOn+1"],"picked":"SKIP","floor":36},{"not_picked":["champ:EnGarde+1","champ:SwordSigil"],"picked":"champ:Duel+1","floor":37},{"not_picked":["champ:DancingMaster","champ:Duel+1"],"picked":"champ:PerfectForm","floor":38},{"not_picked":["champ:CalledShot","champ:Control"],"picked":"champ:StanceDance+1","floor":39},{"not_picked":["champ:DefensiveShout","champ:FalseCounter","champ:TornadoPunch"],"picked":"SKIP","floor":40},{"not_picked":["champ:ShieldSigil+1","champ:RageSigil+1"],"picked":"champ:GutPunch+1","floor":42},{"not_picked":["champ:EnGarde+1","champ:EndlessRage+1"],"picked":"champ:HoldFirm","floor":43},{"not_picked":["champ:EnGarde","champ:AdrenalArmor"],"picked":"champ:SwordSigil","floor":45},{"not_picked":["champ:PerfectedStrike+1","champ:BerserkersShout+1"],"picked":"champ:Encircle+1","floor":46},{"not_picked":["champ:TornadoPunch+1","champ:BerserkerStyle"],"picked":"champ:BladeFlurry+1","floor":47},{"not_picked":["champ:Backstep","champ:PreciseThrust"],"picked":"champ:BladeFlurry","floor":49},{"not_picked":["champ:EnchantShield","champ:Circumvent+1","champ:BladeFlurry+1"],"picked":"SKIP","floor":52}],"player_experience":1868058,"relics_obtained":[{"floor":5,"key":"Dead Branch"},{"floor":7,"key":"sneckomod:BlankCard"},{"floor":8,"key":"Whetstone"},{"floor":10,"key":"Orichalcum"},{"floor":14,"key":"Odd Mushroom"},{"floor":22,"key":"champ:SpectersHand"},{"floor":23,"key":"Bottled Tornado"},{"floor":24,"key":"Meat on the Bone"},{"floor":27,"key":"hexamod:BolsterEngine"},{"floor":37,"key":"Kunai"},{"floor":43,"key":"Torii"},{"floor":52,"key":"Incense Burner"}],"event_choices":[{"damage_healed":0,"gold_gain":0,"player_choice":"Success","damage_taken":18,"relics_obtained":["Tiny Chest"],"max_hp_gain":0,"max_hp_loss":0,"event_name":"Scrap Ooze","floor":4,"gold_loss":0},{"damage_healed":0,"gold_gain":0,"player_choice":"Fought Mushrooms","damage_taken":0,"max_hp_gain":0,"max_hp_loss":0,"event_name":"Mushrooms","floor":14,"gold_loss":0}],"is_beta":false,"boss_relics":[{"not_picked":["Ectoplasm","Snecko Eye"],"picked":"SacredBark"},{"not_picked":["Calling Bell","Tiny House"],"picked":"Cursed Key"}],"items_purged_floors":[31,42],"is_endless":false,"potions_floor_spawned":[2,5,8,15,25,28,29,32,39,45,47,49],"ascension_level":3}}