{"host":"l4li6saph8sy2zni","time":1608458262,"event":{"mods":["AchievementEnabler","Aspiration","BaseMod","BetterRewards","CCEM","Colored Map","Colored Powertips","Conspire","Downfall","Energized Spire","GifTheSpireLib","Highlight Path","Hubris","Infinite Spire","Mimic Mod","Minty Spire (QoL Compilation)","Permanent Neow","Quick Restart","Relic Filter","Replay The Spire","Shop Mod","StSLib","Stuff the Spire","The Hierophant"],"gold_per_floor":[182,197,197,197,197,230,269,269,269,269,288,288,288,315,334,334,334],"floor_reached":16,"playtime":678,"items_purged":[],"score":96,"play_id":"0a092912-b461-4dd8-a1bc-5371e36add38","local_time":"20201220095742","is_ascension_mode":false,"campfire_choices":[],"circlet_count":0,"master_deck":["Guardian:Strike_Guardian","Guardian:Strike_Guardian","Guardian:Strike_Guardian","Guardian:Strike_Guardian+1","Guardian:Defend_Guardian+1","Guardian:Defend_Guardian","Guardian:Defend_Guardian+1","Guardian:Defend_Guardian+1","Guardian:CurlUp","Guardian:TwinSlam","Guardian:PiercingHide+1","Guardian:WalkerClaw","Regret","Guardian:WalkerClaw","Guardian:EvasiveProtocol","Regret","Guardian:Gem_Lightblue","Guardian:Gem_Crimson","Guardian:PrismaticBeam","StuffTheSpire:Brawn","Guardian:ArmoredProtocol"],"relics":["Guardian:ModeShifter","Potion Belt","War Paint","Bag of Marbles"],"acts_visited":["Exordium"],"potions_floor_usage":[16],"damage_taken":[{"damage":0,"enemies":"Cultist","floor":2,"turns":3},{"damage":32,"enemies":"Gremlin Nob","floor":6,"turns":6},{"damage":7,"enemies":"Jaw Worm","floor":7,"turns":9},{"damage":5,"enemies":"Jaw Worm","floor":11,"turns":2},{"damage":5,"enemies":"2 Louse","floor":15,"turns":1},{"damage":31,"enemies":"downfall:Defect","floor":16,"turns":5}],"seed_played":"-6292624756752320544","potions_obtained":[{"floor":11,"key":"AttackPotion"}],"is_trial":false,"path_per_floor":["R_BF","M","?","?","R","E","MIM","R","?","R","M","?","?","T","M","B"],"character_chosen":"GUARDIAN","items_purchased":[],"campfire_rested":0,"item_purchase_floors":[],"current_hp_per_floor":[80,80,80,80,80,48,41,41,41,41,36,36,36,36,31,0,0],"gold":334,"neow_bonus":"THREE_CARDS","is_daily":false,"chose_seed":false,"campfire_upgraded":0,"win_rate":0.0,"timestamp":1608458262,"path_taken":["R_BF","M","?","?","R","E","MIM","R","?","R","M","?","?","?","M","BOSS"],"items_purchased_type":[],"build_version":"2020-12-13","purchased_purges":0,"victory":false,"max_hp_per_floor":[80,80,80,80,80,80,80,80,80,80,80,80,80,80,80,80,80],"card_choices":[{"not_picked":["Guardian:Gem_Red","Guardian:TemporalStrike"],"picked":"Guardian:PiercingHide","floor":0},{"not_picked":["Guardian:FloatingOrbs","Guardian:PrimingBeam"],"picked":"Guardian:WalkerClaw","floor":2},{"not_picked":["Guardian:PrismaticBeam","Guardian:Suspension"],"picked":"Guardian:WalkerClaw","floor":6},{"not_picked":["Guardian:TimeBomb","Guardian:Gem_Fragmented"],"picked":"Guardian:EvasiveProtocol","floor":7},{"not_picked":["Guardian:Emergency","Guardian:Gem_Lightblue"],"picked":"Guardian:PrismaticBeam","floor":11},{"not_picked":["StuffTheSpire:Rapture","StuffTheSpire:Vigor"],"picked":"StuffTheSpire:Brawn","floor":13},{"not_picked":["Guardian:WalkerClaw","Guardian:TemporalShield"],"picked":"Guardian:ArmoredProtocol","floor":15}],"player_experience":91387,"relics_obtained":[{"floor":6,"key":"Potion Belt"},{"floor":7,"key":"War Paint"},{"floor":14,"key":"Bag of Marbles"}],"event_choices":[{"damage_healed":0,"gold_gain":0,"player_choice":"Box","damage_taken":0,"relics_obtained":["Guardian:PickAxe"],"max_hp_gain":0,"max_hp_loss":0,"event_name":"Big Fish","floor":4,"gold_loss":0,"cards_obtained":["Regret"]},{"damage_healed":0,"gold_gain":0,"player_choice":"Leave","damage_taken":0,"max_hp_gain":0,"max_hp_loss":0,"event_name":"conspire:Investor","floor":12,"gold_loss":0}],"is_beta":false,"boss_relics":[],"items_purged_floors":[],"is_endless":false,"potions_floor_spawned":[11],"killed_by":"downfall:Defect","ascension_level":0}}