{"host":"nmjik3bzoelmmajy","time":1608463910,"event":{"mods":["BaseMod","Better Third Choice","Colored Map","DeckTracker","Minty Spire (QoL Compilation)","Quick Restart","Say the Spire","StSLib","SuperFastMode"],"gold_per_floor":[109,119,119,137,149,182,182,192,192,224,224,237,237,255,255,334,334,354,372,28,28,28,28,58,76,122,37,37,52,80,94,94,94,94],"floor_reached":33,"playtime":1344,"items_purged":["Defend_G"],"score":538,"play_id":"39b9fdce-b43b-489a-9b30-2260ac363745","local_time":"20201220203150","is_ascension_mode":true,"campfire_choices":[{"data":"Leg Sweep","floor":11,"key":"SMITH"},{"data":"Adrenaline","floor":13,"key":"SMITH"},{"data":"Cloak And Dagger","floor":15,"key":"SMITH"},{"data":"Mayhem","floor":23,"key":"SMITH"},{"data":"Footwork","floor":28,"key":"SMITH"},{"floor":32,"key":"REST"}],"circlet_count":0,"master_deck":["AscendersBane","Strike_G","Strike_G","Strike_G","Strike_G","Defend_G","Defend_G","Defend_G","Defend_G","Survivor","Neutralize","All Out Attack","Dagger Spray","Blade Dance","Leg Sweep+1","Adrenaline+1","Noxious Fumes","Heel Hook","Cloak And Dagger+1","Tools of the Trade","Blade Dance","Caltrops","Footwork+1","Mayhem+1","Writhe","Finisher","Prepared"],"relics":["Ring of the Snake","NeowsBlessing","Mercury Hourglass","StrikeDummy","Toy Ornithopter","Snake Skull","Busted Crown","Thread and Needle","Nunchaku","Happy Flower","Pear","CeramicFish"],"acts_visited":["Exordium","TheCity"],"potions_floor_usage":[6,6,10,16,18,24,30,33],"damage_taken":[{"damage":0,"enemies":"Jaw Worm","floor":1,"turns":1},{"damage":0,"enemies":"Cultist","floor":2,"turns":1},{"damage":0,"enemies":"2 Louse","floor":4,"turns":1},{"damage":8,"enemies":"Exordium Wildlife","floor":5,"turns":3},{"damage":17,"enemies":"Lagavulin","floor":6,"turns":9},{"damage":1,"enemies":"2 Fungi Beasts","floor":8,"turns":2},{"damage":10,"enemies":"Gremlin Nob","floor":10,"turns":3},{"damage":1,"enemies":"Exordium Thugs","floor":12,"turns":4},{"damage":0,"enemies":"Lots of Slimes","floor":14,"turns":2},{"damage":13,"enemies":"The Guardian","floor":16,"turns":11},{"damage":18,"enemies":"2 Thieves","floor":18,"turns":4},{"damage":8,"enemies":"Chosen","floor":19,"turns":4},{"damage":7,"enemies":"Gremlin Leader","floor":24,"turns":6},{"damage":4,"enemies":"Snake Plant","floor":25,"turns":5},{"damage":0,"enemies":"Chosen and Byrds","floor":29,"turns":3},{"damage":28,"enemies":"Slavers","floor":30,"turns":5},{"damage":0,"enemies":"Snecko","floor":31,"turns":5},{"damage":46,"enemies":"Champ","floor":33,"turns":10}],"seed_played":"-4302762113794337626","potions_obtained":[{"floor":1,"key":"FearPotion"},{"floor":2,"key":"BlessingOfTheForge"},{"floor":6,"key":"CultistPotion"},{"floor":8,"key":"DistilledChaos"},{"floor":16,"key":"Swift Potion"},{"floor":19,"key":"Block Potion"},{"floor":25,"key":"DistilledChaos"},{"floor":30,"key":"Explosive Potion"},{"floor":31,"key":"SpeedPotion"}],"is_trial":false,"path_per_floor":["M","M","?","M","M","E","T","M","T","E","R","M","R","M","R","B",null,"M","M","$","?","?","R","E","M","T","?","R","M","E","M","R","B"],"character_chosen":"THE_SILENT","items_purchased":["Footwork","Mayhem"],"campfire_rested":1,"item_purchase_floors":[20,20],"current_hp_per_floor":[59,59,59,59,51,34,34,33,33,28,28,27,27,27,27,19,54,41,33,33,33,33,33,31,27,27,37,37,37,14,14,36,0,0],"gold":94,"neow_bonus":"THREE_ENEMY_KILL","is_daily":false,"chose_seed":false,"campfire_upgraded":5,"win_rate":0.0,"timestamp":1608463910,"path_taken":["M","M","?","M","?","E","?","M","T","E","R","M","R","M","R","BOSS","M","M","$","?","?","R","E","M","T","?","R","M","E","M","R","BOSS"],"items_purchased_type":["Card","Card"],"build_version":"2020-12-13","purchased_purges":1,"victory":false,"max_hp_per_floor":[66,66,66,66,66,66,66,66,66,66,66,66,66,66,66,66,66,66,66,66,66,66,66,66,66,66,76,76,76,76,76,76,76,76],"card_choices":[{"not_picked":["Skewer","Prepared"],"picked":"All Out Attack","floor":1},{"not_picked":["Infinite Blades","Setup"],"picked":"Dagger Spray","floor":2},{"not_picked":["Calculated Gamble","Sucker Punch"],"picked":"Blade Dance","floor":4},{"not_picked":["All Out Attack","Tactician"],"picked":"Leg Sweep","floor":5},{"not_picked":["Underhanded Strike","Flying Knee"],"picked":"Adrenaline","floor":6},{"not_picked":["Sucker Punch","Deadly Poison"],"picked":"Noxious Fumes","floor":8},{"not_picked":["Quick Slash","Underhanded Strike"],"picked":"Heel Hook","floor":10},{"not_picked":["Poisoned Stab","Blur"],"picked":"Cloak And Dagger","floor":12},{"not_picked":["Dagger Spray","Sucker Punch","Poisoned Stab"],"picked":"SKIP","floor":14},{"not_picked":["Grand Finale","Bullet Time"],"picked":"Tools of the Trade","floor":16},{"not_picked":[],"picked":"Blade Dance","floor":18},{"not_picked":[],"picked":"Caltrops","floor":19},{"not_picked":["Quick Slash"],"picked":"SKIP","floor":24},{"not_picked":["Outmaneuver"],"picked":"SKIP","floor":25},{"not_picked":[],"picked":"Prepared","floor":29},{"not_picked":["Blade Dance"],"picked":"SKIP","floor":30},{"not_picked":["Bane"],"picked":"SKIP","floor":31}],"player_experience":814795,"relics_obtained":[{"floor":6,"key":"Mercury Hourglass"},{"floor":7,"key":"StrikeDummy"},{"floor":9,"key":"Toy Ornithopter"},{"floor":10,"key":"Snake Skull"},{"floor":24,"key":"Nunchaku"},{"floor":26,"key":"Happy Flower"},{"floor":30,"key":"CeramicFish"}],"event_choices":[{"cards_removed":["Strike_G"],"damage_healed":0,"gold_gain":0,"player_choice":"Purged","damage_taken":0,"max_hp_gain":0,"max_hp_loss":0,"event_name":"Purifier","floor":3,"gold_loss":0},{"damage_healed":0,"gold_gain":0,"player_choice":"Opened","damage_taken":0,"relics_obtained":["Thread and Needle"],"max_hp_gain":0,"max_hp_loss":0,"event_name":"The Mausoleum","floor":21,"gold_loss":0,"cards_obtained":["Writhe"]},{"damage_healed":0,"gold_gain":0,"player_choice":"Read","damage_taken":0,"max_hp_gain":0,"max_hp_loss":0,"event_name":"The Library","floor":22,"gold_loss":0,"cards_obtained":["Finisher"]},{"damage_healed":0,"gold_gain":0,"player_choice":"Obtained Relic","damage_taken":0,"relics_obtained":["Pear"],"max_hp_gain":0,"max_hp_loss":0,"event_name":"Addict","floor":27,"gold_loss":85}],"is_beta":false,"boss_relics":[{"not_picked":["Snecko Eye","Runic Dome"],"picked":"Busted Crown"}],"items_purged_floors":[20],"is_endless":false,"potions_floor_spawned":[1,2,6,8,16,19,25,30,31],"killed_by":"Champ","ascension_level":16}}