{"host":"3pw9u83bdp0tylwm","time":1608501844,"event":{"mods":["AchievementEnabler","Act Like it!","BaseMod","Colored Map","Hallownest","Minty Spire (QoL Compilation)","Relic Stats","Slay the Relics Exporter","StSLib","The Bug Knight"],"gold_per_floor":[113,113,113,129,149,174,193,226,226,251,268,57,83,94,94,193,193,209,209,209,225,237,267,267,295,295,295,310,323,67,67,67,163,163,174,36,46,63,77,117,117,160,186,186,47,47,85,95,95,192,192,192,11,39,39],"floor_reached":56,"playtime":5985,"items_purged":["HollowMod:QuickDashStart","HollowMod:VengefulVoid","HollowMod:NewLittleFool","HollowMod:AbyssShriek"],"score":1366,"play_id":"75534439-0510-466b-b091-feab2af6b5bc","local_time":"20201220160404","is_ascension_mode":true,"campfire_choices":[{"data":"HollowMod:Weaversong","floor":15.0,"key":"SMITH"},{"data":"HollowMod:DungDefenderAura","floor":24.0,"key":"SMITH"},{"data":"HollowMod:SlysStrikes","floor":32,"key":"SMITH"},{"data":"HollowMod:SoulSplash","floor":41,"key":"SMITH"},{"data":"HollowMod:CloakDash","floor":44,"key":"SMITH"},{"floor":49,"key":"RECALL"},{"data":"HollowMod:MonomonsArchive","floor":52,"key":"SMITH"}],"circlet_count":0,"master_deck":["HollowMod:NailStrikeStart","HollowMod:NailStrikeStart","HollowMod:NailStrikeStart","HollowMod:NailStrikeStart","HollowMod:QuickDashStart","HollowMod:QuickDashStart","HollowMod:QuickDashStart+1","HollowMod:FocusHealStart","HollowMod:PogoStrike","HollowMod:Weaversong+1","HollowMod:MonomonsArchive+1","HollowMod:SiblingsSouls","HollowMod:DungDefenderAura+1","HollowMod:VengefulSpirit","HollowMod:SoulStrike","HollowMod:SlysStrikes+1","HollowMod:CloakDash+1","HollowMod:CloakDash+1","HollowMod:SoulEater+1","HollowMod:CloakDash","HollowMod:GreatSlash+1","HollowMod:CloakDash+1","HollowMod:CloakDash","HollowMod:RecoilStrike+1","HollowMod:PureVessel+1","HollowMod:DoubleDash+1","HollowMod:SoulVessel+1","HollowMod:SoulSplash+1","HollowMod:SoulEater+1","HollowMod:SlysStrikes+1","HollowMod:SoulSplash+1","HollowMod:CloakDash","HollowMod:GreatSlash+1"],"relics":["HollowMod:VesselMask","Hallownest:DreamNailRelic","Eternal Feather","Incense Burner","Question Card","StrikeDummy","Membership Card","Calipers","Philosopher\u0027s Stone","Art of War","Ice Cream","Frozen Egg 2","Molten Egg 2","Anchor","Art of War","Coffee Dripper","Frozen Eye","CeramicFish","Meat on the Bone","Vajra","DollysMirror","Dead Branch","OrangePellets","Centennial Puzzle"],"acts_visited":["Exordium","Hallownest:Greenpath","Hallownest:CityofTears","TheEnding"],"potions_floor_usage":[33,35,35,37,48,50,50,53,54,55,55,55,55],"damage_taken":[{"damage":0.0,"enemies":"Hallownest:2_MossCreeps","floor":1.0,"turns":5.0},{"damage":2.0,"enemies":"Hallownest:monsterHuskWarrior","floor":4.0,"turns":5.0},{"damage":3.0,"enemies":"Hallownest:2_Tiktiks_and_1_Crawlid","floor":5.0,"turns":3.0},{"damage":5.0,"enemies":"Hallownest:eliteCrystalGuardian","floor":6.0,"turns":5.0},{"damage":2.0,"enemies":"Hallownest:1_Baldur_1_Crawlid_1_Warrior","floor":7.0,"turns":7.0},{"damage":16.0,"enemies":"Hallownest:eliteVengeflyKing","floor":8.0,"turns":8.0},{"damage":2.0,"enemies":"Hallownest:eliteMossKnight","floor":10.0,"turns":9.0},{"damage":0.0,"enemies":"Hallownest:monsterMossCharger","floor":11.0,"turns":6.0},{"damage":2.0,"enemies":"Hallownest:eliteCrystalGuardian","floor":13.0,"turns":4.0},{"damage":3.0,"enemies":"Hallownest:MossCreep_and_Mosskin","floor":14.0,"turns":7.0},{"damage":25.0,"enemies":"Hallownest:BossHornet","floor":16.0,"turns":11.0},{"damage":39.0,"enemies":"Hallownest:Guard_and_Sentry","floor":18.0,"turns":7.0},{"damage":0.0,"enemies":"Hallownest:3_Youths","floor":21.0,"turns":4.0},{"damage":0.0,"enemies":"Hallownest:Warrior_and_Youth","floor":22.0,"turns":4.0},{"damage":20.0,"enemies":"Hallownest:Nosk","floor":23.0,"turns":7.0},{"damage":30.0,"enemies":"Hallownest:eliteWatcherKnight","floor":25.0,"turns":10.0},{"damage":1.0,"enemies":"Hallownest:monsterMisterMushroom","floor":28.0,"turns":8.0},{"damage":0.0,"enemies":"Hallownest:3_Mistakes","floor":29.0,"turns":4.0},{"damage":2,"enemies":"Hallownest:BossGrimm","floor":33,"turns":8},{"damage":0,"enemies":"Hallownest:3_Siblings","floor":35,"turns":3},{"damage":6,"enemies":"Hallownest:2_Littles","floor":37,"turns":6},{"damage":1,"enemies":"Hallownest:2_Wandering_and_1_Horned","floor":38,"turns":6},{"damage":0,"enemies":"Hallownest:2_Soldiers_and_1_Guardian","floor":39,"turns":5},{"damage":28,"enemies":"Hallownest:eliteHiveKnight","floor":40,"turns":8},{"damage":2,"enemies":"Hallownest:StalkingDevout","floor":42,"turns":6},{"damage":0,"enemies":"Hallownest:eliteHiveKnight","floor":47,"turns":6},{"damage":5,"enemies":"Hallownest:Xero_Hu_Marmu","floor":48,"turns":6},{"damage":64,"enemies":"Hallownest:BossHollowKnight","floor":50,"turns":9},{"damage":52,"enemies":"Shield and Spear","floor":54,"turns":7},{"damage":38,"enemies":"The Heart","floor":55,"turns":8}],"seed_played":"6673228992254136237","potions_obtained":[{"floor":1.0,"key":"Block Potion"},{"floor":10.0,"key":"SpeedPotion"},{"floor":13.0,"key":"Strength Potion"},{"floor":14.0,"key":"LiquidMemories"},{"floor":16.0,"key":"Energy Potion"},{"floor":23.0,"key":"Swift Potion"},{"floor":28.0,"key":"PowerPotion"},{"floor":29.0,"key":"EntropicBrew"},{"floor":33,"key":"LiquidMemories"},{"floor":35,"key":"Explosive Potion"},{"floor":38,"key":"Block Potion"},{"floor":47,"key":"Energy Potion"},{"floor":48,"key":"Ancient Potion"},{"floor":50,"key":"FairyPotion"},{"floor":54,"key":"LiquidMemories"}],"is_trial":false,"path_per_floor":["M","?","?","M","M","E","M","E","T","E","M","$","E","M","R","B",null,"M","?","?","M","M","E","R","E","T","T","M","M","$","?","R","B",null,"M","$","M","M","M","E","R","E","T","R","$","?","E","M","R","B",null,"R","$","E","B",null],"character_chosen":"THE_BUGKNIGHT","items_purchased":["Membership Card","HollowMod:SoulStrike","Anchor","Art of War","HollowMod:CloakDash","HollowMod:RecoilStrike+1","Frozen Eye","DollysMirror","HollowMod:CloakDash","OrangePellets","HollowMod:GreatSlash+1","Fruit Juice","SkillPotion"],"campfire_rested":0,"item_purchase_floors":[12,12,30,30,30,30,36,45,53,53,53,53,53],"current_hp_per_floor":[75,75,75,75,72,67,71,61,61,65,65,65,69,66,75,59,75,46,46,46,46,46,32,44,14,14,14,19,19,19,19,34,42,75,75,75,69,75,75,49,64,68,68,75,75,70,70,70,70,28,70,70,75,41,21],"gold":39,"neow_bonus":"ONE_RANDOM_RARE_CARD","is_daily":false,"chose_seed":false,"campfire_upgraded":6,"win_rate":0.0,"timestamp":1608501844,"path_taken":["M","?","?","M","M","E","M","E","T","E","?","$","E","M","R","BOSS","M","?","?","M","?","E","R","E","T","?","M","M","$","?","R","BOSS","M","?","M","M","M","E","R","E","T","R","$","?","E","M","R","BOSS","R","$","E","BOSS"],"items_purchased_type":["Relic","Card","Relic","Relic","Card","Card","Relic","Relic","Card","Relic","Card","Potion","Potion"],"build_version":"2020-12-13","purchased_purges":4,"victory":true,"max_hp_per_floor":[75,75,75,75,75,75,75,75,75,75,75,75,75,75,75,75,75,75,75,75,75,75,75,75,75,75,75,75,75,75,75,75,75,75,75,75,75,75,75,75,75,75,75,75,75,70,70,70,70,70,70,70,75,75,75],"card_choices":[{"not_picked":["HollowMod:CoiledNail","HollowMod:NewJinnsSoul"],"picked":"HollowMod:DescendingDark","floor":1.0},{"not_picked":["HollowMod:ChannelNail","HollowMod:CloakDash"],"picked":"HollowMod:MonomonsArchive","floor":4.0},{"not_picked":["HollowMod:SoulSplash","HollowMod:NewJinnsSoul"],"picked":"HollowMod:VengefulVoid","floor":5.0},{"not_picked":["HollowMod:Weaversong","HollowMod:TaintedHusks"],"picked":"HollowMod:SiblingsSouls","floor":6.0},{"not_picked":["HollowMod:HowlingWraiths","HollowMod:NewJinnsSoul","HollowMod:BrokenVessel"],"picked":"SKIP","floor":7.0},{"not_picked":["HollowMod:HowlingWraiths","HollowMod:NewJinnsSoul","HollowMod:BrokenVessel"],"picked":"SKIP","floor":7.0},{"not_picked":["HollowMod:GrimmsGift","HollowMod:HowlingWraiths"],"picked":"HollowMod:DungDefenderAura","floor":8.0},{"not_picked":["HollowMod:WraithStrike","HollowMod:SoulMaster","HollowMod:DoubleDash"],"picked":"HollowMod:VengefulSpirit","floor":10.0},{"not_picked":["HollowMod:HowlingWraiths","HollowMod:SharpenedNail","HollowMod:NewLittleFool","HollowMod:CornifersMapStart"],"picked":"SKIP","floor":11.0},{"not_picked":["HollowMod:HowlingWraiths","HollowMod:SharpenedNail","HollowMod:CornifersMapStart"],"picked":"HollowMod:NewLittleFool","floor":11.0},{"not_picked":["HollowMod:CoiledNail","HollowMod:SiblingsSouls","HollowMod:DescendingDark","HollowMod:HeavyBlow"],"picked":"SKIP","floor":13.0},{"not_picked":["HollowMod:DescendingDark","HollowMod:CornifersMapStart","HollowMod:MonomonsArchive"],"picked":"HollowMod:AbyssShriek","floor":14.0},{"not_picked":["HollowMod:MidwifesHunger","HollowMod:ElderbugsWisdom","HollowMod:VoidDash"],"picked":"HollowMod:SlysStrikes","floor":16.0},{"not_picked":["HollowMod:SoulShaman","HollowMod:NewJinnsSoul+1","HollowMod:LifebloodCocoon"],"picked":"HollowMod:CloakDash+1","floor":18.0},{"not_picked":["HollowMod:InfectedAttack","HollowMod:LifebloodCocoon","HollowMod:BlackTendrils"],"picked":"HollowMod:CloakDash","floor":21.0},{"not_picked":["HollowMod:MonomonsArchive","HollowMod:BaldurShell+1","HollowMod:ShapeofUnn"],"picked":"HollowMod:SoulEater+1","floor":22.0},{"not_picked":["HollowMod:SoulEater","HollowMod:DescendingDark","HollowMod:LifebloodCocoon"],"picked":"HollowMod:CloakDash","floor":23.0},{"not_picked":["HollowMod:ShadowDash","HollowMod:ZotesMagnificence","HollowMod:AbyssShriek","HollowMod:LuriensSpire+1"],"picked":"SKIP","floor":25.0},{"not_picked":["HollowMod:HowlingWraiths+1","HollowMod:NewLittleFool+1","HollowMod:WraithStrike+1"],"picked":"HollowMod:GreatSlash+1","floor":28.0},{"not_picked":["HollowMod:CornifersMapStart+1","HollowMod:Hiveblood","HollowMod:PerfectDash"],"picked":"HollowMod:CloakDash+1","floor":29.0},{"not_picked":["HollowMod:SoulMaster+1","HollowMod:ZotesMagnificence+1","HollowMod:LifebloodCore"],"picked":"HollowMod:PureVessel+1","floor":33},{"not_picked":["HollowMod:DescendingDark+1","HollowMod:InfectedCysts+1","HollowMod:GrimmsGift"],"picked":"HollowMod:DoubleDash+1","floor":35},{"not_picked":["HollowMod:InfectedAttack+1","HollowMod:NewGlowingWomb+1","HollowMod:GoodIntentions","HollowMod:SharpenedShadows+1"],"picked":"SKIP","floor":37},{"not_picked":["HollowMod:NewLittleFool+1","HollowMod:DesolateDive+1","HollowMod:HeavyBlow+1","HollowMod:NewGlowingWomb+1"],"picked":"SKIP","floor":38},{"not_picked":["HollowMod:SoulStrike+1","HollowMod:FastStrike+1","HollowMod:AwokenDreamNail+1"],"picked":"HollowMod:SoulVessel+1","floor":39},{"not_picked":["HollowMod:CloakDash","HollowMod:AwokenDreamNail+1","HollowMod:VengefulVoid+1"],"picked":"HollowMod:SoulSplash","floor":40},{"not_picked":["HollowMod:InfectionAssault+1","HollowMod:SoulVessel+1","HollowMod:TaintedHusks+1"],"picked":"HollowMod:SoulEater+1","floor":42},{"not_picked":["HollowMod:VengefulSpirit+1","HollowMod:CoiledNail+1","HollowMod:CornifersMapStart"],"picked":"HollowMod:SoulSplash+1","floor":47},{"not_picked":["HollowMod:NewJinnsSoul+1","HollowMod:Grubsong+1","HollowMod:MantisMark+1","HollowMod:ShapeofUnn+1"],"picked":"SKIP","floor":48},{"not_picked":["HollowMod:MawleksShell","HollowMod:HeavyBlow+1","HollowMod:HowlingWraiths+1","HollowMod:InfectedAttack+1"],"picked":"SKIP","floor":54}],"player_experience":708124,"relics_obtained":[{"floor":6.0,"key":"Eternal Feather"},{"floor":8.0,"key":"Incense Burner"},{"floor":9.0,"key":"Question Card"},{"floor":10.0,"key":"StrikeDummy"},{"floor":13.0,"key":"Calipers"},{"floor":23.0,"key":"Ice Cream"},{"floor":25.0,"key":"Frozen Egg 2"},{"floor":27.0,"key":"Molten Egg 2"},{"floor":40,"key":"CeramicFish"},{"floor":42,"key":"Meat on the Bone"},{"floor":43,"key":"Vajra"},{"floor":47,"key":"Dead Branch"},{"floor":54,"key":"Centennial Puzzle"}],"event_choices":[],"is_beta":false,"boss_relics":[{"not_picked":["Tiny House","Busted Crown"],"picked":"Philosopher\u0027s Stone"},{"not_picked":["Snecko Eye","Velvet Choker"],"picked":"Coffee Dripper"}],"items_purged_floors":[12,30,36,45],"is_endless":false,"potions_floor_spawned":[1,10,13,14,16,23,28,29,33,35,38,47,48,50,54],"ascension_level":2}}