{"host":"zivz6e0vf73jivdq","time":1608439159,"event":{"mods":["Act Like it!","BaseMod","Friendly Minions","Gensokyo","HololiveMod","Koishi","Marisa£¨ìFÓê¡¡Ä§ÀíÉ³£©","Minty Spire (QoL Compilation)","MostiFishMod","Pale of the Ancients","Prisma Mod","Reimu£¨²©ÀöÁéÃÎ£©","Remilia£¨ÀÙÃ×ÀòÑÇ£©","Replay The Spire","RumiaBox-Â¶Ã×æ«µÄÉñÃØºÐ×Ó","StSLib","The Jungle","The Servant 0.9.4","Youmu£¨»êÆÇÑýÃÎ£©","¡¾¶«·½¶þ´Î´´×÷¡¿°ËÔÆ×Ïmod","¡¾ÒÅÎï¿¨ÅÆ¡¿REMEMod"],"gold_per_floor":[111,35,35,109,134,165,165,193,220,41,116,116,135,148,148,246,246,262,278,198,198,211,241,241,270,270,280,280,280,280,313,313,416,416,427,445,498,511,511,545,195,228,228,228,254,273,604,619,619,619,619,619,94,128,128],"floor_reached":56,"playtime":3197,"items_purged":["Defend_G","Strike_G","Strike_G+1","Defend_G+1"],"score":2312,"play_id":"03f16d05-62e2-4513-b4b6-745220d26a08","local_time":"20201220123919","is_ascension_mode":true,"campfire_choices":[{"data":"MostiFishMod:PoisonShield","floor":7.0,"key":"SMITH"},{"floor":15.0,"key":"REST"},{"data":"Bouncing Flask","floor":24.0,"key":"SMITH"},{"data":"Adrenaline","floor":28.0,"key":"SMITH"},{"data":"Concentrate","floor":30.0,"key":"SMITH"},{"data":"MostiFishMod:Neurotoxin","floor":32.0,"key":"SMITH"},{"data":"REME_ShadowForm","floor":44.0,"key":"SMITH"},{"floor":49,"key":"RECALL"},{"data":"MostiFishMod:Dislodge","floor":52,"key":"SMITH"}],"circlet_count":0,"master_deck":["Defend_G+1","Defend_G+1","Defend_G+1","Survivor+1","Neutralize+1","PrismaMod:IllyaInstallAlterEgo","Catalyst+1","MostiFishMod:PoisonShield+1","Prepared+1","REME_GrazeFinale+1","Noxious Fumes+1","Backflip+1","MostiFishMod:Neurotoxin+1","Bouncing Flask+1","Reflex+1","Adrenaline+1","Concentrate+1","Night Terror+1","ReplayTheSpireMod:Speed Training+1","Escape Plan","REME_ShadowForm+1","Draining Mist","Cloak And Dagger","MostiFishMod:Dislodge+1","Footwork+1"],"relics":["DaveBox","REME_ComplimentaryCards","Runic Pyramid","FeatherPendant","Question Card","Bag of Preparation","ScarletDevilRocket","Whetstone","LastBattle","Blue Doll","ImportantClient","Replay:Grab Bag","Coffee Dripper","Sozu","ShadowXiaoBlade","EasyGame_NEW","Replay:Bottled Eggs","Happy Flower","Darkstone Periapt","Oddly Smooth Stone","PatriotShield","CatCart","REME_LimitBreaker","Replay:PocketPolymizer","Replay:Accelerometer","ReplayTheSpireMod:Ninjato","Smiling Mask","Old Coin","The Specimen","Blue Candle","Gremlin Food"],"acts_visited":["Exordium","TheCity","TheBeyond","TheEnding"],"potions_floor_usage":[55],"damage_taken":[{"damage":0.0,"enemies":"Cultist","floor":1.0,"turns":3.0},{"damage":2.0,"enemies":"Gremlin Nob","floor":6.0,"turns":3.0},{"damage":2.0,"enemies":"Lagavulin","floor":8.0,"turns":5.0},{"damage":1.0,"enemies":"2 Louse","floor":13.0,"turns":2.0},{"damage":0.0,"enemies":"Jaw Worm","floor":14.0,"turns":3.0},{"damage":0.0,"enemies":"Fading Forest","floor":16.0,"turns":10.0},{"damage":1.0,"enemies":"Shell Parasite","floor":18.0,"turns":2.0},{"damage":1.0,"enemies":"3 Byrds","floor":19.0,"turns":2.0},{"damage":0.0,"enemies":"Centurion and Healer","floor":22.0,"turns":2.0},{"damage":14.0,"enemies":"Slavers","floor":23.0,"turns":3.0},{"damage":0.0,"enemies":"Gremlin Leader","floor":25.0,"turns":2.0},{"damage":0.0,"enemies":"Snecko","floor":27.0,"turns":2.0},{"damage":0.0,"enemies":"Book of Stabbing","floor":31.0,"turns":3.0},{"damage":0.0,"enemies":"Champ","floor":33.0,"turns":2.0},{"damage":2.0,"enemies":"Orb Walker","floor":35.0,"turns":2.0},{"damage":0.0,"enemies":"3 Shapes","floor":36.0,"turns":2.0},{"damage":0.0,"enemies":"Orin","floor":37.0,"turns":4.0},{"damage":2.0,"enemies":"Jaw Worm Horde","floor":38.0,"turns":1.0},{"damage":0.0,"enemies":"Jaw Worm Horde","floor":39.0,"turns":2.0},{"damage":0.0,"enemies":"R_Hoarder","floor":40.0,"turns":3.0},{"damage":0.0,"enemies":"Giant Head","floor":42.0,"turns":4.0},{"damage":0.0,"enemies":"Reptomancer","floor":45.0,"turns":2.0},{"damage":0.0,"enemies":"Sphere and 2 Shapes","floor":46.0,"turns":1.0},{"damage":0.0,"enemies":"R_Hoarder","floor":47.0,"turns":3.0},{"damage":0.0,"enemies":"Maw","floor":48.0,"turns":2.0},{"damage":0,"enemies":"Replay:Hell Engine","floor":50,"turns":5},{"damage":0,"enemies":"Shield and Spear","floor":54,"turns":1},{"damage":10,"enemies":"The Heart","floor":55,"turns":3}],"seed_played":"971036661398727849","potions_obtained":[{"floor":4.0,"key":"PowerPotion"},{"floor":4.0,"key":"Cursed Concoction"},{"floor":13.0,"key":"Death Potion"}],"is_trial":false,"path_per_floor":["M","$","T","?","T","E","R","E","T","$","?","?","M","M","R","B",null,"M","M","$","?","M","E","R","E","T","M","R","?","R","E","R","B",null,"M","M","?","M","?","E","$","E","T","R","E","M","E","M","R","B",null,"R","$","E","B",null],"character_chosen":"THE_SILENT","items_purchased":["MostiFishMod:PoisonShield","REME_GrazeFinale+1","Replay:PocketPolymizer","The Specimen","Blue Candle","Footwork+1"],"campfire_rested":1,"item_purchase_floors":[2,10,41,53,53,53],"current_hp_per_floor":[63,63,63,46,46,44,44,42,42,42,31,17,16,16,37,70,70,69,68,68,68,68,54,54,54,54,54,54,54,54,54,54,54,66,64,64,64,62,70,70,70,70,70,70,70,70,70,70,70,70,70,70,70,70,60],"gold":128,"neow_bonus":"BOSS_RELIC","is_daily":false,"chose_seed":false,"campfire_upgraded":7,"win_rate":0.0,"timestamp":1608439159,"path_taken":["M","?","?","?","?","E","R","E","T","$","?","?","M","M","R","BOSS","M","M","$","?","?","E","R","E","T","?","R","?","R","E","R","BOSS","M","M","?","M","?","E","$","E","T","R","E","M","E","M","R","BOSS","R","$","E","BOSS"],"items_purchased_type":["Card","Card","Relic","Relic","Relic","Card"],"build_version":"2020-12-13","purchased_purges":4,"victory":true,"max_hp_per_floor":[70,70,70,70,70,70,70,70,70,70,70,70,70,70,70,70,70,70,70,70,70,70,70,70,70,70,70,70,70,70,70,70,70,70,70,70,70,70,70,70,70,70,70,70,70,70,70,70,70,70,70,70,70,70,70],"card_choices":[{"not_picked":["Acrobatics","Finisher"],"picked":"Catalyst","floor":1.0},{"not_picked":["Outmaneuver","Acrobatics","Slice"],"picked":"Prepared","floor":4.0},{"not_picked":["Dagger Spray","Underhanded Strike","Hidden Blade","ReplayTheSpireMod:Scrap Shanks"],"picked":"SKIP","floor":6.0},{"not_picked":["Dash","Cloak And Dagger","Dagger Spray","Backstab"],"picked":"SKIP","floor":8.0},{"not_picked":["Dagger Spray","ReplayTheSpireMod:The Works","Bane"],"picked":"Noxious Fumes","floor":13.0},{"not_picked":["Well Laid Plans","Eviscerate","MostiFishMod:LethalBlade"],"picked":"Backflip","floor":14.0},{"not_picked":["MostiFishMod:ShivMaster","Venomology","REME_GrazeFinale"],"picked":"MostiFishMod:Neurotoxin","floor":16.0},{"not_picked":["Bane+1","Sucker Punch","Deadly Poison"],"picked":"Bouncing Flask","floor":18.0},{"not_picked":["Acrobatics","Sneak Up","MostiFishMod:Volcan","Sucker Punch+1"],"picked":"SKIP","floor":19.0},{"not_picked":["Deadly Poison","Cloak And Dagger+1","Hidden Blade+1","MostiFishMod:PerfectParry"],"picked":"SKIP","floor":22.0},{"not_picked":["MostiFishMod:InvigoratingSolution+1","Choke","Bane+1","ReplayTheSpireMod:Scrap Shanks"],"picked":"SKIP","floor":23.0},{"not_picked":["Dagger Throw","Poisoned Stab","Slice"],"picked":"Reflex+1","floor":25.0},{"not_picked":["REME_GreenPollution","Escape Plan+1","Replay:Poison Smokescreen"],"picked":"Adrenaline","floor":27.0},{"not_picked":["Dagger Throw+1","Deadly Poison","ReplayTheSpireMod:The Works+1","Underhanded Strike"],"picked":"SKIP","floor":31.0},{"not_picked":["MostiFishMod:Neurotoxin","REME_GrazeFinale","MostiFishMod:HiddenBlade"],"picked":"Night Terror","floor":33.0},{"not_picked":["Dagger Spray+1","Deadly Poison+1","Choke+1","Masterful Stab"],"picked":"SKIP","floor":35.0},{"not_picked":["Hidden Blade","MostiFishMod:ThornCasing","Prepared"],"picked":"ReplayTheSpireMod:Speed Training","floor":36.0},{"not_picked":["Blade Dance+1","Backflip+1","Dodge and Roll+1","ReplayTheSpireMod:Tripwire+1"],"picked":"SKIP","floor":38.0},{"not_picked":["Hidden Blade+1","Underhanded Strike","Flechettes+1","Finisher"],"picked":"SKIP","floor":40.0},{"not_picked":["Eviscerate","Flying Knee+1","Hidden Blade+1"],"picked":"Escape Plan","floor":42.0},{"not_picked":["MostiFishMod:PerfectParry+1","Storm of Steel","Backstab"],"picked":"Draining Mist","floor":45.0},{"not_picked":["Choke","Backflip","PiercingWail+1","Dagger Throw+1"],"picked":"SKIP","floor":46.0},{"not_picked":["Slice","Storm of Steel","Blur","Backflip+1"],"picked":"SKIP","floor":47.0},{"not_picked":["Underhanded Strike+1","ReplayTheSpireMod:Speed Training+1","Deflect","Deadly Poison+1"],"picked":"SKIP","floor":48.0},{"not_picked":["Dagger Spray","MostiFishMod:PerfectParry","Quick Slash","Escape Plan"],"picked":"SKIP","floor":54}],"player_experience":697655,"relics_obtained":[{"floor":1.0,"key":"Question Card"},{"floor":4.0,"key":"Bag of Preparation"},{"floor":5.0,"key":"ScarletDevilRocket"},{"floor":6.0,"key":"Whetstone"},{"floor":8.0,"key":"LastBattle"},{"floor":9.0,"key":"Blue Doll"},{"floor":16.0,"key":"ImportantClient"},{"floor":23.0,"key":"Replay:Bottled Eggs"},{"floor":25.0,"key":"Happy Flower"},{"floor":26.0,"key":"Darkstone Periapt"},{"floor":31.0,"key":"Oddly Smooth Stone"},{"floor":37.0,"key":"CatCart"},{"floor":40.0,"key":"REME_LimitBreaker"},{"floor":42.0,"key":"Replay:Accelerometer"},{"floor":43.0,"key":"ReplayTheSpireMod:Ninjato"},{"floor":45.0,"key":"Smiling Mask"},{"floor":47.0,"key":"Old Coin"},{"floor":54,"key":"Gremlin Food"}],"event_choices":[{"damage_healed":0.0,"max_hp_gain":0.0,"max_hp_loss":0.0,"gold_gain":75.0,"event_name":"World of Goop","player_choice":"Gather Gold","floor":11.0,"gold_loss":0.0,"damage_taken":11.0},{"damage_healed":0.0,"max_hp_gain":0.0,"max_hp_loss":0.0,"gold_gain":0.0,"event_name":"Shining Light","player_choice":"Entered Light","floor":12.0,"gold_loss":0.0,"damage_taken":14.0,"cards_upgraded":["Neutralize","Catalyst"]},{"damage_healed":0.0,"max_hp_gain":0.0,"max_hp_loss":0.0,"gold_gain":0.0,"event_name":"Lab","player_choice":"Got Potions","floor":21.0,"gold_loss":0.0,"damage_taken":0.0},{"damage_healed":0.0,"max_hp_gain":0.0,"max_hp_loss":0.0,"gold_gain":0.0,"event_name":"The Library","player_choice":"Read","floor":29.0,"gold_loss":0.0,"damage_taken":0.0,"cards_obtained":["Concentrate"]},{"damage_healed":0.0,"max_hp_gain":0.0,"max_hp_loss":0.0,"gold_gain":0.0,"event_name":"OrinTheCat","player_choice":"Fight","floor":37.0,"gold_loss":0.0,"damage_taken":0.0}],"is_beta":false,"boss_relics":[{"not_picked":["REME_DemonsWealth","REME_DuelDisc"],"picked":"Replay:Grab Bag"},{"not_picked":["Fusion Hammer","Velvet Choker"],"picked":"Coffee Dripper"},{"not_picked":["Busted Crown","Cursed Key"],"picked":"Sozu"},{"not_picked":["Snecko Scales","RhineFirstAidKit"],"picked":"ShadowXiaoBlade"},{"not_picked":["Snecko Eye","Ring of Chaos"],"picked":"EasyGame_NEW"},{"not_picked":["HereWithMe","Abe\u0027s Treasure"],"picked":"PatriotShield"}],"items_purged_floors":[10,20,41,53],"is_endless":false,"potions_floor_spawned":[13,14,16,22,23,27,31,33,36,38,40,47,54],"ascension_level":7}}