{"host":"0t7ytk9pge2ncgeb","time":1608501753,"event":{"mods":["2.2 Compatiblity","Act Like it!","Aspiration","BaseMod","BetterRewards","Conspire","Downfall","Googly Eyes","Hubris","Minty Spire (QoL Compilation)","Relic Stats","Shop Mod","Spicy Shops","StSLib","slay the spire mod where everything is the same but ironclad has a cowboy hat"],"gold_per_floor":[99,109,109,68,68,68,114,145,160,160,171,198,215,230,247,247,247],"floor_reached":16,"playtime":1078,"items_purged":[],"score":102,"play_id":"d480d326-891f-447d-8d2f-02a3b556ce4e","local_time":"20201220170233","is_ascension_mode":false,"campfire_choices":[{"data":"champ:Taunt","floor":1,"key":"SMITH"},{"data":"champ:IronFortress","floor":3,"key":"SMITH"},{"data":"champ:FanOfKnives","floor":5,"key":"SMITH"},{"floor":10,"key":"REST"}],"circlet_count":0,"master_deck":["champ:Strike","champ:Strike","champ:Strike","champ:Strike","champ:Defend","champ:Defend","champ:Defend","champ:Defend","champ:Execute","champ:Taunt+1","champ:IronFortress+1","champ:FanOfKnives+1","champ:Encircle","champ:RisingSlash","champ:AdrenalArmor","champ:ShieldWall","champ:CrookedStrike","champ:GladiatorStyle","champ:Haymaker"],"relics":["champ:ChampionCrown","Omamori","conspire:TopHat","Centennial Puzzle"],"acts_visited":["Exordium"],"potions_floor_usage":[8,16,16,16],"damage_taken":[{"damage":19,"enemies":"Cultist","floor":2,"turns":4},{"damage":8,"enemies":"downfall:FleeingMerchant","floor":4,"turns":4},{"damage":59,"enemies":"Lagavulin","floor":8,"turns":10},{"damage":9,"enemies":"Jaw Worm","floor":9,"turns":4},{"damage":7,"enemies":"Small Slimes","floor":11,"turns":3},{"damage":19,"enemies":"Red Slaver","floor":13,"turns":3},{"damage":35,"enemies":"Large Slime","floor":14,"turns":4},{"damage":6,"enemies":"conspire:2 RoseBushes","floor":15,"turns":5},{"damage":52,"enemies":"downfall:Defect","floor":16,"turns":5}],"seed_played":"-4765958978727876957","potions_obtained":[{"floor":2,"key":"SkillPotion"},{"floor":8,"key":"champ:CounterPotion"},{"floor":11,"key":"champ:TechniquePotion"},{"floor":15,"key":"GamblersBrew"}],"is_trial":false,"path_per_floor":["R","M","R","$","R","T","T","E","M","R","M","T","M","M","M","B"],"character_chosen":"THE_CHAMP","items_purchased":["champ:Encircle"],"campfire_rested":1,"item_purchase_floors":[4],"current_hp_per_floor":[99,90,90,90,90,90,90,53,53,82,82,82,72,52,50,0,0],"gold":247,"neow_bonus":"TEN_PERCENT_HP_BONUS","is_daily":false,"chose_seed":false,"campfire_upgraded":3,"win_rate":0.0,"timestamp":1608501753,"path_taken":["R","M","R","$","R","?","T","E","?","R","M","?","?","M","M","BOSS"],"items_purchased_type":["Card"],"build_version":"2020-12-13","purchased_purges":0,"victory":false,"max_hp_per_floor":[99,99,99,99,99,99,99,99,99,99,99,99,99,99,99,99,99],"relic_stats":{"Centennial Puzzle":[12],"counters":[9,42],"obtain_stats":[{"Centennial Puzzle":12,"champ:ChampionCrown":0,"Omamori":7,"conspire:TopHat":8},{"Centennial Puzzle":5,"champ:ChampionCrown":0,"Omamori":2,"conspire:TopHat":3},{"Centennial Puzzle":25,"champ:ChampionCrown":0,"Omamori":8,"conspire:TopHat":18}]},"card_choices":[{"not_picked":["champ:Circumvent","champ:Haymaker"],"picked":"champ:IronFortress","floor":2},{"not_picked":["champ:GladiatorsShout","champ:AdrenalArmor"],"picked":"champ:FanOfKnives","floor":4},{"not_picked":["champ:EnragedBash","champ:EnGarde"],"picked":"champ:RisingSlash","floor":8},{"not_picked":["champ:Haymaker","champ:FlashCut"],"picked":"champ:AdrenalArmor","floor":9},{"not_picked":["champ:FlashCut","champ:IronFortress"],"picked":"champ:ShieldWall","floor":11},{"not_picked":["champ:BerserkersShout","champ:CalledShot"],"picked":"champ:CrookedStrike","floor":13},{"not_picked":["champ:CrookedStrike","champ:DefensiveShout"],"picked":"champ:GladiatorStyle","floor":14},{"not_picked":["champ:CrownThrow","champ:Encircle"],"picked":"champ:Haymaker","floor":15}],"player_experience":281681,"relics_obtained":[{"floor":7,"key":"Omamori"},{"floor":8,"key":"conspire:TopHat"},{"floor":12,"key":"Centennial Puzzle"}],"event_choices":[],"is_beta":false,"boss_relics":[],"items_purged_floors":[],"is_endless":false,"potions_floor_spawned":[2,8,11,15],"killed_by":"downfall:Defect","ascension_level":0}}