{"host":"f14d6hm2349s9jse","time":1608500413,"event":{"mods":["2.2 Compatiblity","BaseMod","Minty Spire (QoL Compilation)","StSLib","The Marked"],"gold_per_floor":[116,291,291,309,326,353,402,437,463,474,508,22,22,39,39,138,138,153,153,165,195,207,251,278,290,327,339,339],"floor_reached":27,"playtime":984,"items_purged":["Pain"],"score":326,"play_id":"14072af1-5264-4942-a6fb-b8ff096b2ab3","local_time":"20201220164013","is_ascension_mode":false,"campfire_choices":[{"floor":13,"key":"REST"},{"data":"Doubt","floor":15,"key":"PURGE"},{"floor":25,"key":"REST"}],"circlet_count":0,"master_deck":["theMarked:Strike","theMarked:Strike","theMarked:Strike","theMarked:Strike","theMarked:Strike","theMarked:Defend","theMarked:Defend","theMarked:Defend","theMarked:Defend","theMarked:SoldierOfQuellstein","theMarked:BanishingStrike","theMarked:SoldierOfQuellstein","theMarked:SuspiciousRaven","Good Instincts","theMarked:SwordAndMagic","theMarked:WardOff","theMarked:TakeOffHeels","Decay","theMarked:TwofoldDefense","theMarked:EmpowerWeapon","theMarked:KeepCalmAndFightOn","theMarked:ComboAttacks","theMarked:Snap","theMarked:StartUp","theMarked:ShockingTouch","theMarked:SummonStrength","theMarked:BanishingStrike","theMarked:EmpowerWeapon+1","theMarked:Opportunist"],"relics":["Cursed Key","Boot","Peace Pipe","Bronze Scales","Ice Cream","Omamori","SacredBark","MawBank","Art of War","Oddly Smooth Stone","Juzu Bracelet"],"acts_visited":["Exordium","TheCity"],"potions_floor_usage":[8,8,8,11,21,24,27,27],"damage_taken":[{"damage":0.0,"enemies":"Cultist","floor":1.0,"turns":3.0},{"damage":0,"enemies":"2 Louse","floor":4,"turns":2},{"damage":0,"enemies":"Small Slimes","floor":5,"turns":2},{"damage":8,"enemies":"Lagavulin","floor":6,"turns":6},{"damage":0,"enemies":"Gremlin Nob","floor":8,"turns":2},{"damage":9,"enemies":"Looter","floor":10,"turns":3},{"damage":14,"enemies":"Lagavulin","floor":11,"turns":6},{"damage":6,"enemies":"Blue Slaver","floor":14,"turns":3},{"damage":0,"enemies":"Slime Boss","floor":16,"turns":6},{"damage":6,"enemies":"Spheric Guardian","floor":18,"turns":5},{"damage":17,"enemies":"2 Thieves","floor":21,"turns":4},{"damage":43,"enemies":"Book of Stabbing","floor":23,"turns":4},{"damage":1,"enemies":"Snake Plant","floor":24,"turns":3},{"damage":24,"enemies":"Gremlin Leader","floor":27,"turns":4}],"seed_played":"-6097294440273719679","potions_obtained":[{"floor":5,"key":"SteroidPotion"},{"floor":6,"key":"EntropicBrew"},{"floor":8,"key":"Dexterity Potion"},{"floor":16,"key":"SteroidPotion"},{"floor":23,"key":"SteroidPotion"},{"floor":24,"key":"GamblersBrew"}],"is_trial":false,"path_per_floor":["M","?","?","M","M","E","T","E","T","M","E","$","R","M","R","B",null,"M","?","?","M","T","E","M","R","T","E"],"character_chosen":"THE_DEFAULT","items_purchased":["Omamori","theMarked:ComboAttacks","theMarked:Snap","theMarked:StartUp"],"campfire_rested":2,"item_purchase_floors":[12,12,12,12],"current_hp_per_floor":[70,70,70,70,70,62,62,62,62,53,39,39,60,54,54,54,70,64,64,64,47,47,4,3,24,24,0,0],"gold":339,"neow_bonus":"BOSS_RELIC","is_daily":false,"chose_seed":false,"campfire_upgraded":0,"win_rate":0.0,"timestamp":1608500413,"path_taken":["M","?","?","M","?","E","?","E","T","M","E","$","R","M","R","BOSS","M","?","?","M","?","E","M","R","T","E"],"items_purchased_type":["Relic","Card","Card","Card"],"build_version":"2020-12-13","purchased_purges":1,"victory":false,"max_hp_per_floor":[70,70,70,70,70,70,70,70,70,70,70,70,70,70,70,70,70,70,70,70,70,70,70,70,70,70,70,70],"card_choices":[{"not_picked":["theMarked:ChainLightning","theMarked:ElectricStrings"],"picked":"theMarked:BanishingStrike","floor":1.0},{"not_picked":["theMarked:TwofoldDefense","theMarked:ElectricStrings"],"picked":"theMarked:SwordAndMagic","floor":4},{"not_picked":["theMarked:Electrify","theMarked:WastefulAttack"],"picked":"theMarked:WardOff","floor":5},{"not_picked":["theMarked:HeightenedSenses","theMarked:WastefulAttack"],"picked":"theMarked:TakeOffHeels","floor":6},{"not_picked":["theMarked:Improvise","theMarked:Generate"],"picked":"theMarked:TwofoldDefense","floor":8},{"not_picked":["theMarked:Electrocute","theMarked:TakeCover"],"picked":"theMarked:EmpowerWeapon","floor":10},{"not_picked":["theMarked:ChainLightning","theMarked:EnhancedHearing"],"picked":"theMarked:KeepCalmAndFightOn","floor":11},{"not_picked":["theMarked:Overthink","theMarked:ThrowWeapon"],"picked":"theMarked:ShockingTouch","floor":14},{"not_picked":["theMarked:ChannelForce","theMarked:UnarmedFury"],"picked":"theMarked:SummonStrength","floor":16},{"not_picked":["theMarked:Overthink","theMarked:Frustration"],"picked":"theMarked:BanishingStrike","floor":18},{"not_picked":["theMarked:ElectricStrings","theMarked:ChainLightning"],"picked":"theMarked:EmpowerWeapon+1","floor":21},{"not_picked":["theMarked:TunnelVision","theMarked:EnhanceMovement"],"picked":"theMarked:Opportunist","floor":23},{"not_picked":["theMarked:Parkour","theMarked:Static+1","theMarked:ResourceFulStrike"],"picked":"SKIP","floor":24}],"player_experience":2471587,"relics_obtained":[{"floor":6,"key":"Boot"},{"floor":8,"key":"Peace Pipe"},{"floor":9,"key":"Bronze Scales"},{"floor":11,"key":"Ice Cream"},{"floor":22,"key":"Art of War"},{"floor":23,"key":"Oddly Smooth Stone"},{"floor":26,"key":"Juzu Bracelet"}],"event_choices":[{"damage_healed":0.0,"max_hp_gain":0.0,"max_hp_loss":0.0,"gold_gain":175.0,"event_name":"Liars Game","player_choice":"AGREE","floor":2.0,"gold_loss":0.0,"damage_taken":0.0,"cards_obtained":["Doubt"]},{"damage_healed":0,"gold_gain":0,"player_choice":"3 cards matched","damage_taken":0,"max_hp_gain":0,"max_hp_loss":0,"event_name":"Match and Keep!","floor":3,"gold_loss":0,"cards_obtained":["theMarked:SoldierOfQuellstein","theMarked:SuspiciousRaven","Good Instincts"]},{"damage_healed":0,"gold_gain":0,"player_choice":"Opened","damage_taken":0,"relics_obtained":["MawBank"],"max_hp_gain":0,"max_hp_loss":0,"event_name":"The Mausoleum","floor":19,"gold_loss":0},{"damage_healed":0,"gold_gain":0,"player_choice":"Ignored","damage_taken":0,"max_hp_gain":0,"max_hp_loss":0,"event_name":"Vampires","floor":20,"gold_loss":0}],"is_beta":false,"boss_relics":[{"not_picked":["Runic Pyramid","Empty Cage"],"picked":"SacredBark"}],"items_purged_floors":[12],"is_endless":false,"potions_floor_spawned":[5,6,8,16,23,24],"killed_by":"Gremlin Leader","ascension_level":0}}