{"host":"7t8rqoeeopyy0nh0","time":1608497614,"event":{"mods":["AchievementEnabler","BaseMod","Better Third Choice","BetterRewards","Colored Map","Colored Powertips","Downfall","Hubris","Infinite Spire","Minty Spire (QoL Compilation)","Replay The Spire","StSLib"],"gold_per_floor":[115,129,129,142,155,188,188,219,219,219,248,258,273,24,24,96,96,111,129,129,145,145,172,172,172],"floor_reached":24,"playtime":840,"items_purged":["Strike_R"],"score":708,"play_id":"47806c16-db1e-4f88-9a16-ce4778edf4fb","local_time":"20201220155334","is_ascension_mode":true,"campfire_choices":[{"data":"Corruption","floor":7,"key":"SMITH"},{"data":"Bash","floor":10,"key":"SMITH"},{"data":"Offering","floor":15,"key":"SMITH"}],"circlet_count":0,"master_deck":["AscendersBane","Apotheosis+1","Strike_R+1","Strike_R+1","Strike_R+1","Strike_R+1","Defend_R+1","Defend_R+1","Defend_R+1","Bash+1","Feel No Pain","Havoc","Spot Weakness","Thunderclap","Entrench+1","Hemokinesis","Cleave","Corruption+1","Rampage","Sword Boomerang","Shrug It Off","Intimidate","Offering+1","Reaper","Shockwave+1","infinitespire:Starlight","Flex+1","Heavy Blade+1"],"relics":["Burning Blood","Boot","Blood Vial","Replay:Mystery Machine","hubris:ToyBattleship","infinitespire:Burning Sword","HornCleat"],"acts_visited":["Exordium","TheCity"],"potions_floor_usage":[6,11,16,23],"damage_taken":[{"damage":4,"enemies":"Small Slimes","floor":1,"turns":4},{"damage":0,"enemies":"2 Louse","floor":2,"turns":2},{"damage":4,"enemies":"Jaw Worm","floor":4,"turns":3},{"damage":21,"enemies":"3 Louse","floor":5,"turns":4},{"damage":2,"enemies":"Gremlin Nob","floor":6,"turns":3},{"damage":24,"enemies":"3 Sentries","floor":8,"turns":6},{"damage":12,"enemies":"Lagavulin","floor":11,"turns":5},{"damage":2,"enemies":"Large Slime","floor":12,"turns":3},{"damage":12,"enemies":"Lots of Slimes","floor":13,"turns":2},{"damage":12,"enemies":"The Guardian","floor":16,"turns":8},{"damage":25,"enemies":"Shell Parasite","floor":18,"turns":4},{"damage":24,"enemies":"3 Byrds","floor":19,"turns":4},{"damage":11,"enemies":"3 Cultists","floor":21,"turns":4},{"damage":34,"enemies":"Book of Stabbing","floor":23,"turns":4},{"damage":18,"enemies":"Snake Plant","floor":24,"turns":1}],"seed_played":"2430831161665370504","potions_obtained":[{"floor":4,"key":"sneckomod:MuddlingPotion"},{"floor":5,"key":"Block Potion"},{"floor":8,"key":"AttackPotion"},{"floor":11,"key":"champ:CounterPotion"},{"floor":13,"key":"Fire Potion"},{"floor":18,"key":"SteroidPotion"}],"is_trial":false,"path_per_floor":["M","M","?","M","M","E","R","E","T","R","E","M","M","$","R","B",null,"M","M","?","M","?","E","M"],"character_chosen":"IRONCLAD","items_purchased":["Feel No Pain","Havoc","Spot Weakness","Offering"],"campfire_rested":0,"item_purchase_floors":[0,0,0,14],"current_hp_per_floor":[65,71,71,73,58,62,62,44,44,44,40,46,42,42,42,38,66,58,42,25,32,32,16,0,0],"gold":172,"neow_bonus":"","is_daily":false,"chose_seed":false,"campfire_upgraded":3,"win_rate":0.0,"timestamp":1608497614,"path_taken":["M","M","?","M","M","E","R","E","T","R","E","M","M","$","R","BOSS","M","M","?","M","?","E","M"],"items_purchased_type":["Card","Card","Card","Card"],"build_version":"2020-12-13","purchased_purges":1,"victory":false,"max_hp_per_floor":[75,75,75,75,75,75,75,75,75,75,75,75,75,75,75,75,75,75,75,75,75,75,75,75,75],"card_choices":[{"not_picked":["Warcry","Clash"],"picked":"Thunderclap","floor":1},{"not_picked":["Infernal Blade","Bloodletting","Run Through"],"picked":"SKIP","floor":2},{"not_picked":["Flex","Thunderclap"],"picked":"Hemokinesis","floor":4},{"not_picked":["Thunderclap","Replay:Undeath\u0027s Touch"],"picked":"Cleave","floor":5},{"not_picked":["Thunderclap","Metallicize"],"picked":"Corruption","floor":6},{"not_picked":["Clash","Seeing Red"],"picked":"Rampage","floor":8},{"not_picked":["hubris:ReadiedAction","Infernal Blade"],"picked":"Sword Boomerang","floor":11},{"not_picked":["ReplayTheSpireMod:Corrosion Curse","Replay:Undeath\u0027s Touch"],"picked":"Shrug It Off","floor":12},{"not_picked":["ReplayTheSpireMod:Strike From Hell","Sever Soul"],"picked":"Intimidate","floor":13},{"not_picked":["Exhume","Brutality"],"picked":"Reaper","floor":16},{"not_picked":["Clash","Pommel Strike"],"picked":"Shockwave+1","floor":18},{"not_picked":["Second Wind","Anger","Seeing Red"],"picked":"SKIP","floor":19},{"not_picked":["hubris:Fate","infinitespire:NeuralNetwork"],"picked":"infinitespire:Starlight","floor":20},{"not_picked":["Twin Strike","hubris:StunningStrike"],"picked":"Flex+1","floor":21},{"not_picked":["Sword Boomerang","Clash+1"],"picked":"Heavy Blade+1","floor":23}],"player_experience":348448,"relics_obtained":[{"floor":6,"key":"Boot"},{"floor":8,"key":"Blood Vial"},{"floor":9,"key":"Replay:Mystery Machine"},{"floor":11,"key":"hubris:ToyBattleship"},{"floor":23,"key":"HornCleat"}],"event_choices":[{"damage_healed":0,"gold_gain":0,"player_choice":"Simplicity","damage_taken":0,"max_hp_gain":0,"max_hp_loss":7,"event_name":"betterThird:BetterWriting","floor":22,"gold_loss":0}],"is_beta":false,"boss_relics":[{"not_picked":["Pandora\u0027s Box","hubris:VirtuousBlindfold"],"picked":"infinitespire:Burning Sword"}],"items_purged_floors":[14],"is_endless":false,"potions_floor_spawned":[4,5,8,11,12,13,18],"killed_by":"Snake Plant","ascension_level":19}}