{"host":"mn5ze3eyhx81nlo2","time":1608502724,"event":{"mods":["BaseMod","Block Reminder","Challenge The Spire","Downfall","Hermit","Hubris","Infinite Spire","Minty Spire (QoL Compilation)","Quick Restart","Replay The Spire","Shade Mod","StSLib","The Cursed","The Druid","The Hierophant","The Runesmith","Unceasing Turn Reminder"],"gold_per_floor":[99,99,99,132,132,132,182,207,57,85,185,43,43,28,40,135,135,135,135,168,188,288,305,330,330,345,270,270,15,33,33,44,145,145,145,145,145,193,212,62,87,112,112,141,158,170,181,37,49,49,49,82,7,7,81],"floor_reached":56,"playtime":3721,"items_purged":["Regret","Pain"],"score":1360,"play_id":"9841e603-ba2f-438f-9e62-676cb18b99d7","local_time":"20201220221844","is_ascension_mode":true,"campfire_choices":[{"data":"champ:Taunt","floor":1.0,"key":"SMITH"},{"floor":6.0,"key":"RECALL"},{"data":"champ:Aggression","floor":9.0,"key":"SMITH"},{"data":"champ:FanOfKnives","floor":18.0,"key":"SMITH"},{"data":"champ:StanceDance","floor":27.0,"key":"SMITH"},{"data":"champ:IronFortress","floor":35.0,"key":"SMITH"},{"floor":43.0,"key":"REST"},{"floor":54,"key":"DIG"}],"circlet_count":0,"master_deck":["champ:Strike","champ:Strike+1","champ:Strike+1","champ:Strike","champ:Defend","champ:Defend+1","champ:Defend","champ:Defend+1","champ:Execute","champ:Taunt+1","champ:Aggression+1","champ:GladiatorStyle+1","champ:FanOfKnives+1","champ:StanceDance+1","champ:BerserkerStyle+1","champ:BerserkerStyle+1","Parasite","champ:Balance","Injury","champ:EndlessRage","champ:IronFortress+1","champ:Backstep+1","champ:GutPunch","champ:DefensiveStyle","Parasite","Pot Of Greed","Pot Of Greed","Pot Of Greed","champ:CalledShot+1","Demon Form","champ:FlashCut+1"],"relics":["champ:ChampionCrown","downfall:HeartsMalice","infinitespire:Satchel","infinitespire:Lucky Rock","Replay:WaspNest","downfall:HeartBlessingRed","downfall:HeartBlessingGreen","hubris:SlimyHat","Champion Belt","Replay:Grab Bag","infinitespire:Cupcake","Cursed Key","champ:ChampionCrownUpgraded","hubris:Stopwatch","Mirror","hubris:DisguiseKit","Toy Ornithopter","Replay:Baseball","downfall:HeartBlessingBlue","Pocketwatch","Garlic","Guide Book","Empty Cage","hubris:Towel","Counterbalance","War Paint","Shovel","Grinning Jar","Juzu Bracelet","Boot","infinitespire:Midas Blood"],"acts_visited":["Exordium","TheCity","TheBeyond","TheEnding"],"potions_floor_usage":[55],"damage_taken":[{"damage":0.0,"enemies":"Cultist","floor":3.0,"turns":1.0},{"damage":0.0,"enemies":"Lagavulin","floor":4.0,"turns":1.0},{"damage":0.0,"enemies":"Gremlin Nob","floor":8.0,"turns":1.0},{"damage":27.0,"enemies":"Lagavulin","floor":10.0,"turns":6.0},{"damage":57.0,"enemies":"Lagavulin","floor":11.0,"turns":4.0},{"damage":28.0,"enemies":"downfall:FleeingMerchant","floor":12.0,"turns":4.0},{"damage":5.0,"enemies":"downfall:FleeingMerchant","floor":14.0,"turns":4.0},{"damage":5.0,"enemies":"2 Louse","floor":15.0,"turns":2.0},{"damage":29.0,"enemies":"downfall:Silent","floor":16.0,"turns":6.0},{"damage":18.0,"enemies":"Book of Stabbing","floor":20.0,"turns":3.0},{"damage":11.0,"enemies":"Shell Parasite","floor":21.0,"turns":3.0},{"damage":34.0,"enemies":"downfall:LadyInBlue","floor":22.0,"turns":6.0},{"damage":16.0,"enemies":"3 Byrds","floor":23.0,"turns":4.0},{"damage":28.0,"enemies":"Shelled Parasite and Fungi","floor":26.0,"turns":4.0},{"damage":26.0,"enemies":"downfall:FleeingMerchant","floor":29.0,"turns":3.0},{"damage":21.0,"enemies":"Snake Plant","floor":30.0,"turns":3.0},{"damage":32.0,"enemies":"Centurion and Healer","floor":32.0,"turns":6.0},{"damage":29.0,"enemies":"downfall:Defect","floor":33.0,"turns":8.0},{"damage":53.0,"enemies":"2 Orb Walkers","floor":38.0,"turns":5.0},{"damage":15.0,"enemies":"Orb Walker","floor":39.0,"turns":3.0},{"damage":63.0,"enemies":"R_Hoarder","floor":42.0,"turns":8.0},{"damage":34.0,"enemies":"Giant Head","floor":44.0,"turns":7.0},{"damage":26.0,"enemies":"3 Darklings","floor":45.0,"turns":3.0},{"damage":24.0,"enemies":"Jaw Worm Horde","floor":46.0,"turns":3.0},{"damage":70.0,"enemies":"Transient","floor":47.0,"turns":5.0},{"damage":32.0,"enemies":"3 Darklings","floor":49.0,"turns":3.0},{"damage":29.0,"enemies":"downfall:Watcher","floor":50.0,"turns":6.0},{"damage":84,"enemies":"downfall:CharBossMerchant","floor":52,"turns":7},{"damage":135,"enemies":"downfall:NeowBoss","floor":55,"turns":23}],"seed_played":"2466943458720901619","potions_obtained":[{"floor":8.0,"key":"Ancient Potion"},{"floor":10.0,"key":"DistilledChaos"},{"floor":11.0,"key":"FearPotion"},{"floor":15.0,"key":"Block Potion"},{"floor":16.0,"key":"ColorlessPotion"},{"floor":21.0,"key":"DuplicationPotion"},{"floor":22.0,"key":"Adrenaline Potion"},{"floor":22.0,"key":"Strength Potion"},{"floor":23.0,"key":"Languid Potion"},{"floor":26.0,"key":"Weak Potion"},{"floor":30.0,"key":"Adrenaline Potion"},{"floor":38.0,"key":"SpeedPotion"},{"floor":39.0,"key":"Venom Potion"},{"floor":44.0,"key":"Cursed Concoction"},{"floor":45.0,"key":"Energy Potion"}],"is_trial":false,"path_per_floor":["R","?","M","E","?","R","T","E","R","E","?","$","?","$","M","B",null,"R","?","E","M","?","M","T","?","M","R","T","$","M","$","M","B",null,"R","?","?","?","M","$","T","E","R","E","M","M","M","?","M","B",null,"E","$","R","B",null],"character_chosen":"THE_CHAMP","items_purchased":["champ:BerserkerStyle","champ:IronFortress","Garlic","Guide Book","champ:GutPunch","champ:DefensiveStyle","Juzu Bracelet","Regen Potion"],"campfire_rested":1,"item_purchase_floors":[12,29,29,29,40,40,48,53],"current_hp_per_floor":[90,90,90,90,90,90,90,90,90,76,24,18,40,40,40,26,90,90,90,87,86,74,74,74,74,60,70,70,62,59,59,66,77,100,100,100,100,73,67,67,67,45,75,75,70,69,54,54,40,44,100,86,86,86,98],"gold":81,"neow_bonus":"THREE_ENEMY_KILL","is_daily":false,"chose_seed":false,"campfire_upgraded":5,"win_rate":0.0,"timestamp":1608502724,"path_taken":["R","?","M","E","?","R","T","E","R","E","?","$","?","$","M","BOSS","R","?","E","M","?","?","T","?","?","R","?","$","M","?","M","BOSS","R","?","?","?","M","$","T","E","R","E","M","M","?","?","M","BOSS","E","$","R","BOSS"],"items_purchased_type":["Card","Card","Relic","Relic","Card","Card","Relic","Potion"],"build_version":"2020-12-13","purchased_purges":2,"victory":true,"max_hp_per_floor":[90,90,90,90,90,90,90,90,90,90,90,90,90,90,90,90,90,90,90,90,90,90,90,90,90,90,100,100,100,100,100,100,100,100,100,100,100,100,100,100,100,100,100,100,100,100,100,100,100,100,100,100,100,100,100],"card_choices":[{"not_picked":["champ:BladeFlurry","champ:GladiatorsShout","champ:SwordSigil"],"picked":"SKIP","floor":3.0},{"not_picked":["champ:DefensiveShout","champ:TornadoPunch"],"picked":"champ:Aggression","floor":4.0},{"not_picked":["champ:FalseCounter","champ:EnragedBash","champ:ShieldSigil"],"picked":"SKIP","floor":8.0},{"not_picked":["champ:FocusedDefense","champ:EnchantShield"],"picked":"champ:GladiatorStyle","floor":10.0},{"not_picked":["champ:GladiatorStyle","champ:Lariat"],"picked":"champ:FanOfKnives","floor":11.0},{"not_picked":["champ:AdrenalArmor","champ:BringItOn"],"picked":"champ:StanceDance","floor":12.0},{"not_picked":["champ:FanOfKnives","champ:BladeFlurry","champ:ArenaPreparation"],"picked":"SKIP","floor":14.0},{"not_picked":["champ:RageSigil","champ:BladeFlurry","champ:RisingSlash"],"picked":"SKIP","floor":15.0},{"not_picked":["champ:ViciousMockery","champ:CheapShot","champ:TornadoPunch"],"picked":"SKIP","floor":20.0},{"not_picked":["champ:FocusedGladiator+1","champ:FocusedDefense","champ:PerfectedStrike","Thunderclap"],"picked":"SKIP","floor":21.0},{"not_picked":["champ:StanceDance","champ:Haymaker","Anger"],"picked":"champ:Balance","floor":22.0},{"not_picked":["champ:Haymaker","champ:StanceDance+1","champ:RecklessLeap","Burning Pact"],"picked":"SKIP","floor":23.0},{"not_picked":["champ:SkillfulDodge","champ:ArenaPreparation","champ:RecklessLeap+1","True Grit"],"picked":"SKIP","floor":26.0},{"not_picked":["champ:GladiatorStyle","champ:Control+1","Disarm"],"picked":"champ:EndlessRage","floor":29.0},{"not_picked":["champ:FocusedDefense+1","champ:BerserkersShout","Clash"],"picked":"champ:Backstep","floor":30.0},{"not_picked":["champ:SkillfulDodge","champ:DefensiveShout","champ:GladiatorsShout+1","hubris:ReadiedAction"],"picked":"SKIP","floor":32.0},{"not_picked":["champ:EnGarde+1","champ:Duel","champ:StanceDance","Sword Boomerang"],"picked":"SKIP","floor":39.0},{"not_picked":["champ:AdrenalArmor+1","champ:ShieldSigil","champ:BringItOn","ReplayTheSpireMod:Limb From Limb"],"picked":"SKIP","floor":42.0},{"not_picked":["champ:BladeFlurry","champ:StanceDance+1","Warcry"],"picked":"champ:CalledShot+1","floor":44.0},{"not_picked":["champ:PerfectedStrike","champ:Haymaker+1","champ:AdrenalArmor+1","ReplayTheSpireMod:Corrosion Curse"],"picked":"SKIP","floor":45.0},{"not_picked":["champ:Backstep+1","champ:Riposte+1","champ:ArenaPreparation","Headbutt"],"picked":"SKIP","floor":46.0},{"not_picked":["champ:AdrenalArmor+1","champ:ShieldSigil","champ:BladeFlurry+1"],"picked":"Demon Form","floor":47.0},{"not_picked":["champ:FalseCounter+1","champ:Aggression+1","ReplayReversal"],"picked":"champ:FlashCut+1","floor":49.0},{"not_picked":["champ:Encircle","champ:BerserkersShout","champ:AdrenalArmor+1","Clothesline"],"picked":"SKIP","floor":52}],"player_experience":917828,"relics_obtained":[{"floor":4.0,"key":"infinitespire:Satchel"},{"floor":7.0,"key":"infinitespire:Lucky Rock"},{"floor":8.0,"key":"Replay:WaspNest"},{"floor":10.0,"key":"hubris:SlimyHat"},{"floor":11.0,"key":"Champion Belt"},{"floor":20.0,"key":"hubris:DisguiseKit"},{"floor":22.0,"key":"Toy Ornithopter"},{"floor":28.0,"key":"Pocketwatch"},{"floor":38.0,"key":"Counterbalance"},{"floor":41.0,"key":"War Paint"},{"floor":42.0,"key":"Shovel"},{"floor":44.0,"key":"Grinning Jar"},{"floor":52,"key":"Boot"},{"floor":54,"key":"infinitespire:Midas Blood"}],"event_choices":[{"damage_healed":22.0,"max_hp_gain":0.0,"max_hp_loss":0.0,"gold_gain":0.0,"event_name":"Mushrooms","player_choice":"Healed and dodged fight","floor":13.0,"gold_loss":0.0,"damage_taken":0.0,"cards_obtained":["Parasite"]},{"damage_healed":0.0,"max_hp_gain":0.0,"max_hp_loss":0.0,"gold_gain":0.0,"event_name":"Addict","player_choice":"Stole Relic","floor":19.0,"gold_loss":0.0,"damage_taken":0.0,"relics_obtained":["Mirror"],"cards_obtained":["Shame"]},{"damage_healed":0.0,"max_hp_gain":0.0,"max_hp_loss":0.0,"gold_gain":0.0,"event_name":"Mysterious Sphere","player_choice":"Fight","floor":38.0,"gold_loss":0.0,"damage_taken":0.0}],"is_beta":false,"boss_relics":[{"not_picked":["champ:PowerArmor","SacredBark"],"picked":"Replay:Grab Bag"},{"not_picked":["ReplayTheSpireMod:Onyx Gauntlets","Coffee Dripper"],"picked":"infinitespire:Cupcake"},{"not_picked":["Ectoplasm","Runic Dome"],"picked":"Cursed Key"},{"not_picked":["Pandora\u0027s Box","Ring of Chaos"],"picked":"champ:ChampionCrownUpgraded"},{"not_picked":["Runic Pyramid","Calling Bell"],"picked":"hubris:Stopwatch"},{"not_picked":["Honey Jar","Replay:Drink Me"],"picked":"Empty Cage"}],"items_purged_floors":[12,29],"is_endless":false,"potions_floor_spawned":[8,10,11,15,16,21,23,26,30,32,38,39,44,45,52],"ascension_level":1}}