{"host":"9ndbo4kgsfoemf7y","time":1608451865,"event":{"mods":["AchievementEnabler","BaseMod","Colored Map","DeckTracker","Keyboard Shortcuts","Minty Spire (QoL Compilation)","Permanent Neow","Quick Restart","Relic Stats","StSLib","SuperFastMode"],"gold_per_floor":[113,74,74,97,97,97,97,137,137,137,137,137],"floor_reached":11,"playtime":271,"items_purged":[],"score":131,"play_id":"80cafc51-d35b-49f3-b27a-9d4436188ac0","local_time":"20201220171105","is_ascension_mode":true,"campfire_choices":[{"floor":6.0,"key":"REST"},{"floor":10,"key":"REST"}],"circlet_count":0,"master_deck":["AscendersBane","Strike_G","Strike_G","Strike_G","Strike_G","Strike_G","Defend_G","Defend_G","Defend_G","Defend_G","Defend_G","Survivor","Neutralize","Riddle With Holes","Acrobatics","Blur","Deadly Poison","Pain","Unload"],"relics":["Ring of the Snake","Golden Idol","Girya","WarpedTongs","Snake Skull","Singing Bowl"],"acts_visited":["Exordium"],"potions_floor_usage":[8],"damage_taken":[{"damage":2.0,"enemies":"Jaw Worm","floor":1.0,"turns":4.0},{"damage":6.0,"enemies":"2 Louse","floor":4.0,"turns":5.0},{"damage":32,"enemies":"Lagavulin","floor":8,"turns":7},{"damage":45,"enemies":"Gremlin Nob","floor":11,"turns":3}],"seed_played":"88181948144978912","potions_obtained":[{"floor":4.0,"key":"SteroidPotion"}],"is_trial":false,"path_per_floor":["M","$","?","M","?","R","?","E","T","R","E"],"character_chosen":"THE_SILENT","items_purchased":["Blur"],"campfire_rested":2,"item_purchase_floors":[2],"current_hp_per_floor":[57,57,57,51,25,43,43,11,11,29,0,0],"gold":137,"neow_bonus":"THREE_CARDS","is_daily":false,"chose_seed":false,"campfire_upgraded":0,"win_rate":0.0,"timestamp":1608451865,"path_taken":["M","$","?","M","?","R","?","E","T","R","E"],"items_purchased_type":["Card"],"build_version":"2020-12-13","purchased_purges":0,"victory":false,"max_hp_per_floor":[66,66,60,60,60,60,60,60,60,60,60,60],"relic_stats":{"Singing Bowl":0,"counters":[4,19],"Golden Idol":13,"Snake Skull":[1],"obtain_stats":[{"Girya":5,"Singing Bowl":9,"Golden Idol":3,"Snake Skull":8,"Ring of the Snake":0,"WarpedTongs":7},{"Girya":2,"Singing Bowl":3,"Golden Idol":1,"Snake Skull":3,"Ring of the Snake":0,"WarpedTongs":2},{"Girya":9,"Singing Bowl":16,"Golden Idol":4,"Snake Skull":16,"Ring of the Snake":0,"WarpedTongs":9}],"Ring of the Snake":[8],"WarpedTongs":[10]},"card_choices":[{"not_picked":["Poisoned Stab","Acrobatics"],"picked":"Riddle With Holes","floor":0.0},{"not_picked":["Outmaneuver","Prepared"],"picked":"Acrobatics","floor":1.0},{"not_picked":["Slice","Quick Slash"],"picked":"Deadly Poison","floor":4.0},{"not_picked":["Dodge and Roll","Bane"],"picked":"Unload","floor":8}],"player_experience":717692,"relics_obtained":[{"floor":8,"key":"Snake Skull"},{"floor":9,"key":"Singing Bowl"}],"event_choices":[{"damage_healed":0.0,"max_hp_gain":0.0,"max_hp_loss":6.0,"gold_gain":0.0,"event_name":"Golden Idol","player_choice":"Lose Max HP","floor":3.0,"gold_loss":0.0,"damage_taken":0.0,"relics_obtained":["Golden Idol"]},{"damage_healed":0.0,"max_hp_gain":0.0,"max_hp_loss":0.0,"gold_gain":0.0,"event_name":"Scrap Ooze","player_choice":"Success","floor":5.0,"gold_loss":0.0,"damage_taken":26.0,"relics_obtained":["Girya"]},{"damage_healed":0.0,"max_hp_gain":0.0,"max_hp_loss":0.0,"gold_gain":0.0,"event_name":"Accursed Blacksmith","player_choice":"Rummage","floor":7.0,"gold_loss":0.0,"damage_taken":0.0,"relics_obtained":["WarpedTongs"],"cards_obtained":["Pain"]}],"is_beta":false,"boss_relics":[],"items_purged_floors":[],"is_endless":false,"potions_floor_spawned":[4],"killed_by":"Gremlin Nob","ascension_level":18}}