{"host":"7gewg82ormp6yt4e","time":1608463948,"event":{"mods":["BaseMod","Block Reminder","Colored Map","Colored Powertips","DeckTracker","Highlight Path","Minty Spire (QoL Compilation)","Relic Stats","StSLib"],"gold_per_floor":[119,139,158,158,158,158,183,194,218,246,53,16,16,16,16,90,90,103,120,120,136,136,167,167,181,181,20,20,20,20,20,20,20,20],"floor_reached":33,"playtime":1121,"items_purged":[],"score":567,"play_id":"37257681-722d-4377-bd5b-219748c744eb","local_time":"20201220203228","is_ascension_mode":true,"campfire_choices":[{"data":"Crippling Poison","floor":6.0,"key":"SMITH"},{"data":"Bouncing Flask","floor":15.0,"key":"SMITH"},{"floor":24,"key":"REST"},{"data":"Footwork","floor":30,"key":"SMITH"},{"floor":32,"key":"REST"}],"circlet_count":0,"master_deck":["AscendersBane","Strike_G","Strike_G","Strike_G","Strike_G","Strike_G","Defend_G","Defend_G","Defend_G","Defend_G","Defend_G","Survivor","Neutralize","Crippling Poison+1","PiercingWail","Dagger Throw","Bouncing Flask+1","Corpse Explosion","Footwork+1","Adrenaline","PiercingWail","PiercingWail","Deadly Poison+1"],"relics":["Ring of the Serpent","NeowsBlessing","Bag of Preparation","Lantern","Snake Skull","Juzu Bracelet","Regal Pillow","Pear","Art of War","Smiling Mask"],"acts_visited":["Exordium","TheCity"],"potions_floor_usage":[16,23,33],"damage_taken":[{"damage":0.0,"enemies":"Cultist","floor":1.0,"turns":1.0},{"damage":0.0,"enemies":"Small Slimes","floor":2.0,"turns":1.0},{"damage":0.0,"enemies":"2 Louse","floor":3.0,"turns":1.0},{"damage":21.0,"enemies":"Gremlin Nob","floor":7.0,"turns":4.0},{"damage":11.0,"enemies":"Large Slime","floor":8.0,"turns":7.0},{"damage":13.0,"enemies":"3 Sentries","floor":10.0,"turns":8.0},{"damage":33,"enemies":"Slime Boss","floor":16,"turns":7},{"damage":11,"enemies":"2 Thieves","floor":18,"turns":4},{"damage":0,"enemies":"Chosen","floor":19,"turns":3},{"damage":10,"enemies":"Snecko","floor":21,"turns":4},{"damage":11,"enemies":"Slavers","floor":23,"turns":2},{"damage":3,"enemies":"Snake Plant","floor":25,"turns":4},{"damage":96,"enemies":"Collector","floor":33,"turns":10}],"seed_played":"-3648096939678726646","potions_obtained":[{"floor":3.0,"key":"AttackPotion"},{"floor":7.0,"key":"SteroidPotion"},{"floor":8.0,"key":"BlessingOfTheForge"},{"floor":10.0,"key":"ColorlessPotion"},{"floor":19,"key":"Fire Potion"},{"floor":21,"key":"FearPotion"},{"floor":25,"key":"CunningPotion"}],"is_trial":false,"path_per_floor":["M","M","M","?","?","R","E","M","T","E","$","?","$","?","R","B",null,"M","M","?","M","?","E","R","M","T","$","?","?","R","$","R","B"],"character_chosen":"THE_SILENT","items_purchased":["FairyPotion","Footwork","Art of War"],"campfire_rested":2,"item_purchase_floors":[11,11,27],"current_hp_per_floor":[59,59,59,64,46,46,25,14,14,1,1,1,1,1,1,16,57,46,46,46,36,36,25,61,58,68,68,68,45,45,45,85,0,0],"gold":20,"neow_bonus":"THREE_ENEMY_KILL","is_daily":false,"chose_seed":false,"campfire_upgraded":3,"win_rate":0.0,"timestamp":1608463948,"path_taken":["M","M","?","?","?","R","E","M","T","E","$","?","$","?","R","BOSS","M","M","?","M","?","E","R","M","T","?","?","?","R","$","R","BOSS"],"items_purchased_type":["Potion","Card","Relic"],"build_version":"2020-12-13","purchased_purges":0,"victory":false,"max_hp_per_floor":[66,66,66,71,71,71,71,71,71,71,71,71,71,71,71,71,71,71,71,71,71,71,71,71,71,81,81,81,86,86,86,86,86,86],"relic_stats":{"Regal Pillow":30,"counters":[13,56],"Snake Skull":[65],"Bag of Preparation":[20],"Juzu Bracelet":3,"Art of War":[4],"Smiling Mask":0,"obtain_stats":[{"Lantern":7,"Regal Pillow":23,"Pear":26,"NeowsBlessing":0,"Snake Skull":9,"Bag of Preparation":5,"Juzu Bracelet":10,"Art of War":27,"Smiling Mask":28,"Ring of the Serpent":17,"Ring of the Snake":0},{"Lantern":4,"Regal Pillow":11,"Pear":12,"NeowsBlessing":0,"Snake Skull":5,"Bag of Preparation":3,"Juzu Bracelet":6,"Art of War":12,"Smiling Mask":12,"Ring of the Serpent":7,"Ring of the Snake":0},{"Lantern":7,"Regal Pillow":42,"Pear":46,"NeowsBlessing":0,"Snake Skull":14,"Bag of Preparation":3,"Juzu Bracelet":22,"Art of War":46,"Smiling Mask":46,"Ring of the Serpent":29,"Ring of the Snake":0}]},"card_choices":[{"not_picked":["Prepared","Slice"],"picked":"Crippling Poison","floor":1.0},{"not_picked":["Quick Slash","Heel Hook"],"picked":"PiercingWail","floor":2.0},{"not_picked":["Deflect","Outmaneuver"],"picked":"Dagger Throw","floor":3.0},{"not_picked":["Acrobatics","Cloak And Dagger","Blade Dance"],"picked":"SKIP","floor":7.0},{"not_picked":["Dagger Spray","Dash"],"picked":"Bouncing Flask","floor":8.0},{"not_picked":["Heel Hook","Flying Knee"],"picked":"Corpse Explosion","floor":10.0},{"not_picked":["Venomology","Corpse Explosion"],"picked":"Adrenaline","floor":16},{"not_picked":["Dodge and Roll","Escape Plan"],"picked":"PiercingWail","floor":18},{"not_picked":["Caltrops","All Out Attack"],"picked":"PiercingWail","floor":19},{"not_picked":["Quick Slash+1","Dodge and Roll","Setup"],"picked":"SKIP","floor":21},{"not_picked":["Deflect","Caltrops"],"picked":"Deadly Poison+1","floor":23},{"not_picked":["Eviscerate","Poisoned Stab","Flying Knee"],"picked":"SKIP","floor":25}],"player_experience":2406824,"relics_obtained":[{"floor":7.0,"key":"Lantern"},{"floor":9.0,"key":"Snake Skull"},{"floor":10.0,"key":"Juzu Bracelet"},{"floor":23,"key":"Regal Pillow"},{"floor":26,"key":"Pear"}],"event_choices":[{"damage_healed":0.0,"max_hp_gain":5.0,"max_hp_loss":0.0,"gold_gain":0.0,"event_name":"Big Fish","player_choice":"Donut","floor":4.0,"gold_loss":0.0,"damage_taken":0.0},{"damage_healed":0.0,"max_hp_gain":0.0,"max_hp_loss":0.0,"gold_gain":0.0,"event_name":"Scrap Ooze","player_choice":"Success","floor":5.0,"gold_loss":0.0,"damage_taken":18.0,"relics_obtained":["Bag of Preparation"]},{"damage_healed":0.0,"max_hp_gain":0.0,"max_hp_loss":0.0,"gold_gain":0.0,"event_name":"World of Goop","player_choice":"Left Gold","floor":12.0,"gold_loss":37.0,"damage_taken":0.0},{"damage_healed":0.0,"max_hp_gain":0.0,"max_hp_loss":0.0,"gold_gain":0.0,"event_name":"Shining Light","player_choice":"Ignored","floor":14.0,"gold_loss":0.0,"damage_taken":0.0},{"damage_healed":0,"gold_gain":0,"player_choice":"Ignored","damage_taken":0,"max_hp_gain":0,"max_hp_loss":0,"event_name":"The Mausoleum","floor":20,"gold_loss":0},{"damage_healed":0,"gold_gain":0,"player_choice":"Ignored","damage_taken":0,"max_hp_gain":0,"max_hp_loss":0,"event_name":"Cursed Tome","floor":22,"gold_loss":0},{"damage_healed":0,"gold_gain":0,"player_choice":"Gave Potion","damage_taken":0,"relics_obtained":["Smiling Mask"],"max_hp_gain":0,"max_hp_loss":0,"event_name":"WeMeetAgain","floor":28,"gold_loss":0},{"damage_healed":0,"gold_gain":0,"player_choice":"Shed Blood","damage_taken":28,"max_hp_gain":5,"max_hp_loss":0,"event_name":"Forgotten Altar","floor":29,"gold_loss":0}],"is_beta":false,"boss_relics":[{"not_picked":["Tiny House","HoveringKite"],"picked":"Ring of the Serpent"}],"items_purged_floors":[],"is_endless":false,"potions_floor_spawned":[3,7,8,10,19,21,25],"killed_by":"Collector","ascension_level":20}}