{"host":"Ian","time":1608459802,"event":{"mods":["BaseMod","Bestiary","Block Reminder","Colored Map","Highlight Path","Key Reminder","Minty Spire (QoL Compilation)","Relic Stats"],"gold_per_floor":[112,122,122,136,53,53,81,81,81,100,175,175,191,221,221,298,298,311,40,40,11,22,22,52,52,132,132,161,161,161],"floor_reached":29,"playtime":1181,"items_purged":["Perfected Strike"],"score":688,"play_id":"09cc1a39-cfe0-4635-a812-1f4ed1a02ab2","local_time":"20201220102322","is_ascension_mode":true,"campfire_choices":[{"data":"Bash","floor":6.0,"key":"SMITH"},{"data":"Whirlwind","floor":8.0,"key":"SMITH"},{"floor":12.0,"key":"REST"},{"data":"Combust","floor":15.0,"key":"SMITH"},{"data":"True Grit","floor":23.0,"key":"SMITH"},{"data":"Berserk","floor":25.0,"key":"SMITH"},{"data":"Armaments","floor":27.0,"key":"SMITH"}],"circlet_count":0,"master_deck":["AscendersBane","Bash+1","Whirlwind+1","Fire Breathing","Armaments+1","Shrug It Off","Combust+1","Carnage","Impervious","Berserk+1","Body Slam","Double Tap","Burning Pact","Flex","Hemokinesis","Twin Strike","Rampage","Dark Embrace","Chrysalis","True Grit+1","Ghostly Armor","Spot Weakness"],"relics":["Burning Blood","Strawberry","Paper Frog","Sundial","Dead Branch","Pandora\u0027s Box","Question Card","keyreminder:keyreminder","Dream Catcher"],"acts_visited":["Exordium","TheCity"],"potions_floor_usage":[28,28],"damage_taken":[{"damage":6.0,"enemies":"Small Slimes","floor":1.0,"turns":4.0},{"damage":11.0,"enemies":"Cultist","floor":2.0,"turns":4.0},{"damage":7.0,"enemies":"2 Louse","floor":4.0,"turns":3.0},{"damage":25.0,"enemies":"3 Sentries","floor":7.0,"turns":5.0},{"damage":12.0,"enemies":"Looter","floor":10.0,"turns":3.0},{"damage":1.0,"enemies":"Large Slime","floor":13.0,"turns":4.0},{"damage":15.0,"enemies":"Lagavulin","floor":14.0,"turns":7.0},{"damage":3.0,"enemies":"Slime Boss","floor":16.0,"turns":5.0},{"damage":1.0,"enemies":"3 Byrds","floor":18.0,"turns":3.0},{"damage":12.0,"enemies":"Chosen","floor":22.0,"turns":3.0},{"damage":6.0,"enemies":"Gremlin Leader","floor":24.0,"turns":5.0},{"damage":67,"enemies":"Slavers","floor":28,"turns":7},{"damage":16,"enemies":"Shelled Parasite and Fungi","floor":29,"turns":1}],"seed_played":"-3436086593848929145","potions_obtained":[{"floor":1.0,"key":"ColorlessPotion"},{"floor":10.0,"key":"Energy Potion"},{"floor":13.0,"key":"Block Potion"},{"floor":16.0,"key":"DuplicationPotion"},{"floor":18.0,"key":"Ancient Potion"},{"floor":22.0,"key":"Explosive Potion"},{"floor":24.0,"key":"Strength Potion"}],"is_trial":false,"path_per_floor":["M","M","?","M","$","R","E","R","T","M","?","R","M","E","R","B",null,"M","$","?","$","M","R","E","R","T","R","E","M"],"character_chosen":"IRONCLAD","items_purchased":["Fire Breathing","Chrysalis","True Grit"],"campfire_rested":1,"item_purchase_floors":[5,19,21],"current_hp_per_floor":[75,70,70,69,69,69,50,50,50,44,33,57,62,53,53,56,76,81,81,81,81,75,75,75,75,75,75,14,0,0],"gold":161,"neow_bonus":"RANDOM_COMMON_RELIC","is_daily":false,"chose_seed":false,"campfire_upgraded":6,"win_rate":0.0,"timestamp":1608459802,"path_taken":["M","M","?","M","?","R","E","R","T","M","?","R","M","E","R","BOSS","M","$","?","$","M","R","E","R","T","R","E","M"],"items_purchased_type":["Card","Card","Card"],"build_version":"2020-12-18","purchased_purges":1,"victory":false,"max_hp_per_floor":[82,82,82,82,82,82,82,82,82,82,82,82,82,82,82,82,82,82,82,82,82,82,82,82,82,82,82,82,82,82],"relic_stats":{"Dream Catcher":0,"counters":[13,54],"Sundial":[4],"Dead Branch":[15],"Pandora\u0027s Box":["Berserk","Body Slam","Double Tap","Burning Pact","Flex","Hemokinesis","Twin Strike","Rampage","Dark Embrace"],"Question Card":1,"obtain_stats":[{"keyreminder:keyreminder":26,"Dream Catcher":28,"Sundial":9,"Strawberry":0,"Dead Branch":14,"Pandora\u0027s Box":17,"Question Card":24,"Burning Blood":0,"Paper Frog":7},{"keyreminder:keyreminder":11,"Dream Catcher":12,"Sundial":4,"Strawberry":0,"Dead Branch":7,"Pandora\u0027s Box":8,"Question Card":11,"Burning Blood":0,"Paper Frog":4},{"keyreminder:keyreminder":46,"Dream Catcher":53,"Sundial":16,"Strawberry":0,"Dead Branch":30,"Pandora\u0027s Box":35,"Question Card":46,"Burning Blood":0,"Paper Frog":16}],"Burning Blood":72},"card_choices":[{"not_picked":["True Grit","Reckless Charge","Sword Boomerang"],"picked":"SKIP","floor":1.0},{"not_picked":["Warcry","Spot Weakness"],"picked":"Whirlwind","floor":2.0},{"not_picked":["Body Slam","Reckless Charge","Infernal Blade"],"picked":"SKIP","floor":4.0},{"not_picked":["Twin Strike","Evolve"],"picked":"Armaments","floor":7.0},{"not_picked":["Iron Wave","Thunderclap"],"picked":"Shrug It Off","floor":10.0},{"not_picked":["Feed","Headbutt"],"picked":"Combust","floor":13.0},{"not_picked":["Flex","Pommel Strike"],"picked":"Carnage","floor":14.0},{"not_picked":["Reaper","Limit Break"],"picked":"Impervious","floor":16.0},{"not_picked":["Pommel Strike+1","Iron Wave","Bloodletting"],"picked":"SKIP","floor":18.0},{"not_picked":["Pommel Strike+1","Iron Wave","Bloodletting"],"picked":"SKIP","floor":18.0},{"not_picked":["True Grit","Flex"],"picked":"Ghostly Armor","floor":22.0},{"not_picked":["Metallicize","Dual Wield"],"picked":"Spot Weakness","floor":24.0},{"not_picked":["Headbutt","Flex","Berserk","Searing Blow+1"],"picked":"SKIP","floor":28}],"player_experience":2574750,"relics_obtained":[{"floor":7.0,"key":"Paper Frog"},{"floor":9.0,"key":"Sundial"},{"floor":14.0,"key":"Dead Branch"},{"floor":24.0,"key":"Question Card"},{"floor":28,"key":"Dream Catcher"}],"event_choices":[{"damage_healed":0.0,"max_hp_gain":0.0,"max_hp_loss":0.0,"gold_gain":0.0,"event_name":"Match and Keep!","player_choice":"1 cards matched","floor":3.0,"gold_loss":0.0,"damage_taken":0.0,"cards_obtained":["Perfected Strike"]},{"damage_healed":0.0,"max_hp_gain":0.0,"max_hp_loss":0.0,"gold_gain":75.0,"event_name":"World of Goop","player_choice":"Gather Gold","floor":11.0,"gold_loss":0.0,"damage_taken":11.0},{"damage_healed":0.0,"max_hp_gain":0.0,"max_hp_loss":0.0,"gold_gain":0.0,"event_name":"Vampires","player_choice":"Ignored","floor":20.0,"gold_loss":0.0,"damage_taken":0.0}],"is_beta":true,"boss_relics":[{"not_picked":["Empty Cage","Astrolabe"],"picked":"Pandora\u0027s Box"}],"items_purged_floors":[19],"is_endless":false,"potions_floor_spawned":[1,10,13,16,18,22,24],"killed_by":"Shelled Parasite and Fungi","ascension_level":20}}