{"host":"gj32n68c553yo87c","time":1608436805,"event":{"mods":["BaseMod","Downfall","Minty Spire (QoL Compilation)","Replay The Spire","StSLib","The Cursed"],"gold_per_floor":[110,128,145,161,178,178,213,226,281,281,281,27,41,60,60,163,163,174,189,189,207,226,226,259,259,259,85,97,116,148,160,160,255,255,268,288,136,136,147,147,147,164,164,198,217,231,251,251,251,251],"floor_reached":51,"playtime":2407,"items_purged":["TheCursedMod:CircleOfBlood","TheCursedMod:CursedWand"],"score":1054,"play_id":"653cffcb-2b9a-43b6-b086-79a36d5d03ce","local_time":"20201219200005","is_ascension_mode":false,"campfire_choices":[{"data":"TheCursedMod:ManaBullet","floor":6.0,"key":"SMITH"},{"data":"TheCursedMod:CleanUpWorkshop","floor":11.0,"key":"SMITH"},{"data":"TheCursedMod:CircleOfFlame","floor":15.0,"key":"SMITH"},{"data":"TheCursedMod:CircleOfWindfury","floor":23.0,"key":"SMITH"},{"data":"TheCursedMod:CircleOfAbyss","floor":25.0,"key":"SMITH"},{"data":"TheCursedMod:CircleOfCorruption","floor":32.0,"key":"SMITH"},{"data":"TheCursedMod:CursedShiv","floor":40.0,"key":"SMITH"},{"data":"TheCursedMod:Wield","floor":41.0,"key":"SMITH"}],"circlet_count":0,"master_deck":["TheCursedMod:CleanUpWorkshop+1","TheCursedMod:CursedShiv+1","TheCursedMod:Wield+1","TheCursedMod:ManaBullet+1","TheCursedMod:CircleOfFlame+1","TheCursedMod:CircleOfWindfury+1","TheCursedMod:CircleOfCorruption+1","TheCursedMod:CircleOfAbyss+1","Finesse+1"],"relics":["TheCursedMod:MagicCandle","Blood Vial","MealTicket","Onion Ring","Centennial Puzzle","WingedGreaves","Mirror","Coffee Dripper","StoneCalendar","Pantograph"],"acts_visited":["Exordium","TheCity","TheBeyond"],"potions_floor_usage":[50,50],"damage_taken":[{"damage":0.0,"enemies":"2 Louse","floor":1.0,"turns":1.0},{"damage":0.0,"enemies":"Cultist","floor":2.0,"turns":1.0},{"damage":0.0,"enemies":"Jaw Worm","floor":3.0,"turns":1.0},{"damage":0.0,"enemies":"Exordium Thugs","floor":4.0,"turns":1.0},{"damage":0.0,"enemies":"Red Slaver","floor":5.0,"turns":1.0},{"damage":0.0,"enemies":"Gremlin Nob","floor":7.0,"turns":1.0},{"damage":0.0,"enemies":"Gremlin Gang","floor":8.0,"turns":1.0},{"damage":0.0,"enemies":"3 Louse","floor":13.0,"turns":1.0},{"damage":0.0,"enemies":"2 Fungi Beasts","floor":14.0,"turns":1.0},{"damage":0.0,"enemies":"Slime Boss","floor":16.0,"turns":2.0},{"damage":0.0,"enemies":"2 Thieves","floor":18.0,"turns":1.0},{"damage":0.0,"enemies":"Shell Parasite","floor":19.0,"turns":2.0},{"damage":0.0,"enemies":"Cultist and Chosen","floor":21.0,"turns":2.0},{"damage":0.0,"enemies":"Chosen and Byrds","floor":22.0,"turns":2.0},{"damage":0.0,"enemies":"Replay:Snechameleon","floor":24.0,"turns":2.0},{"damage":0.0,"enemies":"Snecko","floor":28.0,"turns":2.0},{"damage":0.0,"enemies":"Snake Plant","floor":29.0,"turns":1.0},{"damage":0.0,"enemies":"Gremlin Leader","floor":30.0,"turns":1.0},{"damage":0.0,"enemies":"Shelled Parasite and Fungi","floor":31.0,"turns":1.0},{"damage":0.0,"enemies":"Champ","floor":33.0,"turns":2.0},{"damage":0.0,"enemies":"3 Shapes","floor":35.0,"turns":1.0},{"damage":0.0,"enemies":"Orb Walker","floor":36.0,"turns":1.0},{"damage":0.0,"enemies":"Writhing Mass","floor":39.0,"turns":1.0},{"damage":0.0,"enemies":"Maw","floor":42.0,"turns":1.0},{"damage":0.0,"enemies":"R_Hoarder","floor":44.0,"turns":1.0},{"damage":0.0,"enemies":"3 Darklings","floor":45.0,"turns":1.0},{"damage":0.0,"enemies":"Writhing Mass","floor":46.0,"turns":1.0},{"damage":0.0,"enemies":"Transient","floor":47.0,"turns":1.0},{"damage":10,"enemies":"Awakened One","floor":50,"turns":3}],"seed_played":"6354618727663123882","potions_obtained":[{"floor":4.0,"key":"Swift Potion"},{"floor":7.0,"key":"Block Potion"},{"floor":14.0,"key":"Milkshake"},{"floor":16.0,"key":"AttackPotion"},{"floor":19.0,"key":"Strength Potion"},{"floor":22.0,"key":"Weak Potion"},{"floor":24.0,"key":"BlessingOfTheForge"},{"floor":29.0,"key":"DistilledChaos"},{"floor":36.0,"key":"SteroidPotion"},{"floor":47.0,"key":"Ancient Potion"}],"is_trial":false,"path_per_floor":["M","M","M","M","M","R","E","M","T","?","R","$","M","M","R","B",null,"M","M","?","M","M","R","E","R","T","$","M","M","E","M","R","B",null,"M","M","$","?","M","R","R","M","T","E","M","M","M","?","R","B",null],"character_chosen":"THE_CURSED","items_purchased":["Onion Ring","Swift Potion","Block Potion","FearPotion"],"campfire_rested":0,"item_purchase_floors":[12,27,27,37],"current_hp_per_floor":[82,82,82,82,82,82,82,82,82,82,82,82,82,82,82,82,82,82,82,82,82,82,82,82,82,82,82,82,82,82,82,82,82,82,82,82,82,82,82,82,82,82,82,82,82,82,82,82,82,72],"gold":251,"neow_bonus":"TEN_PERCENT_HP_BONUS","is_daily":false,"chose_seed":false,"campfire_upgraded":8,"win_rate":0.0,"timestamp":1608436805,"path_taken":["M","M","M","M","M","R","E","M","T","?","R","$","M","M","R","BOSS","M","M","?","?","M","R","E","R","T","$","M","M","E","M","R","BOSS","M","M","$","?","M","R","R","M","T","E","M","M","M","?","R","BOSS"],"items_purchased_type":["Relic","Potion","Potion","Potion"],"build_version":"2020-12-13","purchased_purges":2,"victory":true,"max_hp_per_floor":[82,82,82,82,82,82,82,82,82,82,82,82,82,82,82,82,82,82,82,82,82,82,82,82,82,82,82,82,82,82,82,82,82,82,82,82,82,82,82,82,82,82,82,82,82,82,82,82,82,82],"card_choices":[{"not_picked":["TheCursedMod:CursedMace","TheCursedMod:VitalStrike"],"picked":"TheCursedMod:CircleOfBlood","floor":1.0},{"not_picked":["TheCursedMod:SurpriseAttack","TheCursedMod:Stigma","TheCursedMod:TroublousMinions"],"picked":"SKIP","floor":2.0},{"not_picked":["TheCursedMod:FleshFromBone","TheCursedMod:CursedBlade","TheCursedMod:TacticalStrike"],"picked":"SKIP","floor":3.0},{"not_picked":["TheCursedMod:SmokeScreen","TheCursedMod:CircleOfFlame","TheCursedMod:UltimatePain"],"picked":"SKIP","floor":4.0},{"not_picked":["TheCursedMod:Stigma","TheCursedMod:WearCloak","TheCursedMod:SmokeScreen"],"picked":"SKIP","floor":5.0},{"not_picked":["TheCursedMod:VoidForm","TheCursedMod:BloodBarrier","TheCursedMod:PrepareRite"],"picked":"SKIP","floor":7.0},{"not_picked":["TheCursedMod:CursedArmor","TheCursedMod:ReleasedKnowledge","TheCursedMod:CircleOfFlame"],"picked":"SKIP","floor":8.0},{"not_picked":["TheCursedMod:CursedArmor","TheCursedMod:ReleasedKnowledge","TheCursedMod:CircleOfFlame"],"picked":"SKIP","floor":8.0},{"not_picked":["TheCursedMod:SmokeScreen","TheCursedMod:DoubleShield","TheCursedMod:ReleasedKnowledge"],"picked":"SKIP","floor":13.0},{"not_picked":["TheCursedMod:Evocation","TheCursedMod:Obscuration","TheCursedMod:SpitefulStrike"],"picked":"SKIP","floor":14.0},{"not_picked":["TheCursedMod:CursedSpellbook","TheCursedMod:CursedArmor+1","TheCursedMod:WearCloak"],"picked":"SKIP","floor":18.0},{"not_picked":["TheCursedMod:SurpriseAttack","TheCursedMod:Obscuration","TheCursedMod:RapidMovement"],"picked":"SKIP","floor":19.0},{"not_picked":["TheCursedMod:PrepareRite","TheCursedMod:SmokeScreen","TheCursedMod:RapidMovement+1"],"picked":"SKIP","floor":21.0},{"not_picked":["TheCursedMod:VitalStrike","TheCursedMod:CursedBlade","TheCursedMod:CircleOfFocus"],"picked":"SKIP","floor":22.0},{"not_picked":["TheCursedMod:CircleOfFlame+1","TheCursedMod:SoulCrush+1","TheCursedMod:RapidMovement+1"],"picked":"SKIP","floor":24.0},{"not_picked":["TheCursedMod:RavingStaff","TheCursedMod:CircleOfCorruption","TheCursedMod:VitalStrike"],"picked":"SKIP","floor":28.0},{"not_picked":["TheCursedMod:VitalStrike","TheCursedMod:ParallelWorld","TheCursedMod:CircleOfCorruption+1"],"picked":"SKIP","floor":29.0},{"not_picked":["TheCursedMod:RavingStaff","TheCursedMod:CursedStaff","TheCursedMod:TacticalStrike"],"picked":"SKIP","floor":30.0},{"not_picked":["TheCursedMod:CursedArmor","TheCursedMod:Mangle","TheCursedMod:CircleOfCorruption"],"picked":"SKIP","floor":31.0},{"not_picked":["TheCursedMod:CursedShiv+1","TheCursedMod:SpitefulPlan","TheCursedMod:Hemoplague+1"],"picked":"SKIP","floor":35.0},{"not_picked":["TheCursedMod:SmokeScreen","TheCursedMod:SaltUponWound+1","TheCursedMod:Hemoplague"],"picked":"SKIP","floor":36.0},{"not_picked":["TheCursedMod:CircleOfCorruption+1","TheCursedMod:CursedBlade","TheCursedMod:RapidMovement+1"],"picked":"SKIP","floor":39.0},{"not_picked":["TheCursedMod:CursedMace","TheCursedMod:ReleasedStrength","TheCursedMod:DemonSword"],"picked":"SKIP","floor":42.0},{"not_picked":["TheCursedMod:CircleOfWindfury","TheCursedMod:Wield+1","TheCursedMod:CursedBlade+1"],"picked":"SKIP","floor":44.0},{"not_picked":["TheCursedMod:CircleOfWindfury+1","TheCursedMod:Stretching","TheCursedMod:VitalStrike"],"picked":"SKIP","floor":45.0},{"not_picked":["TheCursedMod:BlessingInDisguise+1","TheCursedMod:CursedBlade+1","TheCursedMod:RapidMovement"],"picked":"SKIP","floor":46.0},{"not_picked":["TheCursedMod:Stigma+1","TheCursedMod:SoulCrush+1","TheCursedMod:PrepareRite"],"picked":"SKIP","floor":47.0}],"player_experience":42075,"relics_obtained":[{"floor":7.0,"key":"Blood Vial"},{"floor":9.0,"key":"MealTicket"},{"floor":24.0,"key":"Centennial Puzzle"},{"floor":26.0,"key":"WingedGreaves"},{"floor":30.0,"key":"Mirror"},{"floor":43.0,"key":"StoneCalendar"},{"floor":44.0,"key":"Pantograph"}],"event_choices":[{"damage_healed":0.0,"max_hp_gain":0.0,"max_hp_loss":0.0,"gold_gain":0.0,"event_name":"Liars Game","player_choice":"Ignored","floor":10.0,"gold_loss":0.0,"damage_taken":0.0},{"damage_healed":0.0,"max_hp_gain":0.0,"max_hp_loss":0.0,"gold_gain":0.0,"event_name":"Match and Keep!","player_choice":"0 cards matched","floor":20.0,"gold_loss":0.0,"damage_taken":0.0,"cards_obtained":[]},{"damage_healed":0.0,"max_hp_gain":0.0,"max_hp_loss":0.0,"gold_gain":0.0,"event_name":"Accursed Blacksmith","player_choice":"Forge","floor":48.0,"gold_loss":0.0,"damage_taken":0.0,"cards_upgraded":["Finesse"]}],"is_beta":false,"boss_relics":[{"not_picked":["Astrolabe","Fusion Hammer","Velvet Choker"]},{"not_picked":["Calling Bell","Sozu"],"picked":"Coffee Dripper"}],"items_purged_floors":[27,37],"is_endless":false,"potions_floor_spawned":[4,7,14,16,19,22,24,29,31,36,39,45,47],"ascension_level":0}}