{"host":"ky7z67tg8zpdk0g7","time":1608481907,"event":{"mods":["BaseMod","Beaked The Cultist","Better Third Choice","CapriCore","Displayed Cursed Tome","Energized Spire","Fireblade Mod","Hubris","Lobotomy","LobotomyExtend","Minty Spire (QoL Compilation)","Replay The Spire","SOS???????","Shop Mod","StSLib","Td1madao Mod","The Dragon Tamer","The Hierophant","The Immortal","The Marked","The Necromancer","TheBandit","TheWitcher"],"gold_per_floor":[119,138,32,48,59,59,72,72,95,95,109,109,138,158,158,262,262,272,272,272,291,303,303,316,350,377,392,392,412,412,428,428,533,533,543,558,577,588,602,602,602,634,689,689,689,700,716,716,716],"floor_reached":48,"playtime":2266,"items_purged":[],"score":517,"play_id":"21fdca63-779b-45cb-aa57-e61dabf27706","local_time":"20201220233147","is_ascension_mode":false,"campfire_choices":[{"data":"theMarked:ComboAttacks","floor":6.0,"key":"SMITH"},{"data":"theMarked:BanishingWave","floor":8.0,"key":"SMITH"},{"data":"theMarked:MagicAdept","floor":12.0,"key":"SMITH"},{"data":"theMarked:Polarize","floor":15.0,"key":"SMITH"},{"data":"theMarked:Electrocute","floor":23.0,"key":"SMITH"},{"data":"theMarked:EternalStudent","floor":28.0,"key":"SMITH"},{"data":"theMarked:Electrocute","floor":30.0,"key":"SMITH"},{"data":"theMarked:MysticalArsenal","floor":32.0,"key":"SMITH"},{"data":"theMarked:Challenge","floor":40.0,"key":"SMITH"},{"floor":45.0,"key":"RECALL"}],"circlet_count":0,"master_deck":["theMarked:Strike","theMarked:Strike","theMarked:Defend","theMarked:Defend","theMarked:Defend","theMarked:Defend","theMarked:SoldierOfQuellstein","theMarked:Electrocute+1","theMarked:BanishingStrike","theMarked:MagicAdept+1","theMarked:BanishingWave+1","theMarked:Frustration","theMarked:ComboAttacks+1","theMarked:HeritageOfTheMarked","theMarked:GodGivenPower","theMarked:Polarize+1","theMarked:Challenge+1","theMarked:Seal","theMarked:Panic","theMarked:MysticalArsenal+1","theMarked:HeritageOfTheMarked","theMarked:Electrocute+1","theMarked:RogueSparks+1","theMarked:EternalStudent+1","theMarked:ResourceFulStrike+1","theMarked:EmpowerWeapon","theMarked:SummonStrength","theMarked:Generate","theMarked:PowerFlow","theMarked:ChainLightning+1","theMarked:MaelstromOfLightning+1","theMarked:ThrowWeapon","theMarked:EnhanceMovement+1","theMarked:StartUp+1"],"relics":["theMarked:ArtifactOfAir","NeowsBlessing","LetterFromLob","Blue Doll","HonorFeather","Heaven_r","theMarked:DemonDagger","energizedSpire:DeadBattery","hubris:ToyBattleship","Bag of Marbles","Replay:Bronze Core","hubris:Icosahedron","Omamori"],"acts_visited":["Exordium","TheCity","TheBeyond"],"potions_floor_usage":[],"damage_taken":[{"damage":0.0,"enemies":"Cultist","floor":1.0,"turns":1.0},{"damage":0.0,"enemies":"Small Slimes","floor":2.0,"turns":1.0},{"damage":0.0,"enemies":"2 Louse","floor":4.0,"turns":1.0},{"damage":0.0,"enemies":"Large Slime","floor":5.0,"turns":4.0},{"damage":0.0,"enemies":"Lots of Slimes","floor":7.0,"turns":1.0},{"damage":0.0,"enemies":"Gremlin Gang","floor":10.0,"turns":9.0},{"damage":56.0,"enemies":"Gremlin Gang","floor":10.0,"turns":4.0},{"damage":0.0,"enemies":"Gremlin Gang","floor":11.0,"turns":3.0},{"damage":22.0,"enemies":"3 Sentries","floor":13.0,"turns":3.0},{"damage":9.0,"enemies":"Blue Slaver","floor":14.0,"turns":3.0},{"damage":47.0,"enemies":"Fading Forest","floor":16.0,"turns":11.0},{"damage":2.0,"enemies":"Chosen","floor":18.0,"turns":3.0},{"damage":18.0,"enemies":"Shell Parasite","floor":21.0,"turns":4.0},{"damage":18.0,"enemies":"Snake Plant","floor":22.0,"turns":3.0},{"damage":15.0,"enemies":"Centurion and Healer","floor":24.0,"turns":3.0},{"damage":37.0,"enemies":"Slavers","floor":25.0,"turns":3.0},{"damage":12.0,"enemies":"Cultist and Chosen","floor":27.0,"turns":4.0},{"damage":10.0,"enemies":"Sentry and Sphere","floor":29.0,"turns":3.0},{"damage":12.0,"enemies":"Snake Plant","floor":31.0,"turns":3.0},{"damage":48.0,"enemies":"Collector","floor":33.0,"turns":5.0},{"damage":22.0,"enemies":"3 Darklings","floor":35.0,"turns":4.0},{"damage":10.0,"enemies":"Orb Walker","floor":36.0,"turns":2.0},{"damage":15.0,"enemies":"Transient","floor":37.0,"turns":5.0},{"damage":49.0,"enemies":"Jaw Worm Horde","floor":38.0,"turns":5.0},{"damage":3.0,"enemies":"Writhing Mass","floor":39.0,"turns":3.0},{"damage":33.0,"enemies":"Giant Head","floor":42.0,"turns":6.0},{"damage":32,"enemies":"Maw","floor":46,"turns":5},{"damage":24,"enemies":"Jaw Worm Horde","floor":47,"turns":4},{"damage":15,"enemies":"beaked:SuperParasite","floor":48,"turns":1}],"seed_played":"5881706217194684234","potions_obtained":[{"floor":1.0,"key":"Explosive Potion"},{"floor":4.0,"key":"Dexterity Potion"},{"floor":7.0,"key":"EssenceOfSteel"},{"floor":13.0,"key":"Weak Potion"},{"floor":22.0,"key":"Swift Potion"},{"floor":27.0,"key":"CultistPotion"},{"floor":31.0,"key":"EntropicBrew"},{"floor":33.0,"key":"Toxic Potion"},{"floor":37.0,"key":"theMarked:SummonPotion"},{"floor":38.0,"key":"Flashbang"},{"floor":42.0,"key":"SpeedPotion"},{"floor":47,"key":"Reflective Coating"}],"is_trial":false,"path_per_floor":["M","M","$","M","M","R","M","R","T","M","M","R","E","M","R","B",null,"M","?","?","M","M","R","M","E","T","M","R","M","R","M","R","B",null,"M","M","M","M","M","R","?","E","T","?","R","M","M","E"],"character_chosen":"THE_DEFAULT","items_purchased":["theMarked:MagicAdept","theMarked:BanishingWave"],"campfire_rested":0,"item_purchase_floors":[3,3],"current_hp_per_floor":[70,70,70,70,70,70,70,70,70,14,14,70,48,39,70,32,70,68,68,68,50,32,70,55,18,18,6,70,60,70,58,70,22,70,48,38,23,10,7,70,70,37,37,37,70,38,14,0,0],"gold":716,"neow_bonus":"THREE_ENEMY_KILL","is_daily":false,"chose_seed":false,"campfire_upgraded":9,"win_rate":0.0,"timestamp":1608481907,"path_taken":["M","?","?","?","M","R","M","R","T","M","M","R","E","M","R","BOSS","M","?","?","M","M","R","M","E","T","?","R","M","R","M","R","BOSS","M","?","M","M","M","R","?","E","T","?","R","M","?","E"],"items_purchased_type":["Card","Card"],"build_version":"2020-12-13","purchased_purges":0,"victory":false,"max_hp_per_floor":[70,70,70,70,70,70,70,70,70,70,70,70,70,70,70,70,70,70,70,70,70,70,70,70,70,70,70,70,70,70,70,70,70,70,70,70,70,70,70,70,70,70,70,70,70,70,70,70,70],"card_choices":[{"not_picked":["theMarked:ReduceFriction","theMarked:ContemptForTheProud"],"picked":"theMarked:Electrocute","floor":1.0},{"not_picked":["theMarked:Overcharge","theMarked:ParalyzingBlade"],"picked":"theMarked:BanishingStrike","floor":2.0},{"not_picked":["theMarked:ReduceFriction","theMarked:RepellingDischarge"],"picked":"theMarked:Frustration","floor":4.0},{"not_picked":["theMarked:WardOff","theMarked:BanishingStrike"],"picked":"theMarked:ComboAttacks","floor":5.0},{"not_picked":["theMarked:Panic","theMarked:WastefulDefense"],"picked":"theMarked:HeritageOfTheMarked","floor":7.0},{"not_picked":["theMarked:Improvise","theMarked:SwordAndMagic"],"picked":"theMarked:GodGivenPower","floor":11.0},{"not_picked":["theMarked:UnarmedFury","theMarked:Parkour"],"picked":"theMarked:Polarize","floor":13.0},{"not_picked":["theMarked:TakeCover","theMarked:Static","theMarked:HeightenedSenses"],"picked":"SKIP","floor":14.0},{"not_picked":["theMarked:UnarmedFury","theMarked:MuscleMemory"],"picked":"theMarked:Challenge","floor":16.0},{"not_picked":["theMarked:EmpowerWeapon","theMarked:HeightenedSenses"],"picked":"theMarked:Seal","floor":18.0},{"not_picked":["theMarked:Opportunist","theMarked:TwofoldDefense+1","theMarked:HeritageOfTheMarked"],"picked":"SKIP","floor":21.0},{"not_picked":["theMarked:Opportunist","theMarked:TwofoldDefense+1"],"picked":"theMarked:HeritageOfTheMarked","floor":21.0},{"not_picked":["theMarked:HeightenedSenses","theMarked:CreepingChasm+1"],"picked":"theMarked:Electrocute","floor":22.0},{"not_picked":["theMarked:EmpowerWeapon+1","theMarked:CreepingChasm"],"picked":"theMarked:RogueSparks+1","floor":24.0},{"not_picked":["theMarked:HeightenedSenses","theMarked:Polarize"],"picked":"theMarked:EternalStudent","floor":25.0},{"not_picked":["theMarked:ContemptForTheProud+1","theMarked:Improvise"],"picked":"theMarked:ResourceFulStrike+1","floor":27.0},{"not_picked":["theMarked:KeepCalmAndFightOn","theMarked:ContemptForTheProud","theMarked:SwordAndMagic"],"picked":"SKIP","floor":29.0},{"not_picked":["theMarked:ResourceFulStrike+1","theMarked:RepellingDischarge"],"picked":"theMarked:EmpowerWeapon","floor":31.0},{"not_picked":["theMarked:FavorableWinds","theMarked:SuspiciousRaven"],"picked":"theMarked:SummonStrength","floor":33.0},{"not_picked":["theMarked:RogueSparks","theMarked:BanishingStrike"],"picked":"theMarked:Generate","floor":35.0},{"not_picked":["theMarked:Opportunist","theMarked:Frustration+1"],"picked":"theMarked:PowerFlow","floor":36.0},{"not_picked":["theMarked:Parkour","theMarked:WastefulAttack+1"],"picked":"theMarked:ChainLightning+1","floor":37.0},{"not_picked":["theMarked:Aftermath+1","theMarked:TwofoldDefense+1"],"picked":"theMarked:MaelstromOfLightning+1","floor":38.0},{"not_picked":["theMarked:Electrocute","theMarked:Aftermath"],"picked":"theMarked:ThrowWeapon","floor":39.0},{"not_picked":["theMarked:Frustration","theMarked:Improvise","theMarked:CreepingChasm+1"],"picked":"SKIP","floor":42.0},{"not_picked":["theMarked:ContemptForTheProud","theMarked:Indomitable+1"],"picked":"theMarked:EnhanceMovement+1","floor":46},{"not_picked":["theMarked:Panic","theMarked:SelfDefenseTraining+1"],"picked":"theMarked:StartUp+1","floor":47}],"player_experience":279926,"relics_obtained":[{"floor":1.0,"key":"LetterFromLob"},{"floor":9.0,"key":"Blue Doll"},{"floor":13.0,"key":"theMarked:DemonDagger"},{"floor":25.0,"key":"hubris:ToyBattleship"},{"floor":26.0,"key":"Bag of Marbles"},{"floor":42.0,"key":"Omamori"}],"event_choices":[{"damage_healed":0.0,"max_hp_gain":0.0,"max_hp_loss":0.0,"gold_gain":0.0,"cards_transformed":["theMarked:Strike","theMarked:Strike"],"event_name":"Drug Dealer","player_choice":"Became Test Subject","floor":19.0,"gold_loss":0.0,"damage_taken":0.0,"cards_obtained":["theMarked:Panic","theMarked:MysticalArsenal"]},{"cards_removed":["theMarked:Strike"],"damage_healed":0.0,"max_hp_gain":0.0,"max_hp_loss":0.0,"gold_gain":0.0,"event_name":"Purifier","player_choice":"Purged","floor":20.0,"gold_loss":0.0,"damage_taken":0.0},{"damage_healed":0.0,"max_hp_gain":0.0,"max_hp_loss":0.0,"gold_gain":0.0,"event_name":"betterThird:BetterPortal","player_choice":"Ignored","floor":44.0,"gold_loss":0.0,"damage_taken":0.0}],"is_beta":false,"boss_relics":[{"not_picked":["hubris:Stopwatch","Replay:Drink Me"],"picked":"energizedSpire:DeadBattery"},{"not_picked":["energizedSpire:OgreHead","energizedSpire:NeverEndingSparkler"],"picked":"Replay:Bronze Core"}],"items_purged_floors":[],"is_endless":false,"potions_floor_spawned":[1,4,7,13,22,24,27,31,33,37,38,42,47],"killed_by":"beaked:SuperParasite","ascension_level":0}}