{"host":"lw874zp3en0pz6a7","time":1608471447,"event":{"mods":["Act Like it!","BaseMod","Downfall","Key Reminder","KinomotoSakuraMod(木之本樱)","LagranYue(拉格朗・月)","Luminous","Marisa（F雨　魔理沙）","Minty Spire (QoL Compilation)","Quick Restart","READ ME - Guardian Mod","Reimu（博丽灵梦）","Remilia（蕾米莉亚）","Replay The Spire","SIMod","SOS（斯巴达之子）","Shop Mod","StSLib","Td1madao Mod","The Administrix","The Bladedancer","The Bug Knight","The Construct","The Cursed","The Gatherer","The Runesmith","The Servant 0.9.4","WarShipGirlsR/战舰少女R mod","Youmu（魂魄妖梦）","[地精首领爬塔]The Maniac","vexMod"],"gold_per_floor":[211,286,6,6,16,44,9,9,34,34,59,76,101,121,121,219,219,234,240,140,143,154,154,184,195,195,195,229,297,317,331,331,435,435,446,457,457,470,470,503,523,548,548,573,573,628,628,628,628,628,628,628,71,104,97],"floor_reached":56,"playtime":4173,"items_purged":["Strike_S","Strike_S+1","Defend_S"],"score":1876,"play_id":"6451dd7b-4f45-4d65-8f74-80718992f966","local_time":"20201220213727","is_ascension_mode":true,"campfire_choices":[{"data":"Exchange","floor":8.0,"key":"SMITH"},{"data":"Potential","floor":15.0,"key":"SMITH"},{"data":"Replace","floor":23.0,"key":"SMITH"},{"data":"Alleviate","floor":27.0,"key":"SMITH"},{"data":"ShatteredReality","floor":32,"key":"SMITH"},{"data":"Dilation","floor":47,"key":"SMITH"},{"floor":49,"key":"RECALL"},{"data":"Madness","floor":52,"key":"SMITH"}],"circlet_count":0,"master_deck":["Strike_S","Strike_S+1","Defend_S+1","Defend_S+1","Defend_S","KidneyShot","Exchange+1","Alleviate+1","Potential+1","FastForward","ShatteredReality+1","TheWorld","InstantArmor","Replace+1","TheWorld","Foresight+1","Defy+1","DualDimension","Potential+1","ShiftingGears+1","BottledTime","Dilation+1","TimeWarp","ShiftingGears+1","Madness+1","Madness","TimeWarp+1","TimeWarp+1","BottledTime","Foresight","BestPractice+1"],"relics":["Uniform","LagranYue:RandomDrawCardRelic","Replay:Baseball","Bottled Flame","Juzu Bracelet","vexMod:PlasmaPancake","Odd Mushroom","vexMod:DeviousBotling","Eternal Feather","Orichalcum","Gremlin Food","Thread and Needle","Coffee Dripper","Pocketwatch","Pantograph","Ancient Tea Set","LagranYue:GuideDeadRelic","Replay:Towering Pillar of Hats","PureWhite:ReiMu","vexMod:Dragonfruit","Simple Rune","Toolbox","construct:BoolHorns"],"acts_visited":["Exordium","TheCity","TheBeyond","TheEnding"],"potions_floor_usage":[30,55,55,55,55,55,55],"damage_taken":[{"damage":1.0,"enemies":"Small Slimes","floor":1.0,"turns":4.0},{"damage":0.0,"enemies":"2 Louse","floor":5.0,"turns":3.0},{"damage":15.0,"enemies":"3 Sentries","floor":6.0,"turns":11.0},{"damage":36.0,"enemies":"Gremlin Nob","floor":11.0,"turns":5.0},{"damage":0.0,"enemies":"Jaw Worm","floor":12.0,"turns":2.0},{"damage":0.0,"enemies":"HollowMod:MossKnight","floor":13.0,"turns":2.0},{"damage":0.0,"enemies":"The Mushroom Lair","floor":14.0,"turns":2.0},{"damage":15.0,"enemies":"The Guardian","floor":16.0,"turns":10.0},{"damage":6.0,"enemies":"Shell Parasite","floor":18.0,"turns":4.0},{"damage":0.0,"enemies":"Chosen","floor":19.0,"turns":4.0},{"damage":0.0,"enemies":"Snake Plant","floor":21.0,"turns":5.0},{"damage":0.0,"enemies":"Cultist and Chosen","floor":22.0,"turns":4.0},{"damage":2.0,"enemies":"HollowMod:Nosk","floor":24.0,"turns":7.0},{"damage":0.0,"enemies":"Centurion and Healer","floor":25.0,"turns":5.0},{"damage":0.0,"enemies":"Book of Stabbing","floor":28.0,"turns":4.0},{"damage":0,"enemies":"Gremlin Leader","floor":30,"turns":7},{"damage":0,"enemies":"Snecko","floor":31,"turns":6},{"damage":12,"enemies":"Collector","floor":33,"turns":10},{"damage":0,"enemies":"Orb Walker","floor":35,"turns":3},{"damage":0,"enemies":"3 Darklings","floor":36,"turns":6},{"damage":0,"enemies":"Transient","floor":38,"turns":5},{"damage":0,"enemies":"Giant Head","floor":40,"turns":5},{"damage":0,"enemies":"Maw","floor":41,"turns":6},{"damage":0,"enemies":"R_Hoarder","floor":42,"turns":7},{"damage":8,"enemies":"Giant Head","floor":44,"turns":7},{"damage":7,"enemies":"2 Orb Walkers","floor":46,"turns":5},{"damage":4,"enemies":"Awakened One","floor":50,"turns":12},{"damage":0,"enemies":"Shield and Spear","floor":54,"turns":6},{"damage":61,"enemies":"The Heart","floor":55,"turns":11}],"seed_played":"6432188654707938800","potions_obtained":[{"floor":5.0,"key":"FairyPotion"},{"floor":11.0,"key":"FearPotion"},{"floor":12.0,"key":"Explosive Potion"},{"floor":22.0,"key":"PowerPotion"},{"floor":24.0,"key":"Adrenaline Potion"},{"floor":29,"key":"EntropicBrew"},{"floor":30,"key":"DistilledChaos"},{"floor":42,"key":"Dexterity Potion"}],"is_trial":false,"path_per_floor":["M","?","$","?","M","E","?","R","T","?","E","M","E","?","R","B",null,"M","M","$","M","M","R","E","M","T","R","E","?","E","M","R","B",null,"M","M","?","M","T","E","M","E","T","E","?","?","R","T","R","B",null,"R","$","E","B",null],"character_chosen":"THE_SERVANT","items_purchased":["Potential","Replay:Baseball","BottledTime","Simple Rune","Toolbox","Foresight"],"campfire_rested":0,"item_purchase_floors":[3,3,53,53,53,53],"current_hp_per_floor":[58,47,47,34,34,19,35,35,35,35,19,19,25,25,25,10,56,50,50,50,50,50,50,48,48,48,60,60,43,43,43,55,43,64,64,64,55,55,55,55,55,55,55,47,54,47,62,67,76,72,75,76,76,76,15],"gold":97,"neow_bonus":"HUNDRED_GOLD","is_daily":false,"chose_seed":false,"campfire_upgraded":7,"win_rate":0.0,"timestamp":1608471447,"path_taken":["M","?","$","?","M","E","?","R","T","?","E","M","E","?","R","BOSS","M","M","$","M","M","R","E","M","T","R","E","?","E","M","R","BOSS","M","M","?","M","?","E","M","E","T","E","?","?","R","?","R","BOSS","R","$","E","BOSS"],"items_purchased_type":["Card","Relic","Card","Relic","Relic","Card"],"build_version":"2020-12-13","purchased_purges":3,"victory":true,"max_hp_per_floor":[65,65,65,65,65,65,65,65,65,65,65,65,71,71,71,71,71,71,71,71,71,71,71,71,71,71,71,71,71,71,71,71,71,71,71,71,71,71,71,71,71,71,71,71,71,71,71,76,76,76,76,76,76,76,76],"card_choices":[{"not_picked":["Unruled","Read"],"picked":"Alleviate","floor":1.0},{"not_picked":["Defy","Potential"],"picked":"FastForward","floor":5.0},{"not_picked":["FastForward","Alleviate"],"picked":"ShatteredReality","floor":6.0},{"not_picked":["Foresight","Rewind"],"picked":"TheWorld","floor":11.0},{"not_picked":["Alleviate","DoubleEdge"],"picked":"InstantArmor","floor":12.0},{"not_picked":["StarChef","Shuttle","MoonPhase"],"picked":"SKIP","floor":13.0},{"not_picked":["ShatteredReality","Unruled"],"picked":"Replace","floor":14.0},{"not_picked":["TrueSight","MurderousAura"],"picked":"TheWorld","floor":16.0},{"not_picked":["Snipe+1","Barrier"],"picked":"Foresight+1","floor":18.0},{"not_picked":["FanOfKnives","Orbit"],"picked":"Defy+1","floor":19.0},{"not_picked":["Defy","Shuttle+1"],"picked":"DualDimension","floor":21.0},{"not_picked":["Alleviate+1","InstantArmor"],"picked":"Potential+1","floor":22.0},{"not_picked":["DancingSilver","FastForward","Luminosity"],"picked":"SKIP","floor":24.0},{"not_picked":["ShatteredReality","SilverBlades+1"],"picked":"ShiftingGears+1","floor":25.0},{"not_picked":["Unruled+1","SilverMatrix"],"picked":"BottledTime","floor":28.0},{"not_picked":["Rewind","Hightail","Revamp"],"picked":"SKIP","floor":30},{"not_picked":["Spin","DancingSilver","Defy"],"picked":"SKIP","floor":31},{"not_picked":["ForgedInTime","Solidify"],"picked":"Dilation","floor":33},{"not_picked":["FastForward","WasteNot"],"picked":"TimeWarp","floor":35},{"not_picked":["Orbit+1","Collapse+1"],"picked":"ShiftingGears+1","floor":36},{"not_picked":["DoubleEdge+1","Spin"],"picked":"TimeWarp+1","floor":38},{"not_picked":["Deadline","TimeTheft+1","DoubleEdge"],"picked":"SKIP","floor":40},{"not_picked":["SpecialFormula","Potential","Moondial+1"],"picked":"SKIP","floor":41},{"not_picked":["Gouge+1","ForgedInTime","InstantArmor+1"],"picked":"SKIP","floor":42},{"not_picked":["DoubleEdge","SpecialFormula+1"],"picked":"TimeWarp+1","floor":44},{"not_picked":["Read+1","Replace"],"picked":"BestPractice+1","floor":54}],"player_experience":281326,"relics_obtained":[{"floor":6.0,"key":"Bottled Flame"},{"floor":11.0,"key":"Juzu Bracelet"},{"floor":13.0,"key":"vexMod:PlasmaPancake"},{"floor":14.0,"key":"Odd Mushroom"},{"floor":24.0,"key":"Eternal Feather"},{"floor":26.0,"key":"Orichalcum"},{"floor":28.0,"key":"Gremlin Food"},{"floor":30,"key":"Thread and Needle"},{"floor":39,"key":"Pocketwatch"},{"floor":40,"key":"Pantograph"},{"floor":42,"key":"Ancient Tea Set"},{"floor":43,"key":"LagranYue:GuideDeadRelic"},{"floor":44,"key":"Replay:Towering Pillar of Hats"},{"floor":46,"key":"PureWhite:ReiMu"},{"floor":48,"key":"vexMod:Dragonfruit"},{"floor":54,"key":"construct:BoolHorns"}],"event_choices":[{"damage_healed":0.0,"max_hp_gain":0.0,"max_hp_loss":0.0,"gold_gain":75.0,"event_name":"World of Goop","player_choice":"Gather Gold","floor":2.0,"gold_loss":0.0,"damage_taken":11.0},{"damage_healed":0.0,"max_hp_gain":0.0,"max_hp_loss":0.0,"gold_gain":0.0,"event_name":"Shining Light","player_choice":"Entered Light","floor":4.0,"gold_loss":0.0,"damage_taken":13.0,"cards_upgraded":["Strike_S","Strike_S"]},{"damage_healed":16.0,"max_hp_gain":0.0,"max_hp_loss":0.0,"gold_gain":0.0,"event_name":"The Cleric","player_choice":"Healed","floor":7.0,"gold_loss":35.0,"damage_taken":0.0},{"damage_healed":0.0,"max_hp_gain":0.0,"max_hp_loss":0.0,"gold_gain":0.0,"event_name":"Mushrooms","player_choice":"Fought Mushrooms","floor":14.0,"gold_loss":0.0,"damage_taken":0.0},{"damage_healed":0,"gold_gain":0,"player_choice":"Embrace Madness","damage_taken":9,"max_hp_gain":0,"max_hp_loss":0,"event_name":"Winding Halls","floor":37,"gold_loss":0,"cards_obtained":["Madness","Madness"]},{"damage_healed":0,"gold_gain":0,"player_choice":"Fight","damage_taken":0,"max_hp_gain":0,"max_hp_loss":0,"event_name":"Mysterious Sphere","floor":46,"gold_loss":0}],"is_beta":false,"boss_relics":[{"not_picked":["Runic Dome","construct:WeddingRing"],"picked":"vexMod:DeviousBotling"},{"not_picked":["Fusion Hammer","vexMod:MysteryBossChallenge"],"picked":"Coffee Dripper"}],"items_purged_floors":[3,20,53],"is_endless":false,"potions_floor_spawned":[5,11,12,22,24,25,30,38,41,42,44,54],"ascension_level":7}}