{"host":"egyxg9lnjq7g2hmw","time":1608450686,"event":{"mods":["AchievementEnabler","BaseMod","Block Reminder","Colored Map","Colored Powertips","Highlight Path","Minty Spire (QoL Compilation)","Rare Cards Sparkle","StSLib"],"gold_per_floor":[112,124,141,141,153,153,153],"floor_reached":6,"playtime":259,"items_purged":[],"score":76,"play_id":"1643c007-e94b-4578-9ebf-31f0937aae4a","local_time":"20201219235126","is_ascension_mode":true,"campfire_choices":[],"circlet_count":0,"master_deck":["AscendersBane","Strike_G","Strike_G","Strike_G","Strike_G","Strike_G","Defend_G","Defend_G","Defend_G","Defend_G","Defend_G","Survivor","Neutralize","Deadly Poison","Flying Knee","Backflip","Dash","Dagger Spray"],"relics":["Ring of the Snake","NeowsBlessing"],"acts_visited":["Exordium"],"potions_floor_usage":[5],"damage_taken":[{"damage":0,"enemies":"Cultist","floor":1,"turns":1},{"damage":0,"enemies":"Small Slimes","floor":2,"turns":1},{"damage":0,"enemies":"Jaw Worm","floor":3,"turns":1},{"damage":0,"enemies":"3 Louse","floor":5,"turns":2},{"damage":60,"enemies":"Lagavulin","floor":6,"turns":7}],"seed_played":"5065450153299153440","potions_obtained":[{"floor":3,"key":"Explosive Potion"}],"is_trial":false,"path_per_floor":["M","M","M","?","M","E"],"character_chosen":"THE_SILENT","items_purchased":[],"campfire_rested":0,"item_purchase_floors":[],"current_hp_per_floor":[59,59,59,59,59,0,0],"gold":153,"neow_bonus":"THREE_ENEMY_KILL","is_daily":false,"chose_seed":false,"campfire_upgraded":0,"win_rate":0.0,"timestamp":1608450686,"path_taken":["M","?","?","?","?","E"],"items_purchased_type":[],"build_version":"2020-12-13","purchased_purges":0,"victory":false,"max_hp_per_floor":[66,66,66,66,66,66,66],"card_choices":[{"not_picked":["Cloak And Dagger","Catalyst"],"picked":"Deadly Poison","floor":1},{"not_picked":["Distraction","Blade Dance"],"picked":"Flying Knee","floor":2},{"not_picked":["Deflect","Flechettes"],"picked":"Backflip","floor":3},{"not_picked":["Acrobatics","Leg Sweep"],"picked":"Dagger Spray","floor":5}],"player_experience":548226,"relics_obtained":[],"event_choices":[{"damage_healed":0,"gold_gain":0,"player_choice":"1 cards matched","damage_taken":0,"max_hp_gain":0,"max_hp_loss":0,"event_name":"Match and Keep!","floor":4,"gold_loss":0,"cards_obtained":["Dash"]},{"damage_healed":0,"gold_gain":0,"player_choice":"1 cards matched","damage_taken":0,"max_hp_gain":0,"max_hp_loss":0,"event_name":"Match and Keep!","floor":4,"gold_loss":0,"cards_obtained":["Dash"]},{"damage_healed":0,"gold_gain":0,"player_choice":"1 cards matched","damage_taken":0,"max_hp_gain":0,"max_hp_loss":0,"event_name":"Match and Keep!","floor":4,"gold_loss":0,"cards_obtained":["Dash"]},{"damage_healed":0,"gold_gain":0,"player_choice":"1 cards matched","damage_taken":0,"max_hp_gain":0,"max_hp_loss":0,"event_name":"Match and Keep!","floor":4,"gold_loss":0,"cards_obtained":["Dash"]}],"is_beta":false,"boss_relics":[],"items_purged_floors":[],"is_endless":false,"potions_floor_spawned":[3],"killed_by":"Lagavulin","ascension_level":20}}