{"host":"bq4pt811tk9yrmjl","time":1608506547,"event":{"mods":["AchievementEnabler","BaseMod","Colored Map","Colored Powertips","Defuse TimeMaze Blight","Minty Spire (QoL Compilation)","StSLib","SuperFastMode","UnlockEverythingMod"],"gold_per_floor":[112,112,139,155,155,155,187,112,112,175,175,202,221,248,248,349,349,368,399,399,65,82,115,132,132,132,152,152,164,164,182,182,278,278,288,54,104,154,154,154,154,154,154,154,154,154,154,54,54,54,54,54,5,39,39,39],"floor_reached":55,"playtime":1224,"items_purged":["Strike_R","Strike_R"],"score":718,"play_id":"784c9a9a-941c-4025-aee6-7a42bf896d74","local_time":"20201220212227","is_ascension_mode":true,"campfire_choices":[{"data":"Anger","floor":6.0,"key":"SMITH"},{"floor":11.0,"key":"REST"},{"data":"Berserk","floor":15.0,"key":"SMITH"},{"floor":25.0,"key":"REST"},{"floor":28.0,"key":"REST"},{"data":"Apotheosis","floor":32,"key":"SMITH"},{"floor":40,"key":"RECALL"},{"data":"Disarm","floor":41,"key":"SMITH"},{"data":"Juggernaut","floor":44,"key":"SMITH"},{"floor":47,"key":"REST"},{"data":"Madness","floor":49,"key":"SMITH"},{"data":"Madness","floor":52,"key":"SMITH"}],"circlet_count":0,"master_deck":["Strike_R","Strike_R","Strike_R","Defend_R","Defend_R","Defend_R","Defend_R","Bash","Disarm+1","Anger+1","Berserk+1","Flame Barrier","Twin Strike","Juggernaut+1","Cleave+1","Apotheosis+1","Feel No Pain+1","Thunderclap+1","Infernal Blade+1","Rampage+1","Flex+1","Spot Weakness","Body Slam+1","Madness+1","Madness+1","Disarm+1","Iron Wave+1"],"relics":["Burning Blood","NeowsBlessing","Potion Belt","Pantograph","White Beast Statue","Self Forming Clay","Mummified Hand","Omamori","Runic Cube","Red Mask","Bag of Preparation","Oddly Smooth Stone","MealTicket","Peace Pipe","Cursed Key","Juzu Bracelet","WingedGreaves","Lizard Tail","Lantern","Singing Bowl","Bronze Scales"],"acts_visited":["Exordium","TheCity","TheBeyond","TheEnding"],"potions_floor_usage":[31,33,35,37,50,50,50,50,50,54,54,54,55,55,55],"damage_taken":[{"damage":0.0,"enemies":"Small Slimes","floor":1.0,"turns":1.0},{"damage":0.0,"enemies":"Jaw Worm","floor":4.0,"turns":1.0},{"damage":0.0,"enemies":"Gremlin Nob","floor":7.0,"turns":1.0},{"damage":40.0,"enemies":"Gremlin Nob","floor":10.0,"turns":5.0},{"damage":30.0,"enemies":"3 Sentries","floor":12.0,"turns":10.0},{"damage":0.0,"enemies":"2 Louse","floor":13.0,"turns":3.0},{"damage":44.0,"enemies":"Hexaghost","floor":16.0,"turns":8.0},{"damage":8.0,"enemies":"Chosen","floor":18.0,"turns":4.0},{"damage":28.0,"enemies":"Masked Bandits","floor":19.0,"turns":5.0},{"damage":13.0,"enemies":"2 Thieves","floor":22.0,"turns":3.0},{"damage":48.0,"enemies":"Gremlin Leader","floor":23.0,"turns":7.0},{"damage":9.0,"enemies":"3 Cultists","floor":24.0,"turns":6.0},{"damage":7.0,"enemies":"Chosen and Byrds","floor":27.0,"turns":7.0},{"damage":12.0,"enemies":"Snake Plant","floor":29.0,"turns":4.0},{"damage":0,"enemies":"Cultist and Chosen","floor":31,"turns":6},{"damage":48,"enemies":"Champ","floor":33,"turns":10},{"damage":0,"enemies":"3 Shapes","floor":35,"turns":3},{"damage":25,"enemies":"2 Orb Walkers","floor":37,"turns":3},{"damage":0,"enemies":"Mind Bloom Boss Battle","floor":38,"turns":7},{"damage":52,"enemies":"Time Eater","floor":50,"turns":11},{"damage":25,"enemies":"Shield and Spear","floor":54,"turns":5},{"damage":101,"enemies":"The Heart","floor":55,"turns":8}],"seed_played":"-7152039920498547005","potions_obtained":[{"floor":4.0,"key":"Swift Potion"},{"floor":7.0,"key":"Swift Potion"},{"floor":10.0,"key":"ElixirPotion"},{"floor":12.0,"key":"Strength Potion"},{"floor":13.0,"key":"EssenceOfSteel"},{"floor":16.0,"key":"SteroidPotion"},{"floor":18.0,"key":"FearPotion"},{"floor":19.0,"key":"Explosive Potion"},{"floor":22.0,"key":"Regen Potion"},{"floor":23.0,"key":"BlessingOfTheForge"},{"floor":24.0,"key":"Dexterity Potion"},{"floor":27.0,"key":"BlessingOfTheForge"},{"floor":29.0,"key":"DistilledChaos"},{"floor":31,"key":"PowerPotion"},{"floor":33,"key":"Strength Potion"},{"floor":35,"key":"Fire Potion"},{"floor":37,"key":"Block Potion"},{"floor":46,"key":"EntropicBrew"},{"floor":54,"key":"ElixirPotion"}],"is_trial":false,"path_per_floor":["M","?","T","M","?","R","E","$","T","?","R","E","M","T","R","B",null,"M","?","?","$","M","E","M","R","T","M","R","M","?","M","R","B",null,"M","$","?","?","?","R","R","?","T","R","?","?","R","$","R","B",null,"R","$","E","B"],"character_chosen":"IRONCLAD","items_purchased":["Apotheosis","Oddly Smooth Stone","Juzu Bracelet","Spot Weakness","AttackPotion"],"campfire_rested":4,"item_purchase_floors":[21,21,36,36,53],"current_hp_per_floor":[80,77,77,80,80,80,80,80,80,46,70,46,52,52,52,39,80,78,56,56,56,49,22,19,43,43,42,66,60,60,66,66,38,80,80,80,61,80,80,80,80,70,70,70,70,70,80,80,80,34,80,80,80,73,20,20],"gold":39,"neow_bonus":"THREE_ENEMY_KILL","is_daily":false,"chose_seed":false,"campfire_upgraded":7,"win_rate":0.0,"timestamp":1608506547,"path_taken":["M","?","?","M","?","R","E","$","T","?","R","E","?","?","R","BOSS","M","?","?","?","M","E","M","R","T","M","R","M","?","M","R","BOSS","M","$","?","?","?","R","R","?","T","R","?","?","R","?","R","BOSS","R","$","E","BOSS"],"items_purchased_type":["Card","Relic","Relic","Card","Potion"],"build_version":"2020-12-13","purchased_purges":2,"victory":false,"max_hp_per_floor":[80,80,80,80,80,80,80,80,80,80,80,80,80,80,80,80,80,80,80,80,80,80,80,80,80,80,80,80,80,80,80,80,80,80,80,80,80,80,80,80,80,80,80,80,80,80,80,80,80,80,80,80,80,80,80,80],"card_choices":[{"not_picked":["Heavy Blade","Hemokinesis"],"picked":"Disarm","floor":1.0},{"not_picked":["Blood for Blood","Armaments"],"picked":"Anger","floor":4.0},{"not_picked":["Havoc","Dropkick"],"picked":"Berserk","floor":7.0},{"not_picked":["Intimidate","Anger"],"picked":"Flame Barrier","floor":10.0},{"not_picked":["Ghostly Armor","Wild Strike"],"picked":"Twin Strike","floor":12.0},{"not_picked":["Heavy Blade","Dual Wield","Armaments"],"picked":"SKIP","floor":13.0},{"not_picked":["Berserk","Reaper"],"picked":"Juggernaut","floor":16.0},{"not_picked":["Shockwave","Power Through"],"picked":"Cleave+1","floor":18.0},{"not_picked":["Body Slam","Anger","Perfected Strike"],"picked":"SKIP","floor":22.0},{"not_picked":["Sentinel","Anger+1"],"picked":"Feel No Pain+1","floor":23.0},{"not_picked":["Flex","Warcry+1"],"picked":"Thunderclap+1","floor":24.0},{"not_picked":["Headbutt","Flex","Entrench"],"picked":"SKIP","floor":27.0},{"not_picked":["Fire Breathing","Power Through+1"],"picked":"Infernal Blade+1","floor":29.0},{"not_picked":["Dropkick","Warcry"],"picked":"Rampage+1","floor":31},{"not_picked":["Iron Wave","Sentinel+1"],"picked":"Flex+1","floor":35},{"not_picked":["Reckless Charge+1","Inflame"],"picked":"Body Slam+1","floor":37},{"not_picked":["Body Slam+1","Havoc"],"picked":"Iron Wave+1","floor":54}],"player_experience":88258,"relics_obtained":[{"floor":7.0,"key":"Pantograph"},{"floor":9.0,"key":"White Beast Statue"},{"floor":10.0,"key":"Self Forming Clay"},{"floor":12.0,"key":"Mummified Hand"},{"floor":14.0,"key":"Omamori"},{"floor":19.0,"key":"Red Mask"},{"floor":23.0,"key":"MealTicket"},{"floor":26.0,"key":"Peace Pipe"},{"floor":37,"key":"WingedGreaves"},{"floor":38,"key":"Lizard Tail"},{"floor":43,"key":"Singing Bowl"},{"floor":54,"key":"Bronze Scales"}],"event_choices":[{"damage_healed":0.0,"max_hp_gain":0.0,"max_hp_loss":0.0,"gold_gain":0.0,"event_name":"Scrap Ooze","player_choice":"Success","floor":2.0,"gold_loss":0.0,"damage_taken":3.0,"relics_obtained":["Potion Belt"]},{"damage_healed":0.0,"max_hp_gain":0.0,"max_hp_loss":0.0,"gold_gain":0.0,"event_name":"Golden Wing","player_choice":"Ignored","floor":5.0,"gold_loss":0.0,"damage_taken":0.0},{"damage_healed":0.0,"max_hp_gain":0.0,"max_hp_loss":0.0,"gold_gain":0.0,"event_name":"Dead Adventurer","player_choice":"Searched \u00272\u0027 times","floor":10.0,"gold_loss":0.0,"damage_taken":0.0},{"damage_healed":0.0,"max_hp_gain":0.0,"max_hp_loss":0.0,"gold_gain":0.0,"event_name":"Masked Bandits","player_choice":"Fought Bandits","floor":19.0,"gold_loss":0.0,"damage_taken":0.0},{"damage_healed":0.0,"max_hp_gain":0.0,"max_hp_loss":0.0,"gold_gain":0.0,"event_name":"The Mausoleum","player_choice":"Opened","floor":20.0,"gold_loss":0.0,"damage_taken":0.0,"relics_obtained":["Bag of Preparation"]},{"damage_healed":0.0,"max_hp_gain":0.0,"max_hp_loss":0.0,"gold_gain":0.0,"event_name":"Ghosts","player_choice":"Ignored","floor":30.0,"gold_loss":0.0,"damage_taken":0.0},{"damage_healed":0,"gold_gain":0,"player_choice":"Fight","damage_taken":0,"max_hp_gain":0,"max_hp_loss":0,"event_name":"Mysterious Sphere","floor":37,"gold_loss":0},{"damage_healed":0,"gold_gain":0,"player_choice":"Fight","damage_taken":0,"max_hp_gain":0,"max_hp_loss":0,"event_name":"MindBloom","floor":38,"gold_loss":0},{"damage_healed":0,"gold_gain":0,"player_choice":"Gave Potion","damage_taken":0,"relics_obtained":["Lantern"],"max_hp_gain":0,"max_hp_loss":0,"event_name":"WeMeetAgain","floor":39,"gold_loss":0},{"damage_healed":0,"gold_gain":0,"player_choice":"Embrace Madness","damage_taken":10,"max_hp_gain":0,"max_hp_loss":0,"event_name":"Winding Halls","floor":42,"gold_loss":0,"cards_obtained":["Madness","Madness"]},{"damage_healed":0,"gold_gain":0,"player_choice":"Copied","damage_taken":0,"max_hp_gain":0,"max_hp_loss":0,"event_name":"Duplicator","floor":45,"gold_loss":0,"cards_obtained":["Disarm"]},{"damage_healed":0,"gold_gain":0,"player_choice":"Got Potions","damage_taken":0,"max_hp_gain":0,"max_hp_loss":0,"event_name":"Lab","floor":46,"gold_loss":0}],"is_beta":false,"boss_relics":[{"not_picked":["Pandora\u0027s Box","Snecko Eye"],"picked":"Runic Cube"},{"not_picked":["Runic Pyramid","Velvet Choker"],"picked":"Cursed Key"}],"items_purged_floors":[8,48],"is_endless":false,"potions_floor_spawned":[4,7,10,12,13,16,18,19,22,23,24,27,29,31,33,35,37,38,54],"killed_by":"The Heart","ascension_level":1}}