{"host":"qfskrnw3pl1q86j0","time":1608498325,"event":{"mods":["BaseMod","Block Reminder","Hermit","Marisa????????","Minty Spire (QoL Compilation)","Quick Restart","Random Character Button","StSLib","The Poker Player","slay the spire mod where everything is the same but ironclad has a cowboy hat"],"gold_per_floor":[116,116,30,50,50,50,75,75,75,75,114,128,78,103,103,223,223,242,342,356,19,37,2,16,16,16,16,54,54,54,73,73,73,73],"floor_reached":33,"playtime":784,"items_purged":["Strike_R"],"score":265,"play_id":"ca976182-fc38-4aa8-b8b2-142d72a2726b","local_time":"20201220220525","is_ascension_mode":false,"campfire_choices":[{"data":"Bash","floor":6,"key":"SMITH"},{"data":"Heavy Blade","floor":8,"key":"SMITH"},{"data":"Inflame","floor":10,"key":"SMITH"},{"data":"Inflame","floor":15,"key":"SMITH"},{"data":"Metallicize","floor":25,"key":"SMITH"},{"data":"Inflame","floor":27,"key":"SMITH"},{"data":"Sword Boomerang","floor":29,"key":"SMITH"},{"data":"Pommel Strike","floor":32,"key":"SMITH"}],"circlet_count":0,"master_deck":["Strike_R","Strike_R","Strike_R","Defend_R","Defend_R","Defend_R","Defend_R","Bash+1","Pommel Strike+1","Shrug It Off","Inflame+1","Heavy Blade+1","Pommel Strike","Inflame+1","Metallicize+1","Sword Boomerang+1","Double Tap","Shrug It Off","Cleave+1","Inflame+1","Twin Strike+1","Heavy Blade+1"],"relics":["Burning Blood","Strawberry","Golden Idol","Sundial","Toy Ornithopter","Sozu","Molten Egg 2","Matryoshka","Gremlin Horn","MutagenicStrength"],"acts_visited":["Exordium","TheCity"],"potions_floor_usage":[11,12,16],"damage_taken":[{"damage":2,"enemies":"2 Louse","floor":1,"turns":4},{"damage":6,"enemies":"Cultist","floor":4,"turns":3},{"damage":3,"enemies":"Jaw Worm","floor":7,"turns":3},{"damage":13,"enemies":"Lagavulin","floor":11,"turns":6},{"damage":16,"enemies":"Lots of Slimes","floor":12,"turns":4},{"damage":5,"enemies":"Looter","floor":14,"turns":3},{"damage":24,"enemies":"Hexaghost","floor":16,"turns":8},{"damage":14,"enemies":"2 Thieves","floor":18,"turns":4},{"damage":0,"enemies":"Chosen","floor":20,"turns":3},{"damage":14,"enemies":"Shelled Parasite and Fungi","floor":22,"turns":4},{"damage":0,"enemies":"Snecko","floor":24,"turns":3},{"damage":30,"enemies":"Book of Stabbing","floor":28,"turns":4},{"damage":18,"enemies":"Snake Plant","floor":31,"turns":3},{"damage":43,"enemies":"Champ","floor":33,"turns":6}],"seed_played":"-8644984360479300565","potions_obtained":[{"floor":7,"key":"AttackPotion"},{"floor":11,"key":"Ancient Potion"},{"floor":12,"key":"HeartOfIron"}],"is_trial":false,"path_per_floor":["M","?","$","M","?","R","M","R","T","R","E","M","?","M","R","B",null,"M","?","M","$","M","$","M","R","T","R","E","R","?","M","R","B"],"character_chosen":"IRONCLAD","items_purchased":["Shrug It Off","Inflame","Molten Egg 2","Inflame"],"campfire_rested":0,"item_purchase_floors":[3,3,21,23],"current_hp_per_floor":[87,81,81,81,81,81,81,81,81,81,74,69,69,70,70,57,81,73,73,79,79,71,71,77,77,77,77,53,53,53,41,41,0,0],"gold":73,"neow_bonus":"RANDOM_COMMON_RELIC","is_daily":false,"chose_seed":false,"campfire_upgraded":8,"win_rate":0.0,"timestamp":1608498325,"path_taken":["M","?","$","M","?","R","M","R","T","R","E","M","?","M","R","BOSS","M","?","?","$","M","$","M","R","T","R","E","R","?","M","R","BOSS"],"items_purchased_type":["Card","Card","Relic","Card"],"build_version":"2020-12-13","purchased_purges":1,"victory":false,"max_hp_per_floor":[87,81,81,81,81,81,81,81,81,81,81,81,81,81,81,81,81,81,81,81,81,81,81,81,81,81,81,81,81,81,81,81,81,81],"card_choices":[{"not_picked":["Iron Wave","Anger"],"picked":"Pommel Strike","floor":1},{"not_picked":["Uppercut","Wild Strike"],"picked":"Heavy Blade","floor":4},{"not_picked":["Wild Strike","Brutality"],"picked":"Pommel Strike","floor":7},{"not_picked":["Carnage","Sword Boomerang"],"picked":"Inflame","floor":11},{"not_picked":["Clothesline","Havoc"],"picked":"Metallicize","floor":12},{"not_picked":["Fire Breathing","Feel No Pain"],"picked":"Sword Boomerang","floor":14},{"not_picked":["Offering","Feed"],"picked":"Double Tap","floor":16},{"not_picked":["Clothesline","Warcry"],"picked":"Shrug It Off","floor":18},{"not_picked":["Burning Pact+1","Sentinel+1","Flex"],"picked":"SKIP","floor":20},{"not_picked":["Second Wind","Blood for Blood+1"],"picked":"Cleave+1","floor":22},{"not_picked":["Searing Blow+1","Warcry"],"picked":"Twin Strike+1","floor":24},{"not_picked":["Searing Blow+1","Sword Boomerang+1"],"picked":"Heavy Blade+1","floor":28},{"not_picked":["Dark Embrace+1","Twin Strike+1","Rampage+1"],"picked":"SKIP","floor":31}],"player_experience":852440,"relics_obtained":[{"floor":9,"key":"Sundial"},{"floor":11,"key":"Toy Ornithopter"},{"floor":26,"key":"Matryoshka"},{"floor":28,"key":"Gremlin Horn"}],"event_choices":[{"damage_healed":0,"gold_gain":0,"player_choice":"Lose Max HP","damage_taken":0,"relics_obtained":["Golden Idol"],"max_hp_gain":0,"max_hp_loss":6,"event_name":"Golden Idol","floor":2,"gold_loss":0},{"damage_healed":0,"gold_gain":0,"player_choice":"Ignored","damage_taken":0,"max_hp_gain":0,"max_hp_loss":0,"event_name":"Liars Game","floor":5,"gold_loss":0},{"cards_removed":["Strike_R"],"damage_healed":0,"gold_gain":0,"player_choice":"Card Removal","damage_taken":0,"max_hp_gain":0,"max_hp_loss":0,"event_name":"The Cleric","floor":13,"gold_loss":50},{"damage_healed":0,"gold_gain":100,"player_choice":"Pray","damage_taken":0,"max_hp_gain":0,"max_hp_loss":0,"event_name":"Golden Shrine","floor":19,"gold_loss":0},{"damage_healed":0,"gold_gain":0,"player_choice":"Inject Mutagens","damage_taken":0,"relics_obtained":["MutagenicStrength"],"max_hp_gain":0,"max_hp_loss":0,"event_name":"Drug Dealer","floor":30,"gold_loss":0}],"is_beta":false,"boss_relics":[{"not_picked":["Mark of Pain","SlaversCollar"],"picked":"Sozu"}],"items_purged_floors":[21],"is_endless":false,"potions_floor_spawned":[7,11,12,22,28],"killed_by":"Champ","ascension_level":0}}