{"host":"a9gsz7kv8aebwp1f","time":1608423905,"event":{"mods":["AchievementEnabler","BaseMod","Minty Spire (QoL Compilation)"],"gold_per_floor":[111,125,145,145,158,158,172,31,31,31,31,45,45,59,59,59,59],"floor_reached":16,"playtime":398,"items_purged":[],"score":150,"play_id":"1041910e-a0cc-4cbb-82c5-32030976440a","local_time":"20201220092505","is_ascension_mode":true,"campfire_choices":[{"data":"Dualcast","floor":6,"key":"SMITH"},{"floor":11,"key":"REST"},{"floor":13,"key":"REST"},{"floor":15,"key":"REST"}],"circlet_count":0,"master_deck":["AscendersBane","Strike_B","Strike_B","Strike_B","Strike_B","Defend_B","Defend_B","Defend_B","Defend_B","Zap","Dualcast+1","Streamline","Hologram","Reinforced Body","Conserve Battery","Hologram","Fusion","All For One","Defragment","Coolheaded"],"relics":["Cracked Core","GremlinMask","Torii"],"acts_visited":["Exordium"],"potions_floor_usage":[],"damage_taken":[{"damage":5,"enemies":"Small Slimes","floor":1,"turns":3},{"damage":6,"enemies":"Cultist","floor":2,"turns":3},{"damage":7,"enemies":"Jaw Worm","floor":3,"turns":3},{"damage":11,"enemies":"Red Slaver","floor":5,"turns":3},{"damage":9,"enemies":"3 Louse","floor":7,"turns":4},{"damage":34,"enemies":"Exordium Thugs","floor":12,"turns":5},{"damage":23,"enemies":"Red Slaver","floor":14,"turns":3},{"damage":5,"enemies":"Hexaghost","floor":16,"turns":4}],"seed_played":"9128680029021661650","potions_obtained":[{"floor":5,"key":"EssenceOfDarkness"},{"floor":7,"key":"Ancient Potion"}],"is_trial":false,"path_per_floor":["M","M","M","?","M","R","M","$","T","$","R","M","R","M","R","B"],"character_chosen":"DEFECT","items_purchased":["All For One"],"campfire_rested":3,"item_purchase_floors":[8],"current_hp_per_floor":[63,57,50,50,39,39,30,30,30,30,52,18,40,17,39,34,34],"gold":59,"neow_bonus":"THREE_CARDS","is_daily":false,"chose_seed":false,"campfire_upgraded":1,"win_rate":0.0,"timestamp":1608423905,"path_taken":["M","M","M","?","M","R","M","$","T","?","R","M","R","?","R","BOSS"],"items_purchased_type":["Card"],"build_version":"2020-12-13","purchased_purges":0,"victory":false,"max_hp_per_floor":[75,75,75,75,75,75,75,75,75,75,75,75,75,75,75,75,75],"card_choices":[{"not_picked":["Hologram","Auto Shields"],"picked":"Streamline","floor":0},{"not_picked":["Redo","Beam Cell"],"picked":"Hologram","floor":1},{"not_picked":["Force Field","FTL"],"picked":"Reinforced Body","floor":2},{"not_picked":["Streamline","Beam Cell"],"picked":"Conserve Battery","floor":3},{"not_picked":["Lockon","Buffer"],"picked":"Hologram","floor":5},{"not_picked":["Rebound","Force Field"],"picked":"Fusion","floor":7},{"not_picked":["Barrage","Compile Driver"],"picked":"Defragment","floor":12},{"not_picked":["Static Discharge","Cold Snap"],"picked":"Coolheaded","floor":14}],"player_experience":433464,"relics_obtained":[{"floor":9,"key":"Torii"}],"event_choices":[{"damage_healed":0,"gold_gain":0,"player_choice":"Trade","damage_taken":0,"relics_obtained":["GremlinMask"],"max_hp_gain":0,"max_hp_loss":0,"event_name":"FaceTrader","floor":4,"gold_loss":0}],"is_beta":false,"boss_relics":[],"items_purged_floors":[],"is_endless":false,"potions_floor_spawned":[5,7,12,14],"killed_by":"Hexaghost","ascension_level":12}}