{"host":"x129kvpe22qma8jr","time":1608453741,"event":{"mods":["BaseMod","Conspire","Downfall","Marisa（F雨　魔理沙）","Minty Spire (QoL Compilation)","Remilia（蕾米莉亚）","Replay The Spire","RumiaBox-露米娅的神秘盒子","StSLib","The Servant 0.9.4","Yuyuko","[IsaacMod]以撒尖塔"],"gold_per_floor":[99,274,274,307,307,232,303,334,259,290,327,327,165,465,492,594,594,519,550,231,231,574,594,594,657,657,703,202,245,88,153,190,314,314,314,353,353,395,450,280,335,388,388,428,486,39,81,120,163,177,177,239,71,71,83],"floor_reached":56,"playtime":3884,"items_purged":["Regret","Slimebound:Icky","Slimebound:Icky","Writhe"],"score":1828,"play_id":"e0f8d290-fc61-4bc1-8400-79b798410687","local_time":"20201220164221","is_ascension_mode":true,"campfire_choices":[{"floor":1.0,"key":"RECALL"},{"data":"Elegance","floor":6.0,"key":"SMITH"},{"data":"Deathly Ground","floor":9.0,"key":"SMITH"},{"data":"Apotheosis","floor":18,"key":"SMITH"},{"floor":26,"key":"REST"},{"data":"Scenery of Papilio","floor":35,"key":"SMITH"},{"data":"expansioncontent:DefensiveStance","floor":37,"key":"SMITH"},{"data":"Ghost Spot","floor":43,"key":"SMITH"},{"data":"ReplayUltimateDefense","floor":54,"key":"SMITH"}],"circlet_count":0,"master_deck":["Fantasy Butterflies","Fantasy Butterflies","Fantasy Butterflies","Fantasy Butterflies+1","Fantasy Butterflies+1","Dreamy Sakura+1","Dreamy Sakura+1","Dreamy Sakura+1","Dreamy Sakura+1","Dreamy Sakura+1","Deathly Ground+1","Faramita\u0027s Temptation","Elegance+1","Dying Butterflies","Ghost Spot+1","Dying Butterflies","Unreal","expansioncontent:DefensiveStance+1","Steamed Phantom","Ghastly Dream","Apotheosis+1","Postpone Bloom","Phantom Butterflies+1","expansioncontent:DashGenerateEvil","Spear of Papilio","The Way to Death","Elegance","Scenery of Papilio+1","Sakura Ward","Butterflies in Dream+1","Open The Fan","Fondling of Papilio+1","Ghastly Dream","Monster Cherry Tree+1","Unborn Light+1","Elegance+1","Childlike+1","Unstable Ward+1","City of Death+1","Lunch+1","ReplayUltimateDefense+1"],"relics":["Coronal","Yuyuko\u0027s fan","HushsDoor","downfall:HeartsMalice","BookOfRevelations","Juzu Bracelet","downfall:HeartBlessingRed","Nunchaku","downfall:HeartBlessingBlue","Replay:Bandana","ChewingGum","JudasShadow","GuppysCollar","downfall:HeartBlessingGreen","BargainBundle","ReplayFunnel","Replay:Bottled Eggs","ReplayTheSpireMod:Ninjato","Old Coin","Replay:Accelerometer","Blue Doll","CeramicFish","Lee\u0027s Waffle","ZombieArmy","Ghost Lamp","SoulBox","Lizard Tail","Blood Vial","Toy Ornithopter","SatanicBible","Potion Belt","Gremlin Horn","Pen Nib","Omamori","Oddly Smooth Stone"],"acts_visited":["Exordium","TheCity","TheBeyond","TheEnding"],"potions_floor_usage":[22,22,31,36,45,55,55],"damage_taken":[{"damage":1.0,"enemies":"Gremlin Nob","floor":4.0,"turns":1.0},{"damage":1.0,"enemies":"Replay:BlueRogue","floor":8.0,"turns":1.0},{"damage":1.0,"enemies":"3 Sentries","floor":10.0,"turns":1.0},{"damage":7.0,"enemies":"Small Slimes","floor":11.0,"turns":3.0},{"damage":13.0,"enemies":"downfall:FleeingMerchant","floor":13.0,"turns":4.0},{"damage":3.0,"enemies":"2 Louse","floor":15.0,"turns":3.0},{"damage":4.0,"enemies":"downfall:Ironclad","floor":16.0,"turns":4.0},{"damage":4,"enemies":"3 Byrds","floor":19,"turns":4},{"damage":4,"enemies":"downfall:FleeingMerchant","floor":20,"turns":4},{"damage":17,"enemies":"conspire:SneckoGhost","floor":22,"turns":5},{"damage":8,"enemies":"Chosen","floor":23,"turns":4},{"damage":10,"enemies":"Slavers","floor":25,"turns":4},{"damage":4,"enemies":"Book of Stabbing","floor":27,"turns":4},{"damage":9,"enemies":"Centurion and Healer","floor":29,"turns":5},{"damage":14,"enemies":"3 Cultists","floor":31,"turns":4},{"damage":9,"enemies":"Shelled Parasite and Fungi","floor":32,"turns":6},{"damage":19,"enemies":"downfall:Defect","floor":33,"turns":5},{"damage":15,"enemies":"3 Darklings","floor":36,"turns":5},{"damage":2,"enemies":"3 Shapes","floor":38,"turns":2},{"damage":6,"enemies":"R_Hoarder","floor":39,"turns":6},{"damage":6,"enemies":"Giant Head","floor":42,"turns":6},{"damage":6,"enemies":"R_Hoarder","floor":44,"turns":5},{"damage":4,"enemies":"conspire:MimicChest","floor":45,"turns":4},{"damage":11,"enemies":"Sphere and 2 Shapes","floor":47,"turns":3},{"damage":5,"enemies":"Maw","floor":48,"turns":5},{"damage":5,"enemies":"Transient","floor":49,"turns":5},{"damage":5,"enemies":"downfall:Watcher","floor":50,"turns":5},{"damage":6,"enemies":"downfall:CharBossMerchant","floor":52,"turns":5},{"damage":13,"enemies":"downfall:NeowBoss","floor":55,"turns":13}],"seed_played":"5533612559596370509","potions_obtained":[{"floor":10.0,"key":"Strength Potion"},{"floor":11.0,"key":"Energy Potion"},{"floor":22,"key":"Energy Potion"},{"floor":25,"key":"Elixir"},{"floor":29,"key":"GamblersBrew"},{"floor":33,"key":"SneckoOil"},{"floor":36,"key":"Firefly"},{"floor":39,"key":"Reflective Coating"},{"floor":45,"key":"FearPotion"},{"floor":47,"key":"PowerPotion"}],"is_trial":false,"path_per_floor":["R","?","?","E","?","R","T","E","R","E","M","?","$","?","M","B",null,"R","M","$","?","E","M","T","E","R","E","$","M","$","M","M","B",null,"R","M","R","M","E","$","T","E","R","E","?","?","M","M","M","B",null,"E","$","R","B",null],"character_chosen":"YUYOKO","items_purchased":["expansioncontent:DefensiveStance","JudasShadow","GuppysCollar","Apotheosis","BargainBundle","Swift Potion","expansioncontent:DashGenerateEvil","ReplayFunnel","Replay:Bottled Eggs","Weak Potion","Spear of Papilio","Lee\u0027s Waffle","Sakura Ward","ZombieArmy","Block Potion","Ghost Lamp","Blood Vial","Unborn Light+1","Pen Nib","Omamori","ReplayUltimateDefense"],"campfire_rested":1,"item_purchase_floors":[13,17,17,17,20,20,20,20,20,20,20,28,28,28,28,30,40,40,46,46,53],"current_hp_per_floor":[40,40,40,39,39,39,39,38,48,47,47,47,42,42,43,46,19,19,15,15,15,14,15,15,9,14,15,26,21,21,16,23,21,26,26,21,21,21,20,20,20,20,20,20,22,22,23,21,21,21,26,21,21,21,13],"gold":83,"neow_bonus":"THREE_ENEMY_KILL","is_daily":false,"chose_seed":false,"campfire_upgraded":7,"win_rate":0.0,"timestamp":1608453741,"path_taken":["R","?","?","E","?","R","T","E","R","E","M","?","$","?","M","BOSS","R","M","$","?","E","M","T","E","R","E","?","M","?","M","M","BOSS","R","M","R","M","E","$","T","E","R","E","?","?","M","M","M","BOSS","E","$","R","BOSS"],"items_purchased_type":["Card","Relic","Relic","Card","Relic","Potion","Card","Relic","Relic","Potion","Card","Relic","Card","Relic","Potion","Relic","Relic","Card","Relic","Relic","Card"],"build_version":"2020-12-13","purchased_purges":4,"victory":true,"max_hp_per_floor":[40,40,40,40,40,40,40,40,50,50,50,50,50,50,50,50,19,19,19,19,19,19,19,19,19,19,19,26,26,26,26,26,26,26,26,26,26,26,26,26,26,26,26,26,26,26,26,26,26,26,26,26,26,26,26],"card_choices":[{"not_picked":["All Wander","Immigrant Phantom"],"picked":"Elegance","floor":4.0},{"not_picked":["City of Death","Ghostdom Sakura"],"picked":"Dying Butterflies","floor":8.0},{"not_picked":["Gather the Spring","Dark Wind"],"picked":"Bomb","floor":10.0},{"not_picked":["Bloom","Infinite Sin"],"picked":"Ghost Spot","floor":11.0},{"not_picked":["The Forgotten Winter","Dying Butterflies"],"picked":"Unreal","floor":13.0},{"not_picked":["Full Moon","Dying Sakura"],"picked":"Steamed Phantom","floor":15.0},{"not_picked":["Ticket to Heaven","Reunion after Death"],"picked":"Ghastly Dream","floor":16.0},{"not_picked":["Gauzy Sakura+1","Chase The Sukhavati"],"picked":"Postpone Bloom","floor":19},{"not_picked":["All Wander","Cerasus Subhirtella"],"picked":"Phantom Butterflies+1","floor":20},{"not_picked":["Final of Final","Butterflies in Dream"],"picked":"The Way to Death","floor":22},{"not_picked":["Spear of Papilio","Infinite Sin","Unreal"],"picked":"SKIP","floor":23},{"not_picked":["Elegance","City of Death","Gather the Spring"],"picked":"SKIP","floor":25},{"not_picked":["City of Death","Gather the Spring"],"picked":"Elegance","floor":25},{"not_picked":["Infinite Sin+1","Open The Fan"],"picked":"Scenery of Papilio","floor":27},{"not_picked":["End of Faramita+1","Dying Sakura"],"picked":"Butterflies in Dream+1","floor":29},{"not_picked":["Unpaved Way","Unstable Ward"],"picked":"Open The Fan","floor":31},{"not_picked":["Postpone Bloom","Ghostdom Sakura+1"],"picked":"Fondling of Papilio+1","floor":32},{"not_picked":["Mirror of Mind","Past Graveyard"],"picked":"Ghastly Dream","floor":33},{"not_picked":["Unborn Light","Final of Final"],"picked":"Monster Cherry Tree+1","floor":36},{"not_picked":["Gone+1","End of Faramita","Unborn Light"],"picked":"SKIP","floor":38},{"not_picked":["Immigrant Phantom+1","Become Phantom+1","Elegance"],"picked":"SKIP","floor":39},{"not_picked":["Serene Spring","Triple Snow+1","Become Phantom"],"picked":"SKIP","floor":42},{"not_picked":["Showy Withering","Redemption of Death","Dying Butterflies"],"picked":"SKIP","floor":44},{"not_picked":["Nihility","Sakura Ward"],"picked":"Elegance+1","floor":45},{"not_picked":["Triple Snow","Unknown Petal"],"picked":"Childlike+1","floor":47},{"not_picked":["Dark Wind","Fondling of Papilio"],"picked":"Unstable Ward+1","floor":48},{"not_picked":["Nihility","Serene Spring"],"picked":"City of Death+1","floor":49},{"not_picked":["Phantom Butterflies+1","Ticket to Heaven"],"picked":"Lunch+1","floor":52}],"player_experience":712942,"relics_obtained":[{"floor":4.0,"key":"Juzu Bracelet"},{"floor":8.0,"key":"Nunchaku"},{"floor":10.0,"key":"Replay:Bandana"},{"floor":22,"key":"Old Coin"},{"floor":24,"key":"Replay:Accelerometer"},{"floor":25,"key":"Blue Doll"},{"floor":27,"key":"CeramicFish"},{"floor":39,"key":"Lizard Tail"},{"floor":41,"key":"Toy Ornithopter"},{"floor":42,"key":"SatanicBible"},{"floor":44,"key":"Potion Belt"},{"floor":45,"key":"Gremlin Horn"},{"floor":52,"key":"Oddly Smooth Stone"}],"event_choices":[{"cards_removed":["Doubt"],"damage_healed":0.0,"max_hp_gain":0.0,"max_hp_loss":0.0,"gold_gain":0.0,"event_name":"Purifier","player_choice":"Purged","floor":3.0,"gold_loss":0.0,"damage_taken":0.0}],"is_beta":false,"boss_relics":[{"not_picked":["conspire:SlowCooker","ReplayTheSpireMod:DimensionalGlitch"],"picked":"ChewingGum"},{"not_picked":[]},{"not_picked":["Runic Dome","SacredBark"],"picked":"SoulBox"},{"not_picked":[]}],"items_purged_floors":[13,20,28,46],"is_endless":false,"potions_floor_spawned":[10,11,22,25,29,33,36,39,45,47],"ascension_level":1}}