{"host":"uy3vg6glkp8m6iit","time":1608477135,"event":{"mods":["AchievementEnabler","BaseMod","Colored Map","DeckTracker","Highlight Path","Keyboard Shortcuts","Minty Spire (QoL Compilation)","Quick Restart","Random Character Button","Rare Cards Sparkle","Relic Stats","StSLib","everything is the same but u backflip on backflip"],"gold_per_floor":[11,30,30,30,30,30,30,49,73,23,35,35,52,52,52,149,149,164,264,122,132,158,158,188,188,188,188,204,222,222,232,232,232,232],"floor_reached":33,"playtime":847,"items_purged":["Strike_G"],"score":344,"play_id":"835844d7-2875-409e-93f0-b36df3ab5f81","local_time":"20201221001215","is_ascension_mode":true,"campfire_choices":[{"data":"Dagger Spray","floor":6.0,"key":"SMITH"},{"data":"Neutralize","floor":12.0,"key":"SMITH"},{"data":"Dagger Throw","floor":15.0,"key":"SMITH"},{"data":"Corpse Explosion","floor":23.0,"key":"SMITH"},{"floor":25,"key":"REST"},{"data":"Bouncing Flask","floor":32,"key":"SMITH"}],"circlet_count":0,"master_deck":["Strike_G+1","Strike_G+1","Defend_G","Defend_G","Defend_G","Survivor","Neutralize+1","Dagger Spray+1","Reflex","Backflip","Dagger Throw+1","Corpse Explosion+1","Underhanded Strike","Leg Sweep","Bouncing Flask+1","Ghostly","Ghostly","Ghostly","Ghostly","Ghostly","Well Laid Plans"],"relics":["Ring of the Snake","Art of War","Sundial","Philosopher\u0027s Stone","Red Mask","Boot","Mummified Hand"],"acts_visited":["Exordium","TheCity"],"potions_floor_usage":[24,33,33],"damage_taken":[{"damage":1.0,"enemies":"Cultist","floor":1.0,"turns":5.0},{"damage":0.0,"enemies":"2 Louse","floor":2.0,"turns":2.0},{"damage":0.0,"enemies":"Jaw Worm","floor":8.0,"turns":3.0},{"damage":0.0,"enemies":"2 Fungi Beasts","floor":11.0,"turns":2.0},{"damage":0.0,"enemies":"Blue Slaver","floor":13.0,"turns":4.0},{"damage":46.0,"enemies":"Hexaghost","floor":16.0,"turns":13.0},{"damage":0.0,"enemies":"3 Byrds","floor":18.0,"turns":2.0},{"damage":14.0,"enemies":"Chosen","floor":21.0,"turns":6.0},{"damage":0.0,"enemies":"Masked Bandits","floor":22.0,"turns":2.0},{"damage":25,"enemies":"Book of Stabbing","floor":24,"turns":6},{"damage":0,"enemies":"3 Cultists","floor":28,"turns":2},{"damage":6,"enemies":"Centurion and Healer","floor":29,"turns":4},{"damage":1,"enemies":"Snecko","floor":31,"turns":5},{"damage":32,"enemies":"Collector","floor":33,"turns":8}],"seed_played":"-2603534260207559948","potions_obtained":[{"floor":8.0,"key":"Explosive Potion"},{"floor":16.0,"key":"ColorlessPotion"},{"floor":22.0,"key":"SteroidPotion"},{"floor":28,"key":"Strength Potion"},{"floor":31,"key":"Fruit Juice"}],"is_trial":false,"path_per_floor":["M","M","?","?","$","R","?","M","T","?","M","R","M","?","R","B",null,"M","?","$","M","?","R","E","R","T","?","M","M","?","M","R","B"],"character_chosen":"THE_SILENT","items_purchased":["Leg Sweep"],"campfire_rested":1,"item_purchase_floors":[20],"current_hp_per_floor":[69,69,69,55,55,55,55,55,55,55,55,55,55,48,48,2,53,53,53,53,39,39,39,14,35,35,22,22,16,16,15,15,0,0],"gold":232,"neow_bonus":"REMOVE_TWO","is_daily":false,"chose_seed":false,"campfire_upgraded":5,"win_rate":0.0,"timestamp":1608477135,"path_taken":["M","M","?","?","?","R","?","?","T","?","M","R","M","?","R","BOSS","M","?","$","?","?","R","E","R","T","?","M","M","?","M","R","BOSS"],"items_purchased_type":["Card"],"build_version":"2020-12-13","purchased_purges":1,"victory":false,"max_hp_per_floor":[70,70,70,70,70,70,70,70,70,70,70,70,70,70,70,70,70,70,70,70,70,70,70,70,70,70,75,75,75,37,37,37,42,42],"relic_stats":{"counters":[14,64],"Sundial":[12],"Mummified Hand":[2],"Art of War":[4],"Boot":[5],"obtain_stats":[{"Sundial":14,"Mummified Hand":26,"Philosopher\u0027s Stone":17,"Art of War":9,"Red Mask":22,"Boot":24,"Ring of the Snake":0},{"Sundial":5,"Mummified Hand":10,"Philosopher\u0027s Stone":6,"Art of War":3,"Red Mask":9,"Boot":10,"Ring of the Snake":0},{"Sundial":16,"Mummified Hand":45,"Philosopher\u0027s Stone":29,"Art of War":10,"Red Mask":39,"Boot":45,"Ring of the Snake":0}],"Ring of the Snake":[28]},"card_choices":[{"not_picked":["PiercingWail","Finisher"],"picked":"Dagger Spray","floor":1.0},{"not_picked":["Dodge and Roll","Bane","Setup"],"picked":"SKIP","floor":2.0},{"not_picked":["Prepared","Sucker Punch"],"picked":"Reflex","floor":8.0},{"not_picked":["Dodge and Roll","Cloak And Dagger"],"picked":"Backflip","floor":11.0},{"not_picked":["Quick Slash","A Thousand Cuts"],"picked":"Dagger Throw","floor":13.0},{"not_picked":["Storm of Steel","Die Die Die"],"picked":"Corpse Explosion","floor":16.0},{"not_picked":["Riddle With Holes","Catalyst"],"picked":"Underhanded Strike","floor":18.0},{"not_picked":["Deflect","Dagger Throw","Dagger Spray"],"picked":"SKIP","floor":21.0},{"not_picked":["Slice","Dagger Spray"],"picked":"Bouncing Flask","floor":24},{"not_picked":["Dagger Spray","Backflip","Slice"],"picked":"SKIP","floor":28},{"not_picked":["Flying Knee","Setup","Venomology"],"picked":"SKIP","floor":29},{"not_picked":["Dodge and Roll","Bane"],"picked":"Well Laid Plans","floor":31}],"player_experience":1430169,"relics_obtained":[{"floor":9.0,"key":"Art of War"},{"floor":22.0,"key":"Red Mask"},{"floor":24,"key":"Boot"},{"floor":26,"key":"Mummified Hand"}],"event_choices":[{"cards_removed":["Strike_G"],"damage_healed":0.0,"max_hp_gain":0.0,"max_hp_loss":0.0,"gold_gain":0.0,"event_name":"Living Wall","player_choice":"Forget","floor":3.0,"gold_loss":0.0,"damage_taken":0.0},{"damage_healed":0.0,"max_hp_gain":0.0,"max_hp_loss":0.0,"gold_gain":0.0,"event_name":"Shining Light","player_choice":"Entered Light","floor":4.0,"gold_loss":0.0,"damage_taken":14.0,"cards_upgraded":["Strike_G","Strike_G"]},{"damage_healed":0.0,"max_hp_gain":0.0,"max_hp_loss":0.0,"gold_gain":0.0,"event_name":"Dead Adventurer","player_choice":"Searched \u00270\u0027 times","floor":7.0,"gold_loss":0.0,"damage_taken":0.0},{"cards_removed":["Defend_G"],"damage_healed":0.0,"max_hp_gain":0.0,"max_hp_loss":0.0,"gold_gain":0.0,"event_name":"The Cleric","player_choice":"Card Removal","floor":10.0,"gold_loss":50.0,"damage_taken":0.0},{"damage_healed":0.0,"max_hp_gain":0.0,"max_hp_loss":0.0,"gold_gain":0.0,"event_name":"Scrap Ooze","player_choice":"Success","floor":14.0,"gold_loss":0.0,"damage_taken":7.0,"relics_obtained":["Sundial"]},{"damage_healed":0.0,"max_hp_gain":0.0,"max_hp_loss":0.0,"gold_gain":100.0,"event_name":"Golden Shrine","player_choice":"Pray","floor":19.0,"gold_loss":0.0,"damage_taken":0.0},{"damage_healed":0.0,"max_hp_gain":0.0,"max_hp_loss":0.0,"gold_gain":0.0,"event_name":"Masked Bandits","player_choice":"Fought Bandits","floor":22.0,"gold_loss":0.0,"damage_taken":0.0},{"damage_healed":0,"gold_gain":0,"player_choice":"Shed Blood","damage_taken":18,"max_hp_gain":5,"max_hp_loss":0,"event_name":"Forgotten Altar","floor":27,"gold_loss":0},{"damage_healed":0,"gold_gain":0,"player_choice":"Became a Ghost","damage_taken":0,"max_hp_gain":0,"max_hp_loss":38,"event_name":"Ghosts","floor":30,"gold_loss":0,"cards_obtained":["Ghostly","Ghostly","Ghostly","Ghostly","Ghostly"]}],"is_beta":false,"boss_relics":[{"not_picked":["Cursed Key","Ectoplasm"],"picked":"Philosopher\u0027s Stone"}],"items_purged_floors":[20],"is_endless":false,"potions_floor_spawned":[8,16,22,28,31],"killed_by":"Collector","ascension_level":5}}