{"host":"Jinnai","time":1608488300,"event":{"mods":["BaseMod","Bestiary","Block Reminder","Colored Map","Colored Powertips","Highlight Path","Keyboard Shortcuts","Minty Spire (QoL Compilation)","Quick Restart","Relic Stats"],"gold_per_floor":[114,129,54,70,0,28,28,54,54,68,91,91,91],"floor_reached":12,"playtime":469,"items_purged":[],"score":172,"play_id":"a115678f-3ba4-486c-bca2-84d19199bf7a","local_time":"20201220131820","is_ascension_mode":true,"campfire_choices":[{"floor":7,"key":"REST"}],"circlet_count":0,"master_deck":["AscendersBane","Strike_P","Strike_P","Strike_P","Strike_P","Defend_P","Defend_P","Defend_P","Eruption+1","Vigilance","FollowUp","Adaptation","JustLucky","DevaForm","SpiritShield","Wallop"],"relics":["PureWater","HornCleat","Question Card","Toxic Egg 2","Dream Catcher"],"acts_visited":["Exordium"],"potions_floor_usage":[6,8,10,10,12],"damage_taken":[{"damage":7,"enemies":"Jaw Worm","floor":1,"turns":4},{"damage":0,"enemies":"2 Louse","floor":2,"turns":2},{"damage":7,"enemies":"Small Slimes","floor":4,"turns":6},{"damage":32,"enemies":"Gremlin Nob","floor":6,"turns":4},{"damage":23,"enemies":"Lagavulin","floor":8,"turns":4},{"damage":0,"enemies":"Blue Slaver","floor":10,"turns":5},{"damage":18,"enemies":"3 Sentries","floor":12,"turns":8}],"seed_played":"1141833649764846407","potions_obtained":[{"floor":2,"key":"SneckoOil"},{"floor":6,"key":"Block Potion"},{"floor":8,"key":"EntropicBrew"},{"floor":10,"key":"Weak Potion"}],"is_trial":false,"path_per_floor":["M","M","?","M","?","E","R","E","T","M","T","E"],"character_chosen":"WATCHER","items_purchased":[],"campfire_rested":1,"item_purchase_floors":[],"current_hp_per_floor":[54,54,54,47,47,15,35,12,12,12,12,0,0],"gold":91,"neow_bonus":"UPGRADE_CARD","is_daily":false,"chose_seed":false,"campfire_upgraded":0,"win_rate":0.0,"timestamp":1608488300,"path_taken":["M","M","?","M","?","E","R","E","T","M","?","E"],"items_purchased_type":[],"build_version":"2020-12-18","purchased_purges":0,"victory":false,"max_hp_per_floor":[68,68,68,68,68,68,68,68,68,68,68,68,68],"relic_stats":{"Dream Catcher":0,"counters":[7,33],"Question Card":1,"obtain_stats":[{"Dream Catcher":11,"HornCleat":6,"PureWater":0,"Toxic Egg 2":9,"Question Card":8},{"Dream Catcher":6,"HornCleat":4,"PureWater":0,"Toxic Egg 2":5,"Question Card":5},{"Dream Catcher":25,"HornCleat":16,"PureWater":0,"Toxic Egg 2":20,"Question Card":20}]},"card_choices":[{"not_picked":["Prostrate","FlurryOfBlows"],"picked":"FollowUp","floor":1},{"not_picked":["Consecrate","WaveOfTheHand"],"picked":"Adaptation","floor":2},{"not_picked":["SignatureMove","Crescendo"],"picked":"JustLucky","floor":4},{"not_picked":["Nirvana","EmptyMind"],"picked":"DevaForm","floor":6},{"not_picked":["EmptyBody","Halt"],"picked":"SpiritShield","floor":8},{"not_picked":["ClearTheMind+1","Halt+1","BowlingBash"],"picked":"Wallop","floor":10}],"player_experience":1481550,"relics_obtained":[{"floor":6,"key":"HornCleat"},{"floor":8,"key":"Question Card"},{"floor":9,"key":"Toxic Egg 2"},{"floor":11,"key":"Dream Catcher"}],"event_choices":[{"cards_removed":["Defend_P"],"damage_healed":0,"gold_gain":0,"player_choice":"Card Removal","damage_taken":0,"max_hp_gain":0,"max_hp_loss":0,"event_name":"The Cleric","floor":3,"gold_loss":75},{"damage_healed":0,"gold_gain":0,"player_choice":"Left Gold","damage_taken":0,"max_hp_gain":0,"max_hp_loss":0,"event_name":"World of Goop","floor":5,"gold_loss":70}],"is_beta":true,"boss_relics":[],"items_purged_floors":[],"is_endless":false,"potions_floor_spawned":[2,6,8,10],"killed_by":"3 Sentries","ascension_level":19}}