{"host":"skr63qsdfgeey3it","time":1608502299,"event":{"mods":["BaseMod","Colored Map","Hubris","Minty Spire (QoL Compilation)","Replay The Spire","Robot Space Explorer","Spicy Shops","StSLib"],"gold_per_floor":[111,131,147,165,15,15,15,15,15,49,49,49,2,30,30,125,125,125,125],"floor_reached":18,"playtime":916,"items_purged":[],"score":316,"play_id":"ec281844-5831-4b9f-bd5b-2dcac641183e","local_time":"20201220161139","is_ascension_mode":true,"campfire_choices":[{"data":"Sunder","floor":6,"key":"SMITH"},{"data":"Chill","floor":12,"key":"SMITH"},{"floor":15,"key":"REST"}],"circlet_count":0,"master_deck":["Strike_B","Strike_B","Strike_B","Defend_B","Defend_B","Defend_B","Defend_B","Zap","Dualcast+1","Sunder+1","Conserve Battery","Sunder+1","Pot Of Greed+1","Pot Of Greed","Chill+1","Conserve Battery","Glacier","hubris:DoWhile"],"relics":["Cracked Core","NeowsBlessing","Grinning Jar","hubris:TenFootPole","Meat on the Bone","Dream Catcher","hubris:GrandSneckoEye"],"acts_visited":["Exordium","TheCity"],"potions_floor_usage":[10,14,16],"damage_taken":[{"damage":0,"enemies":"Small Slimes","floor":1,"turns":1},{"damage":0,"enemies":"Jaw Worm","floor":2,"turns":1},{"damage":0,"enemies":"2 Louse","floor":3,"turns":1},{"damage":4,"enemies":"Blue Slaver","floor":4,"turns":4},{"damage":22,"enemies":"Gremlin Nob","floor":10,"turns":4},{"damage":0,"enemies":"3 Sentries","floor":14,"turns":6},{"damage":3,"enemies":"Fading Forest","floor":16,"turns":11},{"damage":65,"enemies":"Chosen","floor":18,"turns":12}],"seed_played":"-4006001506762512613","potions_obtained":[{"floor":2,"key":"Venom Potion"},{"floor":3,"key":"ColorlessPotion"},{"floor":10,"key":"Adrenaline Potion"},{"floor":14,"key":"AttackPotion"}],"is_trial":false,"path_per_floor":["M","M","M","M","$","R","?","?","T","E","?","R","$","E","R","B",null,"M"],"character_chosen":"DEFECT","items_purchased":["Grinning Jar","Conserve Battery"],"campfire_rested":1,"item_purchase_floors":[5,13],"current_hp_per_floor":[68,68,68,64,64,64,49,42,42,20,20,20,20,32,54,59,71,6,6],"gold":125,"neow_bonus":"THREE_ENEMY_KILL","is_daily":false,"chose_seed":false,"campfire_upgraded":2,"win_rate":0.0,"timestamp":1608502299,"path_taken":["M","M","M","M","$","R","?","?","T","E","?","R","?","E","R","BOSS","M"],"items_purchased_type":["Relic","Card"],"build_version":"2020-12-13","purchased_purges":0,"victory":false,"max_hp_per_floor":[75,75,75,75,75,75,75,75,75,75,75,75,75,75,75,75,75,75,75],"card_choices":[{"not_picked":["BasicCrystalCard","Stack","ReplaySolidLightProjector"],"picked":"SKIP","floor":1},{"not_picked":["Reprogram","Ball Lightning"],"picked":"Sunder","floor":2},{"not_picked":["Force Field","Panic Button"],"picked":"Conserve Battery","floor":3},{"not_picked":["Auto Shields","Barrage"],"picked":"Sunder","floor":4},{"not_picked":["Scrape","hubris:Ukulele"],"picked":"Chill","floor":10},{"not_picked":["Steam","BootSequence"],"picked":"Glacier","floor":14},{"not_picked":["Echo Form","Seek"],"picked":"hubris:DoWhile","floor":16}],"player_experience":724005,"relics_obtained":[{"floor":9,"key":"hubris:TenFootPole"},{"floor":10,"key":"Meat on the Bone"},{"floor":14,"key":"Dream Catcher"}],"event_choices":[{"damage_healed":0,"gold_gain":0,"player_choice":"Entered Light","damage_taken":15,"max_hp_gain":0,"max_hp_loss":0,"event_name":"Shining Light","floor":7,"gold_loss":0,"cards_upgraded":["Pot Of Greed","Dualcast"]},{"cards_removed":["Strike_B"],"damage_healed":0,"gold_gain":0,"player_choice":"Card Removal","damage_taken":7,"max_hp_gain":0,"max_hp_loss":0,"event_name":"Golden Wing","floor":8,"gold_loss":0}],"is_beta":false,"boss_relics":[{"not_picked":["Runic Pyramid","Replay:Bronze Core"],"picked":"hubris:GrandSneckoEye"}],"items_purged_floors":[],"is_endless":false,"potions_floor_spawned":[2,3,10,14],"killed_by":"Chosen","ascension_level":9}}