{"host":"4par9lyhj7bf4dsa","time":1608440162,"event":{"mods":["AchievementEnabler","BaseMod","Colored Map","Minty Spire (QoL Compilation)","Relic Stats","StSLib"],"gold_per_floor":[112,126,126,143,143,143,173,184,184,28,203,203,214,239,239,334,334,344,363,131,46,46,46,73,92,92,103,131,131,56,70,70,172,172,190,190,190,90,145,145,174,174,200,211,238,238,238,272,272,272,272],"floor_reached":50,"playtime":2709,"items_purged":["Strike_P","Strike_P"],"score":967,"play_id":"59a64d36-aa53-4804-86b6-52c28c4766d7","local_time":"20201220155602","is_ascension_mode":true,"campfire_choices":[{"data":"WheelKick","floor":6,"key":"SMITH"},{"data":"EmptyFist","floor":12,"key":"SMITH"},{"data":"Vigilance","floor":15,"key":"SMITH"},{"data":"Conclude","floor":23,"key":"SMITH"},{"floor":29,"key":"REST"},{"data":"Wallop","floor":32,"key":"SMITH"},{"floor":40,"key":"REST"},{"data":"Ragnarok","floor":42,"key":"SMITH"},{"floor":47,"key":"REST"},{"floor":49,"key":"REST"}],"circlet_count":0,"master_deck":["AscendersBane","Strike_P","Strike_P","Defend_P","Defend_P","Defend_P","Defend_P","Eruption","Vigilance+1","EmptyFist+1","WheelKick+1","Vengeance","WheelKick","Ragnarok+1","Conclude+1","WreathOfFlame+1","WaveOfTheHand+1","Collect+1","Wallop+1","Omniscience","Trip","EmptyBody+1","DevaForm+1","Fasting2+1","Meditate"],"relics":["Snecko Eye","Ginger","Frozen Egg 2","ClockworkSouvenir","StrikeDummy","Sozu","Orrery","CloakClasp","Bronze Scales","Ornamental Fan","Boot","VioletLotus","Incense Burner","Blood Vial","Damaru","Singing Bowl"],"acts_visited":["Exordium","TheCity","TheBeyond"],"potions_floor_usage":[14,16,24],"damage_taken":[{"damage":0,"enemies":"Jaw Worm","floor":1,"turns":2},{"damage":0,"enemies":"2 Louse","floor":2,"turns":3},{"damage":7,"enemies":"Small Slimes","floor":4,"turns":2},{"damage":7,"enemies":"3 Sentries","floor":7,"turns":6},{"damage":0,"enemies":"3 Louse","floor":8,"turns":2},{"damage":0,"enemies":"Large Slime","floor":13,"turns":4},{"damage":14,"enemies":"Gremlin Nob","floor":14,"turns":4},{"damage":31,"enemies":"The Guardian","floor":16,"turns":8},{"damage":0,"enemies":"Spheric Guardian","floor":18,"turns":1},{"damage":0,"enemies":"3 Byrds","floor":19,"turns":2},{"damage":21,"enemies":"Slavers","floor":24,"turns":4},{"damage":0,"enemies":"3 Cultists","floor":25,"turns":3},{"damage":0,"enemies":"Sentry and Sphere","floor":27,"turns":4},{"damage":2,"enemies":"Book of Stabbing","floor":28,"turns":3},{"damage":8,"enemies":"Snake Plant","floor":31,"turns":3},{"damage":0,"enemies":"Champ","floor":33,"turns":5},{"damage":13,"enemies":"3 Shapes","floor":35,"turns":4},{"damage":39,"enemies":"2 Orb Walkers","floor":39,"turns":4},{"damage":5,"enemies":"Giant Head","floor":41,"turns":5},{"damage":0,"enemies":"Orb Walker","floor":44,"turns":1},{"damage":23,"enemies":"Nemesis","floor":45,"turns":5},{"damage":8,"enemies":"Reptomancer","floor":48,"turns":3},{"damage":93,"enemies":"Donu and Deca","floor":50,"turns":5}],"seed_played":"5070975111631993999","potions_obtained":[{"floor":2,"key":"PowerPotion"},{"floor":7,"key":"SkillPotion"},{"floor":13,"key":"Regen Potion"},{"floor":16,"key":"SneckoOil"}],"is_trial":false,"path_per_floor":["M","M","?","M","?","R","E","M","T","$","?","R","M","E","R","B",null,"M","M","$","?","?","R","E","M","T","M","E","R","?","M","R","B",null,"M","?","?","$","?","R","E","R","T","M","E","?","R","E","R","B"],"character_chosen":"WATCHER","items_purchased":["ClockworkSouvenir","Orrery"],"campfire_rested":4,"item_purchase_floors":[10,20],"current_hp_per_floor":[65,65,70,63,45,45,38,38,38,38,38,38,38,24,24,8,60,60,60,60,60,46,46,25,25,25,25,23,47,47,39,39,39,71,58,58,58,58,19,43,38,38,38,40,19,19,43,37,61,0,0],"gold":272,"neow_bonus":"BOSS_RELIC","is_daily":false,"chose_seed":false,"campfire_upgraded":6,"win_rate":0.0,"timestamp":1608440162,"path_taken":["M","M","?","M","?","R","E","M","T","$","?","R","M","E","R","BOSS","M","M","$","?","?","R","E","M","T","M","E","R","?","M","R","BOSS","M","?","?","$","?","R","E","R","T","M","E","?","R","E","R","BOSS"],"items_purchased_type":["Relic","Relic"],"build_version":"2020-12-13","purchased_purges":2,"victory":false,"max_hp_per_floor":[72,72,77,77,77,77,77,77,77,77,77,77,77,77,77,77,77,77,77,77,77,82,82,82,82,82,82,82,82,82,82,82,82,82,82,82,82,82,82,82,82,82,82,82,82,82,82,82,82,82,82],"relic_stats":{"Sozu":9,"Blood Vial":8,"Singing Bowl":0,"counters":[23,83],"Ornamental Fan":[52],"Bronze Scales":[97],"Snecko Eye":[151,160,160,137],"VioletLotus":[5],"CloakClasp":[166],"Ginger":[17],"Boot":[3],"obtain_stats":[{"Singing Bowl":48,"Damaru":45,"CloakClasp":21,"Incense Burner":39,"Ginger":7,"Frozen Egg 2":9,"Boot":28,"ClockworkSouvenir":10,"Sozu":17,"Blood Vial":41,"Ornamental Fan":26,"Bronze Scales":24,"Snecko Eye":0,"Orrery":20,"VioletLotus":34,"PureWater":0,"StrikeDummy":14},{"Singing Bowl":22,"Damaru":21,"CloakClasp":10,"Incense Burner":18,"Ginger":4,"Frozen Egg 2":5,"Boot":14,"ClockworkSouvenir":5,"Sozu":8,"Blood Vial":19,"Ornamental Fan":12,"Bronze Scales":11,"Snecko Eye":0,"Orrery":10,"VioletLotus":16,"PureWater":0,"StrikeDummy":7},{"Singing Bowl":78,"Damaru":75,"CloakClasp":34,"Incense Burner":64,"Ginger":13,"Frozen Egg 2":15,"Boot":48,"ClockworkSouvenir":15,"Sozu":31,"Blood Vial":69,"Ornamental Fan":41,"Bronze Scales":38,"Snecko Eye":0,"Orrery":34,"VioletLotus":56,"PureWater":0,"StrikeDummy":23}]},"card_choices":[{"not_picked":["FlurryOfBlows","Collect"],"picked":"EmptyFist","floor":1},{"not_picked":["Tantrum","Study"],"picked":"WheelKick","floor":2},{"not_picked":["FlurryOfBlows","ForeignInfluence","Protect"],"picked":"SKIP","floor":4},{"not_picked":["Fasting2","Weave","CrushJoints"],"picked":"SKIP","floor":7},{"not_picked":["SashWhip","LikeWater"],"picked":"Vengeance","floor":8},{"not_picked":["DeceiveReality","ThirdEye","FlyingSleeves"],"picked":"SKIP","floor":13},{"not_picked":["EmptyBody","Prostrate"],"picked":"WheelKick","floor":14},{"not_picked":["MasterReality+1","Wish"],"picked":"Ragnarok","floor":16},{"not_picked":["SandsOfTime","FlyingSleeves+1"],"picked":"Conclude","floor":18},{"not_picked":["Prostrate","Protect"],"picked":"WreathOfFlame+1","floor":19},{"not_picked":["Evaluate","FollowUp+1"],"picked":"WaveOfTheHand+1","floor":20},{"not_picked":["EmptyFist","Crescendo+1"],"picked":"Collect+1","floor":20},{"not_picked":["FollowUp","EmptyMind+1","EmptyFist"],"picked":"SKIP","floor":24},{"not_picked":["LikeWater+1","PathToVictory"],"picked":"Wallop","floor":25},{"not_picked":["Adaptation+1","ThirdEye","Prostrate"],"picked":"SKIP","floor":27},{"not_picked":["Establishment+1","FlyingSleeves","ForeignInfluence"],"picked":"SKIP","floor":28},{"not_picked":["EmptyMind","FlurryOfBlows+1"],"picked":"WheelKick","floor":31},{"not_picked":["Alpha","DeusExMachina"],"picked":"Omniscience","floor":33},{"not_picked":["Consecrate+1","Vengeance","Prostrate+1"],"picked":"SKIP","floor":35},{"not_picked":["PanicButton","Transmutation"],"picked":"Trip","floor":36},{"not_picked":["Halt","EmptyFist"],"picked":"EmptyBody+1","floor":39},{"not_picked":["CrushJoints","Tantrum+1"],"picked":"DevaForm+1","floor":41},{"not_picked":["FollowUp+1","FlyingSleeves+1"],"picked":"Fasting2+1","floor":44},{"not_picked":["EmptyFist","Prostrate+1","Collect+1"],"picked":"SKIP","floor":45},{"not_picked":["Halt","Vengeance+1"],"picked":"Meditate","floor":48}],"player_experience":881750,"relics_obtained":[{"floor":7,"key":"Ginger"},{"floor":9,"key":"Frozen Egg 2"},{"floor":14,"key":"StrikeDummy"},{"floor":24,"key":"Bronze Scales"},{"floor":26,"key":"Ornamental Fan"},{"floor":28,"key":"Boot"},{"floor":39,"key":"Incense Burner"},{"floor":41,"key":"Blood Vial"},{"floor":45,"key":"Damaru"},{"floor":48,"key":"Singing Bowl"}],"event_choices":[{"damage_healed":0,"gold_gain":0,"player_choice":"Donut","damage_taken":0,"max_hp_gain":5,"max_hp_loss":0,"event_name":"Big Fish","floor":3,"gold_loss":0},{"damage_healed":0,"gold_gain":0,"player_choice":"Fled","damage_taken":18,"max_hp_gain":0,"max_hp_loss":0,"event_name":"Scrap Ooze","floor":5,"gold_loss":0},{"damage_healed":0,"gold_gain":175,"player_choice":"AGREE","damage_taken":0,"max_hp_gain":0,"max_hp_loss":0,"event_name":"Liars Game","floor":11,"gold_loss":0,"cards_obtained":["Doubt"]},{"damage_healed":0,"gold_gain":0,"player_choice":"Obtained Relic","damage_taken":0,"relics_obtained":["CloakClasp"],"max_hp_gain":0,"max_hp_loss":0,"event_name":"Addict","floor":21,"gold_loss":85},{"damage_healed":0,"gold_gain":0,"player_choice":"Shed Blood","damage_taken":19,"max_hp_gain":5,"max_hp_loss":0,"event_name":"Forgotten Altar","floor":22,"gold_loss":0},{"cards_removed":["Doubt"],"damage_healed":0,"gold_gain":0,"player_choice":"Gave Gold","damage_taken":0,"max_hp_gain":0,"max_hp_loss":0,"event_name":"Beggar","floor":30,"gold_loss":75},{"damage_healed":0,"gold_gain":0,"player_choice":"Memory 1","damage_taken":0,"max_hp_gain":0,"max_hp_loss":0,"event_name":"SensoryStone","floor":36,"gold_loss":0},{"cards_removed":["WheelKick"],"damage_healed":0,"gold_gain":0,"player_choice":"Removed Attack","damage_taken":0,"max_hp_gain":0,"max_hp_loss":0,"event_name":"Falling","floor":37,"gold_loss":0},{"damage_healed":0,"gold_gain":0,"player_choice":"Fight","damage_taken":0,"max_hp_gain":0,"max_hp_loss":0,"event_name":"Mysterious Sphere","floor":39,"gold_loss":0},{"damage_healed":0,"gold_gain":0,"player_choice":"Ignored","damage_taken":0,"max_hp_gain":0,"max_hp_loss":0,"event_name":"Tomb of Lord Red Mask","floor":46,"gold_loss":0}],"is_beta":false,"boss_relics":[{"not_picked":["SlaversCollar","Busted Crown"],"picked":"Sozu"},{"not_picked":["Tiny House","Coffee Dripper"],"picked":"VioletLotus"}],"items_purged_floors":[20,38],"is_endless":false,"potions_floor_spawned":[2,7,13,16,19,25,28,31,33,35,41,45,48],"killed_by":"Donu and Deca","ascension_level":11}}