{"host":"zhypnm5xlgq8j242","time":1608427993,"event":{"mods":["AchievementEnabler","BaseMod","BetterRewards","Colored Powertips","Hermit","Keyboard Shortcuts","Minty Spire (QoL Compilation)","Quick Restart","Replay The Spire","Shop Mod","StSLib","The Cursed","The Hierophant","The Runesmith"],"gold_per_floor":[112,112,127,139,153,187,187,206,206,217,217,217,217],"floor_reached":12,"playtime":997,"items_purged":[],"score":106,"play_id":"ec92cd62-9ef9-4404-8efa-d6dcbf7798e3","local_time":"20201220103313","is_ascension_mode":true,"campfire_choices":[{"data":"Inflame","floor":7,"key":"SMITH"}],"circlet_count":0,"master_deck":["Strike_R","Strike_R","Strike_R","Strike_R","Strike_R","Defend_R","Defend_R","Defend_R","Defend_R","Bash","Fiend Fire","Shrug It Off","Pummel","Fiend Fire","Run Through","Inflame+1","Armaments","Evolve"],"relics":["Burning Blood","Spirit Poop","Mirror","Eternal Feather","Question Card"],"acts_visited":["Exordium"],"potions_floor_usage":[10],"damage_taken":[{"damage":0,"enemies":"Small Slimes","floor":1,"turns":3},{"damage":0,"enemies":"Cultist","floor":3,"turns":3},{"damage":7,"enemies":"2 Louse","floor":4,"turns":3},{"damage":17,"enemies":"Large Slime","floor":5,"turns":5},{"damage":32,"enemies":"Gremlin Nob","floor":6,"turns":4},{"damage":2,"enemies":"Exordium Wildlife","floor":8,"turns":4},{"damage":19,"enemies":"Exordium Thugs","floor":10,"turns":4},{"damage":17,"enemies":"Lagavulin","floor":12,"turns":5}],"seed_played":"7325259273783422905","potions_obtained":[{"floor":1,"key":"SpeedPotion"},{"floor":6,"key":"PowerPotion"}],"is_trial":false,"path_per_floor":["M","?","M","M","M","E","R","M","T","M","?","E"],"character_chosen":"IRONCLAD","items_purchased":[],"campfire_rested":0,"item_purchase_floors":[],"current_hp_per_floor":[78,78,80,79,68,42,42,46,46,33,8,0,0],"gold":217,"neow_bonus":"THREE_RARE_CARDS","is_daily":false,"chose_seed":false,"campfire_upgraded":1,"win_rate":0.0,"timestamp":1608427993,"path_taken":["M","?","M","?","M","E","R","M","T","M","?","E"],"items_purchased_type":[],"build_version":"2020-12-13","purchased_purges":0,"victory":false,"max_hp_per_floor":[80,80,80,80,80,80,80,80,80,80,80,80,80],"card_choices":[{"not_picked":["Hemogenesis","Replay:Many Hands"],"picked":"Fiend Fire","floor":0},{"not_picked":["Warcry","Perfected Strike"],"picked":"Shrug It Off","floor":1},{"not_picked":["Warcry","Perfected Strike"],"picked":"Pummel","floor":3},{"not_picked":["Pummel","Flex"],"picked":"Fiend Fire","floor":4},{"not_picked":["Sword Boomerang","Iron Wave"],"picked":"Run Through","floor":5},{"not_picked":["Cleave","Clash"],"picked":"Inflame","floor":6},{"not_picked":["Replay:Undeath\u0027s Touch","True Grit"],"picked":"Armaments","floor":8},{"not_picked":["Clothesline","Flame Barrier"],"picked":"Evolve","floor":10}],"player_experience":572360,"relics_obtained":[{"floor":6,"key":"Mirror"},{"floor":9,"key":"Eternal Feather"}],"event_choices":[{"cards_removed":["Replay:Hysterical Blindness"],"damage_healed":0,"gold_gain":0,"player_choice":"Offered Curse","damage_taken":0,"relics_obtained":["Spirit Poop"],"max_hp_gain":0,"max_hp_loss":0,"event_name":"Bonfire Elementals","floor":2,"gold_loss":0},{"damage_healed":0,"gold_gain":0,"player_choice":"Success","damage_taken":25,"relics_obtained":["Question Card"],"max_hp_gain":0,"max_hp_loss":0,"event_name":"Scrap Ooze","floor":11,"gold_loss":0}],"is_beta":false,"boss_relics":[],"items_purged_floors":[],"is_endless":false,"potions_floor_spawned":[1,6],"killed_by":"Lagavulin","ascension_level":6}}