{"host":"cz3p2o9n3b1gdmkz","time":1608444800,"event":{"mods":["AchievementEnabler","BaseMod","CapriCore","GungeonMod","Hermit","Lobotomy","Minty Spire (QoL Compilation)","Replay The Spire","Shop Mod","StSLib","SuperFastMode","The Cursed","The Dragon Tamer","The Gatherer","The Jungle","The Poker Player","The Runesmith"],"gold_per_floor":[10,80,100,117,46,72,147,147,147,159,187,187,187,187,187,264,264,283,31,31,54,66,95,95,95,164,196,211,211,227,257,257,332,332,344,396,433,229,244,244,275,286,339,352,203,203,215,243,243,243,243],"floor_reached":52,"playtime":1828,"items_purged":[],"score":1427,"play_id":"15b85e81-5769-4e92-a45d-c43617d81110","local_time":"20201220151320","is_ascension_mode":true,"campfire_choices":[{"data":"hermit:Magnum","floor":8.0,"key":"SMITH"},{"data":"hermit:Defend_Hermit","floor":12.0,"key":"SMITH"},{"data":"hermit:WideOpen","floor":15.0,"key":"SMITH"},{"data":"hermit:LuckOfTheDraw","floor":25.0,"key":"SMITH"},{"data":"hermit:BlackWind","floor":29.0,"key":"SMITH"},{"data":"hermit:Gambit","floor":32.0,"key":"SMITH"},{"data":"hermit:Covet","floor":40.0,"key":"SMITH"},{"data":"hermit:Magnum","floor":49,"key":"SMITH"}],"circlet_count":0,"master_deck":["AscendersBane","hermit:Strike_Hermit","hermit:Strike_Hermit","hermit:Strike_Hermit","hermit:Strike_Hermit","hermit:Defend_Hermit+1","hermit:Defend_Hermit+1","hermit:Defend_Hermit","hermit:Defend_Hermit","hermit:Snapshot","hermit:Covet+1","hermit:Magnum+1","hermit:WideOpen+1","hermit:LuckOfTheDraw+1","hermit:Dissolve","hermit:Gambit+1","hermit:Magnum+1","hermit:Roughhouse","hermit:BlackWind+1","hermit:LuckOfTheDraw+1","hermit:Glare+1","hermit:Magnum+1","hermit:FatalDesire","hermit:EyeOfTheStorm+1"],"relics":["hermit:Momento","Akabeko","DemoMod:SevenLeafClover","Incense Burner","DemoMod:ClearGuonStone","Tiny Chest","Black Star","Bottled Lightning","DemoMod:GreenGuonStone","Replay:Baseball","InkBottle","Potion Belt","DemoMod:Orange","Calipers","Runesmith:Locket","Blue Candle","DemoMod:OrangeGuonStone","Pear","Pet Ghost","Toxic Egg 2","DemoMod:GlassGuonStoneRelic","Runic Pyramid","Thread and Needle","MawBank","Replay:Towering Pillar of Hats","DemoMod:MeatBun","DemoMod:WhiteGuonStone","Ornamental Fan","Torii","Blood Vial","Counterbalance","Runesmith:AutoHammer","Art of War","Orichalcum"],"acts_visited":["Exordium","TheCity","TheBeyond"],"potions_floor_usage":[41,41,41,50,50,50],"damage_taken":[{"damage":5.0,"enemies":"Small Slimes","floor":1.0,"turns":3.0},{"damage":0.0,"enemies":"Cultist","floor":3.0,"turns":1.0},{"damage":7.0,"enemies":"Jaw Worm","floor":4.0,"turns":2.0},{"damage":0.0,"enemies":"Lagavulin","floor":6.0,"turns":3.0},{"damage":5.0,"enemies":"Blue Slaver","floor":10.0,"turns":3.0},{"damage":3.0,"enemies":"3 Sentries","floor":11.0,"turns":5.0},{"damage":0.0,"enemies":"The Guardian","floor":16.0,"turns":10.0},{"damage":9.0,"enemies":"Chosen","floor":18.0,"turns":3.0},{"damage":0.0,"enemies":"Spheric Guardian","floor":22.0,"turns":1.0},{"damage":7.0,"enemies":"Slavers","floor":23.0,"turns":4.0},{"damage":10.0,"enemies":"Book of Stabbing","floor":27.0,"turns":2.0},{"damage":2.0,"enemies":"Centurion and Healer","floor":28.0,"turns":2.0},{"damage":0.0,"enemies":"Snake Plant","floor":30.0,"turns":1.0},{"damage":10.0,"enemies":"Slavers","floor":31.0,"turns":5.0},{"damage":0.0,"enemies":"Collector","floor":33.0,"turns":5.0},{"damage":0.0,"enemies":"Orb Walker","floor":35.0,"turns":1.0},{"damage":0.0,"enemies":"Mind Bloom Boss Battle","floor":37.0,"turns":4.0},{"damage":0.0,"enemies":"3 Darklings","floor":39.0,"turns":3.0},{"damage":0,"enemies":"R_Hoarder","floor":41,"turns":5},{"damage":0,"enemies":"Jaw Worm Horde","floor":42,"turns":3},{"damage":0,"enemies":"Maw","floor":44,"turns":2},{"damage":0,"enemies":"Transient","floor":47,"turns":5},{"damage":0,"enemies":"Nemesis","floor":48,"turns":1},{"damage":0,"enemies":"Replay:Hell Engine","floor":50,"turns":1}],"seed_played":"1031392589312834246","potions_obtained":[{"floor":3.0,"key":"Ancient Potion"},{"floor":10.0,"key":"Weak Potion"},{"floor":23.0,"key":"Energy Potion"},{"floor":30.0,"key":"DemoMod:LeadSkinPotion"},{"floor":33.0,"key":"Regen Potion"},{"floor":37.0,"key":"Dexterity Potion"},{"floor":42,"key":"DuplicationPotion"}],"is_trial":false,"path_per_floor":["M","?","M","M","$","E","?","R","T","M","E","R","?","?","R","B",null,"M","$","?","T","M","E","T","R","T","E","M","R","M","E","R","B",null,"M","T","?","$","M","R","E","M","T","M","$","T","M","E","R","B",null,null],"character_chosen":"HERMIT","items_purchased":["hermit:LuckOfTheDraw","Bottled Lightning","DemoMod:MeatBun","hermit:LuckOfTheDraw+1","hermit:Magnum"],"campfire_rested":0,"item_purchase_floors":[5,19,38,38,45],"current_hp_per_floor":[59,59,59,52,52,52,41,41,41,36,33,33,33,33,33,33,62,53,53,53,53,53,46,58,58,58,70,68,68,68,64,64,64,86,86,86,86,93,93,93,93,93,93,93,93,93,93,93,93,93,93],"gold":243,"neow_bonus":"THREE_RARE_CARDS","is_daily":false,"chose_seed":false,"campfire_upgraded":8,"win_rate":0.0,"timestamp":1608444800,"path_taken":["M","?","?","M","$","E","?","R","T","M","E","R","?","?","R","BOSS","M","$","?","?","?","E","?","R","T","E","M","R","?","E","R","BOSS","M","?","?","?","M","R","E","M","T","?","$","?","M","E","R","BOSS"],"items_purchased_type":["Card","Relic","Relic","Card","Card"],"build_version":"2020-12-13","purchased_purges":0,"victory":true,"max_hp_per_floor":[71,71,71,71,71,71,71,71,71,71,71,71,71,71,71,71,71,71,71,71,71,71,71,83,83,83,93,93,93,93,93,93,93,93,93,93,93,93,93,93,93,93,93,93,93,93,93,93,93,93,93],"card_choices":[{"not_picked":["hermit:OverwhelmingPower","hermit:EternalForm"],"picked":"hermit:Magnum","floor":0.0},{"not_picked":["hermit:CalledShot","hermit:Feint"],"picked":"hermit:WideOpen","floor":1.0},{"not_picked":["hermit:Desperado","hermit:Snipe","hermit:Combo"],"picked":"SKIP","floor":3.0},{"not_picked":["hermit:Snipe","hermit:Maintenance","hermit:Misfire"],"picked":"SKIP","floor":4.0},{"not_picked":["hermit:HighCaliber","hermit:HoleUp","hermit:CalledShot"],"picked":"SKIP","floor":6.0},{"not_picked":["hermit:OverwhelmingPower","hermit:FromBeyond"],"picked":"hermit:Dissolve","floor":9.0},{"not_picked":["hermit:ShadowCloak","hermit:Spite","hermit:TrackingShot"],"picked":"SKIP","floor":10.0},{"not_picked":["hermit:Malice","hermit:Cheat","hermit:GhostlyPresence"],"picked":"SKIP","floor":11.0},{"not_picked":["hermit:FatalDesire","hermit:DeadOrAlive"],"picked":"hermit:Gambit","floor":16.0},{"not_picked":["hermit:ItchyTrigger","hermit:TakeAim","hermit:CalledShot"],"picked":"SKIP","floor":18.0},{"not_picked":["hermit:FinalCanter","hermit:Dissolve"],"picked":"hermit:Roughhouse","floor":21.0},{"not_picked":["hermit:HighNoon","hermit:HoleUp","hermit:Virtue"],"picked":"SKIP","floor":22.0},{"not_picked":["hermit:TakeAim","hermit:TrackingShot","hermit:Desperado"],"picked":"SKIP","floor":23.0},{"not_picked":["hermit:RoundhouseKick","hermit:FromBeyond","hermit:Reprieve"],"picked":"SKIP","floor":24.0},{"not_picked":["hermit:Roughhouse","hermit:EternalForm"],"picked":"hermit:BlackWind","floor":26.0},{"not_picked":["hermit:GoldenBullet","hermit:Dive","hermit:Desperado"],"picked":"SKIP","floor":27.0},{"not_picked":["hermit:Showdown","hermit:BlackWind","hermit:Misfire"],"picked":"SKIP","floor":28.0},{"not_picked":["hermit:Desperado","hermit:Quickdraw","hermit:Manifest+1"],"picked":"SKIP","floor":30.0},{"not_picked":["hermit:LoneWolf+1","hermit:TrackingShot","hermit:SprayPray"],"picked":"SKIP","floor":31.0},{"not_picked":["hermit:CalledShot","hermit:DeadMansHand+1","hermit:Dive+1"],"picked":"SKIP","floor":35.0},{"not_picked":["hermit:FromBeyond","hermit:Reprieve","hermit:EternalForm"],"picked":"SKIP","floor":36.0},{"not_picked":["hermit:Manifest+1","hermit:Quickdraw","hermit:BodyArmor+1"],"picked":"SKIP","floor":39.0},{"not_picked":["hermit:Feint+1","hermit:LowProfile+1","hermit:FinalCanter"],"picked":"SKIP","floor":41},{"not_picked":["hermit:TakeAim","hermit:Horror+1","hermit:FlashPowder+1"],"picked":"SKIP","floor":42},{"not_picked":["hermit:HeroicBravado","hermit:Reprieve","hermit:HighNoon"],"picked":"SKIP","floor":43},{"not_picked":["hermit:FullyLoaded+1","hermit:Manifest+1"],"picked":"hermit:Glare+1","floor":44},{"not_picked":["hermit:OverwhelmingPower","hermit:Magnum"],"picked":"hermit:FatalDesire","floor":46},{"not_picked":["hermit:Spite+1","hermit:Quickdraw"],"picked":"hermit:EyeOfTheStorm+1","floor":47},{"not_picked":["hermit:LoneWolf+1","hermit:Gestalt+1","hermit:SprayPray"],"picked":"SKIP","floor":48}],"player_experience":986557,"relics_obtained":[{"floor":2.0,"key":"Akabeko"},{"floor":6.0,"key":"DemoMod:SevenLeafClover"},{"floor":9.0,"key":"Incense Burner"},{"floor":9.0,"key":"DemoMod:ClearGuonStone"},{"floor":11.0,"key":"Tiny Chest"},{"floor":21.0,"key":"DemoMod:GreenGuonStone"},{"floor":21.0,"key":"Replay:Baseball"},{"floor":23.0,"key":"InkBottle"},{"floor":23.0,"key":"Potion Belt"},{"floor":24.0,"key":"DemoMod:Orange"},{"floor":24.0,"key":"Calipers"},{"floor":26.0,"key":"Runesmith:Locket"},{"floor":26.0,"key":"Blue Candle"},{"floor":27.0,"key":"DemoMod:OrangeGuonStone"},{"floor":27.0,"key":"Pear"},{"floor":31.0,"key":"Pet Ghost"},{"floor":31.0,"key":"Toxic Egg 2"},{"floor":36.0,"key":"Thread and Needle"},{"floor":36.0,"key":"MawBank"},{"floor":37.0,"key":"Replay:Towering Pillar of Hats"},{"floor":41,"key":"DemoMod:WhiteGuonStone"},{"floor":41,"key":"Ornamental Fan"},{"floor":43,"key":"Torii"},{"floor":43,"key":"Blood Vial"},{"floor":46,"key":"Counterbalance"},{"floor":46,"key":"Runesmith:AutoHammer"},{"floor":48,"key":"Art of War"},{"floor":48,"key":"Orichalcum"}],"event_choices":[{"damage_healed":0.0,"max_hp_gain":0.0,"max_hp_loss":0.0,"gold_gain":75.0,"event_name":"World of Goop","player_choice":"Gather Gold","floor":7.0,"gold_loss":0.0,"damage_taken":11.0},{"damage_healed":0.0,"max_hp_gain":0.0,"max_hp_loss":0.0,"gold_gain":0.0,"event_name":"Liars Game","player_choice":"Ignored","floor":13.0,"gold_loss":0.0,"damage_taken":0.0},{"damage_healed":0.0,"max_hp_gain":0.0,"max_hp_loss":0.0,"gold_gain":0.0,"event_name":"Living Wall","player_choice":"Grow","floor":14.0,"gold_loss":0.0,"damage_taken":0.0,"cards_upgraded":["hermit:Defend_Hermit"]},{"damage_healed":0.0,"max_hp_gain":0.0,"max_hp_loss":0.0,"gold_gain":0.0,"event_name":"Duplicator","player_choice":"Copied","floor":20.0,"gold_loss":0.0,"damage_taken":0.0,"cards_obtained":["hermit:Magnum"]},{"damage_healed":0.0,"max_hp_gain":0.0,"max_hp_loss":0.0,"gold_gain":0.0,"event_name":"MindBloom","player_choice":"Fight","floor":37.0,"gold_loss":0.0,"damage_taken":0.0}],"is_beta":false,"boss_relics":[{"not_picked":["ChewingGum","DemoMod:WaxWing"],"picked":"Black Star"},{"not_picked":["Runic Dome","Replay:Fungal Core"],"picked":"Runic Pyramid"}],"items_purged_floors":[],"is_endless":false,"potions_floor_spawned":[3,10,11,23,30,33,37,42,44,47],"ascension_level":14}}