{"host":"e40jm352kjzixotw","time":1608476553,"event":{"mods":["BaseMod","Better Altar","BetterRewards","Colored Map","Colored Powertips","DeckTracker","Dota2Spire","Koishi","Luminous","Marisa????????","Minty Spire (QoL Compilation)","Rare Cards Sparkle","Relic Stats","StSLib","The Animator","The Marked","The Mystic","The Servant 0.9.4","???????????mod"],"gold_per_floor":[119,119,119,129,145,145,145],"floor_reached":6,"playtime":348,"items_purged":[],"score":46,"play_id":"19507502-d144-4cf3-bbe7-2edc6a80d3ca","local_time":"20201220160233","is_ascension_mode":false,"campfire_choices":[],"circlet_count":0,"master_deck":["Luminous:Light_Flash_Shower","Luminous:Light_Flash_Shower","Luminous:Light_Flash_Shower","Luminous:Dark_Abyssal_Drop","Luminous:Dark_Abyssal_Drop","Luminous:Dark_Abyssal_Drop","Luminous:Defend_Luminous","Luminous:Defend_Luminous","Luminous:Defend_Luminous","Luminous:Defend_Luminous","Luminous:Switch_Luminous","Luminous:Light_Gather","Luminous:Light_Sylvan_Lance","Luminous:Dark_Arcane_Pitch"],"relics":["Luminous:MirrorRelic","NeowsBlessing"],"acts_visited":["Exordium"],"potions_floor_usage":[],"damage_taken":[{"damage":0,"enemies":"Jaw Worm","floor":1,"turns":1},{"damage":0,"enemies":"Cultist","floor":4,"turns":1},{"damage":0,"enemies":"Small Slimes","floor":5,"turns":1},{"damage":45,"enemies":"Lagavulin","floor":6,"turns":6}],"seed_played":"-6166868367189177763","potions_obtained":[{"floor":2,"key":"DistilledChaos"},{"floor":2,"key":"Ancient Potion"},{"floor":2,"key":"LiquidMemories"},{"floor":5,"key":"Explosive Potion"}],"is_trial":false,"path_per_floor":["M","?","$","M","M","E"],"character_chosen":"LuminousClass","items_purchased":[],"campfire_rested":0,"item_purchase_floors":[],"current_hp_per_floor":[75,75,75,75,75,30,30],"gold":145,"neow_bonus":"THREE_ENEMY_KILL","is_daily":false,"chose_seed":false,"campfire_upgraded":0,"win_rate":0.0,"timestamp":1608476553,"path_taken":["M","?","$","?","M","E"],"items_purchased_type":[],"build_version":"2020-12-13","purchased_purges":0,"victory":false,"max_hp_per_floor":[75,75,75,75,75,75,75],"relic_stats":{"counters":[4,9],"obtain_stats":[{"NeowsBlessing":0,"Luminous:MirrorRelic":0},{"NeowsBlessing":0,"Luminous:MirrorRelic":0},{"NeowsBlessing":0,"Luminous:MirrorRelic":0}]},"card_choices":[{"not_picked":["Luminous:Dark_Pressure_Void","Luminous:Balance_Ender"],"picked":"Luminous:Light_Gather","floor":1},{"not_picked":["Luminous:Light_Disperse","Luminous:Mana_Well_Luminous"],"picked":"Luminous:Light_Sylvan_Lance","floor":4},{"not_picked":["Luminous:Blinding_Pillar_Luminous","Luminous:Tune_Luminous"],"picked":"Luminous:Dark_Arcane_Pitch","floor":5}],"player_experience":1209261,"relics_obtained":[],"event_choices":[{"damage_healed":0,"gold_gain":0,"player_choice":"Got Potions","damage_taken":0,"max_hp_gain":0,"max_hp_loss":0,"event_name":"Lab","floor":2,"gold_loss":0}],"is_beta":false,"boss_relics":[],"items_purged_floors":[],"is_endless":false,"potions_floor_spawned":[5],"killed_by":"Lagavulin","ascension_level":0}}