{"host":"m1ntkrf87179kmo6","time":1608502893,"event":{"mods":["BaseMod","Better Third Choice","Minty Spire (QoL Compilation)","StSLib","The Marked"],"gold_per_floor":[111,125,125,125,125,125,125,81,81,28,44,44,54,68,68,167,167,183,183,84,104,122,135,147,147,174,193,193,193,208,123,123,123,123],"floor_reached":33,"playtime":2745,"items_purged":[],"score":239,"play_id":"bb664d61-2cd5-4c13-a943-cfd98c8d23f0","local_time":"20201220172133","is_ascension_mode":false,"campfire_choices":[{"floor":7.0,"key":"REST"},{"floor":12.0,"key":"RECALL"},{"floor":15.0,"key":"REST"},{"floor":25.0,"key":"REST"},{"floor":28,"key":"REST"},{"floor":32,"key":"REST"}],"circlet_count":0,"master_deck":["theMarked:Strike","theMarked:Strike+1","theMarked:Strike","theMarked:Strike","theMarked:Defend","theMarked:Defend+1","theMarked:Defend","theMarked:Defend","theMarked:SoldierOfQuellstein","theMarked:BanishingStrike","theMarked:Frustration","theMarked:BanishingStrike","theMarked:Opportunist","theMarked:SoldierForm","theMarked:EmpowerWeapon","theMarked:Reabsorb","theMarked:Aftermath+1"],"relics":["theMarked:BronzeBlade","Pen Nib","Centennial Puzzle","betterThird:SlimedRelic","FossilizedHelix","Bag of Marbles","Oddly Smooth Stone"],"acts_visited":["Exordium","TheCity"],"potions_floor_usage":[27,33],"damage_taken":[{"damage":1.0,"enemies":"Cultist","floor":1.0,"turns":3.0},{"damage":5.0,"enemies":"Small Slimes","floor":2.0,"turns":4.0},{"damage":0.0,"enemies":"2 Louse","floor":11.0,"turns":2.0},{"damage":0.0,"enemies":"Looter","floor":13.0,"turns":2.0},{"damage":0.0,"enemies":"3 Louse","floor":14.0,"turns":2.0},{"damage":41.0,"enemies":"Slime Boss","floor":16.0,"turns":14.0},{"damage":0.0,"enemies":"3 Byrds","floor":18.0,"turns":5.0},{"damage":5.0,"enemies":"Shell Parasite","floor":21.0,"turns":6.0},{"damage":29.0,"enemies":"3 Cultists","floor":22.0,"turns":6.0},{"damage":16.0,"enemies":"Snecko","floor":23.0,"turns":5.0},{"damage":14.0,"enemies":"Snake Plant","floor":24.0,"turns":4.0},{"damage":22,"enemies":"3 Cultists","floor":27,"turns":6},{"damage":8,"enemies":"Shelled Parasite and Fungi","floor":30,"turns":5},{"damage":55,"enemies":"Collector","floor":33,"turns":9}],"seed_played":"844762304547585460","potions_obtained":[{"floor":2.0,"key":"Energy Potion"},{"floor":16.0,"key":"SteroidPotion"},{"floor":21.0,"key":"GamblersBrew"},{"floor":23.0,"key":"Block Potion"},{"floor":24.0,"key":"Weak Potion"},{"floor":27,"key":"Ancient Potion"}],"is_trial":false,"path_per_floor":["M","M","?","?","?","?","R","?","T","$","M","R","M","M","R","B",null,"M","?","$","M","M","M","M","R","T","M","R","?","M","?","R","B"],"character_chosen":"THE_DEFAULT","items_purchased":["theMarked:BanishingStrike","theMarked:SummonPotion"],"campfire_rested":5,"item_purchase_floors":[10,20],"current_hp_per_floor":[76,71,71,56,53,46,69,58,58,58,58,58,58,58,77,36,77,77,77,77,72,43,27,13,36,36,14,37,37,29,29,52,0,0],"gold":123,"neow_bonus":"TEN_PERCENT_HP_BONUS","is_daily":false,"chose_seed":false,"campfire_upgraded":0,"win_rate":0.0,"timestamp":1608502893,"path_taken":["M","M","?","?","?","?","R","?","T","$","M","R","?","M","R","BOSS","M","?","$","M","M","M","?","R","T","M","R","?","M","?","R","BOSS"],"items_purchased_type":["Card","Potion"],"build_version":"2020-12-13","purchased_purges":0,"victory":false,"max_hp_per_floor":[77,77,77,77,77,77,77,77,77,77,77,77,77,77,77,77,77,77,77,77,77,77,77,77,77,77,77,77,77,77,77,77,77,77],"card_choices":[{"not_picked":["theMarked:WastefulAttack","theMarked:Static"],"picked":"theMarked:BanishingStrike","floor":1.0},{"not_picked":["theMarked:ParalyzingBlade","theMarked:SwordAndMagic"],"picked":"theMarked:Frustration","floor":2.0},{"not_picked":["theMarked:Electrocute","theMarked:Electrify","theMarked:Improvise"],"picked":"SKIP","floor":11.0},{"not_picked":["theMarked:SwordAndMagic","theMarked:SelfDefenseTraining"],"picked":"theMarked:Opportunist","floor":13.0},{"not_picked":["theMarked:CreepingChasm","theMarked:Panic","theMarked:ResourceFulStrike"],"picked":"SKIP","floor":14.0},{"not_picked":["theMarked:MuscleMemory","theMarked:Defy"],"picked":"theMarked:SoldierForm","floor":16.0},{"not_picked":["theMarked:WastefulAttack","theMarked:BanishingStrike+1"],"picked":"theMarked:EmpowerWeapon","floor":18.0},{"not_picked":["theMarked:SwordAndMagic","theMarked:Static"],"picked":"theMarked:Reabsorb","floor":21.0},{"not_picked":["theMarked:SelfDefenseTraining","theMarked:BanishingStrike+1","theMarked:Frustration"],"picked":"SKIP","floor":22.0},{"not_picked":["theMarked:DeterminationOfTheMarked","theMarked:TwofoldDefense","theMarked:ElectricStrings"],"picked":"SKIP","floor":23.0},{"not_picked":["theMarked:Static+1","theMarked:TakeOffHeels","theMarked:SwordAndMagic"],"picked":"SKIP","floor":24.0},{"not_picked":["theMarked:Parkour","theMarked:ResourceFulStrike"],"picked":"theMarked:Aftermath+1","floor":27},{"not_picked":["theMarked:Improvise","theMarked:FavorableWinds","theMarked:Seal"],"picked":"SKIP","floor":30}],"player_experience":897736,"relics_obtained":[{"floor":9.0,"key":"FossilizedHelix"},{"floor":26.0,"key":"Bag of Marbles"}],"event_choices":[{"damage_healed":0.0,"max_hp_gain":0.0,"max_hp_loss":0.0,"gold_gain":0.0,"event_name":"Big Fish","player_choice":"Box","floor":3.0,"gold_loss":0.0,"damage_taken":0.0,"relics_obtained":["Pen Nib"],"cards_obtained":["Regret"]},{"damage_healed":71.0,"max_hp_gain":0.0,"max_hp_loss":77.0,"gold_gain":0.0,"event_name":"betterThird:BetterShining","player_choice":"Upgrade","floor":4.0,"gold_loss":0.0,"damage_taken":15.0,"cards_upgraded":["theMarked:Strike","theMarked:Defend"]},{"damage_healed":0.0,"max_hp_gain":0.0,"max_hp_loss":0.0,"gold_gain":0.0,"event_name":"betterThird:BetterScrap","player_choice":"Relic ","floor":5.0,"gold_loss":0.0,"damage_taken":3.0,"cards_obtained":["Fusion"]},{"cards_removed":["Regret"],"damage_healed":0.0,"max_hp_gain":0.0,"max_hp_loss":0.0,"gold_gain":0.0,"event_name":"Golden Wing","player_choice":"Card Removal","floor":6.0,"gold_loss":0.0,"damage_taken":7.0},{"damage_healed":0.0,"max_hp_gain":0.0,"max_hp_loss":0.0,"gold_gain":0.0,"event_name":"betterThird:BetterGoop","player_choice":"Slimed","floor":8.0,"gold_loss":44.0,"damage_taken":11.0},{"cards_removed":["theMarked:Strike"],"damage_healed":0.0,"max_hp_gain":0.0,"max_hp_loss":0.0,"gold_gain":0.0,"event_name":"Purifier","player_choice":"Purged","floor":19.0,"gold_loss":0.0,"damage_taken":0.0},{"damage_healed":0,"gold_gain":0,"player_choice":"Ignored","damage_taken":0,"max_hp_gain":0,"max_hp_loss":0,"event_name":"Cursed Tome","floor":29,"gold_loss":0},{"damage_healed":0,"gold_gain":0,"player_choice":"Obtained Relic","damage_taken":0,"relics_obtained":["Oddly Smooth Stone"],"max_hp_gain":0,"max_hp_loss":0,"event_name":"Addict","floor":31,"gold_loss":85}],"is_beta":false,"boss_relics":[{"not_picked":["Pandora\u0027s Box","Tiny House"],"picked":"theMarked:BronzeBlade"}],"items_purged_floors":[],"is_endless":false,"potions_floor_spawned":[2,16,21,23,24,27],"killed_by":"Collector","ascension_level":0}}