{"host":"ufl0k2so27eic2iy","time":1608451499,"event":{"mods":["BaseMod","Minty Spire (QoL Compilation)","StSLib","The Animator"],"gold_per_floor":[125,125,139,214,245,245,271,271,271,311,311,322,341,366,366,366,366],"floor_reached":16,"playtime":655,"items_purged":[],"score":207,"play_id":"7b83cdd5-e65f-4243-ba09-a7447ce5cb97","local_time":"20201220080459","is_ascension_mode":true,"campfire_choices":[{"data":"animator:Shion","floor":6,"key":"SMITH"},{"floor":8,"key":"REST"},{"floor":11,"key":"REST"},{"floor":15,"key":"REST"}],"circlet_count":0,"master_deck":["AscendersBane","animator:Defend_GATE","animator:Strike","animator:Strike","animator:Defend","animator:Defend","animator:Defend","animator:TukaLunaMarceau","animator:Kuribayashi","animator:Megumin+4","animator:Shion+1","animator:YamaiSisters","animator:LeleiLaLalena","animator:Kazuma","animator:Kazuma","animator:LeleiLaLalena"],"relics":["animator:LivingPicture","animator:TheMissingPiece","Centennial Puzzle","animator:Buoy","Sundial","PreservedInsect"],"acts_visited":["Exordium"],"potions_floor_usage":[7,14],"damage_taken":[{"damage":0,"enemies":"Small Slimes","floor":1,"turns":6},{"damage":0,"enemies":"2 Louse","floor":3,"turns":2},{"damage":18,"enemies":"Gremlin Nob","floor":7,"turns":4},{"damage":34,"enemies":"Lagavulin","floor":10,"turns":8},{"damage":4,"enemies":"Cultist","floor":12,"turns":4},{"damage":2,"enemies":"Large Slime","floor":13,"turns":6},{"damage":8,"enemies":"3 Sentries","floor":14,"turns":6},{"damage":35,"enemies":"Slime Boss","floor":16,"turns":12}],"seed_played":"601877956590039998","potions_obtained":[{"floor":3,"key":"Block Potion"},{"floor":10,"key":"Strength Potion"},{"floor":13,"key":"animator:GrowthPotion"}],"is_trial":false,"path_per_floor":["M","?","M","?","?","R","E","R","T","E","R","M","M","E","R","B"],"character_chosen":"THE_ANIMATOR","items_purchased":[],"campfire_rested":3,"item_purchase_floors":[],"current_hp_per_floor":[60,53,53,42,42,42,24,43,43,9,28,25,23,15,35,0,0],"gold":366,"neow_bonus":"TEN_PERCENT_HP_BONUS","is_daily":false,"chose_seed":true,"campfire_upgraded":1,"win_rate":0.0,"timestamp":1608451499,"path_taken":["M","?","M","?","?","R","E","R","T","E","R","M","M","E","R","BOSS"],"items_purchased_type":[],"build_version":"2020-12-13","purchased_purges":0,"victory":false,"max_hp_per_floor":[66,66,66,66,66,66,66,66,66,66,66,67,67,67,67,67,67],"card_choices":[{"not_picked":["animator:Genos","animator:Kazuma"],"picked":"animator:Megumin","floor":1},{"not_picked":["animator:Azekura","animator:Tet"],"picked":"animator:Shion","floor":3},{"not_picked":["animator:ItamiYouji","animator:NiaHonjou"],"picked":"animator:YamaiSisters","floor":7},{"not_picked":["animator:Tyuule","animator:Kuribayashi"],"picked":"animator:LeleiLaLalena","floor":10},{"not_picked":["animator:UneriGinkaku","animator:Vesta"],"picked":"animator:Kazuma","floor":12},{"not_picked":["animator:ZankiKiguchi","animator:Shuna"],"picked":"animator:Kazuma","floor":13},{"not_picked":["animator:Melzalgald","animator:Mitsurugi"],"picked":"animator:LeleiLaLalena","floor":14}],"player_experience":2324293,"relics_obtained":[{"floor":7,"key":"Centennial Puzzle"},{"floor":9,"key":"animator:Buoy"},{"floor":10,"key":"Sundial"},{"floor":14,"key":"PreservedInsect"}],"event_choices":[{"cards_removed":["animator:Strike"],"damage_healed":0,"gold_gain":0,"player_choice":"Card Removal","damage_taken":7,"max_hp_gain":0,"max_hp_loss":0,"event_name":"Golden Wing","floor":2,"gold_loss":0},{"damage_healed":0,"gold_gain":75,"player_choice":"Gather Gold","damage_taken":11,"max_hp_gain":0,"max_hp_loss":0,"event_name":"World of Goop","floor":4,"gold_loss":0}],"is_beta":false,"boss_relics":[],"items_purged_floors":[],"is_endless":false,"potions_floor_spawned":[3,10,13],"killed_by":"Slime Boss","ascension_level":15}}