{"host":"87fdiiwflhrwsj8a","time":1608499587,"event":{"mods":["Aspiration","BaseMod","Better Match","Better Third Choice","BetterRewards","Colored Map","Downfall","GifTheSpireLib","Infinite Spire","Minty Spire (QoL Compilation)","Relic Sorter","Replay The Spire","Robot Space Explorer","StSLib","Stuff the Spire","The Cursed"],"gold_per_floor":[110,110,260,260,260,260,273,303,328,328,342,342,342,342,342],"floor_reached":14,"playtime":161,"items_purged":[],"score":222,"play_id":"133cc6c3-af3c-4b5f-b011-b0703e153199","local_time":"20201220162627","is_ascension_mode":true,"campfire_choices":[{"data":"Flex","floor":6,"key":"SMITH"}],"circlet_count":0,"master_deck":["AscendersBane","Strike_R","Strike_R","Strike_R","Strike_R","Strike_R","Defend_R+1","Defend_R","Defend_R","Defend_R+1","Bash","Flex+1","Doubt","Regret","Anger","Twin Strike","Delirium","Sword Boomerang"],"relics":["Burning Blood","NeowsBlessing","Blue Doll","MealTicket","StuffTheSpire:BottledHeartBeat","War Paint","Ring of Fury"],"acts_visited":["Exordium"],"potions_floor_usage":[],"damage_taken":[{"damage":0,"enemies":"2 Louse","floor":1,"turns":1},{"damage":0,"enemies":"Small Slimes","floor":7,"turns":1},{"damage":0,"enemies":"Lagavulin","floor":8,"turns":1},{"damage":5,"enemies":"Jaw Worm","floor":11,"turns":2},{"damage":0,"enemies":"3 Sentries","floor":14,"turns":1}],"seed_played":"2207281076080214735","potions_obtained":[{"floor":7,"key":"champ:CounterPotion"}],"is_trial":false,"path_per_floor":["M","$","?","?","?","R","M","E","T","?","M","PTL","PTL","E"],"character_chosen":"IRONCLAD","items_purchased":[],"campfire_rested":0,"item_purchase_floors":[],"current_hp_per_floor":[74,74,74,74,56,56,62,68,68,68,69,69,69,69,69],"gold":342,"neow_bonus":"THREE_ENEMY_KILL","is_daily":false,"chose_seed":false,"campfire_upgraded":1,"win_rate":0.0,"timestamp":1608499587,"path_taken":["M","$","?","?","?","R","M","E","T","?","?","PTL","PTL","E"],"items_purchased_type":[],"build_version":"2020-12-13","purchased_purges":0,"victory":false,"max_hp_per_floor":[75,75,75,75,75,75,75,75,75,75,75,75,75,75,75],"card_choices":[{"not_picked":["Seeing Red","Entrench"],"picked":"Flex","floor":1},{"not_picked":["True Grit","Flame Barrier"],"picked":"Anger","floor":7},{"not_picked":["ReplayReversal","Metallicize"],"picked":"Twin Strike","floor":8},{"not_picked":["StuffTheSpire:RockThrow","Havoc"],"picked":"Sword Boomerang","floor":11}],"player_experience":2601547,"relics_obtained":[{"floor":8,"key":"StuffTheSpire:BottledHeartBeat"},{"floor":9,"key":"War Paint"},{"floor":10,"key":"Ring of Fury"}],"event_choices":[{"damage_healed":0,"gold_gain":150,"player_choice":"AGREE","damage_taken":110,"max_hp_gain":0,"max_hp_loss":0,"event_name":"betterThird:BetterSerpent","floor":3,"gold_loss":0},{"damage_healed":0,"gold_gain":0,"player_choice":"Box","damage_taken":0,"relics_obtained":["Blue Doll"],"max_hp_gain":0,"max_hp_loss":0,"event_name":"Big Fish","floor":4,"gold_loss":0,"cards_obtained":["Regret"]},{"damage_healed":0,"gold_gain":0,"player_choice":"Relic ","damage_taken":18,"max_hp_gain":0,"max_hp_loss":0,"event_name":"betterThird:BetterScrap","floor":5,"gold_loss":0,"cards_obtained":["Corpse Explosion"]}],"is_beta":false,"boss_relics":[],"items_purged_floors":[],"is_endless":false,"potions_floor_spawned":[7],"killed_by":"3 Sentries","ascension_level":20}}