{"host":"ufl0k2so27eic2iy","time":1608488503,"event":{"mods":["BaseMod","Minty Spire (QoL Compilation)","StSLib","The Animator"],"gold_per_floor":[111,2,2,20,36,36,36,36,60,98,110,12,62,87,87,162,162,180,190,215,215,53,53,79,79,79,79,79],"floor_reached":27,"playtime":1170,"items_purged":["animator:Strike","animator:Strike"],"score":471,"play_id":"67158617-ac5b-46b4-9d76-7c730d605921","local_time":"20201220182143","is_ascension_mode":true,"campfire_choices":[{"data":"animator:Kuroyukihime","floor":6.0,"key":"SMITH"},{"data":"animator:Vanir","floor":8.0,"key":"SMITH"},{"data":"animator:LeleiLaLalena","floor":15,"key":"SMITH"},{"data":"animator:LeleiLaLalena","floor":23,"key":"SMITH"},{"floor":25,"key":"REST"}],"circlet_count":0,"master_deck":["AscendersBane","animator:Strike_AccelWorld","animator:Defend_AccelWorld","animator:Defend","animator:Defend","animator:Defend","animator:Kuroyukihime+1","animator:LimeBell","animator:IrohaTamaki","animator:LeleiLaLalena+1","animator:Vanir+1","animator:YuukaKazami","animator:MarisaKirisame","animator:TukaLunaMarceau","animator:ReimuHakurei","animator:MisaKurobane","animator:PinaCoLada","animator:PinaCoLada","animator:MarisaKirisame","animator:LeleiLaLalena+1","animator:Verdia","animator:OrikoMikuni","animator:Cirno","animator:Tyuule"],"relics":["animator:LivingPicture","animator:TheMissingPiece","Tiny Chest","Matryoshka","Red Skull","Sozu","The Courier","Smiling Mask","Omamori","Mummified Hand"],"acts_visited":["Exordium","TheCity"],"potions_floor_usage":[16,18],"damage_taken":[{"damage":0.0,"enemies":"Small Slimes","floor":1.0,"turns":6.0},{"damage":0.0,"enemies":"Cultist","floor":4.0,"turns":4.0},{"damage":0.0,"enemies":"Jaw Worm","floor":5.0,"turns":4.0},{"damage":0.0,"enemies":"3 Sentries","floor":10.0,"turns":6.0},{"damage":0,"enemies":"Exordium Thugs","floor":11,"turns":4},{"damage":0,"enemies":"Lagavulin","floor":14,"turns":5},{"damage":15,"enemies":"Hexaghost","floor":16,"turns":10},{"damage":24,"enemies":"2 Thieves","floor":18,"turns":4},{"damage":0,"enemies":"Spheric Guardian","floor":19,"turns":4},{"damage":13,"enemies":"Chosen and Byrds","floor":24,"turns":6},{"damage":45,"enemies":"Book of Stabbing","floor":27,"turns":7}],"seed_played":"-2078952230046951749","potions_obtained":[{"floor":4.0,"key":"Dexterity Potion"},{"floor":7.0,"key":"Block Potion"},{"floor":7.0,"key":"ColorlessPotion"},{"floor":11,"key":"SkillPotion"}],"is_trial":false,"path_per_floor":["M","$","?","M","M","R","?","R","T","E","M","$","?","E","R","B",null,"M","M","T","?","$","R","M","R","T","E"],"character_chosen":"THE_ANIMATOR","items_purchased":["animator:LeleiLaLalena","animator:MisaKurobane","animator:OrikoMikuni","animator:Cirno"],"campfire_rested":1,"item_purchase_floors":[2,12,22,22],"current_hp_per_floor":[60,60,60,60,60,60,60,60,60,60,60,60,60,61,61,46,62,38,38,38,38,38,38,25,45,45,0,0],"gold":79,"neow_bonus":"TEN_PERCENT_HP_BONUS","is_daily":false,"chose_seed":true,"campfire_upgraded":4,"win_rate":0.0,"timestamp":1608488503,"path_taken":["M","$","?","M","M","R","?","R","T","E","?","?","?","E","R","BOSS","M","M","?","?","$","R","M","R","T","E"],"items_purchased_type":["Card","Card","Card","Card"],"build_version":"2020-12-13","purchased_purges":2,"victory":false,"max_hp_per_floor":[66,66,66,66,66,66,66,66,66,66,66,66,66,67,67,67,67,67,67,67,67,67,67,67,67,67,67,67],"card_choices":[{"not_picked":["animator:TukaLunaMarceau","animator:Add"],"picked":"animator:IrohaTamaki","floor":1.0},{"not_picked":["animator:MarisaKirisame","animator:KomachiOnozuka"],"picked":"animator:YuukaKazami","floor":4.0},{"not_picked":["animator:YuukaKazami","animator:ChaikaBohdan"],"picked":"animator:MarisaKirisame","floor":5.0},{"not_picked":["animator:Tyuule","animator:RoryMercury"],"picked":"animator:TukaLunaMarceau","floor":10},{"not_picked":["animator:ChaikaBohdan","animator:Elsword"],"picked":"animator:ReimuHakurei","floor":11},{"not_picked":["animator:Elsword","animator:SuikaIbuki"],"picked":"animator:PinaCoLada","floor":14},{"not_picked":["animator:HiedaNoAkyuu","animator:Hans"],"picked":"animator:PinaCoLada","floor":16},{"not_picked":["animator:Viivi","animator:RoryMercury"],"picked":"animator:MarisaKirisame","floor":18},{"not_picked":["animator:Tyuule","animator:RoryMercury"],"picked":"animator:LeleiLaLalena","floor":19},{"not_picked":["animator:Sloth","animator:IrohaTamaki"],"picked":"animator:Tyuule","floor":24}],"player_experience":2328716,"relics_obtained":[{"floor":9.0,"key":"Tiny Chest"},{"floor":10,"key":"Matryoshka"},{"floor":14,"key":"Red Skull"},{"floor":20,"key":"The Courier"},{"floor":20,"key":"Smiling Mask"},{"floor":26,"key":"Omamori"},{"floor":26,"key":"Mummified Hand"}],"event_choices":[{"damage_healed":0.0,"max_hp_gain":0.0,"max_hp_loss":0.0,"gold_gain":0.0,"cards_transformed":["animator:Strike"],"event_name":"Living Wall","player_choice":"Change","floor":3.0,"gold_loss":0.0,"damage_taken":0.0,"cards_obtained":["animator:Vanir"]},{"damage_healed":0.0,"max_hp_gain":0.0,"max_hp_loss":0.0,"gold_gain":0.0,"event_name":"Lab","player_choice":"Got Potions","floor":7.0,"gold_loss":0.0,"damage_taken":0.0},{"damage_healed":0,"gold_gain":50,"player_choice":"Pray","damage_taken":0,"max_hp_gain":0,"max_hp_loss":0,"event_name":"Golden Shrine","floor":13,"gold_loss":0},{"damage_healed":0,"gold_gain":0,"player_choice":"1 cards matched","damage_taken":0,"max_hp_gain":0,"max_hp_loss":0,"event_name":"Match and Keep!","floor":21,"gold_loss":0,"cards_obtained":["animator:Verdia"]}],"is_beta":false,"boss_relics":[{"not_picked":["animator:CursedBlade","Philosopher\u0027s Stone"],"picked":"Sozu"}],"items_purged_floors":[2,22],"is_endless":false,"potions_floor_spawned":[4,11,14,19,24],"killed_by":"Book of Stabbing","ascension_level":15}}