{"host":"bq4pt811tk9yrmjl","time":1608470305,"event":{"mods":["AchievementEnabler","BaseMod","Colored Map","Colored Powertips","Defuse TimeMaze Blight","Minty Spire (QoL Compilation)","StSLib","SuperFastMode","UnlockEverythingMod"],"gold_per_floor":[114,126,126,126,126,155,155,168,168,168,168,201,211,14,14,115,115,126,140,140,140,158,158,121,135,135,50,50,50,50],"floor_reached":29,"playtime":629,"items_purged":[],"score":295,"play_id":"e6f35f97-f36b-470b-87b3-10a97cca5f10","local_time":"20201220111825","is_ascension_mode":true,"campfire_choices":[{"data":"Eruption","floor":7.0,"key":"SMITH"},{"data":"Consecrate","floor":11.0,"key":"SMITH"},{"data":"Apotheosis","floor":15.0,"key":"SMITH"},{"floor":23,"key":"REST"}],"circlet_count":0,"master_deck":["Strike_P","Strike_P","Strike_P","Defend_P","Defend_P","Defend_P","Defend_P","Eruption+1","Vigilance+1","FlyingSleeves+1","JustLucky","Consecrate+1","Nirvana","FollowUp","Apotheosis+1","ConjureBlade","BowlingBash+1","Wireheading"],"relics":["PureWater","NeowsBlessing","Ornamental Fan","Eternal Feather","Letter Opener","Fusion Hammer","Ancient Tea Set"],"acts_visited":["Exordium","TheCity"],"potions_floor_usage":[19],"damage_taken":[{"damage":0.0,"enemies":"Small Slimes","floor":1.0,"turns":1.0},{"damage":0.0,"enemies":"2 Louse","floor":2.0,"turns":1.0},{"damage":0.0,"enemies":"Lagavulin","floor":6.0,"turns":1.0},{"damage":0.0,"enemies":"Cultist","floor":8.0,"turns":1.0},{"damage":0.0,"enemies":"3 Sentries","floor":12.0,"turns":6.0},{"damage":0.0,"enemies":"Looter","floor":13.0,"turns":3.0},{"damage":41.0,"enemies":"Slime Boss","floor":16.0,"turns":15.0},{"damage":6.0,"enemies":"Chosen","floor":18.0,"turns":4.0},{"damage":28,"enemies":"3 Byrds","floor":19,"turns":6},{"damage":22,"enemies":"Snecko","floor":22,"turns":5},{"damage":17,"enemies":"Chosen and Byrds","floor":25,"turns":6},{"damage":23,"enemies":"Book of Stabbing","floor":29,"turns":5}],"seed_played":"3525084304860813644","potions_obtained":[{"floor":1.0,"key":"GamblersBrew"},{"floor":12.0,"key":"PowerPotion"},{"floor":18.0,"key":"Energy Potion"},{"floor":22,"key":"FearPotion"}],"is_trial":false,"path_per_floor":["M","M","?","$","?","E","R","M","T","?","R","E","M","$","R","B",null,"M","M","?","?","M","R","$","M","T","?","$","E"],"character_chosen":"WATCHER","items_purchased":["Apotheosis","Wireheading"],"campfire_rested":1,"item_purchase_floors":[14,24],"current_hp_per_floor":[72,72,72,72,72,72,72,72,72,72,72,72,72,72,72,31,72,66,38,38,38,16,46,46,29,29,29,29,6,6],"gold":50,"neow_bonus":"THREE_ENEMY_KILL","is_daily":false,"chose_seed":false,"campfire_upgraded":3,"win_rate":0.0,"timestamp":1608470305,"path_taken":["M","M","?","$","?","E","R","?","T","?","R","E","M","$","R","BOSS","M","M","?","?","?","R","?","M","T","?","$","E"],"items_purchased_type":["Card","Card"],"build_version":"2020-12-13","purchased_purges":0,"victory":false,"max_hp_per_floor":[72,72,72,72,72,72,72,72,72,72,72,72,72,72,72,72,72,72,72,72,72,72,72,72,72,72,72,72,72,72],"card_choices":[{"not_picked":["Fasting2","JustLucky"],"picked":"FlyingSleeves","floor":1.0},{"not_picked":["CutThroughFate","Halt"],"picked":"JustLucky","floor":2.0},{"not_picked":["Worship","WheelKick","Pray"],"picked":"SKIP","floor":6.0},{"not_picked":["BowlingBash","Halt"],"picked":"Consecrate","floor":8.0},{"not_picked":["FlyingSleeves","FlurryOfBlows"],"picked":"Nirvana","floor":12.0},{"not_picked":["BowlingBash","EmptyFist"],"picked":"FollowUp","floor":13.0},{"not_picked":["LessonLearned","DevaForm"],"picked":"ConjureBlade","floor":16.0},{"not_picked":["ClearTheMind","EmptyMind+1","WindmillStrike"],"picked":"SKIP","floor":18.0},{"not_picked":["Adaptation","SashWhip"],"picked":"BowlingBash+1","floor":19},{"not_picked":["CrushJoints","BowlingBash","Study"],"picked":"SKIP","floor":22},{"not_picked":["ClearTheMind","MentalFortress","EmptyFist"],"picked":"SKIP","floor":25}],"player_experience":82889,"relics_obtained":[{"floor":6.0,"key":"Ornamental Fan"},{"floor":9.0,"key":"Eternal Feather"},{"floor":12.0,"key":"Letter Opener"}],"event_choices":[{"damage_healed":0.0,"max_hp_gain":0.0,"max_hp_loss":0.0,"gold_gain":0.0,"event_name":"Golden Wing","player_choice":"Ignored","floor":3.0,"gold_loss":0.0,"damage_taken":0.0},{"damage_healed":0.0,"max_hp_gain":0.0,"max_hp_loss":0.0,"gold_gain":0.0,"event_name":"Upgrade Shrine","player_choice":"Upgraded","floor":5.0,"gold_loss":0.0,"damage_taken":0.0,"cards_upgraded":["Vigilance"]},{"damage_healed":0.0,"max_hp_gain":0.0,"max_hp_loss":0.0,"gold_gain":0.0,"event_name":"Living Wall","player_choice":"Grow","floor":10.0,"gold_loss":0.0,"damage_taken":0.0,"cards_upgraded":["FlyingSleeves"]},{"damage_healed":0,"gold_gain":0,"player_choice":"Ignored","damage_taken":0,"max_hp_gain":0,"max_hp_loss":0,"event_name":"Vampires","floor":20,"gold_loss":0},{"cards_removed":["Strike_P"],"damage_healed":0,"gold_gain":0,"player_choice":"Purged","damage_taken":0,"max_hp_gain":0,"max_hp_loss":0,"event_name":"Purifier","floor":21,"gold_loss":0},{"damage_healed":0,"gold_gain":0,"player_choice":"Obtained Relic","damage_taken":0,"relics_obtained":["Ancient Tea Set"],"max_hp_gain":0,"max_hp_loss":0,"event_name":"Addict","floor":27,"gold_loss":85}],"is_beta":false,"boss_relics":[{"not_picked":["Snecko Eye","VioletLotus"],"picked":"Fusion Hammer"}],"items_purged_floors":[],"is_endless":false,"potions_floor_spawned":[1,12,18,22],"killed_by":"Book of Stabbing","ascension_level":1}}