{"host":"xnqz5xrogo3hmjp9","time":1608467649,"event":{"mods":["ATMod(°¢èªMod)","AchievementEnabler","BaseMod","Better Third Choice","BetterRewards","Colored Map","Colored Powertips","Conspire","Downfall","GifTheSpireLib","Hermit","Infinite Spire","KinomotoSakuraMod(Ä¾Ö®±¾Ó£)","Marisa£¨ìFÓê¡¡Ä§ÀíÉ³£©","Marked Mod","Minty Spire (QoL Compilation)","Quick Restart","Relic Stats","Remilia£¨ÀÙÃ×ÀòÑÇ£©","Replay The Spire","Shop Mod","Spicy Shops","StSLib","SuperFastMode","The Mystic","The Senshi","Yuri Mod"],"gold_per_floor":[114,132,145,5,22,22,22,47,47,74,74,74,84,98,113,141,141,243,243,262,262,55,73,73,105,120,137,137,148,3,30,47,59,59,159,159,187,217,246,246,274,274,306,346,346,387,427,427,85,111,111,111,111,111,65,94,94,94],"floor_reached":57,"playtime":5466,"items_purged":[],"score":1139,"play_id":"04fa6697-0906-4dca-bb9b-b81875371211","local_time":"20201220203409","is_ascension_mode":false,"campfire_choices":[{"data":"AT_FamilyPortrait","floor":9,"key":"SMITH"},{"floor":17,"key":"REST"},{"floor":42,"key":"RECALL"},{"floor":48,"key":"REST"},{"data":"mysticmod:Lunge","floor":51,"key":"SMITH"},{"data":"mysticmod:KnowledgePool","floor":54,"key":"SMITH"}],"circlet_count":0,"master_deck":["conspire:GhostlyStrike","conspire:GhostlyStrike","conspire:GhostlyStrike","conspire:GhostlyStrike","conspire:GhostlyDefend","conspire:GhostlyDefend","conspire:GhostlyDefend","conspire:GhostlyDefend","mysticmod:ArcaneDodge","mysticmod:ShockingGrasp","AT_FamilyPortrait+1","mysticmod:PowerSlash","mysticmod:Stoneskin","mysticmod:VorpalThrust","Parasite","mysticmod:Flurry","mysticmod:ComponentsPouch","mysticmod:Lunge+1","mysticmod:HeavyStrike","mysticmod:PureInstinct","mysticmod:TomeOfSpells","mysticmod:Disengage","mysticmod:Fly","mysticmod:EarthenWall","mysticmod:EnergizedRift","mysticmod:ComponentsPouch","mysticmod:AllIn+1","mysticmod:Disintegrate","mysticmod:BladedDash","mysticmod:StyleChange","mysticmod:Alacrity+1","mysticmod:Alacrity+1","expansioncontent:HyperBeam","mysticmod:MightyMagic","mysticmod:Fireball","mysticmod:KeenEdge","mysticmod:KnowledgePool+1","Shame","mysticmod:Fireball","mysticmod:Riposte+1","mysticmod:MightyMagic","mysticmod:Stoneskin+1","mysticmod:PreparedCaster","mysticmod:HunkerDown","mysticmod:ArcaneAccuracy","mysticmod:PowerAttack","mysticmod:MightyMagic","mysticmod:Stoneskin","mysticmod:SpellCombat+1","mysticmod:MirrorStrike","mysticmod:ComboCaster","mysticmod:Alacrity","mysticmod:ObscuringMist","mysticmod:Flourish","mysticmod:TomeOfSpells","mysticmod:SpellCombat+1","mysticmod:Natural20","AT_EmpoweredMortalDraw","mysticmod:Snowball+1","mysticmod:PureInstinct+1","mysticmod:MirrorStrike+1","mysticmod:ComboCaster+1","mysticmod:Disengage","mysticmod:CureLightWounds","mysticmod:AllIn","mysticmod:MightyMagic+1","mysticmod:MirrorStrike","mysticmod:StyleChange+1","mysticmod:PureInstinct+1","mysticmod:Disengage","mysticmod:BladeMaster+1","mysticmod:ArcaneAccuracy+1","mysticmod:PreparedCaster+1","mysticmod:CorrosiveTouch+1","mysticmod:Probe+1","mysticmod:Probe+1","mysticmod:ComponentsPouch","mysticmod:CorrosiveTouch","mysticmod:ChargedParry+1","mysticmod:CorrosiveTouch+1","mysticmod:Riposte+1","mysticmod:RapidCaster+1","mysticmod:AllIn","mysticmod:BulkUp","mysticmod:DiviningBlow","Pain","Chrysalis","mysticmod:BladeMaster"],"relics":["mysticmod:SpellBook","AT_ATBox","AT_SeraphEmbrace","Prayer Wheel","AT_SilvercatRing","AT_RedTearstoneRing","Quantum Egg","Prayer Wheel","conspire:DeflatedDodgeball","AT_TrinityForce","Prayer Wheel","Ring of Searing","Ring of Misfortune","StoneCalendar","Kunai","mysticmod:BentSpoon","Nunchaku","infinitespire:EvilPickle","AT_MortalBlade","Bottled Lightning","AT_Manta","Replay:Baseball","ReplayTheSpireMod:CursedCoin","conspire:DecoderRing"],"acts_visited":["Exordium","TheCity","TheBeyond","TheEnding"],"potions_floor_usage":[8,8,18,20,25,29,38,56,57],"damage_taken":[{"damage":1,"enemies":"conspire:RoseBush","floor":1,"turns":4},{"damage":1,"enemies":"Jaw Worm","floor":2,"turns":3},{"damage":0,"enemies":"2 Louse","floor":3,"turns":2},{"damage":11,"enemies":"Blue Slaver","floor":5,"turns":2},{"damage":33,"enemies":"Gremlin Nob","floor":8,"turns":4},{"damage":27,"enemies":"3 Sentries","floor":10,"turns":7},{"damage":12,"enemies":"conspire:2 RoseBushes","floor":13,"turns":3},{"damage":0,"enemies":"Exordium Thugs","floor":14,"turns":2},{"damage":1,"enemies":"Lots of Slimes","floor":15,"turns":4},{"damage":2,"enemies":"conspire:MimicChest","floor":16,"turns":5},{"damage":14,"enemies":"Slime Boss","floor":18,"turns":8},{"damage":9,"enemies":"Shell Parasite","floor":20,"turns":4},{"damage":17,"enemies":"Spheric Guardian","floor":23,"turns":4},{"damage":3,"enemies":"Slavers","floor":25,"turns":2},{"damage":0,"enemies":"Chosen and Byrds","floor":26,"turns":3},{"damage":0,"enemies":"Sentry and Sphere","floor":27,"turns":3},{"damage":6,"enemies":"conspire:HollyBat","floor":29,"turns":18},{"damage":2,"enemies":"Book of Stabbing","floor":31,"turns":2},{"damage":0,"enemies":"Snake Plant","floor":32,"turns":2},{"damage":0,"enemies":"Snecko","floor":33,"turns":2},{"damage":15,"enemies":"Pondfish","floor":35,"turns":7},{"damage":5,"enemies":"3 Shapes","floor":37,"turns":2},{"damage":28,"enemies":"3 Darklings","floor":38,"turns":5},{"damage":10,"enemies":"Spire Growth","floor":39,"turns":4},{"damage":12,"enemies":"4 Shapes","floor":41,"turns":5},{"damage":0,"enemies":"Writhing Mass","floor":43,"turns":2},{"damage":11,"enemies":"Sphere and 2 Shapes","floor":44,"turns":2},{"damage":2,"enemies":"Jaw Worm Horde","floor":46,"turns":3},{"damage":0,"enemies":"Spire Growth","floor":47,"turns":2},{"damage":31,"enemies":"Donu and Deca","floor":52,"turns":5},{"damage":11,"enemies":"Shield and Spear","floor":56,"turns":2},{"damage":92,"enemies":"The Heart","floor":57,"turns":8}],"seed_played":"-4245411089841108854","potions_obtained":[{"floor":1,"key":"Adrenaline Potion"},{"floor":2,"key":"PowerPotion"},{"floor":10,"key":"Block Potion"},{"floor":13,"key":"Guardian:BlockOnCardUsePotion"},{"floor":16,"key":"Regen Potion"},{"floor":18,"key":"Swift Potion"},{"floor":25,"key":"Energy Potion"},{"floor":26,"key":"SpeedPotion"},{"floor":32,"key":"Flashbang"},{"floor":40,"key":"Slimebound:ThreeZeroPotion"},{"floor":40,"key":"EssenceOfSteel"}],"is_trial":false,"path_per_floor":["M","M","M","$","M","PTL","PTL","E","R","E","T","?","M","M","M","?","R","B",null,"M","?","$","M","?","E","M","M","T","M","$","E","M","M","R_BF","B",null,"M","M","M","?","M","R","M","M","T","M","M","R","$","T","R","B",null,"R","$","E","B"],"character_chosen":"MYSTIC_CLASS","items_purchased":["AT_ArchangelStaff","mysticmod:Flurry","expansioncontent:HyperBeam","mysticmod:MightyMagic","mysticmod:BentSpoon","AT_Manta","mysticmod:DiviningBlow","ReplayTheSpireMod:CursedCoin","Chrysalis"],"campfire_rested":2,"item_purchase_floors":[4,4,22,22,30,49,49,55,55],"current_hp_per_floor":[83,82,82,82,71,71,71,38,38,23,23,23,11,11,10,8,33,19,84,79,79,79,62,62,59,59,59,59,53,53,51,51,51,76,61,84,79,51,44,44,59,59,59,48,48,46,48,73,73,73,73,42,84,84,84,73,0,0],"gold":94,"neow_bonus":"TEN_PERCENT_HP_BONUS","is_daily":false,"chose_seed":false,"campfire_upgraded":3,"win_rate":0.0,"timestamp":1608467649,"path_taken":["M","M","M","$","M","PTL","PTL","E","R","E","T","?","M","M","M","?","R","BOSS","M","?","$","M","?","E","M","M","T","M","?","E","?","M","R_BF","BOSS","M","M","?","?","M","R","M","M","T","?","M","R","$","?","R","BOSS","R","$","E","BOSS"],"items_purchased_type":["Relic","Card","Card","Card","Relic","Relic","Card","Relic","Card"],"build_version":"2020-12-13","purchased_purges":0,"victory":false,"max_hp_per_floor":[84,84,84,84,84,84,84,84,84,84,84,84,84,84,84,84,84,84,84,84,84,84,84,84,84,84,84,84,84,84,84,84,84,84,84,84,84,84,84,84,84,84,84,84,84,84,84,84,84,84,84,84,84,84,84,84,84,84],"relic_stats":{"Nunchaku":[11],"counters":[32,131],"Prayer Wheel":18,"StoneCalendar":[52],"Kunai":[24],"obtain_stats":[{"AT_SeraphEmbrace":29,"AT_RedTearstoneRing":10,"AT_ATBox":0,"AT_Manta":49,"ReplayTheSpireMod:CursedCoin":55,"Quantum Egg":11,"AT_MortalBlade":36,"mysticmod:SpellBook":0,"StoneCalendar":24,"AT_SilvercatRing":8,"AT_ArchangelStaff":4,"Ring of Searing":21,"infinitespire:EvilPickle":35,"Nunchaku":31,"Replay:Baseball":50,"Ring of Misfortune":21,"conspire:DecoderRing":56,"AT_TrinityForce":19,"Prayer Wheel":8,"Kunai":25,"Bottled Lightning":45,"conspire:DeflatedDodgeball":16,"mysticmod:BentSpoon":30},{"AT_SeraphEmbrace":17,"AT_RedTearstoneRing":6,"AT_ATBox":0,"AT_Manta":29,"ReplayTheSpireMod:CursedCoin":30,"Quantum Egg":6,"AT_MortalBlade":21,"mysticmod:SpellBook":0,"StoneCalendar":13,"AT_SilvercatRing":5,"AT_ArchangelStaff":3,"Ring of Searing":12,"infinitespire:EvilPickle":21,"Nunchaku":18,"Replay:Baseball":29,"Ring of Misfortune":12,"conspire:DecoderRing":31,"AT_TrinityForce":11,"Prayer Wheel":5,"Kunai":14,"Bottled Lightning":27,"conspire:DeflatedDodgeball":10,"mysticmod:BentSpoon":17},{"AT_SeraphEmbrace":63,"AT_RedTearstoneRing":22,"AT_ATBox":0,"AT_Manta":116,"ReplayTheSpireMod:CursedCoin":121,"Quantum Egg":22,"AT_MortalBlade":91,"mysticmod:SpellBook":0,"StoneCalendar":52,"AT_SilvercatRing":15,"AT_ArchangelStaff":9,"Ring of Searing":48,"infinitespire:EvilPickle":91,"Nunchaku":80,"Replay:Baseball":116,"Ring of Misfortune":48,"conspire:DecoderRing":123,"AT_TrinityForce":44,"Prayer Wheel":12,"Kunai":54,"Bottled Lightning":111,"conspire:DeflatedDodgeball":36,"mysticmod:BentSpoon":78}]},"card_choices":[{"not_picked":["mysticmod:Daze","mysticmod:Alacrity"],"picked":"mysticmod:PowerSlash","floor":1},{"not_picked":["mysticmod:PunishingArmor","mysticmod:Probe"],"picked":"mysticmod:Stoneskin","floor":2},{"not_picked":["mysticmod:EarthenWall","mysticmod:MagicMissile"],"picked":"mysticmod:VorpalThrust","floor":3},{"not_picked":["mysticmod:Snowball","mysticmod:EnergizedRift"],"picked":"mysticmod:ComponentsPouch","floor":5},{"not_picked":["mysticmod:Snowball","mysticmod:PureInstinct"],"picked":"mysticmod:Lunge","floor":8},{"not_picked":["mysticmod:Dedication","mysticmod:Flurry"],"picked":"mysticmod:HeavyStrike","floor":10},{"not_picked":["mysticmod:BulkUp","mysticmod:Disengage"],"picked":"mysticmod:PureInstinct","floor":13},{"not_picked":["mysticmod:EnergizedRift","mysticmod:SuddenClarity"],"picked":"mysticmod:TomeOfSpells","floor":13},{"not_picked":["mysticmod:BladedDash","mysticmod:Shield"],"picked":"mysticmod:Disengage","floor":14},{"not_picked":["mysticmod:MagicMissile","mysticmod:TomeOfSpells"],"picked":"mysticmod:Fly","floor":14},{"not_picked":["mysticmod:EnergizedRift","mysticmod:SuddenClarity"],"picked":"mysticmod:EarthenWall","floor":14},{"not_picked":["mysticmod:Probe","mysticmod:HeavyStrike"],"picked":"mysticmod:EnergizedRift","floor":15},{"not_picked":["mysticmod:FloatingDisk","mysticmod:PunishingArmor"],"picked":"mysticmod:ComponentsPouch","floor":15},{"not_picked":["mysticmod:Fly","mysticmod:Grease"],"picked":"mysticmod:AllIn","floor":15},{"not_picked":["mysticmod:Haste","mysticmod:MirrorEntity"],"picked":"mysticmod:Disintegrate","floor":18},{"not_picked":["mysticmod:PowerSlash","mysticmod:SuddenClarity"],"picked":"mysticmod:BladedDash","floor":20},{"not_picked":["mysticmod:BulkUp","mysticmod:Sideswipe"],"picked":"mysticmod:StyleChange","floor":20},{"not_picked":["mysticmod:EbbAndFlow","mysticmod:EarthenWall"],"picked":"mysticmod:Alacrity+1","floor":20},{"not_picked":["mysticmod:HeavyStrike","mysticmod:Shield"],"picked":"mysticmod:Alacrity+1","floor":20},{"not_picked":["mysticmod:Alacrity","mysticmod:Daze"],"picked":"mysticmod:Fireball","floor":23},{"not_picked":["mysticmod:TomeOfSpells","mysticmod:DiviningBlow+1"],"picked":"mysticmod:KeenEdge","floor":23},{"not_picked":["mysticmod:EbbAndFlow","mysticmod:CorrosiveTouch+1"],"picked":"mysticmod:KnowledgePool","floor":23},{"not_picked":["mysticmod:Daze","mysticmod:HeavyStrike","mysticmod:Probe"],"picked":"SKIP","floor":23},{"not_picked":["mysticmod:ComponentsPouch+1","mysticmod:KeenEdge"],"picked":"mysticmod:Fireball","floor":25},{"not_picked":["mysticmod:Daze","mysticmod:FloatingDisk+1"],"picked":"mysticmod:Riposte+1","floor":26},{"not_picked":["mysticmod:LightningBolt","mysticmod:Alacrity"],"picked":"mysticmod:MightyMagic","floor":26},{"not_picked":["mysticmod:TomeOfSpells","mysticmod:Fireball"],"picked":"mysticmod:Stoneskin+1","floor":26},{"not_picked":["mysticmod:CureLightWounds","mysticmod:HeavyStrike"],"picked":"mysticmod:PreparedCaster","floor":26},{"not_picked":["mysticmod:Dedication","mysticmod:Daze"],"picked":"mysticmod:HunkerDown","floor":27},{"not_picked":["mysticmod:BulkUp","mysticmod:HeavyStrike"],"picked":"mysticmod:ArcaneAccuracy","floor":27},{"not_picked":["mysticmod:Probe","mysticmod:Alacrity"],"picked":"mysticmod:PowerAttack","floor":27},{"not_picked":["mysticmod:MagicMissile","mysticmod:BulkUp","mysticmod:DiviningBlow"],"picked":"SKIP","floor":27},{"not_picked":["mysticmod:Haste","mysticmod:SuddenClarity+1"],"picked":"mysticmod:MightyMagic","floor":29},{"not_picked":["mysticmod:Daze+1","mysticmod:SuddenClarity"],"picked":"mysticmod:Stoneskin","floor":29},{"not_picked":["mysticmod:TomeOfSpells","mysticmod:EarthenWall+1"],"picked":"mysticmod:SpellCombat+1","floor":29},{"not_picked":["mysticmod:VorpalThrust","mysticmod:DiviningBlow","mysticmod:BulkUp"],"picked":"SKIP","floor":29},{"not_picked":["mysticmod:Disengage","mysticmod:MagicWeapon"],"picked":"mysticmod:MirrorStrike","floor":31},{"not_picked":["mysticmod:FloatingDisk+1","mysticmod:BulkUp"],"picked":"mysticmod:ComboCaster","floor":32},{"not_picked":["mysticmod:HeavyStrike","mysticmod:PowerSlash"],"picked":"mysticmod:Alacrity","floor":32},{"not_picked":["mysticmod:PowerAttack","mysticmod:TomeOfSpells"],"picked":"mysticmod:ObscuringMist","floor":32},{"not_picked":["mysticmod:Riposte","mysticmod:SuddenClarity+1","mysticmod:Alacrity+1"],"picked":"SKIP","floor":32},{"not_picked":["mysticmod:RapidCaster+1","mysticmod:CureLightWounds"],"picked":"mysticmod:Flourish","floor":33},{"not_picked":["mysticmod:PureInstinct","mysticmod:Grapple"],"picked":"mysticmod:TomeOfSpells","floor":33},{"not_picked":["mysticmod:TomeOfSpells","mysticmod:Daze"],"picked":"mysticmod:SpellCombat+1","floor":33},{"not_picked":["mysticmod:KeenEdge+1","mysticmod:DiviningBlow","mysticmod:PowerSlash"],"picked":"SKIP","floor":33},{"not_picked":["mysticmod:EnchantedMoulinet","mysticmod:Disintegrate"],"picked":"mysticmod:Natural20","floor":35},{"not_picked":["mysticmod:Shield","mysticmod:MightyMagic+1"],"picked":"mysticmod:Snowball+1","floor":37},{"not_picked":["mysticmod:EarthenWall+1","mysticmod:Probe+1"],"picked":"mysticmod:PureInstinct+1","floor":37},{"not_picked":["mysticmod:Snowball+1","mysticmod:Probe+1"],"picked":"mysticmod:MirrorStrike+1","floor":37},{"not_picked":["mysticmod:Riposte","mysticmod:HeavyStrike+1","mysticmod:SuddenClarity"],"picked":"SKIP","floor":37},{"not_picked":["mysticmod:DiviningBlow+1","mysticmod:PowerSlash+1"],"picked":"mysticmod:ComboCaster+1","floor":38},{"not_picked":["mysticmod:Snowball+1","mysticmod:Sideswipe+1"],"picked":"mysticmod:Disengage","floor":38},{"not_picked":["mysticmod:SpontaneousCaster","mysticmod:Riposte+1"],"picked":"mysticmod:CureLightWounds","floor":38},{"not_picked":["mysticmod:HeavyStrike","mysticmod:PowerSlash"],"picked":"mysticmod:AllIn","floor":38},{"not_picked":["mysticmod:BulkUp+1","mysticmod:KeenEdge+1"],"picked":"mysticmod:MightyMagic+1","floor":39},{"not_picked":["mysticmod:TomeOfSpells","mysticmod:AllIn+1"],"picked":"mysticmod:MirrorStrike","floor":39},{"not_picked":["mysticmod:SpontaneousCaster","mysticmod:BulkUp","mysticmod:PureInstinct+1"],"picked":"SKIP","floor":39},{"not_picked":["mysticmod:Shield+1","mysticmod:LightningBolt+1","mysticmod:AllIn+1"],"picked":"SKIP","floor":39},{"not_picked":["mysticmod:ArcaneAccuracy+1","mysticmod:BladedDash+1"],"picked":"mysticmod:StyleChange+1","floor":41},{"not_picked":["mysticmod:TomeOfSpells+1","mysticmod:SuddenClarity+1"],"picked":"mysticmod:PureInstinct+1","floor":41},{"not_picked":["mysticmod:BladedDash","mysticmod:Shield+1"],"picked":"mysticmod:Disengage","floor":41},{"not_picked":["mysticmod:Snowball+1","mysticmod:Shield+1"],"picked":"mysticmod:BladeMaster+1","floor":41},{"not_picked":["mysticmod:Probe","mysticmod:Riposte"],"picked":"mysticmod:ArcaneAccuracy+1","floor":43},{"not_picked":["mysticmod:Haste","mysticmod:FiveFootStep+1"],"picked":"mysticmod:PreparedCaster+1","floor":43},{"not_picked":["mysticmod:Shield+1","mysticmod:Probe"],"picked":"mysticmod:CorrosiveTouch+1","floor":43},{"not_picked":["mysticmod:LightningBolt","mysticmod:KeenEdge","mysticmod:PunishingArmor"],"picked":"SKIP","floor":43},{"not_picked":["mysticmod:Sideswipe","mysticmod:Shield+1"],"picked":"mysticmod:Probe+1","floor":44},{"not_picked":["mysticmod:DiviningBlow+1","mysticmod:KeenEdge"],"picked":"mysticmod:Probe+1","floor":44},{"not_picked":["mysticmod:Sideswipe+1","mysticmod:HeavyStrike"],"picked":"mysticmod:ComponentsPouch","floor":44},{"not_picked":["mysticmod:Shield+1","mysticmod:BulkUp","mysticmod:Alacrity+1"],"picked":"SKIP","floor":44},{"not_picked":["mysticmod:BulkUp","mysticmod:Alacrity+1"],"picked":"mysticmod:CorrosiveTouch","floor":46},{"not_picked":["mysticmod:BladedDash+1","mysticmod:MagicWeapon+1"],"picked":"mysticmod:ChargedParry+1","floor":46},{"not_picked":["mysticmod:Disintegrate","mysticmod:Alacrity"],"picked":"mysticmod:CorrosiveTouch+1","floor":46},{"not_picked":["mysticmod:ComponentsPouch","mysticmod:SuddenClarity+1","mysticmod:Alacrity+1"],"picked":"SKIP","floor":46},{"not_picked":["mysticmod:TomeOfSpells+1","mysticmod:BulkUp+1"],"picked":"mysticmod:Riposte+1","floor":47},{"not_picked":["mysticmod:Probe","mysticmod:PowerSlash+1"],"picked":"mysticmod:RapidCaster+1","floor":47},{"not_picked":["mysticmod:MirrorStrike+1","mysticmod:Snowball"],"picked":"mysticmod:AllIn","floor":47},{"not_picked":["mysticmod:KeenEdge+1","mysticmod:TomeOfSpells+1"],"picked":"mysticmod:BulkUp","floor":47},{"not_picked":["mysticmod:PureInstinct","mysticmod:SuddenClarity"],"picked":"mysticmod:BladeMaster","floor":56}],"player_experience":86692,"relics_obtained":[{"floor":8,"key":"AT_SilvercatRing"},{"floor":10,"key":"AT_RedTearstoneRing"},{"floor":11,"key":"Quantum Egg"},{"floor":16,"key":"conspire:DeflatedDodgeball"},{"floor":21,"key":"Ring of Searing"},{"floor":21,"key":"Ring of Misfortune"},{"floor":25,"key":"Kunai"},{"floor":31,"key":"Nunchaku"},{"floor":45,"key":"Bottled Lightning"},{"floor":50,"key":"Replay:Baseball"},{"floor":56,"key":"conspire:DecoderRing"}],"event_choices":[{"damage_healed":0,"gold_gain":0,"player_choice":"Agree","damage_taken":0,"max_hp_gain":0,"max_hp_loss":0,"event_name":"conspire:LoneGhost","floor":12,"gold_loss":0},{"damage_healed":0,"gold_gain":0,"player_choice":"Stole Relic","damage_taken":0,"relics_obtained":["StoneCalendar"],"max_hp_gain":0,"max_hp_loss":0,"event_name":"Addict","floor":24,"gold_loss":0,"cards_obtained":["Shame"]},{"damage_healed":0,"gold_gain":0,"player_choice":"Got Potions","damage_taken":0,"max_hp_gain":0,"max_hp_loss":0,"event_name":"Lab","floor":40,"gold_loss":0}],"is_beta":false,"boss_relics":[{"not_picked":["ReplayTheSpireMod:DimensionalGlitch","Tiny House"],"picked":"AT_TrinityForce"},{"not_picked":["Honey Jar","SacredBark"],"picked":"AT_MortalBlade"}],"items_purged_floors":[],"is_endless":false,"potions_floor_spawned":[1,2,10,13,16,18,25,26,32,33,37,38,41,43],"killed_by":"The Heart","ascension_level":0}}