{"host":"oluf6aumjll4vfac","time":1608476392,"event":{"mods":["BaseMod","Colored Map","Colored Powertips","Conspire","Downfall","Minty Spire (QoL Compilation)","Quick Restart","Shop Mod","StSLib","SuperFastMode"],"gold_per_floor":[111,11,11,21,96,96,123,47,47,102,118,118,118,129,129,232,232,252,177,177,193,206,206,221,26,74,173,93,11,31,4,4,109,109,122,28,43,43,91,91,170,198,225,225,225,236,236,236],"floor_reached":47,"playtime":1278,"items_purged":[],"score":524,"play_id":"c8478efb-35ba-4f50-9ed4-8fb5f70d296e","local_time":"20201220225952","is_ascension_mode":false,"campfire_choices":[{"data":"Ghostly","floor":6,"key":"SMITH"},{"data":"Thunderclap","floor":13,"key":"SMITH"},{"data":"Bash","floor":15,"key":"SMITH"},{"data":"Armaments","floor":23,"key":"SMITH"},{"data":"Flex","floor":32,"key":"SMITH"},{"floor":40,"key":"REST"},{"floor":44,"key":"REST"}],"circlet_count":0,"master_deck":["Strike_R+1","Strike_R","Strike_R","Strike_R+1","Defend_R","Defend_R","Defend_R","Defend_R","Bash+1","Anger","Ghostly+1","Thunderclap+1","Twin Strike","Dual Wield+1","Anger","Anger","Reaper","Carnage","Dropkick+1","Armaments+1","expansioncontent:DashGenerateEvil","Flex+1","Cleave","Combust","Anger","Thunderclap","Limit Break","Anger+1","expansioncontent:AwakenDeath","expansioncontent:SlimeTackle","Dramatic Entrance","Inflame+1"],"relics":["Burning Blood","NeowsBlessing","Meat on the Bone","Vajra","Pen Nib","MerchantsRug","Regal Pillow","SlaversCollar","conspire:InfiniteJournal","Singing Bowl","Gambling Chip","Centennial Puzzle"],"acts_visited":["Exordium","TheCity","TheBeyond"],"potions_floor_usage":[33,33,37],"damage_taken":[{"damage":0,"enemies":"2 Louse","floor":1,"turns":1},{"damage":0,"enemies":"Small Slimes","floor":4,"turns":2},{"damage":0,"enemies":"Gremlin Nob","floor":7,"turns":1},{"damage":11,"enemies":"conspire:RoseBush","floor":11,"turns":2},{"damage":0,"enemies":"Large Slime","floor":14,"turns":2},{"damage":13,"enemies":"Slime Boss","floor":16,"turns":6},{"damage":10,"enemies":"Chosen","floor":18,"turns":3},{"damage":23,"enemies":"3 Byrds","floor":21,"turns":5},{"damage":20,"enemies":"Centurion and Healer","floor":22,"turns":4},{"damage":3,"enemies":"Snecko","floor":24,"turns":3},{"damage":13,"enemies":"Cultist and Chosen","floor":30,"turns":4},{"damage":101,"enemies":"Automaton","floor":33,"turns":8},{"damage":39,"enemies":"3 Shapes","floor":35,"turns":5},{"damage":19,"enemies":"3 Darklings","floor":37,"turns":5},{"damage":44,"enemies":"2 Orb Walkers","floor":39,"turns":4},{"damage":116,"enemies":"Giant Head","floor":42,"turns":8},{"damage":37,"enemies":"Sphere and 2 Shapes","floor":46,"turns":4},{"damage":79,"enemies":"Maw","floor":47,"turns":6}],"seed_played":"-8199429817433557232","potions_obtained":[{"floor":4,"key":"Guardian:BlockOnCardUsePotion"},{"floor":22,"key":"FairyPotion"},{"floor":24,"key":"Weak Potion"},{"floor":35,"key":"hexamod:EctoCoolerPotion"}],"is_trial":false,"path_per_floor":["M","?","?","M","?","R","E","$","T","T","M","?","R","M","R","B",null,"M","?","?","M","M","R","M","$","T","?","$","$","M","$","R","B",null,"M","$","M","?","?","R","T","E","T","R","?","M","M"],"character_chosen":"IRONCLAD","items_purchased":["Dual Wield","MerchantsRug","expansioncontent:DashGenerateEvil","Flex","Cleave","Combust","Thunderclap","expansioncontent:AwakenDeath"],"campfire_rested":2,"item_purchase_floors":[8,25,25,28,28,29,31,36],"current_hp_per_floor":[80,80,77,80,69,69,75,75,75,75,70,70,70,76,76,69,80,80,80,65,54,59,59,62,62,62,62,62,62,60,60,60,34,85,52,52,60,55,29,69,69,30,30,71,71,59,0,0],"gold":236,"neow_bonus":"THREE_ENEMY_KILL","is_daily":false,"chose_seed":false,"campfire_upgraded":5,"win_rate":0.0,"timestamp":1608476392,"path_taken":["M","?","?","M","?","R","E","$","T","?","M","?","R","M","R","BOSS","M","?","?","M","M","R","M","$","T","?","?","$","M","$","R","BOSS","M","$","M","?","?","R","?","E","T","R","?","M","?"],"items_purchased_type":["Card","Relic","Card","Card","Card","Card","Card","Card"],"build_version":"2020-12-13","purchased_purges":0,"victory":false,"max_hp_per_floor":[80,80,80,80,80,80,80,80,80,80,80,80,80,80,80,80,80,80,80,85,85,85,85,85,85,85,85,85,85,85,85,85,85,85,85,85,85,85,85,85,85,87,87,87,87,89,89,89],"card_choices":[{"not_picked":["Clash","Wild Strike"],"picked":"Anger","floor":1},{"not_picked":["Sentinel","Sword Boomerang"],"picked":"Thunderclap","floor":4},{"not_picked":["Iron Wave","Pommel Strike"],"picked":"Twin Strike","floor":7},{"not_picked":["Body Slam","Ghostly Armor"],"picked":"Anger","floor":11},{"not_picked":["Clash","Disarm"],"picked":"Anger","floor":14},{"not_picked":["Double Tap","Juggernaut"],"picked":"Reaper","floor":16},{"not_picked":["Shockwave","Anger+1"],"picked":"Carnage","floor":18},{"not_picked":["Clothesline","True Grit+1"],"picked":"Dropkick+1","floor":21},{"not_picked":["Anger","Pommel Strike"],"picked":"Armaments","floor":22},{"not_picked":["Sentinel","Ghostly Armor","Metallicize"],"picked":"SKIP","floor":24},{"not_picked":["Headbutt","Fire Breathing"],"picked":"Anger","floor":30},{"not_picked":["Double Tap","Demon Form"],"picked":"Limit Break","floor":33},{"not_picked":["Thunderclap+1","Bloodletting+1"],"picked":"Anger+1","floor":35},{"not_picked":["Power Through+1","True Grit+1","Headbutt+1"],"picked":"SKIP","floor":37},{"not_picked":["expansioncontent:DecasProtection","Good Instincts"],"picked":"expansioncontent:SlimeTackle","floor":38},{"not_picked":["Purity","expansioncontent:QuickStudy"],"picked":"Dramatic Entrance","floor":38},{"not_picked":["Flex","Shockwave+1"],"picked":"Inflame+1","floor":39},{"not_picked":["Clash","Sentinel+1","Wild Strike+1"],"picked":"Singing Bowl","floor":42},{"not_picked":["Clothesline+1","Whirlwind+1","Wild Strike"],"picked":"Singing Bowl","floor":46}],"player_experience":50833,"relics_obtained":[{"floor":7,"key":"Vajra"},{"floor":9,"key":"Whetstone"},{"floor":10,"key":"Pen Nib"},{"floor":26,"key":"Regal Pillow"},{"floor":39,"key":"conspire:InfiniteJournal"},{"floor":41,"key":"Singing Bowl"},{"floor":42,"key":"Gambling Chip"},{"floor":43,"key":"Centennial Puzzle"}],"event_choices":[{"damage_healed":0,"gold_gain":0,"player_choice":"Argue","damage_taken":0,"max_hp_gain":0,"max_hp_loss":0,"event_name":"conspire:LoneGhost","floor":2,"gold_loss":0},{"damage_healed":0,"gold_gain":0,"player_choice":"Success","damage_taken":3,"relics_obtained":["Meat on the Bone"],"max_hp_gain":0,"max_hp_loss":0,"event_name":"Scrap Ooze","floor":3,"gold_loss":0},{"damage_healed":0,"gold_gain":75,"player_choice":"Gather Gold","damage_taken":11,"max_hp_gain":0,"max_hp_loss":0,"event_name":"World of Goop","floor":5,"gold_loss":0},{"damage_healed":0,"gold_gain":0,"player_choice":"Grow","damage_taken":0,"max_hp_gain":0,"max_hp_loss":0,"event_name":"Living Wall","floor":12,"gold_loss":0,"cards_upgraded":["Dual Wield"]},{"cards_removed":["Strike_R"],"damage_healed":0,"gold_gain":0,"player_choice":"Gave Gold","damage_taken":0,"max_hp_gain":0,"max_hp_loss":0,"event_name":"Beggar","floor":19,"gold_loss":75},{"damage_healed":0,"gold_gain":0,"player_choice":"Shed Blood","damage_taken":20,"max_hp_gain":5,"max_hp_loss":0,"event_name":"Forgotten Altar","floor":20,"gold_loss":0},{"damage_healed":0,"gold_gain":99,"player_choice":"Stole From Cult","damage_taken":0,"max_hp_gain":0,"max_hp_loss":0,"event_name":"Nest","floor":27,"gold_loss":0},{"damage_healed":0,"gold_gain":0,"player_choice":"Memory 2","damage_taken":5,"max_hp_gain":0,"max_hp_loss":0,"event_name":"SensoryStone","floor":38,"gold_loss":0},{"damage_healed":0,"gold_gain":0,"player_choice":"Fight","damage_taken":0,"max_hp_gain":0,"max_hp_loss":0,"event_name":"Mysterious Sphere","floor":39,"gold_loss":0},{"damage_healed":0,"gold_gain":0,"player_choice":"Leave","damage_taken":0,"max_hp_gain":0,"max_hp_loss":0,"event_name":"conspire:Investor","floor":45,"gold_loss":0}],"is_beta":false,"boss_relics":[{"not_picked":["Fusion Hammer","Runic Dome"],"picked":"Velvet Choker"},{"not_picked":["Black Star","Mark of Pain"],"picked":"SlaversCollar"}],"items_purged_floors":[],"is_endless":false,"potions_floor_spawned":[4,22,24,35],"killed_by":"Maw","ascension_level":0}}