{"host":"aas8f8jvicx6tcxp","time":1608471567,"event":{"mods":["BaseMod","Better Third Choice","BetterRewards","Hermit","Jorbs\u0027s Wanderer Trilogy","Minty Spire (QoL Compilation)","Robot Space Explorer","StSLib","The Cursed"],"gold_per_floor":[110,127,142,189,202,227,227,227,227,17,17,17,32,63,63,63,63],"floor_reached":16,"playtime":1303,"items_purged":[],"score":110,"play_id":"666ac4c2-c66b-41e0-a530-ce34c825b8f3","local_time":"20201220073927","is_ascension_mode":false,"campfire_choices":[{"data":"hermit:Showdown","floor":7.0,"key":"SMITH"},{"floor":11.0,"key":"REST"},{"data":"hermit:Dive","floor":15.0,"key":"SMITH"}],"circlet_count":0,"master_deck":["hermit:Strike_Hermit","hermit:Strike_Hermit","hermit:Strike_Hermit","hermit:Strike_Hermit","hermit:Defend_Hermit","hermit:Defend_Hermit","hermit:Defend_Hermit","hermit:Defend_Hermit","hermit:Snapshot+1","hermit:Covet","hermit:Dive","hermit:Dive+1","hermit:Enervate","hermit:CalledShot","hermit:Showdown+1","hermit:HighCaliber","hermit:TrackingShot"],"relics":["hermit:Momento","Art of War","The Courier","Singing Bowl","Thread and Needle","hermit:Horseshoe","Bottled Lightning"],"acts_visited":["Exordium"],"potions_floor_usage":[],"damage_taken":[{"damage":1.0,"enemies":"Cultist","floor":1.0,"turns":3.0},{"damage":5.0,"enemies":"Jaw Worm","floor":2.0,"turns":4.0},{"damage":0.0,"enemies":"2 Louse","floor":3.0,"turns":2.0},{"damage":0.0,"enemies":"2 Fungi Beasts","floor":5.0,"turns":4.0},{"damage":21.0,"enemies":"Gremlin Nob","floor":6.0,"turns":4.0},{"damage":4.0,"enemies":"3 Louse","floor":13.0,"turns":3.0},{"damage":15.0,"enemies":"Lagavulin","floor":14.0,"turns":7.0},{"damage":51,"enemies":"The Guardian","floor":16,"turns":11}],"seed_played":"-4999351694677925178","potions_obtained":[{"floor":1.0,"key":"LiquidBronze"},{"floor":2.0,"key":"Regen Potion"}],"is_trial":false,"path_per_floor":["M","M","M","T","M","E","R","?","T","$","R","$","M","E","R","B"],"character_chosen":"HERMIT","items_purchased":["hermit:Horseshoe"],"campfire_rested":1,"item_purchase_floors":[10],"current_hp_per_floor":[74,69,69,69,69,48,48,48,48,48,70,70,66,51,51,0,0],"gold":63,"neow_bonus":"UPGRADE_CARD","is_daily":false,"chose_seed":false,"campfire_upgraded":2,"win_rate":0.0,"timestamp":1608471567,"path_taken":["M","M","M","?","M","E","R","?","T","$","R","$","?","E","R","BOSS"],"items_purchased_type":["Relic"],"build_version":"2020-12-13","purchased_purges":0,"victory":false,"max_hp_per_floor":[75,75,75,75,75,75,75,75,75,75,75,75,75,75,75,75,75],"card_choices":[{"not_picked":["hermit:FullyLoaded","hermit:Cheat"],"picked":"hermit:Dive","floor":1.0},{"not_picked":["hermit:Roulette","hermit:SprayPray"],"picked":"hermit:Dive","floor":2.0},{"not_picked":["hermit:LoneWolf","hermit:NoHoldsBarred"],"picked":"hermit:Enervate","floor":3.0},{"not_picked":["hermit:TrackingShot","hermit:HoleUp"],"picked":"hermit:CalledShot","floor":5.0},{"not_picked":["hermit:Quickdraw","hermit:Grudge"],"picked":"hermit:Showdown","floor":6.0},{"not_picked":["hermit:Desperado","hermit:HeroicBravado"],"picked":"hermit:HighCaliber","floor":13.0},{"not_picked":["hermit:Snipe","hermit:Headshot"],"picked":"hermit:TrackingShot","floor":14.0}],"player_experience":210046,"relics_obtained":[{"floor":4.0,"key":"Art of War"},{"floor":6.0,"key":"The Courier"},{"floor":9.0,"key":"Thread and Needle"},{"floor":14.0,"key":"Bottled Lightning"}],"event_choices":[{"damage_healed":0.0,"max_hp_gain":0.0,"max_hp_loss":0.0,"gold_gain":0.0,"event_name":"WeMeetAgain","player_choice":"Gave Potion","floor":8.0,"gold_loss":0.0,"damage_taken":0.0,"relics_obtained":["Singing Bowl"]}],"is_beta":false,"boss_relics":[],"items_purged_floors":[],"is_endless":false,"potions_floor_spawned":[1,2],"killed_by":"The Guardian","ascension_level":0}}