{"host":"7pe9xwx78c6nlay8","time":1608493369,"event":{"mods":["BaseMod","Minty Spire (QoL Compilation)"],"gold_per_floor":[11,111,125,136,155,181,196,225,249,263,274,274,303,253,253,366,366,366,366,366,65,65,65,65,5,5,5,5,5,5,5,5,5,5],"floor_reached":33,"playtime":1522,"items_purged":["SashWhip"],"score":568,"play_id":"b6185937-e465-4046-a08e-c12463cfdc3c","local_time":"20201221034249","is_ascension_mode":true,"campfire_choices":[{"floor":12.0,"key":"REST"},{"data":"Nirvana","floor":15.0,"key":"SMITH"},{"data":"Eruption","floor":24.0,"key":"SMITH"},{"floor":28.0,"key":"REST"},{"floor":32.0,"key":"REST"}],"circlet_count":0,"master_deck":["AscendersBane","Defend_P","Eruption+1","Vigilance","Wallop+1","ThirdEye","JustLucky","Nirvana+1","Weave","WindmillStrike","Perseverance","JustLucky","LessonLearned+1","Bite+1","Bite","Bite","Bite","Bite","Weave","Wireheading","ThirdEye","JustLucky+1"],"relics":["PureWater","Incense Burner","Matryoshka","Bottled Flame","Blood Vial","CeramicFish","Ectoplasm","Bronze Scales","Letter Opener","HandDrill","Gambling Chip","Singing Bowl","Shuriken","Tiny Chest"],"acts_visited":["Exordium","TheCity"],"potions_floor_usage":[33],"damage_taken":[{"damage":0.0,"enemies":"Small Slimes","floor":1.0,"turns":3.0},{"damage":0.0,"enemies":"Cultist","floor":3.0,"turns":3.0},{"damage":0.0,"enemies":"Jaw Worm","floor":4.0,"turns":4.0},{"damage":5.0,"enemies":"Large Slime","floor":5.0,"turns":6.0},{"damage":21.0,"enemies":"3 Sentries","floor":6.0,"turns":6.0},{"damage":3.0,"enemies":"Exordium Wildlife","floor":7.0,"turns":5.0},{"damage":0.0,"enemies":"Gremlin Nob","floor":8.0,"turns":3.0},{"damage":0.0,"enemies":"Blue Slaver","floor":10.0,"turns":2.0},{"damage":11.0,"enemies":"Lots of Slimes","floor":11.0,"turns":4.0},{"damage":2.0,"enemies":"Lagavulin","floor":13.0,"turns":6.0},{"damage":12.0,"enemies":"Slime Boss","floor":16.0,"turns":6.0},{"damage":17.0,"enemies":"Shell Parasite","floor":18.0,"turns":6.0},{"damage":6.0,"enemies":"Gremlin Leader","floor":23.0,"turns":8.0},{"damage":5.0,"enemies":"2 Thieves","floor":25.0,"turns":4.0},{"damage":48.0,"enemies":"Slavers","floor":27.0,"turns":7.0},{"damage":28.0,"enemies":"Gremlin Leader","floor":29.0,"turns":6.0},{"damage":0.0,"enemies":"Sentry and Sphere","floor":31.0,"turns":5.0},{"damage":70,"enemies":"Collector","floor":33,"turns":8}],"seed_played":"54316551527001362","potions_obtained":[{"floor":1.0,"key":"AttackPotion"},{"floor":4.0,"key":"StancePotion"},{"floor":5.0,"key":"FearPotion"},{"floor":11.0,"key":"Dexterity Potion"}],"is_trial":false,"path_per_floor":["M","?","M","M","M","E","M","E","T","M","M","R","E","?","R","B",null,"M","?","T","$","?","E","R","M","T","E","R","E","?","M","R","B"],"character_chosen":"WATCHER","items_purchased":["HandDrill","StancePotion"],"campfire_rested":3,"item_purchase_floors":[21,21],"current_hp_per_floor":[65,65,65,65,60,39,36,36,36,38,29,50,50,50,50,40,64,49,49,49,49,49,50,50,50,50,18,33,19,19,36,51,0,0],"gold":5,"neow_bonus":"TRANSFORM_TWO_CARDS","is_daily":false,"chose_seed":false,"campfire_upgraded":2,"win_rate":0.0,"timestamp":1608493369,"path_taken":["M","?","M","M","M","E","M","E","T","M","?","R","E","?","R","BOSS","M","?","?","$","?","E","R","?","T","E","R","E","?","M","R","BOSS"],"items_purchased_type":["Relic","Potion"],"build_version":"2020-12-13","purchased_purges":1,"victory":false,"max_hp_per_floor":[72,72,72,72,72,72,72,72,72,72,72,72,72,72,72,72,72,72,50,50,50,50,50,50,50,50,50,50,52,52,52,52,52,52],"card_choices":[{"not_picked":["CarveReality","LikeWater"],"picked":"Wallop","floor":1.0},{"not_picked":["Vengeance","FlyingSleeves"],"picked":"ThirdEye","floor":3.0},{"not_picked":["FlyingSleeves","WreathOfFlame","Crescendo"],"picked":"SKIP","floor":4.0},{"not_picked":["CarveReality","Prostrate"],"picked":"JustLucky","floor":5.0},{"not_picked":["WheelKick","InnerPeace"],"picked":"Nirvana","floor":6.0},{"not_picked":["WaveOfTheHand","SandsOfTime"],"picked":"Weave","floor":7.0},{"not_picked":["Halt","SignatureMove"],"picked":"WindmillStrike","floor":8.0},{"not_picked":["Swivel","Devotion"],"picked":"Perseverance","floor":10.0},{"not_picked":["FollowUp","Worship"],"picked":"JustLucky","floor":11.0},{"not_picked":["Protect","EmptyFist","MentalFortress"],"picked":"SKIP","floor":13.0},{"not_picked":["Ragnarok","Vault"],"picked":"LessonLearned","floor":16.0},{"not_picked":["EmptyFist","BowlingBash+1","EmptyBody+1"],"picked":"SKIP","floor":18.0},{"not_picked":["FlyingSleeves+1","Sanctity","SashWhip"],"picked":"SKIP","floor":23.0},{"not_picked":["CrushJoints","FlurryOfBlows","Protect+1"],"picked":"SKIP","floor":25.0},{"not_picked":["ReachHeaven","ThirdEye"],"picked":"Weave","floor":27.0},{"not_picked":["PathToVictory","FlurryOfBlows","Halt"],"picked":"Singing Bowl","floor":29.0},{"not_picked":["Swivel","Consecrate+1"],"picked":"JustLucky+1","floor":31.0}],"player_experience":1546338,"relics_obtained":[{"floor":6.0,"key":"Incense Burner"},{"floor":8.0,"key":"Matryoshka"},{"floor":9.0,"key":"Bottled Flame"},{"floor":9.0,"key":"Blood Vial"},{"floor":13.0,"key":"CeramicFish"},{"floor":20.0,"key":"Bronze Scales"},{"floor":20.0,"key":"Letter Opener"},{"floor":23.0,"key":"Gambling Chip"},{"floor":26.0,"key":"Singing Bowl"},{"floor":27.0,"key":"Shuriken"},{"floor":29.0,"key":"Tiny Chest"}],"event_choices":[{"damage_healed":0.0,"max_hp_gain":0.0,"max_hp_loss":0.0,"gold_gain":100.0,"event_name":"Golden Shrine","player_choice":"Pray","floor":2.0,"gold_loss":0.0,"damage_taken":0.0},{"cards_removed":["Defend_P"],"damage_healed":0.0,"max_hp_gain":0.0,"max_hp_loss":0.0,"gold_gain":0.0,"event_name":"The Cleric","player_choice":"Card Removal","floor":14.0,"gold_loss":50.0,"damage_taken":0.0},{"damage_healed":0.0,"max_hp_gain":0.0,"max_hp_loss":22.0,"gold_gain":0.0,"event_name":"Vampires","player_choice":"Became a vampire","floor":19.0,"gold_loss":0.0,"damage_taken":0.0,"cards_obtained":["Bite","Bite","Bite","Bite","Bite"]},{"damage_healed":0.0,"max_hp_gain":0.0,"max_hp_loss":0.0,"gold_gain":0.0,"event_name":"Upgrade Shrine","player_choice":"Upgraded","floor":22.0,"gold_loss":0.0,"damage_taken":0.0,"cards_upgraded":["LessonLearned"]},{"damage_healed":0.0,"max_hp_gain":0.0,"max_hp_loss":0.0,"gold_gain":0.0,"cards_transformed":["Defend_P","Crescendo"],"event_name":"Drug Dealer","player_choice":"Became Test Subject","floor":30.0,"gold_loss":0.0,"damage_taken":0.0,"cards_obtained":["Wireheading","ThirdEye"]}],"is_beta":false,"boss_relics":[{"not_picked":["Snecko Eye","SacredBark"],"picked":"Ectoplasm"}],"items_purged_floors":[21],"is_endless":false,"potions_floor_spawned":[1,4,5,11,23,25,27],"killed_by":"Collector","ascension_level":11}}