{"host":"z5ogtnuuoxgup8y1","time":1608486860,"event":{"mods":["BaseMod","Better Third Choice","BetterRewards","Hermit","Hubris","Jorbs\u0027s Wanderer Trilogy","Minty Spire (QoL Compilation)","Replay The Spire","Spicy Shops","StSLib","The Cursed","The Disciple","The Hierophant","The Jungle","The Runesmith"],"gold_per_floor":[113,132,151,166,97,97,130,130,130,162,162,182,107,107,185,185,196,213,213,233,3,37,37,60,60,86,86,8,8,87,87,100,100,117,66,93,93,143,143,143],"floor_reached":44,"playtime":2368,"items_purged":["Strike_B","Pain"],"score":1103,"play_id":"42c186ad-8fb8-43f6-a3ae-6efb7002257f","local_time":"20201220175420","is_ascension_mode":true,"campfire_choices":[{"floor":6,"key":"REST"},{"floor":8,"key":"REST"},{"floor":15,"key":"REST"},{"floor":24,"key":"REST"},{"data":"Chill","floor":27,"key":"SMITH"},{"data":"Echo Form","floor":29,"key":"SMITH"},{"floor":32,"key":"REST"},{"floor":41,"key":"REST"}],"circlet_count":0,"master_deck":["AscendersBane","Strike_B","Strike_B","Defend_B","Defend_B","Defend_B","Defend_B","Zap","Dualcast","Capacitor","Core Surge","Cold Snap","Conserve Battery","Coolheaded","Ball Lightning","Cold Snap","Echo Form+1","Barrage","Panic Button+1","Chill+1","Darkness","Reboot","BootSequence","Hallucinations"],"relics":["Cracked Core","Runesmith:Locket","Raider\u0027s Mask","Runic Capacitor","Counterbalance","Letter Opener","hubris:Teleporter","Ancient Tea Set","Runic Pyramid","WarpedTongs","Blue Candle","Blood Vial","Geode","Busted Crown","ReplayTheSpireMod:Ring of Sloth","ReplayTheSpireMod:Ring of Collecting","Eternal Feather","Ring of Greed","FossilizedHelix","Golden Egg","Smiling Mask"],"acts_visited":["Exordium","TheCity","TheBeyond"],"potions_floor_usage":[7,19,23,33,40,40],"damage_taken":[{"damage":13,"enemies":"Jaw Worm","floor":1,"turns":4},{"damage":3,"enemies":"Small Slimes","floor":2,"turns":3},{"damage":1,"enemies":"Cultist","floor":3,"turns":3},{"damage":11,"enemies":"Red Slaver","floor":4,"turns":3},{"damage":14,"enemies":"Lagavulin","floor":7,"turns":5},{"damage":10,"enemies":"3 Sentries","floor":10,"turns":7},{"damage":0,"enemies":"Large Slime","floor":13,"turns":5},{"damage":38,"enemies":"Fading Forest","floor":16,"turns":11},{"damage":14,"enemies":"Spheric Guardian","floor":18,"turns":8},{"damage":12,"enemies":"Shell Parasite","floor":19,"turns":6},{"damage":41,"enemies":"Snake Plant","floor":21,"turns":5},{"damage":8,"enemies":"Book of Stabbing","floor":23,"turns":6},{"damage":26,"enemies":"Slavers","floor":28,"turns":6},{"damage":24,"enemies":"hubris:MusketHawk","floor":33,"turns":7},{"damage":9,"enemies":"3 Shapes","floor":35,"turns":4},{"damage":39,"enemies":"3 Darklings","floor":38,"turns":8},{"damage":1,"enemies":"Nemesis","floor":40,"turns":5},{"damage":47,"enemies":"Reptomancer","floor":44,"turns":8}],"seed_played":"-9119383289672838141","potions_obtained":[{"floor":2,"key":"LiquidMemories"},{"floor":3,"key":"Swift Potion"},{"floor":4,"key":"FairyPotion"},{"floor":16,"key":"Block Potion"},{"floor":28,"key":"Block Potion"},{"floor":38,"key":"Weak Potion"}],"is_trial":false,"path_per_floor":["M","M","M","M","?","R","E","R","T","E","?","M","?","R","B",null,"M","M","?","M","$","E","R","T","R","E","R","$","R","B",null,"M","?","M","$","E","R","T","E"],"character_chosen":"DEFECT","items_purchased":["Raider\u0027s Mask","Capacitor","Runic Capacitor","Core Surge","Chill","FocusPotion","Darkness","PowerPotion"],"campfire_rested":6,"item_purchase_floors":[0,0,0,0,22,22,31,39],"current_hp_per_floor":[30,27,26,15,15,36,22,43,43,33,22,22,22,43,13,57,43,31,31,17,17,9,30,30,30,6,6,6,27,5,55,48,48,11,11,12,45,45,0,0],"gold":143,"neow_bonus":"","is_daily":false,"chose_seed":false,"campfire_upgraded":2,"win_rate":0.0,"timestamp":1608486860,"path_taken":["M","M","M","M","?","R","E","R","T","E","?","M","?","R","BOSS","M","M","?","?","$","E","R","T","R","E","R","$","R","BOSS","M","?","M","$","E","R","T","E"],"items_purchased_type":["Relic","Card","Relic","Card","Card","Potion","Card","Potion"],"build_version":"2020-12-13","purchased_purges":2,"victory":false,"max_hp_per_floor":[71,71,71,71,71,71,71,71,71,71,71,71,71,71,71,71,71,71,71,71,71,71,71,71,71,71,71,71,71,71,71,71,71,71,71,71,71,71,71,71],"card_choices":[{"not_picked":["Melter","Barrage"],"picked":"Cold Snap","floor":1},{"not_picked":["Heatsinks","Capacitor"],"picked":"Conserve Battery","floor":2},{"not_picked":["Heatsinks","Leap"],"picked":"Coolheaded","floor":3},{"not_picked":["Redo","Rip and Tear"],"picked":"Ball Lightning","floor":4},{"not_picked":["Storm","Fusion","Recycle"],"picked":"SKIP","floor":7},{"not_picked":["Hologram","Sunder","Go for the Eyes"],"picked":"SKIP","floor":10},{"not_picked":["Rebound","Rip and Tear"],"picked":"Cold Snap","floor":13},{"not_picked":["ReplayRNGCard","Machine Learning"],"picked":"Echo Form","floor":16},{"not_picked":["Capacitor","Crystallizer+1"],"picked":"Barrage","floor":18},{"not_picked":["Go for the Eyes+1","Leap"],"picked":"Panic Button+1","floor":19},{"not_picked":["Cold Snap","Steam","Coolheaded"],"picked":"SKIP","floor":21},{"not_picked":["Ball Lightning","Beam Cell","Cold Snap"],"picked":"SKIP","floor":23},{"not_picked":["Amplify","Redo","Conserve Battery"],"picked":"SKIP","floor":28},{"not_picked":["Core Surge","All For One"],"picked":"Reboot","floor":33},{"not_picked":[],"picked":"BootSequence","floor":35},{"not_picked":["ReplayTheSpireMod:System Scan+1"],"picked":"SKIP","floor":38},{"not_picked":["ReplayTheSpireMod:GoodbyeWorld"],"picked":"SKIP","floor":40}],"player_experience":653140,"relics_obtained":[{"floor":7,"key":"Counterbalance"},{"floor":9,"key":"Letter Opener"},{"floor":10,"key":"hubris:Teleporter"},{"floor":23,"key":"Blue Candle"},{"floor":26,"key":"Blood Vial"},{"floor":28,"key":"Geode"},{"floor":36,"key":"ReplayTheSpireMod:Ring of Sloth"},{"floor":36,"key":"ReplayTheSpireMod:Ring of Collecting"},{"floor":40,"key":"Eternal Feather"},{"floor":43,"key":"Ring of Greed"},{"floor":43,"key":"FossilizedHelix"},{"floor":43,"key":"Golden Egg"},{"floor":43,"key":"Smiling Mask"}],"event_choices":[{"damage_healed":0,"gold_gain":0,"player_choice":"Left","damage_taken":0,"max_hp_gain":0,"max_hp_loss":0,"event_name":"betterThird:BetterGoop","floor":5,"gold_loss":69},{"damage_healed":0,"gold_gain":0,"player_choice":"Relic ","damage_taken":11,"max_hp_gain":0,"max_hp_loss":0,"event_name":"betterThird:BetterScrap","floor":12,"gold_loss":0,"cards_obtained":["ReachHeaven"]},{"cards_removed":["Strike_B"],"damage_healed":0,"gold_gain":0,"player_choice":"Card Removal","damage_taken":0,"max_hp_gain":0,"max_hp_loss":0,"event_name":"The Cleric","floor":14,"gold_loss":75},{"damage_healed":0,"gold_gain":0,"player_choice":"Rummage","damage_taken":0,"relics_obtained":["WarpedTongs"],"max_hp_gain":0,"max_hp_loss":0,"event_name":"Accursed Blacksmith","floor":20,"gold_loss":0,"cards_obtained":["Pain"]}],"is_beta":false,"boss_relics":[{"not_picked":["Replay:Drink Me","Kintsugi"],"picked":"Runic Pyramid"},{"not_picked":["Pandora\u0027s Box","Honey Jar"],"picked":"Busted Crown"}],"items_purged_floors":[0,22],"is_endless":false,"potions_floor_spawned":[2,3,4,16,18,28,38],"killed_by":"Reptomancer","ascension_level":15}}