{"host":"o7j6aatxjwpw1421","time":1608471374,"event":{"mods":["2.2 Compatiblity","BaseMod","Colored Map","DeckTracker","Highlight Path","Keyboard Shortcuts","Minty Spire (QoL Compilation)","Permanent Neow","Quick Restart","StSLib","SuperFastMode","everything is the same but u backflip on backflip"],"gold_per_floor":[112,37,55,69,69,69,88,122,122,22,37,37,54,104,104,104,104],"floor_reached":16,"playtime":539,"items_purged":["Pain","Strike_G"],"score":184,"play_id":"186ee546-d72e-49dd-bfe0-68d87c24fd37","local_time":"20201220223614","is_ascension_mode":true,"campfire_choices":[{"data":"Skewer","floor":6,"key":"SMITH"},{"floor":12,"key":"REST"},{"data":"Dagger Spray","floor":15,"key":"SMITH"}],"circlet_count":0,"master_deck":["AscendersBane","Strike_G","Strike_G","Strike_G","Strike_G","Defend_G","Defend_G","Defend_G","Defend_G","Defend_G","Survivor","Neutralize","Slice","Skewer+1","Quick Slash","Crippling Poison","Adrenaline","Dagger Spray+1"],"relics":["Ring of the Snake","Dead Branch","Bronze Scales","Meat on the Bone","Anchor"],"acts_visited":["Exordium"],"potions_floor_usage":[7,8,16],"damage_taken":[{"damage":9,"enemies":"Small Slimes","floor":1,"turns":4},{"damage":0,"enemies":"2 Louse","floor":3,"turns":3},{"damage":0,"enemies":"Cultist","floor":4,"turns":3},{"damage":6,"enemies":"Exordium Thugs","floor":7,"turns":5},{"damage":27,"enemies":"Lagavulin","floor":8,"turns":7},{"damage":0,"enemies":"Large Slime","floor":11,"turns":2},{"damage":0,"enemies":"Gremlin Gang","floor":13,"turns":3},{"damage":43,"enemies":"Slime Boss","floor":16,"turns":8}],"seed_played":"1326144791443952551","potions_obtained":[{"floor":3,"key":"AttackPotion"},{"floor":4,"key":"DistilledChaos"},{"floor":13,"key":"Fire Potion"}],"is_trial":false,"path_per_floor":["M","$","M","M","?","R","M","E","T","$","M","R","M","?","R","B"],"character_chosen":"THE_SILENT","items_purchased":[],"campfire_rested":1,"item_purchase_floors":[],"current_hp_per_floor":[50,50,50,50,45,45,39,12,12,12,24,43,43,43,43,0,0],"gold":104,"neow_bonus":"ONE_RARE_RELIC","is_daily":false,"chose_seed":false,"campfire_upgraded":2,"win_rate":0.0,"timestamp":1608471374,"path_taken":["M","$","M","M","?","R","M","E","T","$","M","R","M","?","R","BOSS"],"items_purchased_type":[],"build_version":"2020-12-13","purchased_purges":2,"victory":false,"max_hp_per_floor":[66,66,66,66,66,66,66,66,66,66,66,66,66,66,66,66,66],"card_choices":[{"not_picked":["Expertise","Predator"],"picked":"Slice","floor":1},{"not_picked":["Backstab","Blade Dance"],"picked":"Skewer","floor":3},{"not_picked":["Finisher","Flying Knee"],"picked":"Quick Slash","floor":4},{"not_picked":["Flying Knee","Choke"],"picked":"Crippling Poison","floor":7},{"not_picked":["Reflex","Bane"],"picked":"Adrenaline","floor":8},{"not_picked":["All Out Attack","Expertise","Masterful Stab"],"picked":"SKIP","floor":11},{"not_picked":["Flying Knee","Slice"],"picked":"Dagger Spray","floor":13}],"player_experience":295635,"relics_obtained":[{"floor":8,"key":"Meat on the Bone"},{"floor":9,"key":"Anchor"}],"event_choices":[{"damage_healed":0,"gold_gain":0,"player_choice":"Success","damage_taken":5,"relics_obtained":["Bronze Scales"],"max_hp_gain":0,"max_hp_loss":0,"event_name":"Scrap Ooze","floor":5,"gold_loss":0},{"damage_healed":0,"gold_gain":50,"player_choice":"Pray","damage_taken":0,"max_hp_gain":0,"max_hp_loss":0,"event_name":"Golden Shrine","floor":14,"gold_loss":0}],"is_beta":false,"boss_relics":[],"items_purged_floors":[2,10],"is_endless":false,"potions_floor_spawned":[3,4,13],"killed_by":"Slime Boss","ascension_level":16}}