{"host":"bxn2em57qlx5u4i0","time":1608508700,"event":{"mods":["BaseMod","Colored Map","Colored Powertips","Highlight Path","Minty Spire (QoL Compilation)","Random Character Button","Relic Sorter","Relic Stats","StSLib","SuperFastMode"],"gold_per_floor":[18,35,55,4,14,45,45,78,78,78,78,78],"floor_reached":11,"playtime":269,"items_purged":[],"score":166,"play_id":"caa622cc-6cc7-44b0-8a82-c9676e80c456","local_time":"20201220185820","is_ascension_mode":true,"campfire_choices":[{"data":"Dash","floor":7,"key":"SMITH"}],"circlet_count":0,"master_deck":["AscendersBane","Strike_G","Strike_G","Strike_G","Strike_G","Defend_G","Defend_G","Defend_G","Defend_G","Survivor","Neutralize","Dash+1","All Out Attack","Burst","Backstab"],"relics":["Ring of the Snake","Tiny Chest","Mango"],"acts_visited":["Exordium"],"potions_floor_usage":[6,8,8,8],"damage_taken":[{"damage":3,"enemies":"Cultist","floor":1,"turns":5},{"damage":0,"enemies":"Jaw Worm","floor":2,"turns":5},{"damage":0,"enemies":"2 Louse","floor":3,"turns":3},{"damage":12,"enemies":"Large Slime","floor":5,"turns":5},{"damage":17,"enemies":"3 Sentries","floor":6,"turns":8},{"damage":3,"enemies":"Gremlin Nob","floor":8,"turns":3},{"damage":40,"enemies":"Lagavulin","floor":11,"turns":8}],"seed_played":"-6584027098790584646","potions_obtained":[{"floor":2,"key":"Explosive Potion"},{"floor":3,"key":"SmokeBomb"},{"floor":6,"key":"EntropicBrew"}],"is_trial":false,"path_per_floor":["M","M","M","?","M","E","R","E","T","?","E"],"character_chosen":"THE_SILENT","items_purchased":[],"campfire_rested":0,"item_purchase_floors":[],"current_hp_per_floor":[56,56,56,56,44,27,27,38,38,38,0,0],"gold":78,"neow_bonus":"REMOVE_TWO","is_daily":false,"chose_seed":false,"campfire_upgraded":1,"win_rate":0.0,"timestamp":1608508700,"path_taken":["M","?","M","?","M","E","R","E","T","?","E"],"items_purchased_type":[],"build_version":"2020-12-13","purchased_purges":0,"victory":false,"max_hp_per_floor":[66,66,66,66,66,66,66,80,80,80,80,80],"relic_stats":{"counters":[7,37],"Tiny Chest":0,"obtain_stats":[{"Tiny Chest":6,"Mango":8,"Ring of the Snake":0},{"Tiny Chest":5,"Mango":6,"Ring of the Snake":0},{"Tiny Chest":26,"Mango":29,"Ring of the Snake":0}],"Ring of the Snake":[14]},"card_choices":[{"not_picked":["Prepared","Distraction"],"picked":"Dash","floor":1},{"not_picked":["Well Laid Plans","Bane"],"picked":"All Out Attack","floor":2},{"not_picked":["Deflect","Accuracy","Flying Knee"],"picked":"SKIP","floor":3},{"not_picked":["Blade Dance","Prepared","Accuracy"],"picked":"SKIP","floor":5},{"not_picked":["Bane","Blade Dance"],"picked":"Burst","floor":6},{"not_picked":["Accuracy","Deadly Poison"],"picked":"Backstab","floor":8}],"player_experience":2837779,"relics_obtained":[{"floor":6,"key":"Tiny Chest"},{"floor":8,"key":"Mango"}],"event_choices":[{"damage_healed":0,"gold_gain":0,"player_choice":"Left Gold","damage_taken":0,"max_hp_gain":0,"max_hp_loss":0,"event_name":"World of Goop","floor":4,"gold_loss":51},{"damage_healed":0,"gold_gain":0,"player_choice":"Ignored","damage_taken":0,"max_hp_gain":0,"max_hp_loss":0,"event_name":"Liars Game","floor":10,"gold_loss":0}],"is_beta":false,"boss_relics":[],"items_purged_floors":[],"is_endless":false,"potions_floor_spawned":[2,3,6],"killed_by":"Lagavulin","ascension_level":20}}