{"host":"t0dvtgwziqfh5pc4","time":1608431602,"event":{"mods":["BaseMod","Colored Powertips","Downfall","Googly Eyes","Hermit","Infinite Spire","Lobotomy","Minty Spire (QoL Compilation)","Quick Restart","Replay The Spire","SIMod","Shop Mod","StSLib","The Bug Knight","The Cursed","The Hierophant","The Jungle","[IsaacMod]ÒÔÈö¼âËþ"],"gold_per_floor":[118,131,131,144,144,144,15,15,39,67,84,84,84,122,122,219,219,259,259,66,66,66,66,99,130,130,130,130,145,198,224,224,201,201,135,85,85,116,116,149,215,96,96,150,150,207,161,190,190,135,42,42],"floor_reached":51,"playtime":3125,"items_purged":["Strike_G","Defend_G","Strike_G","Strike_G","Strike_G"],"score":2519,"play_id":"42d2ff7b-f465-4775-83ab-b955b2c273cb","local_time":"20201220103322","daily_mods":["Heirloom","Flight"],"is_ascension_mode":true,"campfire_choices":[{"data":"infinitespire:Menacing","floor":6.0,"key":"SMITH"},{"data":"Wraith Form v2","floor":8.0,"key":"SMITH"},{"floor":13.0,"key":"REST"},{"floor":23.0,"key":"REST"},{"data":"infinitespire:FinalStrike","floor":28.0,"key":"SMITH"},{"floor":32.0,"key":"DIG"},{"data":"Night Terror","floor":49.0,"key":"SMITH"}],"circlet_count":0,"master_deck":["AscendersBane","Defend_G","Defend_G","Defend_G+1","Defend_G","Survivor","Neutralize","EpicFetus+1","Dagger Spray","Cloak And Dagger+1","infinitespire:Menacing+1","ReplayTheSpireMod:IOU","Wraith Form v2+1","HandOfGreed","Concentrate","Night Terror+1","Well Laid Plans","Prepared+1","infinitespire:FinalStrike+1","Sneak Up","Acrobatics","Escape Plan","Adrenaline","Master of Strategy","ReplayTheSpireMod:Echoes of Time","ReplayTheSpireMod:IOU"],"relics":["Ring of the Snake","HushsDoor","TheBean","CaptainsWheel","Replay:Wax Seal","infinitespire:CheckeredPen","infinitespire:Lucky Rock","sneckomod:BlankCard","ChewingGum","HollowMod:JonisBlessing","Replay:Blank Codex","War Paint","Ninja Scroll","StrikeDummy","HollowMod:StagPassRelic","infinitespire:EmpoweringShard","Smiling Mask","expansioncontent:StudyCardRelic","Incubus","infinitespire:EvilPickle","SalivaCoin","BargainBundle","Blue Candle","Centennial Puzzle","TheBible","infinitespire:PuzzleCube","infinitespire:CursedDice"],"acts_visited":["Exordium","TheCity","TheBeyond"],"potions_floor_usage":[50,50],"damage_taken":[{"damage":6.0,"enemies":"Cultist","floor":1.0,"turns":4.0},{"damage":4.0,"enemies":"2 Louse","floor":2.0,"turns":2.0},{"damage":4.0,"enemies":"Jaw Worm","floor":4.0,"turns":3.0},{"damage":1.0,"enemies":"Gremlin Nob","floor":10.0,"turns":5.0},{"damage":12.0,"enemies":"Exordium Wildlife","floor":11.0,"turns":5.0},{"damage":2.0,"enemies":"Blue Slaver","floor":14.0,"turns":8.0},{"damage":23.0,"enemies":"The Guardian","floor":16.0,"turns":8.0},{"damage":19.0,"enemies":"3 Byrds","floor":18.0,"turns":7.0},{"damage":0.0,"enemies":"Spheric Guardian","floor":24.0,"turns":8.0},{"damage":0.0,"enemies":"Gremlin Leader","floor":25.0,"turns":7.0},{"damage":0.0,"enemies":"Centurion and Healer","floor":29.0,"turns":3.0},{"damage":0.0,"enemies":"Slavers","floor":30.0,"turns":7.0},{"damage":0.0,"enemies":"Replay:Snechameleon","floor":31.0,"turns":4.0},{"damage":11.0,"enemies":"Pondfish","floor":33.0,"turns":13.0},{"damage":0.0,"enemies":"3 Shapes","floor":35.0,"turns":4.0},{"damage":0.0,"enemies":"3 Darklings","floor":38.0,"turns":3.0},{"damage":0.0,"enemies":"HollowMod:StalkingDevout","floor":40.0,"turns":5.0},{"damage":0.0,"enemies":"Nightmare","floor":41.0,"turns":6.0},{"damage":0.0,"enemies":"HollowMod:StalkingDevout","floor":44.0,"turns":4.0},{"damage":0.0,"enemies":"Giant Head","floor":46.0,"turns":6.0},{"damage":0.0,"enemies":"Reptomancer","floor":47.0,"turns":6.0},{"damage":0.0,"enemies":"Maw","floor":48.0,"turns":4.0},{"damage":14,"enemies":"LordOfAnnihilation","floor":50,"turns":30},{"damage":1,"enemies":"infinitespire:MassOfShapes","floor":51,"turns":5}],"seed_played":"4777201807287543907","potions_obtained":[{"floor":10.0,"key":"EssenceOfSteel"},{"floor":14.0,"key":"ColorlessPotion"},{"floor":16.0,"key":"DistilledChaos"},{"floor":18.0,"key":"Dexterity Potion"},{"floor":29.0,"key":"Strength Potion"},{"floor":30.0,"key":"Doom Potion"},{"floor":35.0,"key":"SkillPotion"}],"is_trial":true,"path_per_floor":["M","M","?","M","?","R","$","R","T","E","M","?","R","M","R","B",null,"M","?","$","?","AVR","R","M","E","T","?","R","M","E","E","R","B",null,"M","$","?","M","?","E","NM","$","T","E","AVR","E","E","M","R","B","B"],"character_chosen":"THE_SILENT","items_purchased":["Replay:Wax Seal","Wraith Form v2","infinitespire:CheckeredPen","HandOfGreed","HollowMod:JonisBlessing","Prepared","Adrenaline","Incubus","Master of Strategy","BargainBundle","Swift Potion"],"campfire_rested":2,"item_purchase_floors":[7,7,7,7,20,20,34,34,34,42,42],"current_hp_per_floor":[53,49,49,45,29,29,29,29,29,28,16,9,28,26,45,22,55,36,36,36,15,15,34,34,34,34,34,34,34,34,34,34,23,30,30,30,30,30,30,30,30,30,30,30,30,30,30,30,30,16,15,15],"gold":42,"neow_bonus":"","is_daily":false,"chose_seed":false,"campfire_upgraded":4,"win_rate":0.0,"timestamp":1608431602,"path_taken":["M","M","?","M","?","R","?","R","T","E","?","?","R","?","R","BOSS","M","?","$","?","AVR","R","M","E","T","?","R","?","E","E","R","BOSS","M","$","?","?","?","E","NM","$","T","E","AVR","E","E","M","R","BOSS","BOSS"],"items_purchased_type":["Relic","Card","Relic","Card","Relic","Card","Card","Relic","Card","Relic","Potion"],"build_version":"2020-12-13","purchased_purges":5,"victory":false,"max_hp_per_floor":[66,66,66,66,66,66,66,66,66,66,66,66,66,66,66,66,66,66,66,66,66,66,66,66,66,66,66,66,66,66,66,66,66,32,32,32,32,32,32,32,32,32,32,32,32,32,32,32,32,32,32,32],"card_choices":[{"not_picked":[],"picked":"EpicFetus","floor":0.0},{"not_picked":["Bomb","Sucker Punch"],"picked":"Dagger Spray","floor":1.0},{"not_picked":["Slice","Flying Knee","Bane"],"picked":"SKIP","floor":2.0},{"not_picked":["Flying Knee","Backflip"],"picked":"Cloak And Dagger","floor":4.0},{"not_picked":["infinitespire:TheBestDefense","infinitespire:Collect"],"picked":"infinitespire:Menacing","floor":5.0},{"not_picked":["Infinite Blades","A Thousand Cuts","Dagger Throw"],"picked":"SKIP","floor":10.0},{"not_picked":["Infinite Blades","A Thousand Cuts","Dagger Throw"],"picked":"SKIP","floor":10.0},{"not_picked":["ReplayTheSpireMod:The Works","Sucker Punch","Predator"],"picked":"SKIP","floor":11.0},{"not_picked":["Quick Slash","ReplayTheSpireMod:Speed Training"],"picked":"Concentrate","floor":14.0},{"not_picked":["Tools of the Trade","ReplayTheSpireMod:From All Sides"],"picked":"Night Terror","floor":16.0},{"not_picked":["Bane","Flying Knee+1","Riddle With Holes"],"picked":"SKIP","floor":18.0},{"not_picked":["Quick Slash+1","Blur","Distraction"],"picked":"SKIP","floor":24.0},{"not_picked":["Prepared","Endless Agony"],"picked":"Sneak Up","floor":25.0},{"not_picked":["PiercingWail","Crippling Poison","Hidden Blade"],"picked":"SKIP","floor":29.0},{"not_picked":["Riddle With Holes","Poisoned Stab"],"picked":"Acrobatics","floor":30.0},{"not_picked":["Sneak Up","ReplayTheSpireMod:Scrap Shanks+1"],"picked":"Escape Plan","floor":31.0},{"not_picked":["Deadly Poison","Backstab","Bane"],"picked":"SKIP","floor":35.0},{"not_picked":["Noxious Fumes","Backflip","Catalyst"],"picked":"SKIP","floor":38.0},{"not_picked":["Backflip","Expertise","Sucker Punch+1"],"picked":"SKIP","floor":40.0},{"not_picked":["ReplayTheSpireMod:??????????????????????","infinitespire:Execution"],"picked":"ReplayTheSpireMod:Echoes of Time","floor":41.0},{"not_picked":["Fluid Movement+1","Dagger Throw","Choke+1"],"picked":"SKIP","floor":41.0},{"not_picked":["ReplayTheSpireMod:Shiv Toss","Footwork","Blade Dance"],"picked":"SKIP","floor":44.0},{"not_picked":["Dagger Spray+1","Unload","Eviscerate"],"picked":"SKIP","floor":46.0},{"not_picked":["Quick Slash+1","Toxin Wave","Die Die Die"],"picked":"SKIP","floor":47.0},{"not_picked":["Sucker Punch","Riddle With Holes","Replay:Poison Smokescreen+1"],"picked":"SKIP","floor":48.0}],"player_experience":108930,"relics_obtained":[{"floor":9.0,"key":"infinitespire:Lucky Rock"},{"floor":10.0,"key":"sneckomod:BlankCard"},{"floor":21.0,"key":"Replay:Blank Codex"},{"floor":25.0,"key":"Ninja Scroll"},{"floor":26.0,"key":"StrikeDummy"},{"floor":30.0,"key":"HollowMod:StagPassRelic"},{"floor":31.0,"key":"infinitespire:EmpoweringShard"},{"floor":32.0,"key":"Smiling Mask"},{"floor":41.0,"key":"SalivaCoin"},{"floor":43.0,"key":"Blue Candle"},{"floor":44.0,"key":"Centennial Puzzle"},{"floor":46.0,"key":"infinitespire:PuzzleCube"},{"floor":47.0,"key":"infinitespire:CursedDice"}],"event_choices":[{"damage_healed":0.0,"max_hp_gain":0.0,"max_hp_loss":0.0,"gold_gain":0.0,"event_name":"Upgrade Shrine","player_choice":"Upgraded","floor":3.0,"gold_loss":0.0,"damage_taken":0.0,"cards_upgraded":["EpicFetus"]},{"cards_removed":["Strike_G"],"damage_healed":0.0,"max_hp_gain":0.0,"max_hp_loss":0.0,"gold_gain":0.0,"event_name":"Golden Wing","player_choice":"Card Removal","floor":12.0,"gold_loss":0.0,"damage_taken":7.0},{"damage_healed":0.0,"max_hp_gain":0.0,"max_hp_loss":0.0,"gold_gain":0.0,"event_name":"The Library","player_choice":"Read","floor":19.0,"gold_loss":0.0,"damage_taken":0.0,"cards_obtained":["Well Laid Plans"]},{"damage_healed":0.0,"max_hp_gain":0.0,"max_hp_loss":0.0,"gold_gain":0.0,"event_name":"Cursed Tome","player_choice":"Obtained Book","floor":21.0,"gold_loss":0.0,"damage_taken":21.0},{"damage_healed":0.0,"max_hp_gain":0.0,"max_hp_loss":0.0,"gold_gain":0.0,"event_name":"SensoryStone","player_choice":"Memory 1","floor":37.0,"gold_loss":0.0,"damage_taken":0.0},{"damage_healed":0.0,"max_hp_gain":0.0,"max_hp_loss":0.0,"gold_gain":0.0,"event_name":"Lab","player_choice":"Got Potions","floor":39.0,"gold_loss":0.0,"damage_taken":0.0}],"is_beta":false,"boss_relics":[{"not_picked":["infinitespire:Cupcake","SlaversCollar"],"picked":"ChewingGum"},{"not_picked":[]},{"not_picked":["Philosopher\u0027s Stone","Replay:Bronze Core"],"picked":"expansioncontent:StudyCardRelic"},{"not_picked":[]}],"items_purged_floors":[22,34,36,42,45],"is_endless":true,"potions_floor_spawned":[10,14,16,18,29,30,31,35,40,44,47],"killed_by":"infinitespire:MassOfShapes","ascension_level":20}}