{"host":"udzsrhbqdxqtlypj","time":1608480555,"event":{"mods":["BaseMod","Minty Spire (QoL Compilation)","Relic Stats"],"gold_per_floor":[99,99,99,45,45,45,45,45,45,45,45,45,45,45,45,45,45,45,15,15,15,15,15,15,15,15,15,15,15,15,15,15,15,15,15,0,0,0,0,0,0,0],"floor_reached":41,"playtime":1886,"items_purged":[],"score":704,"play_id":"f4f0a90f-4e82-4c10-aadd-23ac690b44a9","local_time":"20201220100915","is_ascension_mode":true,"campfire_choices":[{"data":"Streamline","floor":6,"key":"SMITH"},{"data":"Coolheaded","floor":12,"key":"SMITH"},{"data":"Sweeping Beam","floor":15,"key":"SMITH"},{"floor":27,"key":"REST"},{"data":"Zap","floor":30,"key":"SMITH"},{"data":"Steam Power","floor":32,"key":"SMITH"}],"circlet_count":0,"master_deck":["AscendersBane","Strike_B","Strike_B","Strike_B","Defend_B","Defend_B","Defend_B","Defend_B","Zap+1","Dualcast","Streamline+1","Coolheaded+1","Sweeping Beam+1","Gash","Compile Driver","Recycle+1","Gash","All For One","Sunder+1","Steam Power+1","Reboot","Echo Form","Apotheosis","Flash of Steel","Forethought","Gash"],"relics":["Ectoplasm","Juzu Bracelet","Centennial Puzzle","Bag of Marbles","Pantograph","Black Star","MawBank","Singing Bowl","PreservedInsect","StoneCalendar","Lizard Tail","Vajra","Runic Pyramid","Red Mask","Calipers","Omamori"],"acts_visited":["Exordium","TheCity","TheBeyond"],"potions_floor_usage":[8,11,22,23,31,33,33],"damage_taken":[{"damage":5,"enemies":"Small Slimes","floor":1,"turns":3},{"damage":1,"enemies":"Cultist","floor":3,"turns":3},{"damage":1,"enemies":"2 Louse","floor":5,"turns":2},{"damage":25,"enemies":"Lagavulin","floor":7,"turns":7},{"damage":5,"enemies":"Gremlin Gang","floor":8,"turns":3},{"damage":18,"enemies":"3 Sentries","floor":10,"turns":6},{"damage":0,"enemies":"Red Slaver","floor":11,"turns":2},{"damage":0,"enemies":"Large Slime","floor":14,"turns":2},{"damage":8,"enemies":"Slime Boss","floor":16,"turns":7},{"damage":0,"enemies":"Chosen","floor":18,"turns":4},{"damage":4,"enemies":"2 Thieves","floor":19,"turns":3},{"damage":13,"enemies":"Sentry and Sphere","floor":22,"turns":4},{"damage":23,"enemies":"Gremlin Leader","floor":23,"turns":6},{"damage":7,"enemies":"Centurion and Healer","floor":28,"turns":4},{"damage":6,"enemies":"Slavers","floor":31,"turns":4},{"damage":86,"enemies":"Champ","floor":33,"turns":9},{"damage":21,"enemies":"3 Darklings","floor":35,"turns":3},{"damage":4,"enemies":"Orb Walker","floor":38,"turns":3},{"damage":30,"enemies":"Nemesis","floor":40,"turns":5},{"damage":20,"enemies":"Spire Growth","floor":41,"turns":2}],"seed_played":"7077561819373271032","potions_obtained":[{"floor":3,"key":"Dexterity Potion"},{"floor":7,"key":"FearPotion"},{"floor":10,"key":"Block Potion"},{"floor":16,"key":"Weak Potion"},{"floor":18,"key":"ColorlessPotion"},{"floor":23,"key":"EssenceOfSteel"},{"floor":31,"key":"Swift Potion"},{"floor":38,"key":"FearPotion"}],"is_trial":false,"path_per_floor":["M","?","M","?","M","R","E","M","T","E","M","R","?","M","R","B",null,"M","M","$","?","M","E","$","T","T","R","M","$","R","E","R","B",null,"M","?","?","M","$","E","M"],"character_chosen":"DEFECT","items_purchased":[],"campfire_rested":1,"item_purchase_floors":[],"current_hp_per_floor":[63,63,62,62,61,61,36,31,31,13,13,13,13,13,13,30,64,64,60,60,60,47,26,26,26,26,49,44,44,44,38,38,39,69,50,50,40,38,38,8,0,0],"gold":0,"neow_bonus":"BOSS_RELIC","is_daily":false,"chose_seed":false,"campfire_upgraded":5,"win_rate":0.0,"timestamp":1608480555,"path_taken":["M","?","?","?","M","R","E","M","T","E","M","R","?","M","R","BOSS","M","M","?","?","M","E","$","?","T","R","M","?","R","E","R","BOSS","M","?","?","M","$","E","M"],"items_purchased_type":[],"build_version":"2020-12-13","purchased_purges":0,"victory":false,"max_hp_per_floor":[75,75,75,75,75,75,75,75,75,75,75,75,75,75,75,75,75,75,75,75,75,75,77,77,77,77,77,79,79,79,79,79,79,79,81,81,81,83,83,83,83,83],"relic_stats":{"Centennial Puzzle":[36],"Lizard Tail":39,"Singing Bowl":8,"counters":[20,82],"Pantograph":50,"StoneCalendar":[52],"Ectoplasm":832,"PreservedInsect":91,"Juzu Bracelet":1,"Black Star":3,"MawBank":0,"obtain_stats":[{"Calipers":40,"Singing Bowl":23,"Vajra":31,"StoneCalendar":26,"PreservedInsect":25,"Juzu Bracelet":4,"Omamori":40,"MawBank":23,"Centennial Puzzle":7,"Lizard Tail":31,"Pantograph":10,"Ectoplasm":0,"Bag of Marbles":9,"Black Star":17,"Red Mask":36,"Cracked Core":0,"Runic Pyramid":34},{"Calipers":19,"Singing Bowl":13,"Vajra":15,"StoneCalendar":13,"PreservedInsect":13,"Juzu Bracelet":2,"Omamori":19,"MawBank":13,"Centennial Puzzle":4,"Lizard Tail":15,"Pantograph":6,"Ectoplasm":0,"Bag of Marbles":5,"Black Star":9,"Red Mask":17,"Cracked Core":0,"Runic Pyramid":16},{"Calipers":80,"Singing Bowl":52,"Vajra":60,"StoneCalendar":52,"PreservedInsect":52,"Juzu Bracelet":6,"Omamori":80,"MawBank":52,"Centennial Puzzle":15,"Lizard Tail":60,"Pantograph":24,"Ectoplasm":0,"Bag of Marbles":18,"Black Star":35,"Red Mask":72,"Cracked Core":0,"Runic Pyramid":69}]},"card_choices":[{"not_picked":["Loop","Rebound"],"picked":"Streamline","floor":1},{"not_picked":["Turbo","Conserve Battery"],"picked":"Coolheaded","floor":3},{"not_picked":["Redo","Cold Snap"],"picked":"Sweeping Beam","floor":5},{"not_picked":["Hologram","Beam Cell"],"picked":"Gash","floor":7},{"not_picked":["Storm","Turbo"],"picked":"Compile Driver","floor":8},{"not_picked":["Steam","Rainbow"],"picked":"Recycle","floor":10},{"not_picked":["Go for the Eyes","Conserve Battery"],"picked":"Gash","floor":11},{"not_picked":["Leap","Heatsinks","Streamline"],"picked":"SKIP","floor":14},{"not_picked":["Biased Cognition","Creative AI"],"picked":"All For One","floor":16},{"not_picked":["Double Energy","Auto Shields"],"picked":"Sunder+1","floor":18},{"not_picked":["Leap","Aggregate","Compile Driver"],"picked":"SKIP","floor":19},{"not_picked":["Blizzard","Stack"],"picked":"Steam Power","floor":22},{"not_picked":["Heatsinks+1","Darkness+1","Hello World"],"picked":"Singing Bowl","floor":23},{"not_picked":["Rebound","Capacitor","Streamline"],"picked":"Singing Bowl","floor":28},{"not_picked":["Stack+1","Barrage"],"picked":"Reboot","floor":31},{"not_picked":["Reboot","Core Surge"],"picked":"Echo Form","floor":33},{"not_picked":["Redo","Coolheaded+1","Hologram+1"],"picked":"Singing Bowl","floor":35},{"not_picked":["Mayhem","Metamorphosis"],"picked":"Apotheosis","floor":37},{"not_picked":["Violence","Deep Breath"],"picked":"Flash of Steel","floor":37},{"not_picked":["Secret Technique","Mind Blast"],"picked":"Forethought","floor":37},{"not_picked":["Streamline","Capacitor","Steam Power"],"picked":"Singing Bowl","floor":38},{"not_picked":["Streamline+1","Hologram"],"picked":"Gash","floor":40}],"player_experience":2698829,"relics_obtained":[{"floor":7,"key":"Centennial Puzzle"},{"floor":9,"key":"Bag of Marbles"},{"floor":10,"key":"Pantograph"},{"floor":23,"key":"MawBank"},{"floor":23,"key":"Singing Bowl"},{"floor":25,"key":"PreservedInsect"},{"floor":26,"key":"StoneCalendar"},{"floor":31,"key":"Lizard Tail"},{"floor":31,"key":"Vajra"},{"floor":40,"key":"Calipers"},{"floor":40,"key":"Omamori"}],"event_choices":[{"cards_removed":["Strike_B"],"damage_healed":0,"gold_gain":0,"player_choice":"Purged","damage_taken":0,"max_hp_gain":0,"max_hp_loss":0,"event_name":"Purifier","floor":2,"gold_loss":0},{"damage_healed":0,"gold_gain":0,"player_choice":"Paid Gold","damage_taken":0,"relics_obtained":["Juzu Bracelet"],"max_hp_gain":0,"max_hp_loss":0,"event_name":"WeMeetAgain","floor":4,"gold_loss":54},{"damage_healed":0,"gold_gain":0,"player_choice":"Upgraded","damage_taken":0,"max_hp_gain":0,"max_hp_loss":0,"event_name":"Upgrade Shrine","floor":13,"gold_loss":0,"cards_upgraded":["Recycle"]},{"damage_healed":0,"gold_gain":0,"player_choice":"Ignored","damage_taken":0,"max_hp_gain":0,"max_hp_loss":0,"event_name":"The Mausoleum","floor":21,"gold_loss":0},{"damage_healed":0,"gold_gain":0,"player_choice":"Paid","damage_taken":0,"relics_obtained":["Red Mask"],"max_hp_gain":0,"max_hp_loss":0,"event_name":"Tomb of Lord Red Mask","floor":36,"gold_loss":15},{"damage_healed":0,"gold_gain":0,"player_choice":"Memory 3","damage_taken":10,"max_hp_gain":0,"max_hp_loss":0,"event_name":"SensoryStone","floor":37,"gold_loss":0}],"is_beta":false,"boss_relics":[{"not_picked":["Snecko Eye","Nuclear Battery"],"picked":"Black Star"},{"not_picked":["Cursed Key","Pandora\u0027s Box"],"picked":"Runic Pyramid"}],"items_purged_floors":[],"is_endless":false,"potions_floor_spawned":[3,7,10,16,18,23,31,38],"killed_by":"Spire Growth","ascension_level":10}}