{"host":"yo9wwslrag05lh37","time":1608429636,"event":{"mods":["AchievementEnabler","BaseMod","Block Reminder","Colored Map","Colored Powertips","GifTheSpireLib","HexUI Lib","Highlight Path","Minty Spire (QoL Compilation)","Rare Cards Sparkle","Relic Stats","StSLib","everything is the same but u backflip on backflip"],"gold_per_floor":[210,210,48,61,61,61,95,95,120,120,136,168,168,199,199,278,278,290,310,235,128,143,143,143,143],"floor_reached":24,"playtime":900,"items_purged":["Strike_B"],"score":424,"play_id":"8a3050ff-59e6-4a77-96d8-a91f3572edb8","local_time":"20201220030036","is_ascension_mode":true,"campfire_choices":[{"data":"White Noise","floor":6.0,"key":"SMITH"},{"floor":8.0,"key":"REST"},{"data":"Storm","floor":13.0,"key":"SMITH"},{"data":"Loop","floor":15.0,"key":"SMITH"},{"floor":23.0,"key":"REST"}],"circlet_count":0,"master_deck":["AscendersBane","Strike_B","Strike_B+1","Strike_B+1","Defend_B","Defend_B","Defend_B","Defend_B","Zap","Dualcast","White Noise+1","Storm+1","Ball Lightning","Loop+1","FTL","Echo Form","Conserve Battery","Thunder Strike","Coolheaded","Creative AI"],"relics":["Cracked Core","Du-Vu Doll","Blood Vial","Orichalcum","Lantern","Whetstone","Cursed Key","Singing Bowl"],"acts_visited":["Exordium","TheCity"],"potions_floor_usage":[24,24],"damage_taken":[{"damage":4.0,"enemies":"Small Slimes","floor":1.0,"turns":4.0},{"damage":6.0,"enemies":"Cultist","floor":4.0,"turns":3.0},{"damage":25.0,"enemies":"Lagavulin","floor":7.0,"turns":5.0},{"damage":6.0,"enemies":"Jaw Worm","floor":11.0,"turns":2.0},{"damage":5.0,"enemies":"Gremlin Nob","floor":12.0,"turns":3.0},{"damage":23.0,"enemies":"3 Sentries","floor":14.0,"turns":6.0},{"damage":4.0,"enemies":"The Guardian","floor":16.0,"turns":7.0},{"damage":18.0,"enemies":"3 Byrds","floor":18.0,"turns":4.0},{"damage":3.0,"enemies":"Chosen","floor":19.0,"turns":5.0},{"damage":43.0,"enemies":"Shelled Parasite and Fungi","floor":22.0,"turns":5.0},{"damage":36,"enemies":"Book of Stabbing","floor":24,"turns":4}],"seed_played":"-1059858002657683872","potions_obtained":[{"floor":2.0,"key":"PowerPotion"},{"floor":2.0,"key":"Swift Potion"},{"floor":7.0,"key":"Fruit Juice"},{"floor":11.0,"key":"Strength Potion"},{"floor":18.0,"key":"PowerPotion"},{"floor":19.0,"key":"BlessingOfTheForge"},{"floor":22.0,"key":"Strength Potion"}],"is_trial":false,"path_per_floor":["M","?","$","M","?","R","E","R","T","?","M","E","R","E","R","B",null,"M","M","?","?","M","R","E"],"character_chosen":"DEFECT","items_purchased":["Storm"],"campfire_rested":2,"item_purchase_floors":[3],"current_hp_per_floor":[60,60,60,54,43,43,18,45,45,64,60,57,57,36,36,34,66,50,49,49,49,8,29,0,0],"gold":143,"neow_bonus":"HUNDRED_GOLD","is_daily":false,"chose_seed":false,"campfire_upgraded":3,"win_rate":0.0,"timestamp":1608429636,"path_taken":["M","?","$","?","?","R","E","R","T","?","M","E","R","E","R","BOSS","M","M","?","?","?","R","E"],"items_purchased_type":["Card"],"build_version":"2020-12-13","purchased_purges":1,"victory":false,"max_hp_per_floor":[71,71,71,71,71,71,71,76,76,76,76,76,76,76,76,76,76,76,76,73,73,73,73,73,73],"relic_stats":{"Blood Vial":16,"Singing Bowl":0,"counters":[11,48],"Whetstone":["Strike_B","Strike_B"],"Orichalcum":[126],"Cursed Key":0,"obtain_stats":[{"Du-Vu Doll":5,"Blood Vial":7,"Lantern":12,"Singing Bowl":21,"Whetstone":14,"Orichalcum":9,"Cracked Core":0,"Cursed Key":17},{"Du-Vu Doll":2,"Blood Vial":3,"Lantern":5,"Singing Bowl":9,"Whetstone":6,"Orichalcum":3,"Cracked Core":0,"Cursed Key":7},{"Du-Vu Doll":7,"Blood Vial":12,"Lantern":17,"Singing Bowl":39,"Whetstone":23,"Orichalcum":12,"Cracked Core":0,"Cursed Key":30}]},"card_choices":[{"not_picked":["Gash","Redo"],"picked":"White Noise","floor":1.0},{"not_picked":["Undo","Sweeping Beam"],"picked":"Ball Lightning","floor":4.0},{"not_picked":["Blizzard","Beam Cell"],"picked":"Loop","floor":7.0},{"not_picked":["Force Field","Redo"],"picked":"FTL","floor":11.0},{"not_picked":["Hyperbeam","White Noise"],"picked":"Echo Form","floor":12.0},{"not_picked":["Blizzard","Gash"],"picked":"Conserve Battery","floor":14.0},{"not_picked":["Reboot","All For One"],"picked":"Thunder Strike","floor":16.0},{"not_picked":["Turbo","Redo"],"picked":"Coolheaded","floor":18.0},{"not_picked":["Hologram","Redo","Leap"],"picked":"SKIP","floor":19.0},{"not_picked":["Leap","Redo"],"picked":"Creative AI","floor":22.0}],"player_experience":1355706,"relics_obtained":[{"floor":7.0,"key":"Blood Vial"},{"floor":9.0,"key":"Orichalcum"},{"floor":12.0,"key":"Lantern"},{"floor":14.0,"key":"Whetstone"}],"event_choices":[{"damage_healed":0.0,"max_hp_gain":0.0,"max_hp_loss":0.0,"gold_gain":0.0,"event_name":"Lab","player_choice":"Got Potions","floor":2.0,"gold_loss":0.0,"damage_taken":0.0},{"damage_healed":0.0,"max_hp_gain":0.0,"max_hp_loss":0.0,"gold_gain":0.0,"event_name":"Scrap Ooze","player_choice":"Success","floor":5.0,"gold_loss":0.0,"damage_taken":11.0,"relics_obtained":["Du-Vu Doll"]},{"damage_healed":19.0,"max_hp_gain":0.0,"max_hp_loss":0.0,"gold_gain":0.0,"event_name":"Mushrooms","player_choice":"Healed and dodged fight","floor":10.0,"gold_loss":0.0,"damage_taken":0.0,"cards_obtained":["Parasite"]},{"cards_removed":["Parasite"],"damage_healed":0.0,"max_hp_gain":0.0,"max_hp_loss":0.0,"gold_gain":0.0,"event_name":"Beggar","player_choice":"Gave Gold","floor":20.0,"gold_loss":75.0,"damage_taken":0.0},{"damage_healed":0.0,"max_hp_gain":0.0,"max_hp_loss":0.0,"gold_gain":0.0,"event_name":"WeMeetAgain","player_choice":"Paid Gold","floor":21.0,"gold_loss":107.0,"damage_taken":0.0,"relics_obtained":["Singing Bowl"]}],"is_beta":false,"boss_relics":[{"not_picked":["Empty Cage","Philosopher\u0027s Stone"],"picked":"Cursed Key"}],"items_purged_floors":[3],"is_endless":false,"potions_floor_spawned":[7,11,18,19,22],"killed_by":"Book of Stabbing","ascension_level":20}}