{"host":"cccop0r9ue4xv1s4","time":1608494204,"event":{"mods":["AchievementEnabler","BaseMod","Downfall","Marisa¡]Ãú«B¡@Å]²z¨F¡^","Minty Spire (QoL Compilation)","Quick Restart","Shop Mod","StSLib","SuperFastMode","The Servant 0.9.4"],"gold_per_floor":[116,116,191,191,99784,99784,99784,99794,99794,99541,99491,99508,99508,99132,99132,99234,99234,99246,99246,99294,99306,99231,99231,99244,99244,99244,99269,99119,99119,99119,99137,99137,99236,99236,99255,99272,99232,99250,99250,99250,99267,99267,99267,99144,99144,99167,99184,99195,99195,99195],"floor_reached":51,"playtime":870,"items_purged":["Defend_R","Defend_R","Strike_R","Defend_R"],"score":876,"play_id":"e6838050-af8d-443f-992e-2109a3392ba2","local_time":"20201221035644","is_ascension_mode":false,"campfire_choices":[{"data":"Flex","floor":6.0,"key":"SMITH"},{"data":"Flex","floor":15.0,"key":"SMITH"},{"data":"Heavy Blade","floor":23,"key":"SMITH"},{"data":"Burning Pact","floor":25,"key":"SMITH"},{"data":"Pommel Strike","floor":29,"key":"SMITH"},{"data":"Pommel Strike","floor":32,"key":"SMITH"},{"data":"Limit Break","floor":40,"key":"SMITH"},{"data":"Warcry","floor":42,"key":"SMITH"},{"data":"Spot Weakness","floor":45,"key":"SMITH"},{"data":"Bash","floor":49,"key":"SMITH"}],"circlet_count":0,"master_deck":["Strike_R+1","Strike_R","Strike_R","Bash+1","Heavy Blade+1","Flex+1","Limit Break+1","Flex+1","Warcry+1","Burning Pact+1","Spot Weakness+1","Feed+1","Pommel Strike+1","Pommel Strike+1","Limit Break+1","Pommel Strike+1"],"relics":["Black Blood"],"acts_visited":["Exordium","TheCity","TheBeyond"],"potions_floor_usage":[21,21,50,50],"damage_taken":[{"damage":0.0,"enemies":"2 Louse","floor":1.0,"turns":2.0},{"damage":0.0,"enemies":"Small Slimes","floor":8.0,"turns":2.0},{"damage":6.0,"enemies":"Jaw Worm","floor":12.0,"turns":2.0},{"damage":0.0,"enemies":"Slime Boss","floor":16.0,"turns":2.0},{"damage":10.0,"enemies":"Chosen","floor":18.0,"turns":2.0},{"damage":0,"enemies":"Shell Parasite","floor":21,"turns":1},{"damage":0,"enemies":"Centurion and Healer","floor":24,"turns":2},{"damage":0,"enemies":"Gremlin Leader","floor":27,"turns":3},{"damage":0,"enemies":"Snake Plant","floor":31,"turns":1},{"damage":0,"enemies":"Collector","floor":33,"turns":2},{"damage":11,"enemies":"3 Shapes","floor":35,"turns":2},{"damage":0,"enemies":"3 Darklings","floor":36,"turns":2},{"damage":0,"enemies":"Jaw Worm Horde","floor":38,"turns":1},{"damage":0,"enemies":"Maw","floor":41,"turns":2},{"damage":0,"enemies":"Spire Growth","floor":47,"turns":1},{"damage":3,"enemies":"4 Shapes","floor":48,"turns":1},{"damage":20,"enemies":"Awakened One","floor":50,"turns":3}],"seed_played":"-7850803606558884790","potions_obtained":[{"floor":1.0,"key":"SteroidPotion"},{"floor":16.0,"key":"BlessingOfTheForge"},{"floor":18.0,"key":"FearPotion"},{"floor":24,"key":"Fire Potion"},{"floor":33,"key":"Slimebound:ThreeZeroPotion"}],"is_trial":false,"path_per_floor":["M","?","?","?","$","R","?","M","T","$","?","M","?","$","R","B",null,"M","?","T","M","?","R","M","R","T","E","$","R","$","M","R","B",null,"M","M","?","M","$","R","M","R","T","$","R","T","M","M","R","B",null],"character_chosen":"IRONCLAD","items_purchased":["Flex","Limit Break","PowerPotion","Strength Potion","Flex","Warcry","Spot Weakness","Fruit Juice","DistilledChaos","DistilledChaos","Strength Potion"],"campfire_rested":0,"item_purchase_floors":[5,5,5,10,10,10,14,14,14,44,44],"current_hp_per_floor":[88,88,88,93,93,93,93,93,93,93,93,93,93,98,98,98,98,94,94,94,98,98,98,98,98,98,101,101,101,101,101,101,101,101,104,104,104,108,108,108,108,108,108,108,108,108,108,112,112,108],"gold":99195,"neow_bonus":"TEN_PERCENT_HP_BONUS","is_daily":false,"chose_seed":false,"campfire_upgraded":10,"win_rate":0.0,"timestamp":1608494204,"path_taken":["M","?","?","?","$","R","?","M","T","$","?","M","?","?","R","BOSS","M","?","?","?","?","R","M","R","T","E","$","R","$","M","R","BOSS","M","M","?","?","$","R","M","R","T","$","R","?","?","M","R","BOSS"],"items_purchased_type":["Card","Card","Potion","Potion","Card","Card","Card","Potion","Potion","Potion","Potion"],"build_version":"2020-12-13","purchased_purges":4,"victory":true,"max_hp_per_floor":[88,88,88,93,93,93,93,93,93,93,93,93,93,98,98,98,98,98,98,98,98,98,98,98,98,98,101,101,101,101,101,101,101,101,104,104,104,108,108,108,108,108,108,108,108,108,108,112,112,116],"card_choices":[{"not_picked":["Rage","Havoc"],"picked":"Heavy Blade","floor":1.0},{"not_picked":["Shockwave","Wild Strike","Perfected Strike"],"picked":"SKIP","floor":8.0},{"not_picked":["Clothesline","Shrug It Off"],"picked":"Burning Pact","floor":12.0},{"not_picked":["Juggernaut","Impervious"],"picked":"Feed","floor":16.0},{"not_picked":["Disarm","Rupture"],"picked":"Pommel Strike","floor":18.0},{"not_picked":["Clothesline","Warcry","Heavy Blade+1"],"picked":"SKIP","floor":21},{"not_picked":["Twin Strike","Double Tap","Seeing Red"],"picked":"SKIP","floor":24},{"not_picked":["Entrench+1","Ghostly Armor","Rupture"],"picked":"SKIP","floor":27},{"not_picked":["Sword Boomerang","Carnage+1"],"picked":"Pommel Strike","floor":31},{"not_picked":["Fiend Fire","Demon Form"],"picked":"Limit Break","floor":33},{"not_picked":["Thunderclap","Warcry+1"],"picked":"Pommel Strike+1","floor":35},{"not_picked":["Perfected Strike+1","Dark Embrace+1","Hemokinesis"],"picked":"SKIP","floor":36},{"not_picked":["Clash+1","Clothesline","Metallicize"],"picked":"SKIP","floor":38},{"not_picked":["Anger+1","Sword Boomerang","True Grit"],"picked":"SKIP","floor":41},{"not_picked":["Dual Wield+1","Clothesline+1","Dropkick+1"],"picked":"SKIP","floor":47},{"not_picked":["Rage+1","Dual Wield","Clothesline+1"],"picked":"SKIP","floor":48}],"player_experience":287046,"relics_obtained":[],"event_choices":[{"damage_healed":0.0,"max_hp_gain":0.0,"max_hp_loss":0.0,"gold_gain":0.0,"event_name":"Scrap Ooze","player_choice":"Fled","floor":2.0,"gold_loss":0.0,"damage_taken":0.0},{"damage_healed":0.0,"max_hp_gain":0.0,"max_hp_loss":0.0,"gold_gain":75.0,"event_name":"Golden Wing","player_choice":"Gained Gold","floor":3.0,"gold_loss":0.0,"damage_taken":0.0},{"damage_healed":0.0,"max_hp_gain":5.0,"max_hp_loss":0.0,"gold_gain":0.0,"event_name":"Big Fish","player_choice":"Donut","floor":4.0,"gold_loss":0.0,"damage_taken":0.0},{"damage_healed":0.0,"max_hp_gain":0.0,"max_hp_loss":0.0,"gold_gain":0.0,"event_name":"Living Wall","player_choice":"Grow","floor":7.0,"gold_loss":0.0,"damage_taken":0.0,"cards_upgraded":["Limit Break"]},{"cards_removed":["Defend_R"],"damage_healed":0.0,"max_hp_gain":0.0,"max_hp_loss":0.0,"gold_gain":0.0,"event_name":"The Cleric","player_choice":"Card Removal","floor":11.0,"gold_loss":50.0,"damage_taken":0.0},{"damage_healed":0.0,"max_hp_gain":0.0,"max_hp_loss":0.0,"gold_gain":0.0,"event_name":"Dead Adventurer","player_choice":"Searched \u00270\u0027 times","floor":13.0,"gold_loss":0.0,"damage_taken":0.0},{"damage_healed":0.0,"max_hp_gain":0.0,"max_hp_loss":0.0,"gold_gain":0.0,"event_name":"The Mausoleum","player_choice":"Ignored","floor":19.0,"gold_loss":0.0,"damage_taken":0.0},{"cards_removed":["Strike_R"],"damage_healed":0,"gold_gain":0,"player_choice":"Gave Gold","damage_taken":0,"max_hp_gain":0,"max_hp_loss":0,"event_name":"Beggar","floor":22,"gold_loss":75},{"damage_healed":0,"gold_gain":0,"player_choice":"Upgraded Two","damage_taken":0,"max_hp_gain":0,"max_hp_loss":0,"event_name":"Designer","floor":37,"gold_loss":40,"cards_upgraded":["Strike_R","Feed"]}],"is_beta":false,"boss_relics":[{"not_picked":["Busted Crown","Snecko Eye","Velvet Choker"]},{"not_picked":["Tiny House","SacredBark"],"picked":"Black Blood"}],"items_purged_floors":[5,10,14,28],"is_endless":false,"potions_floor_spawned":[1,12,16,18,24,33,36,38,41],"ascension_level":0}}