{"host":"gjj8cpt329rt31is","time":1608498816,"event":{"mods":["BaseMod","BetterRewards","Colored Map","Hubris","Minty Spire (QoL Compilation)","Replay The Spire","StSLib"],"gold_per_floor":[110,63,73,83,101,101,134,134,134,147,175,193,220,236,291,394,394,404,420,420,420,439,464,307,257,257,288,308,308,308,327,327,431,431,441,441,511,511,212,212,229,299,299,325,338,357,152,167,167,167],"floor_reached":51,"playtime":3133,"items_purged":["Electrodynamics"],"score":902,"play_id":"d3fc0607-6672-4004-b241-1128f4482f12","local_time":"20201220151336","daily_mods":["Vintage","Heirloom"],"is_ascension_mode":true,"campfire_choices":[{"data":"Cold Snap","floor":6,"key":"SMITH"},{"data":"Gash","floor":8,"key":"SMITH"},{"data":"Go for the Eyes","floor":29,"key":"SMITH"},{"data":"Zap","floor":40,"key":"SMITH"},{"data":"Blizzard","floor":49,"key":"SMITH"}],"circlet_count":0,"master_deck":["Barricade+1","Strike_B+1","Strike_B+1","Strike_B+1","Defend_B+1","Defend_B+1","Defend_B+1","Defend_B+1","Zap+1","Cold Snap+1","Gash+1","Go for the Eyes+1","Coolheaded","Panacea","Streamline","Gash+1","Scrape+1","Crystallizer+1","FIFO Queue","FIFO Queue","Blizzard+1","Chill+1"],"relics":["Cracked Core","Torii","Unceasing Top","hubris:TinFlute","hubris:PeanutButter","Blue Doll","hubris:BottledRain","Eternal Feather","Letter Opener","FossilizedHelix","Pantograph","Symbiotic Virus","Replay:Bottled Eggs","Empty Cage","Smiling Mask","Kunai","Boot","Geode","Orrery","Replay:Rubber Ducky","hubris:ToyBattleship","Omamori","Nunchaku","Black Star","Replay:Accelerometer","InkBottle","hubris:CuriousFeather","Pen Nib","ReplayTheSpireMod:CursedCoin","Bottled Tornado","Oddly Smooth Stone","Gremlin Food","hubris:SphereOfDissonance","Centennial Puzzle","Replay:Frozen Program","hubris:BallOfYels"],"acts_visited":["Exordium","TheCity","TheBeyond"],"potions_floor_usage":[7,7,16,16,33,44,44],"damage_taken":[{"damage":0,"enemies":"Cultist","floor":1,"turns":4},{"damage":1,"enemies":"2 Louse","floor":3,"turns":4},{"damage":1,"enemies":"Small Slimes","floor":4,"turns":4},{"damage":0,"enemies":"Exordium Wildlife","floor":5,"turns":3},{"damage":9,"enemies":"Gremlin Nob","floor":7,"turns":4},{"damage":1,"enemies":"Looter","floor":10,"turns":3},{"damage":21,"enemies":"3 Sentries","floor":11,"turns":11},{"damage":0,"enemies":"Blue Slaver","floor":12,"turns":3},{"damage":11,"enemies":"Lagavulin","floor":13,"turns":7},{"damage":0,"enemies":"3 Louse","floor":14,"turns":3},{"damage":18,"enemies":"The Guardian","floor":16,"turns":15},{"damage":0,"enemies":"3 Byrds","floor":18,"turns":2},{"damage":0,"enemies":"Chosen","floor":19,"turns":5},{"damage":1,"enemies":"Snecko","floor":22,"turns":5},{"damage":28,"enemies":"Gremlin Leader","floor":23,"turns":9},{"damage":15,"enemies":"Book of Stabbing","floor":27,"turns":5},{"damage":8,"enemies":"Sentry and Sphere","floor":28,"turns":5},{"damage":0,"enemies":"Snake Plant","floor":31,"turns":5},{"damage":11,"enemies":"Collector","floor":33,"turns":7},{"damage":0,"enemies":"3 Shapes","floor":35,"turns":5},{"damage":17,"enemies":"3 Darklings","floor":41,"turns":5},{"damage":3,"enemies":"R_Hoarder","floor":44,"turns":8},{"damage":0,"enemies":"4 Shapes","floor":45,"turns":5},{"damage":1,"enemies":"Writhing Mass","floor":46,"turns":5},{"damage":1,"enemies":"Spire Growth","floor":48,"turns":4},{"damage":33,"enemies":"Awakened One","floor":50,"turns":12}],"seed_played":"-3039167825180049583","potions_obtained":[{"floor":4,"key":"Weak Potion"},{"floor":5,"key":"Strength Potion"},{"floor":10,"key":"SpeedPotion"},{"floor":11,"key":"DuplicationPotion"},{"floor":13,"key":"SkillPotion"},{"floor":22,"key":"CultistPotion"},{"floor":27,"key":"Explosive Potion"},{"floor":33,"key":"AttackPotion"},{"floor":35,"key":"Dexterity Potion"},{"floor":44,"key":"Venom Potion"},{"floor":45,"key":"Death Potion"}],"is_trial":true,"path_per_floor":["M","$","M","M","M","R","E","R","T","M","E","M","E","M","R_BF","B",null,"M","M","$","?","M","E","$","$","T","E","M","R","?","M","R_BF","B",null,"M","?","T","?","$","R","M","$","T","E","M","M","$","M","R","B",null],"character_chosen":"DEFECT","items_purchased":["Cold Snap","Orrery","FIFO Queue","hubris:CuriousFeather","ReplayTheSpireMod:CursedCoin","Blizzard","Replay:Frozen Program"],"campfire_rested":0,"item_purchase_floors":[2,24,25,39,42,42,47],"current_hp_per_floor":[75,75,74,73,73,73,64,64,64,63,42,42,31,31,40,47,75,75,75,75,75,74,46,46,46,46,31,23,35,35,35,69,64,75,75,75,75,75,75,75,58,58,58,55,55,54,54,53,65,42],"gold":167,"neow_bonus":"","is_daily":false,"chose_seed":false,"campfire_upgraded":5,"win_rate":0.0,"timestamp":1608498816,"path_taken":["M","$","M","M","M","R","E","R","T","M","E","M","E","M","R_BF","BOSS","M","M","$","?","M","E","?","$","T","E","M","R","?","M","R_BF","BOSS","M","?","?","?","$","R","M","$","T","E","M","M","?","M","R","BOSS"],"items_purchased_type":["Card","Relic","Card","Relic","Relic","Card","Relic"],"build_version":"2020-12-13","purchased_purges":1,"victory":true,"max_hp_per_floor":[75,75,75,75,75,75,75,75,75,75,75,75,75,75,75,75,75,75,75,75,75,75,75,75,75,75,75,75,75,75,75,75,75,75,75,75,75,75,75,75,75,75,75,75,75,75,75,75,75,75],"card_choices":[{"not_picked":["Static Discharge","Fusion"],"picked":"Gash","floor":7},{"not_picked":["Hologram","Storm","Turbo"],"picked":"SKIP","floor":11},{"not_picked":["Compile Driver","hubris:SpecializedCircuitry"],"picked":"Go for the Eyes","floor":13},{"not_picked":["Thunder Strike","Rainbow"],"picked":"Electrodynamics","floor":16},{"not_picked":["Redo","Panic Button"],"picked":"Streamline","floor":23},{"not_picked":["ReplayGash","Redo+1"],"picked":"Gash","floor":24},{"not_picked":["Blizzard","Sweeping Beam"],"picked":"Scrape+1","floor":24},{"not_picked":["Rebound+1","Coolheaded"],"picked":"Crystallizer","floor":24},{"not_picked":["Stack","Compile Driver+1","Beam Cell"],"picked":"SKIP","floor":27},{"not_picked":["Machine Learning","Rebound+1"],"picked":"Chill+1","floor":44}],"player_experience":277618,"relics_obtained":[{"floor":1,"key":"Unceasing Top"},{"floor":3,"key":"hubris:TinFlute"},{"floor":4,"key":"hubris:PeanutButter"},{"floor":5,"key":"Blue Doll"},{"floor":7,"key":"hubris:BottledRain"},{"floor":9,"key":"Eternal Feather"},{"floor":10,"key":"Letter Opener"},{"floor":11,"key":"FossilizedHelix"},{"floor":12,"key":"Pantograph"},{"floor":13,"key":"Symbiotic Virus"},{"floor":14,"key":"Replay:Bottled Eggs"},{"floor":18,"key":"Smiling Mask"},{"floor":19,"key":"Kunai"},{"floor":22,"key":"Boot"},{"floor":23,"key":"Geode"},{"floor":26,"key":"Replay:Rubber Ducky"},{"floor":27,"key":"hubris:ToyBattleship"},{"floor":28,"key":"Omamori"},{"floor":31,"key":"Nunchaku"},{"floor":35,"key":"Replay:Accelerometer"},{"floor":37,"key":"InkBottle"},{"floor":41,"key":"Pen Nib"},{"floor":43,"key":"Bottled Tornado"},{"floor":44,"key":"Oddly Smooth Stone"},{"floor":44,"key":"Gremlin Food"},{"floor":45,"key":"hubris:SphereOfDissonance"},{"floor":46,"key":"Centennial Puzzle"},{"floor":48,"key":"hubris:BallOfYels"}],"event_choices":[{"damage_healed":0,"gold_gain":0,"player_choice":"2 cards matched","damage_taken":0,"max_hp_gain":0,"max_hp_loss":0,"event_name":"Match and Keep!","floor":21,"gold_loss":0,"cards_obtained":["Coolheaded","Panacea"]},{"damage_healed":0,"gold_gain":0,"player_choice":"Simplicity","damage_taken":0,"max_hp_gain":0,"max_hp_loss":0,"event_name":"Back to Basics","floor":30,"gold_loss":0,"cards_upgraded":["Strike_B","Strike_B","Strike_B","Defend_B","Defend_B","Defend_B","Defend_B"]},{"cards_removed":["Dualcast"],"damage_healed":0,"gold_gain":0,"player_choice":"Removed Skill","damage_taken":0,"max_hp_gain":0,"max_hp_loss":0,"event_name":"Falling","floor":36,"gold_loss":0},{"damage_healed":0,"gold_gain":0,"player_choice":"Ignored","damage_taken":0,"max_hp_gain":0,"max_hp_loss":0,"event_name":"Tomb of Lord Red Mask","floor":38,"gold_loss":0}],"is_beta":false,"boss_relics":[{"not_picked":["Ring of Chaos","Replay:Ancient Bell"],"picked":"Empty Cage"},{"not_picked":["Nuclear Battery","hubris:ScarierMask"],"picked":"Black Star"}],"items_purged_floors":[47],"is_endless":false,"potions_floor_spawned":[4,5,10,11,13,22,27,28,33,35,44,45],"ascension_level":4}}