{"host":"cyiefo55v5hz1ih5","time":1608444825,"event":{"mods":["2.2 Compatiblity","AchievementEnabler","BaseMod","Downfall","GifTheSpireLib","Hubris","Minty Spire (QoL Compilation)","Replay The Spire","Robot Space Explorer","StSLib"],"gold_per_floor":[99,99,142,142,160,160,210,221,206,131,145,145,55,70,93,201,201,201,201,210,210,228,244,270,298,223,259,119,148,160,160,172,286,286,286],"floor_reached":34,"playtime":2748,"items_purged":["champ:Strike","champ:Strike"],"score":399,"play_id":"a7f6787d-f8a1-4a97-b148-aca725ce767b","local_time":"20201220011345","is_ascension_mode":true,"campfire_choices":[{"data":"champ:Taunt","floor":1.0,"key":"SMITH"},{"floor":4.0,"key":"RECALL"},{"floor":10,"key":"REST"},{"data":"champ:EnchantCrown","floor":18,"key":"SMITH"},{"data":"champ:GladiatorStyle","floor":21,"key":"SMITH"},{"floor":26,"key":"REST"}],"circlet_count":0,"master_deck":["champ:Defend","champ:Defend","champ:Defend","champ:Defend","champ:Execute","champ:Taunt+1","champ:GladiatorStyle+1","champ:SwordSigil","champ:VampiricStrike","champ:RecklessLeap","champ:Haymaker","champ:BladeFlurry","champ:EnchantCrown+1","champ:DeathBlow","champ:BringItOn","champ:FanOfKnives","champ:GutPunch+1","champ:ViciousMockery","champ:SteelEdge"],"relics":["champ:ChampionCrown","champ:LiftRelic","Bronze Scales","hubris:Icosahedron","Nunchaku","downfall:HeartBlessingRed","CeramicFish","champ:PowerArmor","downfall:HeartBlessingBlue","Smiling Mask","downfall:RedIOU","hubris:Stopwatch"],"acts_visited":["Exordium","TheCity","TheBeyond"],"potions_floor_usage":[16,33,33],"damage_taken":[{"damage":1.0,"enemies":"Jaw Worm","floor":5.0,"turns":4.0},{"damage":8.0,"enemies":"2 Louse","floor":8.0,"turns":2.0},{"damage":10.0,"enemies":"downfall:FleeingMerchant","floor":9.0,"turns":4.0},{"damage":17,"enemies":"Small Slimes","floor":11,"turns":3},{"damage":20,"enemies":"downfall:FleeingMerchant","floor":13,"turns":4},{"damage":9,"enemies":"Red Slaver","floor":14,"turns":3},{"damage":2,"enemies":"Blue Slaver","floor":15,"turns":3},{"damage":36,"enemies":"downfall:Ironclad","floor":16,"turns":6},{"damage":0,"enemies":"Chosen","floor":22,"turns":2},{"damage":0,"enemies":"Spheric Guardian","floor":23,"turns":3},{"damage":65,"enemies":"Gremlin Leader","floor":25,"turns":4},{"damage":18,"enemies":"Replay:Snechameleon","floor":27,"turns":3},{"damage":25,"enemies":"downfall:FleeingMerchant","floor":28,"turns":4},{"damage":0,"enemies":"Snake Plant","floor":29,"turns":2},{"damage":19,"enemies":"Cultist and Chosen","floor":30,"turns":3},{"damage":29,"enemies":"Shelled Parasite and Fungi","floor":32,"turns":5},{"damage":68,"enemies":"downfall:Silent","floor":33,"turns":6}],"seed_played":"-8517861930134704493","potions_obtained":[{"floor":3.0,"key":"SkillPotion"},{"floor":3.0,"key":"Strength Potion"},{"floor":5.0,"key":"Ancient Potion"},{"floor":25,"key":"PowerPotion"},{"floor":33,"key":"LifebloodPotion"}],"is_trial":false,"path_per_floor":["R","?","?","R","M","?","T","M","$","R","M","?","$","M","M","B",null,"R","?","?","R","M","M","T","E","R","E","$","M","M","?","M","B",null],"character_chosen":"THE_CHAMP","items_purchased":["champ:FanOfKnives","champ:GutPunch+1"],"campfire_rested":2,"item_purchase_floors":[28,28],"current_hp_per_floor":[90,90,68,68,67,67,67,59,59,86,90,83,90,86,84,78,90,90,90,90,90,90,90,90,66,100,91,90,90,86,86,72,44,100,100],"gold":286,"neow_bonus":"REMOVE_CARD","is_daily":false,"chose_seed":false,"campfire_upgraded":3,"win_rate":0.0,"timestamp":1608444825,"path_taken":["R","?","?","R","M","?","T","?","$","R","M","?","$","M","M","BOSS","R","?","?","R","M","M","T","E","R","E","$","M","?","?","M","BOSS"],"items_purchased_type":["Card","Card"],"build_version":"2020-12-13","purchased_purges":2,"victory":false,"max_hp_per_floor":[90,90,90,90,90,90,90,90,90,90,90,90,90,90,90,90,90,90,90,90,90,90,90,90,90,100,100,100,100,100,100,100,100,100,100],"card_choices":[{"not_picked":["champ:SwordSigil","champ:Haymaker"],"picked":"champ:GladiatorStyle","floor":3.0},{"not_picked":["champ:FocusedDefense","champ:BerserkersShout"],"picked":"champ:SwordSigil","floor":5.0},{"not_picked":["champ:GutPunch","champ:SwordSigil"],"picked":"champ:VampiricStrike","floor":8.0},{"not_picked":["champ:BerserkerStyle","champ:ArenaPreparation"],"picked":"champ:RecklessLeap","floor":9},{"not_picked":["champ:IronFortress","champ:RapidStrikes"],"picked":"champ:Haymaker","floor":11},{"not_picked":["champ:Backstep","champ:CheapShot","champ:HeartStrike"],"picked":"SKIP","floor":13},{"not_picked":["champ:Lariat","champ:DefensiveStyle","champ:FocusedBerserking"],"picked":"SKIP","floor":14},{"not_picked":["champ:Encircle","champ:ShieldWall"],"picked":"champ:BladeFlurry","floor":15},{"not_picked":["champ:DancingMaster","champ:SwordThrow"],"picked":"champ:EnchantCrown","floor":16},{"not_picked":["champ:RageSigil","champ:DefensiveShout","champ:SkillfulDodge"],"picked":"SKIP","floor":22},{"not_picked":["champ:BerserkersShout","champ:FocusedGladiator","champ:HeartStrike"],"picked":"SKIP","floor":23},{"not_picked":["champ:Haymaker","champ:ShieldSigil","champ:SwordSigil+1"],"picked":"SKIP","floor":25},{"not_picked":["champ:LastStand","champ:SwordSigil"],"picked":"champ:BringItOn","floor":27},{"not_picked":["champ:Haymaker+1","champ:GladiatorsShout+1","champ:Circumvent"],"picked":"SKIP","floor":28},{"not_picked":["champ:CrookedStrike","champ:Haymaker"],"picked":"champ:ViciousMockery","floor":29},{"not_picked":["champ:BerserkerStyle","champ:CrookedStrike+1","champ:EnGarde"],"picked":"SKIP","floor":30},{"not_picked":["champ:BringItOn","champ:GutPunch+1","champ:EndlessRage+1"],"picked":"SKIP","floor":32},{"not_picked":["champ:HeavySlash","champ:EnchantShield"],"picked":"champ:SteelEdge","floor":33}],"player_experience":788480,"relics_obtained":[{"floor":3.0,"key":"Bronze Scales"},{"floor":7.0,"key":"Nunchaku"},{"floor":25,"key":"Blue Doll"},{"floor":27,"key":"Smiling Mask"}],"event_choices":[{"damage_healed":0,"gold_gain":0,"player_choice":"Success","damage_taken":7,"relics_obtained":["CeramicFish"],"max_hp_gain":0,"max_hp_loss":0,"event_name":"Scrap Ooze","floor":12,"gold_loss":0},{"damage_healed":0,"gold_gain":0,"cards_transformed":["champ:Strike"],"player_choice":"Transformed","damage_taken":0,"max_hp_gain":0,"max_hp_loss":0,"event_name":"Transmorgrifier","floor":20,"gold_loss":0,"cards_obtained":["champ:DeathBlow"]}],"is_beta":false,"boss_relics":[{"not_picked":["hubris:CrackedHourglass","ReplayTheSpireMod:DimensionalGlitch"],"picked":"champ:PowerArmor"},{"not_picked":["ChewingGum","Fusion Hammer"],"picked":"hubris:Stopwatch"}],"items_purged_floors":[13,28],"is_endless":false,"potions_floor_spawned":[5,11,14,15,25,32,33],"ascension_level":1}}