{"host":"vfg9szunmpjwj08o","time":1608502264,"event":{"mods":["Act Like it!","BaseMod","Challenge The Spire","Colored Map","Colored Powertips","Minty Spire (QoL Compilation)","StSLib","Waifu the Spire"],"gold_per_floor":[114,189,207,8,23,23,49,49,49,99,113,130,164,180,180,180,180],"floor_reached":16,"playtime":504,"items_purged":["Strike_B"],"score":243,"play_id":"a74607ba-6298-4f1d-a9f0-67843899a223","local_time":"20201220231104","is_ascension_mode":true,"campfire_choices":[{"data":"Zap","floor":6,"key":"SMITH"},{"data":"Dualcast","floor":8,"key":"SMITH"},{"data":"Blizzard","floor":15,"key":"SMITH"}],"circlet_count":0,"master_deck":["AscendersBane","Strike_B","Strike_B","Strike_B","Defend_B","Defend_B","Defend_B","Defend_B","Zap+1","Dualcast+1","Gash","Leap","Self Repair","Blizzard+1","Sunder","Go for the Eyes","Reboot","Cold Snap","Blizzard","BootSequence"],"relics":["Cracked Core","NeowsBlessing","Strawberry","InkBottle","Mango"],"acts_visited":["Exordium"],"potions_floor_usage":[7,7,13,16,16,16],"damage_taken":[{"damage":0,"enemies":"2 Louse","floor":1,"turns":1},{"damage":0,"enemies":"Cultist","floor":3,"turns":1},{"damage":0,"enemies":"Jaw Worm","floor":5,"turns":1},{"damage":26,"enemies":"3 Sentries","floor":7,"turns":6},{"damage":3,"enemies":"3 Louse","floor":11,"turns":4},{"damage":8,"enemies":"Looter","floor":12,"turns":3},{"damage":28,"enemies":"Gremlin Nob","floor":13,"turns":4},{"damage":4,"enemies":"Lots of Slimes","floor":14,"turns":4},{"damage":38,"enemies":"Slime Boss","floor":16,"turns":6}],"seed_played":"1794034986724925280","potions_obtained":[{"floor":1,"key":"LiquidMemories"},{"floor":7,"key":"Fruit Juice"},{"floor":12,"key":"Energy Potion"},{"floor":13,"key":"EntropicBrew"}],"is_trial":false,"path_per_floor":["M","?","M","$","M","R","E","R","T","?","M","M","E","M","R","B"],"character_chosen":"DEFECT","items_purchased":["Self Repair","Blizzard"],"campfire_rested":0,"item_purchase_floors":[4,4],"current_hp_per_floor":[64,53,53,53,53,53,46,46,46,46,43,35,28,31,31,0,0],"gold":180,"neow_bonus":"THREE_ENEMY_KILL","is_daily":false,"chose_seed":false,"campfire_upgraded":3,"win_rate":0.0,"timestamp":1608502264,"path_taken":["M","?","M","$","M","R","E","R","T","?","M","?","E","M","R","BOSS"],"items_purchased_type":["Card","Card"],"build_version":"2020-12-13","purchased_purges":1,"victory":false,"max_hp_per_floor":[71,71,71,71,71,71,83,83,83,83,83,83,97,97,97,97,97],"card_choices":[{"not_picked":["Double Energy","Conserve Battery"],"picked":"Gash","floor":1},{"not_picked":["Barrage","Streamline"],"picked":"Leap","floor":3},{"not_picked":["Hologram","Redo"],"picked":"Sunder","floor":5},{"not_picked":["Hologram","Heatsinks"],"picked":"Go for the Eyes","floor":7},{"not_picked":["Darkness","Beam Cell"],"picked":"Reboot","floor":11},{"not_picked":["Beam Cell","Steam Power"],"picked":"Cold Snap","floor":12},{"not_picked":["Hello World","Reinforced Body"],"picked":"Blizzard","floor":13},{"not_picked":["Redo","Storm"],"picked":"BootSequence","floor":14}],"player_experience":999814,"relics_obtained":[{"floor":7,"key":"Strawberry"},{"floor":9,"key":"InkBottle"},{"floor":13,"key":"Mango"}],"event_choices":[{"damage_healed":0,"gold_gain":75,"player_choice":"Gather Gold","damage_taken":11,"max_hp_gain":0,"max_hp_loss":0,"event_name":"World of Goop","floor":2,"gold_loss":0},{"damage_healed":0,"gold_gain":50,"player_choice":"Pray","damage_taken":0,"max_hp_gain":0,"max_hp_loss":0,"event_name":"Golden Shrine","floor":10,"gold_loss":0}],"is_beta":false,"boss_relics":[],"items_purged_floors":[4],"is_endless":false,"potions_floor_spawned":[1,7,12,13],"killed_by":"Slime Boss","ascension_level":19}}