{"host":"quagnxip3u93mzqy","time":1608435440,"event":{"mods":["AchievementEnabler","BaseMod","Colored Powertips","Minty Spire (QoL Compilation)","Quick Restart","SuperFastMode"],"gold_per_floor":[11,29,48,61,61,90,165,165,165,4,14,14,24,58,58,155,155,165,153,3,17,17,351,351,377,402,436,436,436,351,371,371,467,467,485,499,546,312,362,362,362,393,448,448,465,465,481,146,146,146,146,146,1,30,30],"floor_reached":56,"playtime":4647,"items_purged":["Strike_G","Strike_G","Strike_G"],"score":1840,"play_id":"2711999d-cc0d-4a6b-9979-a95660b7a7b0","local_time":"20201220033720","is_ascension_mode":true,"campfire_choices":[{"data":"Cloak And Dagger","floor":8,"key":"SMITH"},{"data":"Cloak And Dagger","floor":12,"key":"SMITH"},{"floor":15,"key":"REST"},{"data":"Dagger Throw","floor":24,"key":"SMITH"},{"floor":29,"key":"REST"},{"data":"Prepared","floor":32,"key":"SMITH"},{"floor":40,"key":"RECALL"},{"floor":44,"key":"REST"},{"data":"Wraith Form v2","floor":46,"key":"SMITH"},{"data":"Acrobatics","floor":49,"key":"SMITH"},{"data":"Reflex","floor":52,"key":"SMITH"}],"circlet_count":0,"master_deck":["AscendersBane","Strike_G+1","Defend_G","Defend_G","Defend_G","Defend_G","Defend_G","Survivor","Neutralize","Acrobatics+1","Leg Sweep","Cloak And Dagger+1","Underhanded Strike","Escape Plan","Cloak And Dagger+1","Prepared+1","Wraith Form v2+1","Crippling Poison","Tools of the Trade+1","Dagger Throw+1","All Out Attack+1","Noxious Fumes+1","Prepared+1","Decay","Reflex+1","Cloak And Dagger+1","Tools of the Trade+1","Underhanded Strike","Envenom+1","Dagger Throw+1","Eviscerate+1","Reflex+1","Sadistic Nature+1","Underhanded Strike+1","Dagger Throw","Dark Shackles"],"relics":["Ring of the Snake","Tough Bandages","Art of War","Ornamental Fan","Membership Card","Frozen Egg 2","HoveringKite","Frozen Eye","Old Coin","Tingsha","Lantern","Potion Belt","Nilry\u0027s Codex","Vajra","Runic Dome","Unceasing Top","OrangePellets","Bag of Marbles","Torii","PreservedInsect","Whetstone","Happy Flower","HandDrill","Blue Candle","Bottled Tornado"],"acts_visited":["Exordium","TheCity","TheBeyond","TheEnding"],"potions_floor_usage":[14,16,18,23,25,33,47,55,55,55],"damage_taken":[{"damage":1,"enemies":"Jaw Worm","floor":1,"turns":5},{"damage":1,"enemies":"Small Slimes","floor":2,"turns":4},{"damage":0,"enemies":"2 Louse","floor":3,"turns":4},{"damage":5,"enemies":"2 Fungi Beasts","floor":4,"turns":6},{"damage":5,"enemies":"3 Sentries","floor":6,"turns":14},{"damage":0,"enemies":"3 Louse","floor":11,"turns":4},{"damage":0,"enemies":"Large Slime","floor":13,"turns":7},{"damage":9,"enemies":"Lagavulin","floor":14,"turns":9},{"damage":35,"enemies":"Slime Boss","floor":16,"turns":19},{"damage":4,"enemies":"Chosen","floor":18,"turns":8},{"damage":2,"enemies":"2 Thieves","floor":19,"turns":4},{"damage":1,"enemies":"Cultist and Chosen","floor":21,"turns":6},{"damage":9,"enemies":"Slavers","floor":23,"turns":6},{"damage":6,"enemies":"Gremlin Leader","floor":25,"turns":6},{"damage":0,"enemies":"Book of Stabbing","floor":27,"turns":6},{"damage":0,"enemies":"3 Cultists","floor":31,"turns":4},{"damage":4,"enemies":"Champ","floor":33,"turns":8},{"damage":14,"enemies":"3 Darklings","floor":35,"turns":4},{"damage":0,"enemies":"3 Shapes","floor":36,"turns":3},{"damage":7,"enemies":"2 Orb Walkers","floor":37,"turns":4},{"damage":0,"enemies":"Mind Bloom Boss Battle","floor":39,"turns":4},{"damage":0,"enemies":"Giant Head","floor":42,"turns":4},{"damage":1,"enemies":"3 Darklings","floor":45,"turns":2},{"damage":0,"enemies":"Jaw Worm Horde","floor":47,"turns":1},{"damage":34,"enemies":"Awakened One","floor":50,"turns":6},{"damage":0,"enemies":"Shield and Spear","floor":54,"turns":3},{"damage":19,"enemies":"The Heart","floor":55,"turns":6}],"seed_played":"1842964817806557529","potions_obtained":[{"floor":2,"key":"PowerPotion"},{"floor":4,"key":"GamblersBrew"},{"floor":6,"key":"CunningPotion"},{"floor":11,"key":"Energy Potion"},{"floor":16,"key":"Regen Potion"},{"floor":21,"key":"Explosive Potion"},{"floor":23,"key":"PowerPotion"},{"floor":25,"key":"ColorlessPotion"},{"floor":27,"key":"LiquidBronze"},{"floor":37,"key":"Explosive Potion"},{"floor":45,"key":"Regen Potion"},{"floor":54,"key":"Fire Potion"}],"is_trial":false,"path_per_floor":["M","M","M","M","?","E","?","R","T","$","M","R","M","E","R","B",null,"M","M","$","M","?","E","R","E","T","E","?","R","?","M","R","B",null,"M","M","?","$","?","R","?","E","T","R","M","R","M","$","R","B",null,"R","$","E","B",null],"character_chosen":"THE_SILENT","items_purchased":["Membership Card","Cloak And Dagger","Noxious Fumes+1","Frozen Eye","OrangePellets","Bag of Marbles","DistilledChaos","Whetstone","Happy Flower","HandDrill","Dark Shackles","Blue Candle","Swift Potion"],"campfire_rested":3,"item_purchase_floors":[10,10,20,20,38,38,38,48,48,48,48,53,53],"current_hp_per_floor":[62,61,61,56,49,44,33,33,33,33,33,33,33,24,45,10,55,65,63,63,62,62,53,53,47,47,47,31,52,52,52,52,48,65,51,51,44,44,44,44,34,34,34,55,54,54,54,54,54,20,58,58,58,58,54],"gold":30,"neow_bonus":"ONE_RARE_RELIC","is_daily":false,"chose_seed":false,"campfire_upgraded":7,"win_rate":0.0,"timestamp":1608435440,"path_taken":["M","M","M","M","?","E","?","R","T","$","M","R","M","E","R","BOSS","M","M","$","M","?","E","R","E","T","E","?","R","?","M","R","BOSS","M","M","?","$","?","R","?","E","T","R","M","R","M","$","R","BOSS","R","$","E","BOSS"],"items_purchased_type":["Relic","Card","Card","Relic","Relic","Relic","Potion","Relic","Relic","Relic","Card","Relic","Potion"],"build_version":"2020-12-13","purchased_purges":3,"victory":true,"max_hp_per_floor":[70,70,70,70,70,70,70,70,70,70,70,70,70,70,70,70,70,70,70,70,70,70,70,70,70,70,70,70,70,70,70,70,70,70,70,70,70,70,70,70,70,70,70,70,70,70,70,70,70,70,70,70,70,70,70],"card_choices":[{"not_picked":["Dagger Spray","Finisher"],"picked":"Acrobatics","floor":1},{"not_picked":["Dash","Expertise"],"picked":"Leg Sweep","floor":2},{"not_picked":["Underhanded Strike","Setup"],"picked":"Cloak And Dagger","floor":3},{"not_picked":["Expertise","Slice"],"picked":"Underhanded Strike","floor":4},{"not_picked":["Endless Agony","Riddle With Holes"],"picked":"Escape Plan","floor":6},{"not_picked":["Backstab","Poisoned Stab"],"picked":"Prepared","floor":11},{"not_picked":["Dodge and Roll","Quick Slash"],"picked":"Wraith Form v2","floor":13},{"not_picked":["Acrobatics","Concentrate"],"picked":"Crippling Poison","floor":14},{"not_picked":["Unload","Corpse Explosion"],"picked":"Tools of the Trade+1","floor":16},{"not_picked":["Dodge and Roll+1","Riddle With Holes+1"],"picked":"Dagger Throw","floor":18},{"not_picked":["PiercingWail","Crippling Poison+1"],"picked":"All Out Attack+1","floor":19},{"not_picked":["Outmaneuver+1","Escape Plan"],"picked":"Prepared+1","floor":21},{"not_picked":["Backstab","Finisher"],"picked":"Reflex+1","floor":23},{"not_picked":["Heel Hook","PiercingWail"],"picked":"Cloak And Dagger+1","floor":25},{"not_picked":["Deflect+1","Setup"],"picked":"Tools of the Trade+1","floor":27},{"not_picked":["Deadly Poison","Setup"],"picked":"Underhanded Strike","floor":31},{"not_picked":["After Image+1","Doppelganger"],"picked":"Envenom+1","floor":33},{"not_picked":["Flying Knee","Poisoned Stab+1"],"picked":"Dagger Throw+1","floor":35},{"not_picked":["Bane","Outmaneuver+1","Finisher+1"],"picked":"SKIP","floor":36},{"not_picked":["Crippling Poison","Slice"],"picked":"Eviscerate+1","floor":37},{"not_picked":["Noxious Fumes+1","Backflip"],"picked":"Reflex","floor":39},{"not_picked":["Finesse","Violence"],"picked":"Sadistic Nature+1","floor":41},{"not_picked":["Noxious Fumes+1","Acrobatics"],"picked":"Underhanded Strike","floor":42},{"not_picked":["Dash+1","Quick Slash+1","Choke"],"picked":"SKIP","floor":45},{"not_picked":["Heel Hook","Crippling Poison+1"],"picked":"Dagger Throw","floor":47},{"not_picked":["Backstab","Concentrate","Slice+1"],"picked":"SKIP","floor":54}],"player_experience":417505,"relics_obtained":[{"floor":6,"key":"Art of War"},{"floor":9,"key":"Ornamental Fan"},{"floor":14,"key":"Frozen Egg 2"},{"floor":23,"key":"Old Coin"},{"floor":25,"key":"Tingsha"},{"floor":26,"key":"Lantern"},{"floor":27,"key":"Potion Belt"},{"floor":28,"key":"Nilry\u0027s Codex"},{"floor":37,"key":"Unceasing Top"},{"floor":39,"key":"Torii"},{"floor":42,"key":"PreservedInsect"},{"floor":54,"key":"Bottled Tornado"}],"event_choices":[{"cards_removed":["Strike_G"],"damage_healed":0,"gold_gain":0,"player_choice":"Card Removal","damage_taken":7,"max_hp_gain":0,"max_hp_loss":0,"event_name":"Golden Wing","floor":5,"gold_loss":0},{"damage_healed":0,"gold_gain":75,"player_choice":"Gather Gold","damage_taken":11,"max_hp_gain":0,"max_hp_loss":0,"event_name":"World of Goop","floor":7,"gold_loss":0},{"damage_healed":0,"gold_gain":0,"player_choice":"Smashed Altar","damage_taken":0,"max_hp_gain":0,"max_hp_loss":0,"event_name":"Forgotten Altar","floor":22,"gold_loss":0,"cards_obtained":["Decay"]},{"damage_healed":0,"gold_gain":0,"player_choice":"Obtained Book","damage_taken":16,"max_hp_gain":0,"max_hp_loss":0,"event_name":"Cursed Tome","floor":28,"gold_loss":0},{"damage_healed":0,"gold_gain":0,"player_choice":"Obtained Relic","damage_taken":0,"relics_obtained":["Vajra"],"max_hp_gain":0,"max_hp_loss":0,"event_name":"Addict","floor":30,"gold_loss":85},{"damage_healed":0,"gold_gain":0,"player_choice":"Fight","damage_taken":0,"max_hp_gain":0,"max_hp_loss":0,"event_name":"Mysterious Sphere","floor":37,"gold_loss":0},{"damage_healed":0,"gold_gain":0,"player_choice":"Fight","damage_taken":0,"max_hp_gain":0,"max_hp_loss":0,"event_name":"MindBloom","floor":39,"gold_loss":0},{"damage_healed":0,"gold_gain":0,"player_choice":"Memory 3","damage_taken":10,"max_hp_gain":0,"max_hp_loss":0,"event_name":"SensoryStone","floor":41,"gold_loss":0}],"is_beta":false,"boss_relics":[{"not_picked":["Snecko Eye","Runic Pyramid"],"picked":"HoveringKite"},{"not_picked":["SacredBark","Philosopher\u0027s Stone"],"picked":"Runic Dome"}],"items_purged_floors":[20,38,48],"is_endless":false,"potions_floor_spawned":[2,4,6,11,16,21,23,25,27,37,45,54],"ascension_level":10}}