{"host":"coame8l8goqx0svj","time":1608473299,"event":{"mods":["BaseMod","Downfall","Minty Spire (QoL Compilation)","StSLib"],"gold_per_floor":[99,125,125,145,295,295,295,220,233,263,16,16,16,30,46,151,151,151,151,151,178,11,11,11,11,68,68,78,63,165,219,261,365,365,290,300,300,13,65,65,65,78,3,32,44,69,81,81,91,91,91,119,119,119,119],"floor_reached":56,"playtime":6246,"items_purged":[],"score":1577,"play_id":"78d42a33-0656-43a1-b457-df7338538f97","local_time":"20201220150819","is_ascension_mode":true,"campfire_choices":[{"data":"sneckomod:SnekBite","floor":1.0,"key":"SMITH"},{"floor":6.0,"key":"RECALL"},{"data":"sneckomod:QuickBite","floor":8.0,"key":"SMITH"},{"data":"sneckomod:Transmogrify","floor":18.0,"key":"SMITH"},{"data":"sneckomod:UnknownRarePower","floor":23.0,"key":"SMITH"},{"data":"sneckomod:UnknownRareAttack","floor":25.0,"key":"SMITH"},{"data":"sneckomod:MixItUp","floor":27,"key":"SMITH"},{"data":"Enlightenment","floor":35,"key":"SMITH"},{"data":"sneckomod:UnknownRareSkill","floor":37,"key":"SMITH"},{"floor":43,"key":"DIG"},{"data":"sneckomod:UnknownExhaust","floor":54,"key":"SMITH"}],"circlet_count":0,"master_deck":["sneckomod:Defend","sneckomod:Defend","sneckomod:Defend+1","sneckomod:TailWhip","sneckomod:SnekBite+1","sneckomod:QuickBite+1","sneckomod:UnknownClassGREEN","sneckomod:UnknownClassRED","sneckomod:IronFang","sneckomod:MixItUp+1","Enlightenment+1","sneckomod:DefensiveFlair","sneckomod:Rotation","sneckomod:Transmogrify+1","sneckomod:UnknownExhaust+1","sneckomod:SnakeSap+1","sneckomod:TrashToTreasure","sneckomod:UnknownRareAttack+1","sneckomod:UnknownRareSkill+1","sneckomod:UnknownRarePower+1","CurseOfTheBell","sneckomod:UnknownX+1","sneckomod:Rotation+1","sneckomod:UnknownStrength+1","sneckomod:Unknown0Cost+1","sneckomod:SlitherStrike","sneckomod:UnlimitedRolls","sneckomod:UnknownEthereal","sneckomod:CheapStock","expansioncontent:GuardianWhirl","expansioncontent:AwakenDeath","sneckomod:MixItUp","sneckomod:SnakeSap+1"],"relics":["Anchor","downfall:HeartBlessingRed","Guardian:BottledAnomaly","Enchiridion","Dead Branch","Astrolabe","Red Mask","SlaversCollar","downfall:HeartBlessingGreen","Guardian:PocketSentry","Ice Cream","Eternal Feather","downfall:HeartBlessingBlue","Toy Ornithopter","Lee\u0027s Waffle","Meat on the Bone","Letter Opener","Blood Vial","HornCleat","champ:DuelingGlove"],"acts_visited":["Exordium","TheCity","TheBeyond","TheEnding"],"potions_floor_usage":[50],"damage_taken":[{"damage":25.0,"enemies":"Gremlin Nob","floor":2.0,"turns":5.0},{"damage":0.0,"enemies":"Small Slimes","floor":4.0,"turns":3.0},{"damage":0.0,"enemies":"Cultist","floor":9.0,"turns":2.0},{"damage":10.0,"enemies":"3 Sentries","floor":10.0,"turns":6.0},{"damage":0.0,"enemies":"downfall:FleeingMerchant","floor":11.0,"turns":4.0},{"damage":0.0,"enemies":"2 Louse","floor":14.0,"turns":2.0},{"damage":0.0,"enemies":"Exordium Wildlife","floor":15.0,"turns":2.0},{"damage":34.0,"enemies":"downfall:Silent","floor":16.0,"turns":6.0},{"damage":1.0,"enemies":"Book of Stabbing","floor":21.0,"turns":4.0},{"damage":0.0,"enemies":"downfall:FleeingMerchant","floor":22.0,"turns":4.0},{"damage":0.0,"enemies":"Gremlin Leader","floor":26.0,"turns":7.0},{"damage":5,"enemies":"Shell Parasite","floor":28,"turns":3},{"damage":1,"enemies":"downfall:FleeingMerchant","floor":29,"turns":4},{"damage":0,"enemies":"downfall:FleeingMerchant","floor":30,"turns":1},{"damage":0,"enemies":"Masked Bandits","floor":31,"turns":2},{"damage":11,"enemies":"Sentry and Sphere","floor":32,"turns":3},{"damage":8,"enemies":"downfall:Ironclad","floor":33,"turns":3},{"damage":0,"enemies":"3 Darklings","floor":36,"turns":1},{"damage":4,"enemies":"2 Orb Walkers","floor":39,"turns":4},{"damage":18,"enemies":"3 Shapes","floor":42,"turns":4},{"damage":0,"enemies":"Giant Head","floor":44,"turns":3},{"damage":0,"enemies":"Maw","floor":45,"turns":6},{"damage":10,"enemies":"Jaw Worm Horde","floor":47,"turns":2},{"damage":0,"enemies":"3 Darklings","floor":49,"turns":2},{"damage":6,"enemies":"downfall:Watcher","floor":50,"turns":2},{"damage":3,"enemies":"downfall:CharBossMerchant","floor":52,"turns":5},{"damage":14,"enemies":"downfall:NeowBoss","floor":55,"turns":13}],"seed_played":"-8967091134614249750","potions_obtained":[{"floor":2.0,"key":"BlessingOfTheForge"},{"floor":4.0,"key":"EssenceOfSteel"},{"floor":13.0,"key":"EntropicBrew"},{"floor":15.0,"key":"Dexterity Potion"},{"floor":16.0,"key":"DuplicationPotion"},{"floor":28,"key":"BlessingOfTheForge"}],"is_trial":false,"path_per_floor":["R","E","?","M","?","R","T","R","M","E","$","?","?","M","M","B",null,"R","?","?","E","$","R","T","R","E","R","M","$","$","?","M","B",null,"R","M","R","$","?","?","T","M","R","E","M","T","M","?","M","B",null,"E","$","R","B",null],"character_chosen":"THE_SNECKO","items_purchased":["Guardian:BottledAnomaly","Enlightenment","sneckomod:RareBoosterPack","Pear","Ice Cream"],"campfire_rested":0,"item_purchase_floors":[11,11,22,30,38],"current_hp_per_floor":[90,65,65,65,65,65,65,65,65,55,55,60,60,60,60,55,95,95,95,79,78,78,78,78,90,95,100,95,94,104,104,93,102,110,110,110,110,110,106,101,101,87,115,127,127,127,127,127,127,131,132,129,129,132,126],"gold":119,"neow_bonus":"BOSS_RELIC","is_daily":false,"chose_seed":false,"campfire_upgraded":9,"win_rate":0.0,"timestamp":1608473299,"path_taken":["R","E","?","?","?","R","T","R","M","E","$","?","?","M","M","BOSS","R","?","?","E","?","R","T","R","E","R","?","?","$","?","M","BOSS","R","M","R","$","?","?","T","M","R","E","M","?","?","?","M","BOSS","E","$","R","BOSS"],"items_purchased_type":["Relic","Card","Relic","Relic","Relic"],"build_version":"2020-12-13","purchased_purges":0,"victory":true,"max_hp_per_floor":[90,90,90,90,90,90,90,90,90,90,90,95,95,95,95,95,95,95,95,95,95,95,95,95,95,100,100,100,100,110,110,110,110,110,110,110,110,110,110,110,110,110,120,127,127,127,127,127,127,132,132,132,132,132,132],"card_choices":[{"not_picked":["sneckomod:DiceBlock","sneckomod:Rotation"],"picked":"sneckomod:QuickBite","floor":2.0},{"not_picked":["sneckomod:QuickMove","sneckomod:Rotation"],"picked":"sneckomod:UnknownClassGREEN","floor":4.0},{"not_picked":["sneckomod:UnknownClassBLUE","sneckomod:Nope"],"picked":"sneckomod:UnknownClassRED","floor":9.0},{"not_picked":["sneckomod:UnknownCommonAttack","sneckomod:QuickBite"],"picked":"sneckomod:IronFang","floor":10.0},{"not_picked":["sneckomod:UnknownStrike","sneckomod:DiceBoulder"],"picked":"sneckomod:MixItUp","floor":11.0},{"not_picked":["sneckomod:UnknownVulnerable","sneckomod:UnknownBlock"],"picked":"sneckomod:DefensiveFlair","floor":14.0},{"not_picked":["sneckomod:UnknownCommonAttack","sneckomod:UnknownBlock"],"picked":"sneckomod:Rotation","floor":15.0},{"not_picked":["sneckomod:UnknownRareAttack","sneckomod:Cheat"],"picked":"sneckomod:Transmogrify","floor":16.0},{"not_picked":["sneckomod:SoulDraw","sneckomod:DiceBlock"],"picked":"sneckomod:SnakeSap+1","floor":21.0},{"not_picked":["sneckomod:QuickMove","sneckomod:SoulCleanse"],"picked":"sneckomod:TrashToTreasure","floor":22.0},{"not_picked":["sneckomod:IronFang","sneckomod:UnknownUncommonSkill","sneckomod:DiceBlock"],"picked":"SKIP","floor":26.0},{"not_picked":["sneckomod:SoulDraw","sneckomod:UnknownRareSkill"],"picked":"sneckomod:UnknownX+1","floor":28},{"not_picked":["sneckomod:RainOfDice","sneckomod:DiceCrush"],"picked":"sneckomod:SlitherStrike","floor":29},{"not_picked":["sneckomod:UnknownX","sneckomod:UnknownCommonAttack"],"picked":"sneckomod:UnlimitedRolls","floor":30},{"not_picked":["sneckomod:DiceBlock","sneckomod:DiceCrush","sneckomod:UnknownVulnerable+1"],"picked":"SKIP","floor":32},{"not_picked":["sneckomod:WideSting","sneckomod:UnknownCommonSkill"],"picked":"sneckomod:UnknownEthereal","floor":36},{"not_picked":["sneckomod:Unknown0Cost","sneckomod:UnknownCommonSkill+1"],"picked":"sneckomod:CheapStock","floor":39},{"not_picked":["expansioncontent:LastStand","expansioncontent:PolyBeam"],"picked":"expansioncontent:GuardianWhirl","floor":40},{"not_picked":["expansioncontent:HyperBeam","expansioncontent:DefensiveMode"],"picked":"expansioncontent:AwakenDeath","floor":40},{"not_picked":["sneckomod:DiceCrush+1","sneckomod:SoulDraw","sneckomod:QuickBite+1"],"picked":"SKIP","floor":42},{"not_picked":["sneckomod:WideSting+1","sneckomod:UnknownClassBLUE+1","sneckomod:MixItUp"],"picked":"SKIP","floor":44},{"not_picked":["sneckomod:WideSting+1","sneckomod:UnknownClassBLUE+1"],"picked":"sneckomod:MixItUp","floor":44},{"not_picked":["sneckomod:SnekBeam","sneckomod:UnknownStrike+1","sneckomod:WideSting"],"picked":"SKIP","floor":45},{"not_picked":["sneckomod:UnknownClassTHE_CHAMP_GRAY+1","sneckomod:Nope","sneckomod:ImprovisedGuard"],"picked":"SKIP","floor":47},{"not_picked":["sneckomod:UnknownUncommonAttack","sneckomod:SerpentMind","sneckomod:WideSting"],"picked":"SKIP","floor":49},{"not_picked":["sneckomod:UnknownEthereal+1","sneckomod:SoulDraw"],"picked":"sneckomod:SnakeSap+1","floor":52}],"player_experience":1683576,"relics_obtained":[{"floor":2.0,"key":"Anchor"},{"floor":7.0,"key":"Pantograph"},{"floor":10.0,"key":"Dead Branch"},{"floor":20.0,"key":"Enchiridion"},{"floor":21.0,"key":"Dead Branch"},{"floor":21.0,"key":"Guardian:PocketSentry"},{"floor":22.0,"key":"Dead Branch"},{"floor":24.0,"key":"Eternal Feather"},{"floor":26.0,"key":"Calling Bell"},{"floor":26.0,"key":"Mercury Hourglass"},{"floor":28,"key":"Bottled Tornado"},{"floor":29,"key":"Astrolabe"},{"floor":31,"key":"Red Mask"},{"floor":32,"key":"SlaversCollar"},{"floor":33,"key":"SlaversCollar"},{"floor":36,"key":"Guardian:PocketSentry"},{"floor":39,"key":"Shovel"},{"floor":39,"key":"Snecko Eye"},{"floor":42,"key":"Eternal Feather"},{"floor":43,"key":"Toy Ornithopter"},{"floor":44,"key":"Lee\u0027s Waffle"},{"floor":44,"key":"Meat on the Bone"},{"floor":45,"key":"Letter Opener"},{"floor":46,"key":"Blood Vial"},{"floor":47,"key":"Shovel"},{"floor":52,"key":"HornCleat"},{"floor":52,"key":"champ:DuelingGlove"}],"event_choices":[{"cards_removed":["sneckomod:Strike"],"damage_healed":0.0,"max_hp_gain":0.0,"max_hp_loss":0.0,"gold_gain":0.0,"event_name":"Purifier","player_choice":"Purged","floor":3.0,"gold_loss":0.0,"damage_taken":0.0},{"damage_healed":0.0,"max_hp_gain":5.0,"max_hp_loss":0.0,"gold_gain":0.0,"event_name":"Big Fish","player_choice":"Donut","floor":12.0,"gold_loss":0.0,"damage_taken":0.0},{"damage_healed":0.0,"max_hp_gain":0.0,"max_hp_loss":0.0,"gold_gain":0.0,"event_name":"Lab","player_choice":"Got Potions","floor":13.0,"gold_loss":0.0,"damage_taken":0.0},{"damage_healed":0.0,"max_hp_gain":0.0,"max_hp_loss":0.0,"gold_gain":0.0,"event_name":"The Library","player_choice":"Read","floor":19.0,"gold_loss":0.0,"damage_taken":0.0,"cards_obtained":["sneckomod:UnknownExhaust"]},{"damage_healed":0,"gold_gain":0,"player_choice":"Fought Bandits","damage_taken":0,"max_hp_gain":0,"max_hp_loss":0,"event_name":"Masked Bandits","floor":31,"gold_loss":0},{"damage_healed":0,"gold_gain":0,"player_choice":"Fight","damage_taken":0,"max_hp_gain":0,"max_hp_loss":0,"event_name":"Mysterious Sphere","floor":39,"gold_loss":0}],"is_beta":false,"boss_relics":[{"not_picked":["Tiny House","Philosopher\u0027s Stone"],"picked":"Empty Cage"},{"not_picked":["Runic Dome","Velvet Choker"],"picked":"Snecko Eye"}],"items_purged_floors":[],"is_endless":false,"potions_floor_spawned":[2,4,15,16,28,32,33,36,42,45],"ascension_level":3}}