{"host":"q9718omregw4er46","time":1608492613,"event":{"mods":["BaseMod","Bestiary","Colored Powertips","Minty Spire (QoL Compilation)","Quick Restart","Relic Stats"],"gold_per_floor":[119,16,91,56,56,56,69,69,69,69,94,109,129,158,158,230,230,250,250,268,280,295,330,330,362,362,47,47,65,98,115,115,115,115],"floor_reached":33,"playtime":1232,"items_purged":["Strike_R","Strike_R+1"],"score":614,"play_id":"219e439b-58ad-4a1c-ae72-558a187d8618","local_time":"20201221003013","is_ascension_mode":true,"campfire_choices":[{"data":"1","floor":6.0,"key":"LIFT"},{"data":"2","floor":8.0,"key":"LIFT"},{"data":"3","floor":10.0,"key":"LIFT"},{"floor":15.0,"key":"REST"},{"floor":24.0,"key":"REST"},{"data":"Fiend Fire","floor":28.0,"key":"SMITH"},{"data":"Whirlwind","floor":32.0,"key":"SMITH"}],"circlet_count":0,"master_deck":["AscendersBane","Strike_R+1","Strike_R+1","Strike_R+1","Defend_R+1","Defend_R+1","Defend_R+1","Defend_R+1","Bash+1","Cleave","Clothesline","Flame Barrier","Fiend Fire+1","Shrug It Off","Anger","Sword Boomerang","True Grit","Evolve","Whirlwind+1"],"relics":["Burning Blood","Girya","Ginger","White Beast Statue","Strawberry","Runic Cube","HornCleat","Meat on the Bone","Thread and Needle","PreservedInsect","Tiny Chest"],"acts_visited":["Exordium","TheCity"],"potions_floor_usage":[33,33],"damage_taken":[{"damage":23.0,"enemies":"Jaw Worm","floor":1.0,"turns":8.0},{"damage":4.0,"enemies":"2 Louse","floor":7.0,"turns":3.0},{"damage":28.0,"enemies":"3 Sentries","floor":11.0,"turns":9.0},{"damage":0.0,"enemies":"Small Slimes","floor":12.0,"turns":3.0},{"damage":2.0,"enemies":"Exordium Wildlife","floor":13.0,"turns":3.0},{"damage":29.0,"enemies":"Lagavulin","floor":14.0,"turns":7.0},{"damage":23.0,"enemies":"The Guardian","floor":16.0,"turns":13.0},{"damage":0.0,"enemies":"Chosen","floor":18.0,"turns":3.0},{"damage":25.0,"enemies":"2 Thieves","floor":20.0,"turns":4.0},{"damage":0.0,"enemies":"Snecko","floor":21.0,"turns":5.0},{"damage":18.0,"enemies":"Centurion and Healer","floor":22.0,"turns":8.0},{"damage":42.0,"enemies":"Book of Stabbing","floor":23.0,"turns":5.0},{"damage":26.0,"enemies":"Gremlin Leader","floor":25.0,"turns":6.0},{"damage":8.0,"enemies":"Chosen and Byrds","floor":29.0,"turns":5.0},{"damage":8.0,"enemies":"Book of Stabbing","floor":30.0,"turns":4.0},{"damage":0.0,"enemies":"Snake Plant","floor":31.0,"turns":3.0},{"damage":106,"enemies":"Champ","floor":33,"turns":11}],"seed_played":"2943715605846458193","potions_obtained":[{"floor":1.0,"key":"Weak Potion"},{"floor":12.0,"key":"GamblersBrew"},{"floor":16.0,"key":"Strength Potion"},{"floor":18.0,"key":"BloodPotion"},{"floor":21.0,"key":"FearPotion"},{"floor":22.0,"key":"Weak Potion"},{"floor":23.0,"key":"DistilledChaos"},{"floor":25.0,"key":"DistilledChaos"},{"floor":29.0,"key":"Fire Potion"},{"floor":30.0,"key":"BloodPotion"},{"floor":31.0,"key":"ColorlessPotion"}],"is_trial":false,"path_per_floor":["M","$","?","?","?","R","M","R","T","R","E","M","M","E","R","B",null,"M","?","M","M","M","E","R","E","T","$","R","M","E","M","R","B"],"character_chosen":"IRONCLAD","items_purchased":["Clothesline","PreservedInsect","True Grit"],"campfire_rested":2,"item_purchase_floors":[2,27,27],"current_hp_per_floor":[33,33,22,40,40,40,42,42,42,42,20,26,30,14,38,21,67,73,73,54,76,64,28,52,32,32,32,32,42,52,58,58,0,0],"gold":115,"neow_bonus":"ONE_RARE_RELIC","is_daily":false,"chose_seed":false,"campfire_upgraded":2,"win_rate":0.0,"timestamp":1608492613,"path_taken":["M","$","?","?","?","R","M","R","T","R","E","M","M","E","R","BOSS","M","?","M","M","M","E","R","E","T","$","R","M","E","M","R","BOSS"],"items_purchased_type":["Card","Relic","Card"],"build_version":"2020-12-13","purchased_purges":2,"victory":false,"max_hp_per_floor":[75,75,75,75,75,75,75,75,75,75,75,75,75,82,82,82,82,82,82,82,82,82,82,82,82,82,82,82,82,82,82,82,82,82],"relic_stats":{"counters":[17,100],"Tiny Chest":0,"PreservedInsect":42,"Ginger":[17],"obtain_stats":[{"Girya":0,"HornCleat":23,"Strawberry":14,"Thread and Needle":26,"Tiny Chest":30,"PreservedInsect":27,"Ginger":9,"Burning Blood":0,"White Beast Statue":11,"Runic Cube":17,"Meat on the Bone":25},{"Girya":0,"HornCleat":12,"Strawberry":6,"Thread and Needle":13,"Tiny Chest":15,"PreservedInsect":13,"Ginger":2,"Burning Blood":0,"White Beast Statue":3,"Runic Cube":7,"Meat on the Bone":13},{"Girya":0,"HornCleat":71,"Strawberry":33,"Thread and Needle":77,"Tiny Chest":86,"PreservedInsect":77,"Ginger":11,"Burning Blood":0,"White Beast Statue":20,"Runic Cube":46,"Meat on the Bone":77}],"Burning Blood":96,"Runic Cube":[23],"Meat on the Bone":24},"card_choices":[{"not_picked":["Shockwave","Heavy Blade"],"picked":"Cleave","floor":1.0},{"not_picked":["Burning Pact","Ghostly Armor"],"picked":"Flame Barrier","floor":7.0},{"not_picked":["Second Wind","Armaments","Perfected Strike"],"picked":"SKIP","floor":11.0},{"not_picked":["Intimidate","Shockwave","Evolve"],"picked":"SKIP","floor":12.0},{"not_picked":["Hemokinesis","Clothesline","Evolve"],"picked":"SKIP","floor":13.0},{"not_picked":["Seeing Red","Searing Blow","Dark Embrace"],"picked":"SKIP","floor":14.0},{"not_picked":["Impervious","Feed"],"picked":"Fiend Fire","floor":16.0},{"not_picked":["Pommel Strike","Cleave+1","Heavy Blade"],"picked":"SKIP","floor":18.0},{"not_picked":["Uppercut","Heavy Blade"],"picked":"Shrug It Off","floor":20.0},{"not_picked":["Wild Strike","Dark Embrace","Dropkick"],"picked":"SKIP","floor":21.0},{"not_picked":["Shrug It Off","Infernal Blade+1"],"picked":"Anger","floor":22.0},{"not_picked":["Carnage","Clash"],"picked":"Sword Boomerang","floor":23.0},{"not_picked":["Reckless Charge","Clothesline","Sentinel+1"],"picked":"SKIP","floor":25.0},{"not_picked":["Uppercut","Carnage"],"picked":"Evolve","floor":29.0},{"not_picked":["Juggernaut","Twin Strike"],"picked":"Whirlwind","floor":30.0},{"not_picked":["Dropkick","Hemokinesis","Havoc"],"picked":"SKIP","floor":31.0}],"player_experience":1078142,"relics_obtained":[{"floor":9.0,"key":"Ginger"},{"floor":11.0,"key":"White Beast Statue"},{"floor":14.0,"key":"Strawberry"},{"floor":23.0,"key":"HornCleat"},{"floor":25.0,"key":"Meat on the Bone"},{"floor":26.0,"key":"Thread and Needle"},{"floor":30.0,"key":"Tiny Chest"}],"event_choices":[{"damage_healed":0.0,"max_hp_gain":0.0,"max_hp_loss":0.0,"gold_gain":75.0,"event_name":"World of Goop","player_choice":"Gather Gold","floor":3.0,"gold_loss":0.0,"damage_taken":11.0},{"damage_healed":18.0,"max_hp_gain":0.0,"max_hp_loss":0.0,"gold_gain":0.0,"event_name":"The Cleric","player_choice":"Healed","floor":4.0,"gold_loss":35.0,"damage_taken":0.0},{"damage_healed":0.0,"max_hp_gain":0.0,"max_hp_loss":0.0,"gold_gain":0.0,"event_name":"Living Wall","player_choice":"Grow","floor":5.0,"gold_loss":0.0,"damage_taken":0.0,"cards_upgraded":["Bash"]},{"damage_healed":0.0,"max_hp_gain":0.0,"max_hp_loss":0.0,"gold_gain":0.0,"event_name":"Back to Basics","player_choice":"Simplicity","floor":19.0,"gold_loss":0.0,"damage_taken":0.0,"cards_upgraded":["Strike_R","Strike_R","Strike_R","Strike_R","Defend_R","Defend_R","Defend_R","Defend_R"]}],"is_beta":false,"boss_relics":[{"not_picked":["Fusion Hammer","Ectoplasm"],"picked":"Runic Cube"}],"items_purged_floors":[2,27],"is_endless":false,"potions_floor_spawned":[1,12,13,14,16,18,20,21,22,23,25,29,30,31],"killed_by":"Champ","ascension_level":19}}