{"host":"amvpy7h9h10a217o","time":1608453082,"event":{"mods":["AchievementEnabler","BaseMod","Block Reminder","Challenge The Spire","Colored Powertips","GifTheSpireLib","Highlight Path","Minty Spire (QoL Compilation)","Permanent Neow","StSLib"],"gold_per_floor":[112,131,151,164,179,179,149,149,149,176,190,210,238,248,248,343,343,362,380,400,400,411,411,427,427,476,489,33,33,132,166,166,262,262,278,278,296,92,107,107,0,17,17,17,30,30,65,65,65,65,65,65,17,51,51,51],"floor_reached":55,"playtime":9158,"items_purged":["Catalyst+1"],"score":1058,"play_id":"6686050f-8e28-41be-aeb8-89a7b2912bed","local_time":"20201220033122","is_ascension_mode":true,"campfire_choices":[{"data":"Footwork","floor":6.0,"key":"SMITH"},{"data":"Neutralize","floor":8.0,"key":"SMITH"},{"data":"Wraith Form v2","floor":15.0,"key":"SMITH"},{"data":"1","floor":23.0,"key":"LIFT"},{"data":"Footwork","floor":25.0,"key":"SMITH"},{"data":"Wraith Form v2","floor":29.0,"key":"SMITH"},{"data":"2","floor":32.0,"key":"LIFT"},{"data":"Backflip","floor":40.0,"key":"SMITH"},{"data":"3","floor":46.0,"key":"LIFT"},{"floor":49.0,"key":"RECALL"},{"data":"Accuracy","floor":52.0,"key":"SMITH"}],"circlet_count":0,"master_deck":["Defend_G","Defend_G","Defend_G","Survivor","Neutralize+1","Masterful Stab+1","Dagger Throw+1","Bane+1","Backflip+1","Cloak And Dagger+1","Escape Plan","Footwork+1","Wraith Form v2+1","Acrobatics+1","Blade Dance+1","Escape Plan+1","PiercingWail+1","Adrenaline+1","Blade Dance+1","Accuracy+1","Masterful Stab+1","Footwork+1","Leg Sweep+1","Wraith Form v2+1","PiercingWail+1","After Image","Dodge and Roll+1","Backflip+1","Blade Dance+1","Calculated Gamble+1","Defend_G+1"],"relics":["Astrolabe","Toxic Egg 2","Ornamental Fan","Girya","WristBlade","PreservedInsect","ClockworkSouvenir","Bottled Lightning","Empty Cage","Pen Nib","Red Mask","Kunai","Ancient Tea Set","StoneCalendar"],"acts_visited":[],"potions_floor_usage":[],"damage_taken":[{"damage":0.0,"enemies":"Cultist","floor":1.0,"turns":3.0},{"damage":0.0,"enemies":"Small Slimes","floor":2.0,"turns":3.0},{"damage":0.0,"enemies":"2 Louse","floor":3.0,"turns":2.0},{"damage":0.0,"enemies":"Red Slaver","floor":4.0,"turns":3.0},{"damage":0.0,"enemies":"Exordium Wildlife","floor":5.0,"turns":2.0},{"damage":0.0,"enemies":"Gremlin Nob","floor":10.0,"turns":5.0},{"damage":0.0,"enemies":"Exordium Thugs","floor":11.0,"turns":4.0},{"damage":0.0,"enemies":"Blue Slaver","floor":12.0,"turns":4.0},{"damage":0.0,"enemies":"3 Sentries","floor":13.0,"turns":5.0},{"damage":0.0,"enemies":"Gremlin Gang","floor":14.0,"turns":5.0},{"damage":0.0,"enemies":"Slime Boss","floor":16.0,"turns":5.0},{"damage":0.0,"enemies":"Spheric Guardian","floor":18.0,"turns":3.0},{"damage":0.0,"enemies":"Shell Parasite","floor":19.0,"turns":2.0},{"damage":0.0,"enemies":"Snake Plant","floor":20.0,"turns":5.0},{"damage":0.0,"enemies":"Chosen and Byrds","floor":22.0,"turns":4.0},{"damage":0.0,"enemies":"Snecko","floor":24.0,"turns":3.0},{"damage":0.0,"enemies":"3 Cultists","floor":27.0,"turns":4.0},{"damage":0.0,"enemies":"Gremlin Leader","floor":31.0,"turns":2.0},{"damage":0.0,"enemies":"Automaton","floor":33.0,"turns":10.0},{"damage":0.0,"enemies":"3 Shapes","floor":35.0,"turns":3.0},{"damage":0.0,"enemies":"Orb Walker","floor":37.0,"turns":3.0},{"damage":0.0,"enemies":"Transient","floor":39.0,"turns":5.0},{"damage":0.0,"enemies":"3 Darklings","floor":42.0,"turns":6.0},{"damage":0.0,"enemies":"Writhing Mass","floor":45.0,"turns":7.0},{"damage":0.0,"enemies":"Giant Head","floor":47.0,"turns":7.0},{"damage":0.0,"enemies":"Awakened One","floor":50.0,"turns":15.0},{"damage":0.0,"enemies":"Shield and Spear","floor":54.0,"turns":5.0},{"damage":0,"enemies":"The Heart","floor":55,"turns":1}],"seed_played":"-5747340305119270039","potions_obtained":[{"floor":2.0,"key":"PowerPotion"},{"floor":3.0,"key":"LiquidBronze"},{"floor":5.0,"key":"Regen Potion"},{"floor":7.0,"key":"SneckoOil"},{"floor":12.0,"key":"PowerPotion"},{"floor":13.0,"key":"SpeedPotion"},{"floor":20.0,"key":"LiquidBronze"},{"floor":24.0,"key":"LiquidMemories"},{"floor":31.0,"key":"Explosive Potion"},{"floor":39.0,"key":"DuplicationPotion"},{"floor":42.0,"key":"Strength Potion"}],"is_trial":false,"path_per_floor":["M","M","M","M","M","R","?","R","T","E","M","M","E","M","R","B",null,"M","M","M","?","M","R","M","R","T","M","$","R","?","E","R","B",null,"M","?","M","$","M","R","?","M","T","$","M","R","E","?","R","B",null,"R","$","E","B"],"character_chosen":"THE_SILENT","items_purchased":["PreservedInsect","ClockworkSouvenir","Wraith Form v2","Pen Nib","Backflip+1","ColorlessPotion"],"campfire_rested":0,"item_purchase_floors":[28,28,28,38,38,53],"current_hp_per_floor":[70,70,70,70,70,70,70,70,70,70,70,70,70,70,70,70,70,70,70,70,70,70,70,70,70,70,70,70,70,70,70,70,70,70,70,70,70,70,70,70,70,70,70,70,70,70,70,70,70,70,70,70,70,70,70,70],"gold":51,"neow_bonus":"BOSS_RELIC","is_daily":false,"chose_seed":false,"campfire_upgraded":7,"win_rate":0.0,"timestamp":1608453082,"path_taken":["M","M","M","M","M","R","?","R","T","E","?","M","E","M","R","BOSS","M","M","M","?","M","R","?","R","T","M","$","R","?","E","R","BOSS","M","?","?","$","M","R","?","M","T","?","M","R","E","?","R","BOSS","R","$","E","BOSS"],"items_purchased_type":["Relic","Relic","Card","Relic","Card","Potion"],"build_version":"2020-12-13","purchased_purges":1,"victory":false,"max_hp_per_floor":[70,70,70,70,70,70,70,70,70,70,70,70,70,70,70,70,70,70,70,70,70,70,70,70,70,70,70,70,70,70,70,70,70,70,70,70,70,70,70,70,70,70,70,70,70,70,70,70,70,70,70,70,70,70,70,70],"card_choices":[{"not_picked":["Dagger Spray","Riddle With Holes"],"picked":"Backflip","floor":1.0},{"not_picked":["Flying Knee","Dagger Throw"],"picked":"Cloak And Dagger","floor":2.0},{"not_picked":["Deadly Poison","Cloak And Dagger"],"picked":"Escape Plan","floor":3.0},{"not_picked":["Blade Dance","Reflex"],"picked":"Footwork","floor":4.0},{"not_picked":["Blade Dance","Underhanded Strike"],"picked":"Wraith Form v2","floor":5.0},{"not_picked":["Accuracy","Acrobatics+1"],"picked":"Catalyst+1","floor":10.0},{"not_picked":["Slice","Eviscerate"],"picked":"Acrobatics+1","floor":11.0},{"not_picked":["Flechettes","Slice"],"picked":"Blade Dance+1","floor":12.0},{"not_picked":["Venomology+1","Deflect+1"],"picked":"Escape Plan+1","floor":13.0},{"not_picked":["Sucker Punch","Blade Dance+1"],"picked":"PiercingWail+1","floor":14.0},{"not_picked":["A Thousand Cuts","Venomology+1"],"picked":"Adrenaline+1","floor":16.0},{"not_picked":["Setup+1","Bane"],"picked":"Blade Dance+1","floor":18.0},{"not_picked":["Noxious Fumes","Infinite Blades","Slice"],"picked":"SKIP","floor":19.0},{"not_picked":["Bouncing Flask+1","Skewer"],"picked":"Accuracy","floor":20.0},{"not_picked":["Outmaneuver+1","Accuracy"],"picked":"Masterful Stab+1","floor":22.0},{"not_picked":["Prepared+1","Dagger Spray"],"picked":"Footwork","floor":24.0},{"not_picked":["Flying Knee","Endless Agony"],"picked":"Leg Sweep+1","floor":27.0},{"not_picked":["Concentrate+1","Bane"],"picked":"PiercingWail+1","floor":31.0},{"not_picked":["Unload","Corpse Explosion+1"],"picked":"After Image","floor":33.0},{"not_picked":["Dagger Throw","Skewer"],"picked":"Dodge and Roll+1","floor":35.0},{"not_picked":["Quick Slash+1","Outmaneuver+1","Prepared+1"],"picked":"SKIP","floor":37.0},{"not_picked":["Bane+1","Tactician+1","Grand Finale"],"picked":"SKIP","floor":39.0},{"not_picked":["Bane+1","Predator"],"picked":"Blade Dance+1","floor":42.0},{"not_picked":["Bane","Masterful Stab+1"],"picked":"Calculated Gamble+1","floor":45.0},{"not_picked":["Deadly Poison+1","Crippling Poison+1","Tactician+1"],"picked":"SKIP","floor":47.0},{"not_picked":["Flying Knee","Bane+1","Unload"],"picked":"SKIP","floor":54.0}],"player_experience":1385249,"relics_obtained":[{"floor":9.0,"key":"Toxic Egg 2"},{"floor":10.0,"key":"Ornamental Fan"},{"floor":13.0,"key":"Girya"},{"floor":31.0,"key":"Bottled Lightning"},{"floor":43.0,"key":"Kunai"},{"floor":47.0,"key":"Ancient Tea Set"},{"floor":54.0,"key":"StoneCalendar"}],"event_choices":[{"damage_healed":0.0,"max_hp_gain":0.0,"max_hp_loss":0.0,"gold_gain":0.0,"event_name":"The Woman in Blue","player_choice":"Bought 2 Potions","floor":7.0,"gold_loss":0.0,"damage_taken":0.0},{"damage_healed":0.0,"max_hp_gain":0.0,"max_hp_loss":0.0,"gold_gain":0.0,"event_name":"Upgrade Shrine","player_choice":"Upgraded","floor":21.0,"gold_loss":0.0,"damage_taken":0.0,"cards_upgraded":["Cloak And Dagger"]},{"damage_healed":0.0,"max_hp_gain":0.0,"max_hp_loss":0.0,"gold_gain":99.0,"event_name":"Nest","player_choice":"Stole From Cult","floor":30.0,"gold_loss":0.0,"damage_taken":0.0},{"cards_removed":["Strike_G"],"damage_healed":0.0,"max_hp_gain":0.0,"max_hp_loss":0.0,"gold_gain":0.0,"event_name":"Bonfire Elementals","player_choice":"Offered Basic","floor":36.0,"gold_loss":0.0,"damage_taken":0.0},{"damage_healed":0.0,"max_hp_gain":0.0,"max_hp_loss":0.0,"gold_gain":0.0,"event_name":"Tomb of Lord Red Mask","player_choice":"Paid","floor":41.0,"gold_loss":107.0,"damage_taken":0.0,"relics_obtained":["Red Mask"]},{"cards_removed":["Defend_G"],"damage_healed":0.0,"max_hp_gain":0.0,"max_hp_loss":0.0,"gold_gain":0.0,"event_name":"NoteForYourself","player_choice":"Took Card","floor":48.0,"gold_loss":0.0,"damage_taken":0.0,"cards_obtained":["Defend_G"]}],"is_beta":false,"boss_relics":[{"not_picked":["Runic Dome","Black Star"],"picked":"WristBlade"},{"not_picked":["Calling Bell","SacredBark"],"picked":"Empty Cage"}],"items_purged_floors":[28],"is_endless":false,"potions_floor_spawned":[2,3,5,12,13,14,20,24,31,39,42],"killed_by":"The Heart","ascension_level":1}}