{"host":"avjwtc49fhlk6kym","time":1608493849,"event":{"mods":["AchievementEnabler","BaseMod","Better Match","Better Note","Better Third Choice","Colored Map","Colored Powertips","Displayed Cursed Tome","Highlight Path","Minty Spire (QoL Compilation)","Permanent Neow","Quick Restart","StSLib"],"gold_per_floor":[13,13,25,25,39,39,49,64,88,105,121,121,141,64,64,159,159,174,191,191,191,203,203,244,270,279,279,279,279],"floor_reached":28,"playtime":1045,"items_purged":[],"score":234,"play_id":"3374ba79-0379-4620-b892-4bb5ecff4d52","local_time":"20201220145049","is_ascension_mode":false,"campfire_choices":[{"data":"LessonLearned","floor":6.0,"key":"SMITH"},{"data":"CrushJoints","floor":12.0,"key":"SMITH"},{"data":"Evaluate","floor":15.0,"key":"SMITH"},{"data":"CrushJoints","floor":23.0,"key":"SMITH"}],"circlet_count":0,"master_deck":["Strike_P+1","Strike_P+1","Strike_P+1","Defend_P+1","Defend_P","Defend_P","Defend_P+1","Eruption+1","Vigilance+1","LessonLearned+1","BattleHymn+1","FearNoEvil+1","Wallop","BowlingBash","Conclude","Evaluate+1","CrushJoints+1","CarveReality","PathToVictory+1","FlurryOfBlows","DeusExMachina","ThirdEye","ReachHeaven","CrushJoints+1","Halt","ForeignInfluence","Decay"],"relics":["PureWater","Blood Vial","Cursed Key","CeramicFish","Frozen Egg 2"],"acts_visited":["Exordium","TheCity"],"potions_floor_usage":[],"damage_taken":[{"damage":1.0,"enemies":"Jaw Worm","floor":1.0,"turns":3.0},{"damage":2.0,"enemies":"Small Slimes","floor":3.0,"turns":3.0},{"damage":0.0,"enemies":"2 Louse","floor":5.0,"turns":2.0},{"damage":0.0,"enemies":"Large Slime","floor":7.0,"turns":5.0},{"damage":6.0,"enemies":"2 Fungi Beasts","floor":8.0,"turns":3.0},{"damage":5.0,"enemies":"Exordium Wildlife","floor":10.0,"turns":4.0},{"damage":2.0,"enemies":"Red Slaver","floor":11.0,"turns":6.0},{"damage":9.0,"enemies":"Gremlin Gang","floor":13.0,"turns":3.0},{"damage":23.0,"enemies":"The Guardian","floor":16.0,"turns":9.0},{"damage":14.0,"enemies":"Shell Parasite","floor":18.0,"turns":4.0},{"damage":2.0,"enemies":"2 Thieves","floor":19.0,"turns":4.0},{"damage":15.0,"enemies":"Centurion and Healer","floor":22.0,"turns":5.0},{"damage":30.0,"enemies":"Book of Stabbing","floor":24.0,"turns":4.0},{"damage":13.0,"enemies":"Cultist and Chosen","floor":25.0,"turns":6.0},{"damage":8,"enemies":"Snake Plant","floor":28,"turns":2}],"seed_played":"306165946715863604","potions_obtained":[{"floor":5.0,"key":"Block Potion"},{"floor":11.0,"key":"EntropicBrew"},{"floor":18.0,"key":"LiquidMemories"},{"floor":24.0,"key":"Energy Potion"}],"is_trial":false,"path_per_floor":["M","$","M","?","M","R","M","M","T","M","M","R","M","$","R","B",null,"M","M","?","?","M","R","E","M","T","?","M"],"character_chosen":"WATCHER","items_purchased":["PathToVictory","FlurryOfBlows"],"campfire_rested":0,"item_purchase_floors":[14,14],"current_hp_per_floor":[71,71,69,69,69,69,69,63,63,60,60,60,53,53,53,32,72,58,58,58,58,45,45,17,6,6,6,0,0],"gold":279,"neow_bonus":"THREE_RARE_CARDS","is_daily":false,"chose_seed":false,"campfire_upgraded":4,"win_rate":0.0,"timestamp":1608493849,"path_taken":["M","$","M","?","M","R","M","M","T","M","M","R","M","?","R","BOSS","M","M","?","?","M","R","E","M","T","?","M"],"items_purchased_type":["Card","Card"],"build_version":"2020-12-13","purchased_purges":0,"victory":false,"max_hp_per_floor":[72,72,72,72,72,72,72,72,72,72,72,72,72,72,72,72,72,72,72,72,72,72,72,72,72,72,72,72,72],"card_choices":[{"not_picked":["Omniscience","MasterReality"],"picked":"LessonLearned","floor":0.0},{"not_picked":["EmptyFist","CrushJoints"],"picked":"BattleHymn","floor":1.0},{"not_picked":["FlyingSleeves","BowlingBash"],"picked":"FearNoEvil","floor":3.0},{"not_picked":["Consecrate","SignatureMove"],"picked":"Wallop","floor":5.0},{"not_picked":["Vengeance","Crescendo"],"picked":"BowlingBash","floor":7.0},{"not_picked":["Wallop","FlyingSleeves"],"picked":"Conclude","floor":8.0},{"not_picked":["BowlingBash","FlurryOfBlows"],"picked":"Evaluate","floor":10.0},{"not_picked":["Study","InnerPeace"],"picked":"CrushJoints","floor":11.0},{"not_picked":["JustLucky","Prostrate"],"picked":"CarveReality","floor":13.0},{"not_picked":["SpiritShield","Blasphemy"],"picked":"DeusExMachina","floor":16.0},{"not_picked":["DeceiveReality","JustLucky"],"picked":"ThirdEye","floor":18.0},{"not_picked":["EmptyBody","Crescendo"],"picked":"ReachHeaven","floor":19.0},{"not_picked":["ReachHeaven","ClearTheMind+1"],"picked":"CrushJoints","floor":22.0},{"not_picked":["FlurryOfBlows","SignatureMove+1"],"picked":"Halt","floor":24.0},{"not_picked":["PathToVictory","ClearTheMind+1"],"picked":"ForeignInfluence","floor":25.0}],"player_experience":350239,"relics_obtained":[{"floor":9.0,"key":"Blood Vial"},{"floor":24.0,"key":"CeramicFish"},{"floor":26.0,"key":"Frozen Egg 2"}],"event_choices":[{"damage_healed":0.0,"max_hp_gain":0.0,"max_hp_loss":0.0,"gold_gain":0.0,"event_name":"Living Wall","player_choice":"Grow","floor":4.0,"gold_loss":0.0,"damage_taken":0.0,"cards_upgraded":["BattleHymn"]},{"cards_removed":["Strike_P"],"damage_healed":0.0,"max_hp_gain":0.0,"max_hp_loss":0.0,"gold_gain":0.0,"event_name":"Purifier","player_choice":"Purged","floor":20.0,"gold_loss":0.0,"damage_taken":0.0},{"damage_healed":0.0,"max_hp_gain":0.0,"max_hp_loss":0.0,"gold_gain":0.0,"event_name":"Accursed Blacksmith","player_choice":"Forge","floor":21.0,"gold_loss":0.0,"damage_taken":0.0,"cards_upgraded":["PathToVictory"]},{"cards_removed":["Decay"],"damage_healed":0,"gold_gain":0,"player_choice":"Give","damage_taken":0,"max_hp_gain":0,"max_hp_loss":0,"event_name":"betterNote:BetterNote","floor":27,"gold_loss":0,"cards_obtained":["Defend_P"]}],"is_beta":false,"boss_relics":[{"not_picked":["Snecko Eye","Ectoplasm"],"picked":"Cursed Key"}],"items_purged_floors":[],"is_endless":false,"potions_floor_spawned":[5,11,13,18,24],"killed_by":"Snake Plant","ascension_level":0}}