{"host":"kl4d6mrj76c2arub","time":1608424498,"event":{"mods":["2.2 Compatiblity","Act Like it!","Aspiration","BaseMod","Better Note","Better Vampires","CapriCore","Dio Mod","Gensokyo","Hermit","Hubris","Infinite Spire","Jorbs\u0027s Wanderer Trilogy","Marisa????????","Minty Spire (QoL Compilation)","Rare Cards Sparkle","Reimu??????","Remilia??????","StSLib","The Accelerator","The Hierophant","The Immortal","The Poker Player","The Servant 0.9.4","The Wild Card"],"gold_per_floor":[116,191,50,50,50,50,50,61,112,123,134,57,57,57,57],"floor_reached":14,"playtime":313,"items_purged":[],"score":82,"play_id":"6aafd5cb-9ef8-4e9e-93eb-9ea57f19c3d7","local_time":"20201219183458","is_ascension_mode":true,"campfire_choices":[{"data":"hermit:EyeOfTheStorm","floor":6,"key":"SMITH"},{"data":"theWildCard:Michael","floor":13,"key":"SMITH"}],"circlet_count":0,"master_deck":["hermit:Strike_Hermit","hermit:Strike_Hermit","hermit:Strike_Hermit","hermit:Strike_Hermit","hermit:Defend_Hermit","hermit:Defend_Hermit","hermit:Defend_Hermit","hermit:Defend_Hermit","hermit:Snapshot","hermit:Covet","hermit:FatalDesire","hermit:EyeOfTheStorm+1","hermit:Ricochet","Trip","theWildCard:Michael+1","Injury","hermit:ShadowCloak","hermit:GoldenBullet+1"],"relics":["hermit:Momento","hubris:Icosahedron","Molten Egg 2","Anchor"],"acts_visited":["Exordium"],"potions_floor_usage":[],"damage_taken":[{"damage":1,"enemies":"Jaw Worm","floor":1,"turns":4},{"damage":5,"enemies":"Small Slimes","floor":8,"turns":3},{"damage":0,"enemies":"2 Louse","floor":10,"turns":2},{"damage":12,"enemies":"Large Slime","floor":11,"turns":5},{"damage":0,"enemies":"3 Sentries","floor":14,"turns":2}],"seed_played":"4772548152679706465","potions_obtained":[{"floor":8,"key":"LiquidBronze"}],"is_trial":false,"path_per_floor":["M","?","$","?","?","R","?","M","T","M","M","$","R","E"],"character_chosen":"HERMIT","items_purchased":["hermit:Ricochet","Trip","hermit:GoldenBullet+1"],"campfire_rested":0,"item_purchase_floors":[3,3,12],"current_hp_per_floor":[74,63,63,63,63,63,63,58,58,58,46,46,46,46,46],"gold":57,"neow_bonus":"ONE_RANDOM_RARE_CARD","is_daily":false,"chose_seed":false,"campfire_upgraded":2,"win_rate":0.0,"timestamp":1608424498,"path_taken":["M","?","$","?","?","R","?","M","T","M","M","?","R","E"],"items_purchased_type":["Card","Card","Card"],"build_version":"2020-12-13","purchased_purges":0,"victory":false,"max_hp_per_floor":[75,75,75,75,75,75,75,75,75,75,75,75,75,75,75],"card_choices":[{"not_picked":["hermit:Dive","hermit:BodyArmor"],"picked":"hermit:EyeOfTheStorm","floor":1},{"not_picked":["hermit:PistolWhip+1","hermit:ItchyTrigger+1"],"picked":"hermit:ShadowCloak","floor":8},{"not_picked":["hermit:Virtue","hermit:TrackingShot+1","hermit:FlashPowder"],"picked":"SKIP","floor":10},{"not_picked":["hermit:ShadowCloak","hermit:TrackingShot+1","hermit:BodyArmor"],"picked":"SKIP","floor":11}],"player_experience":684372,"relics_obtained":[{"floor":9,"key":"Anchor"}],"event_choices":[{"damage_healed":0,"gold_gain":75,"player_choice":"Gather Gold","damage_taken":11,"max_hp_gain":0,"max_hp_loss":0,"event_name":"World of Goop","floor":2,"gold_loss":0}],"is_beta":false,"boss_relics":[],"items_purged_floors":[],"is_endless":false,"potions_floor_spawned":[8],"killed_by":"3 Sentries","ascension_level":1}}