{"host":"4qkvkh7pd9qr2mca","time":1608481464,"event":{"mods":["AchievementEnabler","BaseMod","Colored Map","Colored Powertips","Highlight Path","Minty Spire (QoL Compilation)","Permanent Neow","Quick Restart","StSLib","SuperFastMode"],"gold_per_floor":[114,114,134,182,182,207,207,225,250,250,269,304,316,348,360,446,458,481,418,32,50,67,67,81,110,110,140,190,190,204,204,204,204,204],"floor_reached":33,"playtime":883,"items_purged":["Strike_R"],"score":640,"play_id":"55235b02-b6c4-4899-9aee-a8dafbf08861","local_time":"20201220172424","is_ascension_mode":true,"campfire_choices":[{"data":"Disarm","floor":7.0,"key":"SMITH"},{"data":"Limit Break","floor":13.0,"key":"SMITH"},{"data":"Inflame","floor":15.0,"key":"SMITH"},{"data":"Fire Breathing","floor":23,"key":"SMITH"},{"floor":29,"key":"REST"},{"data":"Heavy Blade","floor":32,"key":"SMITH"}],"circlet_count":0,"master_deck":["AscendersBane","Strike_R","Strike_R","Strike_R","Defend_R","Defend_R","Defend_R","Defend_R","Bash","Immolate+1","Rampage","Headbutt","Disarm+1","Power Through","Inflame+1","Limit Break+1","Feed","Dual Wield","Reaper","Fire Breathing+1","Evolve","Heavy Blade+1","Heavy Blade+1","Flame Barrier"],"relics":["Burning Blood","Bronze Scales","Magic Flower","Omamori","HornCleat","MawBank","Sozu","Lantern","Oddly Smooth Stone","Shuriken","Bag of Preparation"],"acts_visited":["Exordium","TheCity"],"potions_floor_usage":[33,33],"damage_taken":[{"damage":12.0,"enemies":"2 Louse","floor":1.0,"turns":3.0},{"damage":7.0,"enemies":"Jaw Worm","floor":3.0,"turns":3.0},{"damage":15.0,"enemies":"3 Sentries","floor":6.0,"turns":4.0},{"damage":0.0,"enemies":"Small Slimes","floor":8.0,"turns":1.0},{"damage":0.0,"enemies":"Looter","floor":11.0,"turns":3.0},{"damage":24.0,"enemies":"Gremlin Nob","floor":12.0,"turns":4.0},{"damage":4.0,"enemies":"Exordium Wildlife","floor":14.0,"turns":3.0},{"damage":21.0,"enemies":"The Guardian","floor":16.0,"turns":11.0},{"damage":25.0,"enemies":"Shell Parasite","floor":18.0,"turns":6.0},{"damage":2.0,"enemies":"3 Byrds","floor":21.0,"turns":2.0},{"damage":0,"enemies":"Snecko","floor":22,"turns":4},{"damage":17,"enemies":"Cultist and Chosen","floor":24,"turns":6},{"damage":20,"enemies":"Slavers","floor":25,"turns":2},{"damage":33,"enemies":"Gremlin Leader","floor":27,"turns":5},{"damage":24,"enemies":"Shelled Parasite and Fungi","floor":30,"turns":4},{"damage":91,"enemies":"Automaton","floor":33,"turns":6}],"seed_played":"3380395093536945192","potions_obtained":[{"floor":3.0,"key":"BloodPotion"},{"floor":6.0,"key":"SmokeBomb"},{"floor":12.0,"key":"Fire Potion"},{"floor":14.0,"key":"SteroidPotion"}],"is_trial":false,"path_per_floor":["M","?","M","T","?","E","R","M","T","T","M","E","R","M","R","B",null,"M","?","$","M","M","R","M","E","T","E","?","R","M","?","R","B"],"character_chosen":"IRONCLAD","items_purchased":["Reaper","Lantern"],"campfire_rested":1,"item_purchase_floors":[20,20],"current_hp_per_floor":[62,62,61,61,61,52,52,61,61,61,68,53,53,58,58,46,63,47,47,47,54,68,68,74,63,63,39,39,61,51,51,51,0,0],"gold":204,"neow_bonus":"THREE_RARE_CARDS","is_daily":false,"chose_seed":false,"campfire_upgraded":5,"win_rate":0.0,"timestamp":1608481464,"path_taken":["M","?","M","?","?","E","R","M","T","?","M","E","R","M","R","BOSS","M","?","?","?","M","R","M","E","T","E","?","R","M","?","R","BOSS"],"items_purchased_type":["Card","Relic"],"build_version":"2020-12-13","purchased_purges":1,"victory":false,"max_hp_per_floor":[68,68,68,68,68,68,68,68,68,68,68,68,68,68,68,68,68,68,68,68,68,71,71,74,74,74,74,74,74,77,77,77,77,77],"card_choices":[{"not_picked":["Impervious","Offering"],"picked":"Immolate","floor":0.0},{"not_picked":["Pommel Strike","Cleave"],"picked":"Rampage","floor":1.0},{"not_picked":["Clash","Twin Strike"],"picked":"Headbutt","floor":3.0},{"not_picked":["Heavy Blade","Body Slam"],"picked":"Disarm","floor":6.0},{"not_picked":["Dropkick","Seeing Red"],"picked":"Power Through","floor":8.0},{"not_picked":["Whirlwind","Havoc"],"picked":"Inflame","floor":11.0},{"not_picked":["Evolve","Reckless Charge"],"picked":"Limit Break","floor":12.0},{"not_picked":["Clash","Seeing Red","Armaments"],"picked":"SKIP","floor":14.0},{"not_picked":["Immolate","Juggernaut"],"picked":"Feed","floor":16.0},{"not_picked":["Iron Wave","Flex"],"picked":"Dual Wield","floor":18.0},{"not_picked":["Pommel Strike","True Grit"],"picked":"Fire Breathing","floor":21.0},{"not_picked":["Spot Weakness","Whirlwind"],"picked":"Evolve","floor":22},{"not_picked":["Heavy Blade","Clash","Whirlwind"],"picked":"SKIP","floor":24},{"not_picked":["Clash","Whirlwind"],"picked":"Heavy Blade","floor":24},{"not_picked":["Infernal Blade+1","Armaments"],"picked":"Heavy Blade+1","floor":25},{"not_picked":["Body Slam","Twin Strike","Juggernaut"],"picked":"SKIP","floor":27},{"not_picked":["Metallicize","Pommel Strike","Body Slam"],"picked":"SKIP","floor":30}],"player_experience":471188,"relics_obtained":[{"floor":4.0,"key":"Bronze Scales"},{"floor":6.0,"key":"Magic Flower"},{"floor":9.0,"key":"Omamori"},{"floor":10.0,"key":"HornCleat"},{"floor":12.0,"key":"MawBank"},{"floor":25,"key":"Oddly Smooth Stone"},{"floor":26,"key":"Shuriken"},{"floor":27,"key":"Bag of Preparation"}],"event_choices":[{"damage_healed":0.0,"max_hp_gain":0.0,"max_hp_loss":0.0,"gold_gain":0.0,"event_name":"Living Wall","player_choice":"Grow","floor":2.0,"gold_loss":0.0,"damage_taken":0.0,"cards_upgraded":["Immolate"]},{"damage_healed":0.0,"max_hp_gain":0.0,"max_hp_loss":0.0,"gold_gain":0.0,"event_name":"Liars Game","player_choice":"Ignored","floor":5.0,"gold_loss":0.0,"damage_taken":0.0},{"cards_removed":["Strike_R"],"damage_healed":0.0,"max_hp_gain":0.0,"max_hp_loss":0.0,"gold_gain":0.0,"event_name":"Beggar","player_choice":"Gave Gold","floor":19.0,"gold_loss":75.0,"damage_taken":0.0},{"damage_healed":0,"gold_gain":50,"player_choice":"Stole From Cult","damage_taken":0,"max_hp_gain":0,"max_hp_loss":0,"event_name":"Nest","floor":28,"gold_loss":0},{"damage_healed":0,"gold_gain":0,"player_choice":"Read","damage_taken":0,"max_hp_gain":0,"max_hp_loss":0,"event_name":"The Library","floor":31,"gold_loss":0,"cards_obtained":["Flame Barrier"]}],"is_beta":false,"boss_relics":[{"not_picked":["Tiny House","Black Blood"],"picked":"Sozu"}],"items_purged_floors":[20],"is_endless":false,"potions_floor_spawned":[3,6,12,14,18,24,27],"killed_by":"Automaton","ascension_level":20}}