{"host":"ef3ybc9bdsabvdps","time":1608446305,"event":{"mods":["BaseMod","Minty Spire (QoL Compilation)"],"gold_per_floor":[116,128,143,156,104,137,165,165,165,191,213,213,235,271,271,382,454,474,486,496,177,186,186,186],"floor_reached":23,"playtime":931,"items_purged":[],"score":407,"play_id":"b852f290-419f-49a0-a927-0d8374acdc86","local_time":"20201220153825","is_ascension_mode":false,"campfire_choices":[{"data":"Eruption","floor":8.0,"key":"SMITH"},{"data":"Weave","floor":12.0,"key":"SMITH"},{"data":"Vault","floor":15.0,"key":"SMITH"}],"circlet_count":0,"master_deck":["Eruption+1","Vigilance","CutThroughFate","Halt","SignatureMove","Consecrate","CutThroughFate","EmptyFist","Weave+1","FlurryOfBlows","Vault+1","Judgement","Collect","Brilliance","LikeWater+1","Weave","SashWhip","FollowUp","Meditate","Vault","MentalFortress+1","Adaptation+1","Necronomicurse"],"relics":["Black Star","CeramicFish","Gremlin Horn","Sundial","Frozen Egg 2","Matryoshka","Pear","Pandora\u0027s Box","HornCleat","Necronomicon"],"acts_visited":["TheCity"],"potions_floor_usage":[23],"damage_taken":[{"damage":8.0,"enemies":"Jaw Worm","floor":1.0,"turns":5.0},{"damage":0.0,"enemies":"Cultist","floor":2.0,"turns":2.0},{"damage":3.0,"enemies":"2 Louse","floor":3.0,"turns":4.0},{"damage":0.0,"enemies":"Blue Slaver","floor":4.0,"turns":2.0},{"damage":0.0,"enemies":"Gremlin Nob","floor":6.0,"turns":3.0},{"damage":1.0,"enemies":"3 Louse","floor":7.0,"turns":2.0},{"damage":6.0,"enemies":"Large Slime","floor":10.0,"turns":5.0},{"damage":9.0,"enemies":"Looter","floor":11.0,"turns":4.0},{"damage":0.0,"enemies":"Lots of Slimes","floor":13.0,"turns":1.0},{"damage":0.0,"enemies":"Lagavulin","floor":14.0,"turns":2.0},{"damage":0.0,"enemies":"Slime Boss","floor":16.0,"turns":3.0},{"damage":26.0,"enemies":"2 Thieves","floor":18.0,"turns":4.0},{"damage":6.0,"enemies":"Chosen","floor":19.0,"turns":4.0},{"damage":21.0,"enemies":"Shelled Parasite and Fungi","floor":20.0,"turns":4.0},{"damage":8,"enemies":"Book of Stabbing","floor":23,"turns":4}],"seed_played":"-3783652371555008042","potions_obtained":[{"floor":2.0,"key":"PowerPotion"},{"floor":3.0,"key":"Fire Potion"},{"floor":11.0,"key":"BottledMiracle"},{"floor":13.0,"key":"Block Potion"},{"floor":16.0,"key":"Weak Potion"},{"floor":18.0,"key":"GamblersBrew"}],"is_trial":false,"path_per_floor":["M","M","M","M","?","E","M","R","T","M","M","R","M","E","R","B",null,"M","M","M","$","?","E"],"character_chosen":"WATCHER","items_purchased":["Adaptation+1","HornCleat"],"campfire_rested":0,"item_purchase_floors":[21,21],"current_hp_per_floor":[64,64,61,61,61,61,60,60,60,54,45,45,45,55,55,55,82,56,50,29,29,13,5,5],"gold":186,"neow_bonus":"BOSS_RELIC","is_daily":false,"chose_seed":false,"campfire_upgraded":3,"win_rate":0.0,"timestamp":1608446305,"path_taken":["M","M","M","M","?","E","?","R","T","M","M","R","M","E","R","BOSS","M","M","M","$","?","E"],"items_purchased_type":["Card","Relic"],"build_version":"2020-12-13","purchased_purges":0,"victory":false,"max_hp_per_floor":[72,72,72,72,72,72,72,72,72,72,72,72,72,82,82,82,82,82,82,82,82,82,82,82],"card_choices":[{"not_picked":["FollowUp","Study"],"picked":"CutThroughFate","floor":1.0},{"not_picked":["BowlingBash","ThirdEye"],"picked":"Halt","floor":2.0},{"not_picked":["Evaluate","BowlingBash"],"picked":"SignatureMove","floor":3.0},{"not_picked":["CutThroughFate","Crescendo"],"picked":"Consecrate","floor":4.0},{"not_picked":["Protect","WaveOfTheHand","SashWhip"],"picked":"SKIP","floor":6.0},{"not_picked":["CrushJoints","MasterReality"],"picked":"CutThroughFate","floor":7.0},{"not_picked":["SashWhip","CutThroughFate"],"picked":"EmptyFist","floor":10.0},{"not_picked":["JustLucky","ThirdEye"],"picked":"Weave","floor":11.0},{"not_picked":["Halt","FollowUp"],"picked":"FlurryOfBlows","floor":13.0},{"not_picked":["LikeWater+1","FlyingSleeves"],"picked":"Vault","floor":14.0},{"not_picked":["Vault","Establishment+1"],"picked":"Judgement","floor":16.0},{"not_picked":["WheelKick+1","Evaluate"],"picked":"MentalFortress+1","floor":18.0},{"not_picked":["Halt","Collect+1","FollowUp"],"picked":"SKIP","floor":19.0},{"not_picked":["MentalFortress+1","Collect","Study+1"],"picked":"SKIP","floor":20.0}],"player_experience":306093,"relics_obtained":[{"floor":6.0,"key":"Gremlin Horn"},{"floor":6.0,"key":"Sundial"},{"floor":9.0,"key":"Frozen Egg 2"},{"floor":14.0,"key":"Matryoshka"},{"floor":14.0,"key":"Pear"},{"floor":22.0,"key":"Necronomicon"}],"event_choices":[{"damage_healed":0.0,"max_hp_gain":0.0,"max_hp_loss":0.0,"gold_gain":0.0,"event_name":"WeMeetAgain","player_choice":"Paid Gold","floor":5.0,"gold_loss":52.0,"damage_taken":0.0,"relics_obtained":["CeramicFish"]},{"damage_healed":0.0,"max_hp_gain":0.0,"max_hp_loss":0.0,"gold_gain":0.0,"event_name":"Cursed Tome","player_choice":"Obtained Book","floor":22.0,"gold_loss":0.0,"damage_taken":16.0}],"is_beta":false,"boss_relics":[{"not_picked":["Philosopher\u0027s Stone","Calling Bell"],"picked":"Pandora\u0027s Box"}],"items_purged_floors":[],"is_endless":false,"potions_floor_spawned":[2,3,11,13,16,18],"killed_by":"Book of Stabbing","ascension_level":0}}