{"host":"krw8blyxua7at9ak","time":1608423668,"event":{"mods":["BaseMod","Highlight Path","Minty Spire (QoL Compilation)","ojb\u0027s Info Mod"],"gold_per_floor":[360,20,31,42,53,88,103,63,90,90,102,116,116,41,41,41,41],"floor_reached":16,"playtime":675,"items_purged":["Strike_G"],"score":208,"play_id":"28729c21-45e0-4487-829b-242237aaf0ff","local_time":"20201220012108","is_ascension_mode":true,"campfire_choices":[{"floor":10,"key":"REST"},{"data":"Underhanded Strike","floor":13,"key":"SMITH"},{"data":"Underhanded Strike","floor":15,"key":"SMITH"}],"circlet_count":0,"master_deck":["AscendersBane","Strike_G","Strike_G","Strike_G","Strike_G","Defend_G","Defend_G","Defend_G","Defend_G","Defend_G","Survivor","Neutralize","Underhanded Strike+1","Dagger Throw","Underhanded Strike+1","Sucker Punch","Deflect","Dagger Throw"],"relics":["Ring of the Snake","Chemical X","Oddly Smooth Stone","Ginger","Regal Pillow"],"acts_visited":["Exordium"],"potions_floor_usage":[6,16],"damage_taken":[{"damage":4,"enemies":"Cultist","floor":1,"turns":5},{"damage":0,"enemies":"Jaw Worm","floor":3,"turns":7},{"damage":1,"enemies":"Small Slimes","floor":4,"turns":4},{"damage":8,"enemies":"2 Fungi Beasts","floor":5,"turns":4},{"damage":31,"enemies":"3 Sentries","floor":6,"turns":11},{"damage":6,"enemies":"Large Slime","floor":7,"turns":6},{"damage":5,"enemies":"Looter","floor":8,"turns":4},{"damage":0,"enemies":"2 Fungi Beasts","floor":11,"turns":3},{"damage":4,"enemies":"Blue Slaver","floor":12,"turns":5},{"damage":35,"enemies":"Hexaghost","floor":16,"turns":9}],"seed_played":"6617194247780094230","potions_obtained":[{"floor":4,"key":"Poison Potion"},{"floor":11,"key":"CunningPotion"},{"floor":12,"key":"SkillPotion"}],"is_trial":false,"path_per_floor":["M","$","M","M","M","E","M","M","T","R","M","M","R","$","R","B"],"character_chosen":"THE_SILENT","items_purchased":["Chemical X","Oddly Smooth Stone"],"campfire_rested":1,"item_purchase_floors":[2,2],"current_hp_per_floor":[55,55,55,54,46,15,9,4,4,37,37,33,33,33,33,0,0],"gold":41,"neow_bonus":"TWO_FIFTY_GOLD","is_daily":false,"chose_seed":false,"campfire_upgraded":2,"win_rate":0.0,"timestamp":1608423668,"path_taken":["M","?","?","M","M","E","M","M","T","R","M","M","R","$","R","BOSS"],"items_purchased_type":["Relic","Relic"],"build_version":"2020-12-13","purchased_purges":1,"victory":false,"max_hp_per_floor":[60,60,60,60,60,60,60,60,60,60,60,60,60,60,60,60,60],"card_choices":[{"not_picked":["Leg Sweep","Cloak And Dagger"],"picked":"Underhanded Strike","floor":1},{"not_picked":["Expertise","Cloak And Dagger"],"picked":"Dagger Throw","floor":3},{"not_picked":["Flying Knee","Dodge and Roll"],"picked":"Underhanded Strike","floor":4},{"not_picked":["Prepared","Accuracy"],"picked":"Sucker Punch","floor":5},{"not_picked":["Quick Slash","Night Terror","Flying Knee"],"picked":"SKIP","floor":6},{"not_picked":["Sucker Punch","Eviscerate","Dodge and Roll"],"picked":"SKIP","floor":7},{"not_picked":["Heel Hook","Dodge and Roll"],"picked":"Deflect","floor":8},{"not_picked":["Envenom","Poisoned Stab","Dagger Spray"],"picked":"SKIP","floor":11},{"not_picked":["Crippling Poison","Backflip"],"picked":"Dagger Throw","floor":12}],"player_experience":342592,"relics_obtained":[{"floor":6,"key":"Ginger"},{"floor":9,"key":"Regal Pillow"}],"event_choices":[],"is_beta":false,"boss_relics":[],"items_purged_floors":[14],"is_endless":false,"potions_floor_spawned":[4,11,12],"killed_by":"Hexaghost","ascension_level":20}}