{"host":"38maufg2dcy7va3m","time":1608452417,"event":{"mods":["Act Like it!","BaseMod","Downfall","Hallownest","Hermit","Hubris","Infinite Spire","Minty Spire (QoL Compilation)","Replay The Spire","StSLib"],"gold_per_floor":[109,122,135,145,45,45,45,63,63,63,82,82,92,104,104,203,203,218,138,138,155,29,29,49,114,114,14,33,33,33,33,53,69,69,169,169,183,183,233,233,233],"floor_reached":40,"playtime":2561,"items_purged":[],"score":405,"play_id":"79fb88fd-452e-425f-bad8-87ca3bd84101","local_time":"20201220002017","is_ascension_mode":false,"campfire_choices":[{"data":"Neutralize","floor":6,"key":"SMITH"},{"floor":12,"key":"REST"},{"floor":15,"key":"REST"},{"data":"Dash","floor":23,"key":"SMITH"},{"floor":29,"key":"REST"},{"floor":34,"key":"REST"}],"circlet_count":0,"master_deck":["Strike_G","Strike_G","Strike_G","Strike_G","Strike_G","Defend_G","Defend_G","Defend_G","Defend_G","Defend_G","Survivor","Neutralize+1","Flying Knee","PiercingWail","Poisoned Stab","Toxin Wave","Dodge and Roll","Poisoned Stab","hubris:Sniper","Backstab","Crippling Poison","ReplayTheSpireMod:Necrosis","Replay:Bag of Tricks","Caltrops","Hallownest:skillCityofTearsMap","Dash+1","Choke","Hidden Blade","Flying Knee+1","Dagger Throw+1","Deadly Poison","Noxious Fumes","Skewer","Skewer","Adrenaline","Slimebound:Icky","Dualcast","Malaise","PanicButton","ReplayTheSpireMod:Book of Names","Riddle With Holes","Infinite Blades"],"relics":["Ring of the Snake","NeowsBlessing","infinitespire:BottledMercury","Busted Crown","Blood Vial","Regal Pillow","ReplayTheSpireMod:SealedPack","Tiny House"],"acts_visited":["Exordium","Hallownest:Greenpath","Hallownest:CityofTears"],"potions_floor_usage":[4,13,13,14,28,32,32,35,40],"damage_taken":[{"damage":0,"enemies":"Hallownest:monsterHuskWarrior","floor":1,"turns":1},{"damage":0,"enemies":"Hallownest:monsterHuskGuard","floor":2,"turns":1},{"damage":0,"enemies":"2_ Uuma","floor":3,"turns":1},{"damage":8,"enemies":"Hallownest:Guard_and_Warrior","floor":4,"turns":7},{"damage":3,"enemies":"Hallownest:MossCreep_and_Mosskin","floor":8,"turns":5},{"damage":0,"enemies":"Hallownest:Wandering_and_Horned","floor":11,"turns":4},{"damage":6,"enemies":"Hallownest:Guard_and_Warrior","floor":13,"turns":5},{"damage":0,"enemies":"Hallownest:2_Tiktiks_1_Baldur_1_Crawlid","floor":14,"turns":1},{"damage":33,"enemies":"Hallownest:BossBrokenVessel","floor":16,"turns":9},{"damage":20,"enemies":"Hallownest:2_Mistakes","floor":18,"turns":8},{"damage":1,"enemies":"Hallownest:Flukemon_and_Top","floor":21,"turns":5},{"damage":10,"enemies":"Hallownest:monsterMisterMushroom","floor":24,"turns":7},{"damage":5,"enemies":"Hallownest:2_Husk_Sentries","floor":28,"turns":4},{"damage":6,"enemies":"Hallownest:3_Mistakes","floor":32,"turns":8},{"damage":22,"enemies":"Hallownest:Master_and_Novice","floor":33,"turns":5},{"damage":60,"enemies":"Hallownest:BossSoulMaster","floor":35,"turns":10},{"damage":49,"enemies":"Hallownest:2_Littles","floor":37,"turns":7},{"damage":41,"enemies":"Hallownest:3_Siblings","floor":40,"turns":7}],"seed_played":"7717401774100056126","potions_obtained":[{"floor":2,"key":"Explosive Potion"},{"floor":8,"key":"EssenceOfSteel"},{"floor":11,"key":"DuplicationPotion"},{"floor":13,"key":"Toxic Potion"},{"floor":14,"key":"Poison Potion"},{"floor":21,"key":"Cursed Concoction"},{"floor":25,"key":"CultistPotion"},{"floor":25,"key":"Strength Potion"},{"floor":28,"key":"Fire Potion"},{"floor":39,"key":"LifebloodPotion"}],"is_trial":false,"path_per_floor":["M","M","M","M","$","R","$","M","T","?","M","R","M","M","R","B",null,"M","?","?","M","$","R","M","?","T","$","M","R","PTL","PTL","M","M","R","B",null,"M","?","AVR","M"],"character_chosen":"THE_SILENT","items_purchased":["Dodge and Roll","Poisoned Stab","Choke","Hidden Blade","Deadly Poison","Noxious Fumes"],"campfire_rested":4,"item_purchase_floors":[5,5,22,22,27,27],"current_hp_per_floor":[70,70,70,62,62,62,62,59,59,32,32,53,47,47,68,35,70,50,50,64,63,63,63,53,53,53,53,50,70,70,70,64,44,70,10,70,21,21,26,0,0],"gold":233,"neow_bonus":"THREE_ENEMY_KILL","is_daily":false,"chose_seed":false,"campfire_upgraded":2,"win_rate":0.0,"timestamp":1608452417,"path_taken":["M","M","M","M","$","R","$","M","T","?","M","R","M","M","R","BOSS","M","?","?","M","$","R","M","?","T","$","?","R","PTL","PTL","M","M","R","BOSS","M","?","AVR","M"],"items_purchased_type":["Card","Card","Card","Card","Card","Card"],"build_version":"2020-12-13","purchased_purges":0,"victory":false,"max_hp_per_floor":[70,70,70,70,70,70,70,70,70,70,70,70,70,70,70,70,70,70,70,70,70,70,70,70,70,70,70,70,70,70,70,70,70,70,70,70,70,70,75,75,75],"card_choices":[{"not_picked":["Expertise","Sucker Punch"],"picked":"Flying Knee","floor":1},{"not_picked":["Quick Slash","Dagger Spray"],"picked":"PiercingWail","floor":2},{"not_picked":["Leg Sweep","Masterful Stab"],"picked":"Poisoned Stab","floor":3},{"not_picked":["Acrobatics","Deadly Poison"],"picked":"Toxin Wave","floor":4},{"not_picked":["Poisoned Stab","Dagger Spray"],"picked":"hubris:Sniper","floor":8},{"not_picked":["Footwork","Bane"],"picked":"Backstab","floor":11},{"not_picked":["Slice","ReplayTheSpireMod:The Works"],"picked":"Crippling Poison","floor":13},{"not_picked":["Flying Knee","Blade Dance"],"picked":"ReplayTheSpireMod:Necrosis","floor":14},{"not_picked":["Adrenaline","Tools of the Trade"],"picked":"Replay:Bag of Tricks","floor":16},{"not_picked":[],"picked":"Caltrops","floor":18},{"not_picked":[],"picked":"Dash","floor":21},{"not_picked":[],"picked":"Flying Knee","floor":24},{"not_picked":[],"picked":"Dagger Throw+1","floor":25},{"not_picked":[],"picked":"Skewer","floor":28},{"not_picked":[],"picked":"Skewer","floor":32},{"not_picked":["Predator"],"picked":"SKIP","floor":33},{"not_picked":[],"picked":"Adrenaline","floor":35},{"not_picked":[],"picked":"Dualcast","floor":36},{"not_picked":[],"picked":"Malaise","floor":36},{"not_picked":[],"picked":"PanicButton","floor":36},{"not_picked":[],"picked":"ReplayTheSpireMod:Book of Names","floor":36},{"not_picked":[],"picked":"Riddle With Holes","floor":37},{"not_picked":[],"picked":"Infinite Blades","floor":39}],"player_experience":191908,"relics_obtained":[{"floor":9,"key":"infinitespire:BottledMercury"},{"floor":25,"key":"Blood Vial"},{"floor":26,"key":"Regal Pillow"}],"event_choices":[],"is_beta":false,"boss_relics":[{"not_picked":["Ring of the Serpent","Pandora\u0027s Box"],"picked":"Busted Crown"},{"not_picked":["hubris:Stopwatch","HoveringKite"],"picked":"ReplayTheSpireMod:SealedPack"}],"items_purged_floors":[],"is_endless":false,"potions_floor_spawned":[2,8,11,13,14,21,28],"killed_by":"Hallownest:3_Siblings","ascension_level":0}}