{"host":"9dr4xkxgnke2i0td","time":1608423470,"event":{"mods":["AchievementEnabler","BaseMod","DeckTracker","Highlight Path","Minty Spire (QoL Compilation)","Shop Mod","StSLib"],"gold_per_floor":[212,212,36,36,36,36,55,79,79,79,7,48,48,48,48,48,48],"floor_reached":16,"playtime":442,"items_purged":[],"score":101,"play_id":"6eff1a83-9b10-4a01-ad1f-3219e0114340","local_time":"20201219181750","is_ascension_mode":true,"campfire_choices":[{"floor":6,"key":"REST"},{"data":"Finisher","floor":10,"key":"SMITH"},{"data":"Neutralize","floor":13,"key":"SMITH"},{"data":"Sucker Punch","floor":15,"key":"SMITH"}],"circlet_count":0,"master_deck":["Strike_G","Strike_G","Strike_G+1","Strike_G","Defend_G","Defend_G","Defend_G","Defend_G","Defend_G","Survivor","Neutralize+1","Quick Slash+1","Sucker Punch","Sucker Punch+1","Finisher+1","Flechettes","Dagger Spray"],"relics":["Ring of the Snake","Boot","Golden Idol","Toxic Egg 2","Toy Ornithopter"],"acts_visited":["Exordium"],"potions_floor_usage":[12,16],"damage_taken":[{"damage":2,"enemies":"Small Slimes","floor":1,"turns":6},{"damage":0,"enemies":"Jaw Worm","floor":7,"turns":3},{"damage":0,"enemies":"2 Louse","floor":8,"turns":2},{"damage":4,"enemies":"Gremlin Nob","floor":12,"turns":3},{"damage":64,"enemies":"Hexaghost","floor":16,"turns":14}],"seed_played":"7506844797993923872","potions_obtained":[{"floor":8,"key":"ColorlessPotion"},{"floor":12,"key":"Block Potion"}],"is_trial":false,"path_per_floor":["M","?","$","?","?","R","M","M","T","R","$","E","R","?","R","B"],"character_chosen":"THE_SILENT","items_purchased":["Boot","Sucker Punch","Flechettes"],"campfire_rested":1,"item_purchase_floors":[3,3,11],"current_hp_per_floor":[68,54,54,59,41,63,63,63,63,63,63,59,59,59,59,0,0],"gold":48,"neow_bonus":"HUNDRED_GOLD","is_daily":false,"chose_seed":false,"campfire_upgraded":3,"win_rate":0.0,"timestamp":1608423470,"path_taken":["M","?","$","?","?","R","M","M","T","R","?","E","R","?","R","BOSS"],"items_purchased_type":["Relic","Card","Card"],"build_version":"2020-12-13","purchased_purges":0,"victory":false,"max_hp_per_floor":[70,70,70,75,75,75,75,75,75,75,75,75,75,75,75,75,75],"card_choices":[{"not_picked":["Deflect","Flying Knee"],"picked":"Quick Slash","floor":1},{"not_picked":["All Out Attack","Eviscerate"],"picked":"Sucker Punch","floor":7},{"not_picked":["Setup","Deadly Poison"],"picked":"Finisher","floor":8},{"not_picked":["Caltrops","Corpse Explosion+1"],"picked":"Dagger Spray","floor":12}],"player_experience":706719,"relics_obtained":[{"floor":9,"key":"Toxic Egg 2"},{"floor":12,"key":"Toy Ornithopter"}],"event_choices":[{"damage_healed":0,"gold_gain":0,"player_choice":"Entered Light","damage_taken":14,"max_hp_gain":0,"max_hp_loss":0,"event_name":"Shining Light","floor":2,"gold_loss":0,"cards_upgraded":["Strike_G","Quick Slash"]},{"damage_healed":0,"gold_gain":0,"player_choice":"Donut","damage_taken":0,"max_hp_gain":5,"max_hp_loss":0,"event_name":"Big Fish","floor":4,"gold_loss":0},{"damage_healed":0,"gold_gain":0,"player_choice":"Take Damage","damage_taken":18,"relics_obtained":["Golden Idol"],"max_hp_gain":0,"max_hp_loss":0,"event_name":"Golden Idol","floor":5,"gold_loss":0},{"cards_removed":["Strike_G"],"damage_healed":0,"gold_gain":0,"player_choice":"Forget","damage_taken":0,"max_hp_gain":0,"max_hp_loss":0,"event_name":"Living Wall","floor":14,"gold_loss":0}],"is_beta":false,"boss_relics":[],"items_purged_floors":[],"is_endless":false,"potions_floor_spawned":[8,12],"killed_by":"Hexaghost","ascension_level":1}}