{"host":"h2kd9fh9k05klpg6","time":1608422895,"event":{"mods":["AchievementEnabler","Act Like it!","BaseMod","Better Third Choice","BetterRewards","Minty Spire (QoL Compilation)","Permanent Neow","Quick Restart","Replay The Spire","StSLib"],"gold_per_floor":[112,125,125,136,147,180,180],"floor_reached":6,"playtime":309,"items_purged":[],"score":48,"play_id":"b0414eb6-7119-44d9-a47f-bdbbc117da47","local_time":"20201219190815","is_ascension_mode":false,"campfire_choices":[],"circlet_count":0,"master_deck":["Strike_R","Strike_R","Strike_R","Strike_R","Strike_R","Defend_R","Defend_R","Defend_R","Defend_R","Bash","Cleave+1","Dropkick","Iron Wave"],"relics":["Ring of Chaos"],"acts_visited":["Exordium"],"potions_floor_usage":[6],"damage_taken":[{"damage":6,"enemies":"Cultist","floor":1,"turns":3},{"damage":13,"enemies":"2 Louse","floor":2,"turns":2},{"damage":6,"enemies":"Jaw Worm","floor":4,"turns":2},{"damage":13,"enemies":"Red Slaver","floor":5,"turns":2},{"damage":17,"enemies":"Gremlin Nob","floor":6,"turns":5}],"seed_played":"3537522767797791214","potions_obtained":[{"floor":5,"key":"LifebloodPotion"},{"floor":6,"key":"Elixir"}],"is_trial":false,"path_per_floor":["M","M","?","M","M","E"],"character_chosen":"IRONCLAD","items_purchased":[],"campfire_rested":0,"item_purchase_floors":[],"current_hp_per_floor":[74,61,61,55,42,25,25],"gold":180,"neow_bonus":"BOSS_RELIC","is_daily":false,"chose_seed":false,"campfire_upgraded":0,"win_rate":0.0,"timestamp":1608422895,"path_taken":["M","M","?","M","?","E"],"items_purchased_type":[],"build_version":"2020-12-13","purchased_purges":0,"victory":false,"max_hp_per_floor":[80,80,80,80,80,80,80],"card_choices":[{"not_picked":["Run Through","Clash"],"picked":"Cleave","floor":1},{"not_picked":["Sentinel","Uppercut","ReplayTheSpireMod:Limb From Limb"],"picked":"SKIP","floor":2},{"not_picked":["Perfected Strike","Run Through"],"picked":"Dropkick","floor":4},{"not_picked":["Armaments","Rupture"],"picked":"Iron Wave","floor":5},{"not_picked":["Warcry","ReplayTheSpireMod:Strike From Hell","Twin Strike"],"picked":"SKIP","floor":6}],"player_experience":448428,"relics_obtained":[],"event_choices":[{"damage_healed":0,"gold_gain":0,"player_choice":"Upgraded","damage_taken":0,"max_hp_gain":0,"max_hp_loss":0,"event_name":"Upgrade Shrine","floor":3,"gold_loss":0,"cards_upgraded":["Cleave"]}],"is_beta":false,"boss_relics":[],"items_purged_floors":[],"is_endless":false,"potions_floor_spawned":[5,6],"killed_by":"Gremlin Nob","ascension_level":0}}