{"host":"2pffx5rqbod9ds0c","time":1608504956,"event":{"mods":["BaseMod","Better Altar","Better Match","Better Note","Better Sensory Stone","Better Skull","Better Third Choice","Custom Start","Hubris","Minty Spire (QoL Compilation)","Quick Restart","Relic Stats","Robot Space Explorer","Spicy Shops","StSLib"],"gold_per_floor":[363,8998,9008,9008,9019,9019,9049,9064,9064,9064,9098,9116,8603,8603,8603,8698,8698,8698,7931,7931,7931,7065,7065,6974,5993,5993,5993,5993,5993,5993,5993,5993,5993,5993,5993,5993,5272,5272,5272,5272,4665,4665,4665,4665,4665,4665,4665,4248,4248,4248],"floor_reached":51,"playtime":2344,"items_purged":["Normality","RobotSpaceExplorer:Strike","RobotSpaceExplorer:Strike","RobotSpaceExplorer:Strike","RobotSpaceExplorer:Defend","RobotSpaceExplorer:Defend","RobotSpaceExplorer:Defend"],"score":1170,"play_id":"f4c28f91-5b60-416a-a031-a3c270a092a5","local_time":"20201220145556","is_ascension_mode":true,"campfire_choices":[{"data":"RobotSpaceExplorer:Exploration","floor":6.0,"key":"SMITH"},{"data":"RobotSpaceExplorer:Strike","floor":15.0,"key":"PURGE"},{"data":"hubris:EnhanceAbility","floor":28.0,"key":"SMITH"},{"data":"Panache","floor":32.0,"key":"SMITH"},{"data":"RobotSpaceExplorer:LaserBurst","floor":49,"key":"SMITH"}],"circlet_count":0,"master_deck":["RobotSpaceExplorer:Scan+1","RobotSpaceExplorer:MiniLasers","RobotSpaceExplorer:StunGrenade","RobotSpaceExplorer:FrostMissile+1","RobotSpaceExplorer:PowerCollector","RobotSpaceExplorer:MiniBoosters","RobotSpaceExplorer:ChargingLaser+1","RobotSpaceExplorer:MiniBoosters","Finesse+1","RobotSpaceExplorer:LuckyStrike","hubris:EnhanceAbility+1","RobotSpaceExplorer:ScrapToss+1","Panache+1","RobotSpaceExplorer:Autoloader","RobotSpaceExplorer:Blaster","RobotSpaceExplorer:ScrapMissile+1","RobotSpaceExplorer:LaserBurst+1","Deep Breath","RobotSpaceExplorer:ExhaustFan","Finesse","Madness"],"relics":["RobotSpaceExplorer:RoboCore","Membership Card","FossilizedHelix","Vajra","Kunai","MealTicket","Orrery","White Beast Statue","hubris:SlimyHat","Orichalcum","Peace Pipe","hubris:Teleporter","Medical Kit","Regal Pillow","Turnip","Mercury Hourglass","CultistMask","Ectoplasm","Frozen Eye","Sundial","Omamori","Bag of Preparation","Bronze Scales","OrangePellets","Pantograph","Chemical X","RobotSpaceExplorer:FoglandsKnife","Art of War","Lee\u0027s Waffle","Blue Candle","WingedGreaves","Old Coin","Prayer Wheel","hubris:TinFlute","Happy Flower","PreservedInsect","ClockworkSouvenir","RobotSpaceExplorer:SlideRule","Lantern","Bag of Marbles","Whetstone","Juzu Bracelet","Anchor","Runic Pyramid","War Paint","Centennial Puzzle","Gremlin Horn","Sling","Toy Ornithopter","Bottled Flame","hubris:Icosahedron","Strawberry","hubris:EmptyBottle","hubris:DeckOfHolding","Nunchaku","Blood Vial","Boot","Strange Spoon","Ancient Tea Set","hubris:Zylophone","Pen Nib","hubris:ToyBattleship","Akabeko","Cauldron","Potion Belt","CeramicFish","TheAbacus","hubris:CuriousFeather"],"acts_visited":["Exordium","TheCity","TheBeyond"],"potions_floor_usage":[],"damage_taken":[{"damage":9.0,"enemies":"Jaw Worm","floor":1.0,"turns":5.0},{"damage":0.0,"enemies":"Small Slimes","floor":3.0,"turns":3.0},{"damage":0.0,"enemies":"Cultist","floor":5.0,"turns":5.0},{"damage":33.0,"enemies":"Lagavulin","floor":7.0,"turns":13.0},{"damage":0.0,"enemies":"2 Fungi Beasts","floor":8.0,"turns":3.0},{"damage":0.0,"enemies":"Gremlin Nob","floor":11.0,"turns":3.0},{"damage":0.0,"enemies":"Looter","floor":12.0,"turns":4.0},{"damage":7.0,"enemies":"The Guardian","floor":16.0,"turns":15.0},{"damage":0.0,"enemies":"Spheric Guardian","floor":18.0,"turns":3.0},{"damage":0.0,"enemies":"Chosen","floor":20.0,"turns":3.0},{"damage":9.0,"enemies":"Slavers","floor":23.0,"turns":3.0},{"damage":6.0,"enemies":"Gremlin Leader","floor":27.0,"turns":3.0},{"damage":0.0,"enemies":"Slavers","floor":29.0,"turns":2.0},{"damage":0.0,"enemies":"Book of Stabbing","floor":31.0,"turns":1.0},{"damage":0.0,"enemies":"Automaton","floor":33.0,"turns":3.0},{"damage":0.0,"enemies":"3 Shapes","floor":35.0,"turns":2.0},{"damage":0.0,"enemies":"Orb Walker","floor":36.0,"turns":2.0},{"damage":0.0,"enemies":"Writhing Mass","floor":38.0,"turns":2.0},{"damage":0.0,"enemies":"Giant Head","floor":40.0,"turns":2.0},{"damage":0.0,"enemies":"2 Orb Walkers","floor":42.0,"turns":2.0},{"damage":0.0,"enemies":"Reptomancer","floor":44.0,"turns":2.0},{"damage":0,"enemies":"Spire Growth","floor":45,"turns":2},{"damage":0,"enemies":"4 Shapes","floor":46,"turns":1},{"damage":0,"enemies":"Giant Head","floor":47,"turns":2},{"damage":0,"enemies":"Awakened One","floor":50,"turns":3}],"seed_played":"-488344908221774816","potions_obtained":[{"floor":1.0,"key":"SpeedPotion"},{"floor":3.0,"key":"Weak Potion"},{"floor":5.0,"key":"FearPotion"},{"floor":7.0,"key":"AttackPotion"},{"floor":8.0,"key":"Strength Potion"},{"floor":11.0,"key":"AttackPotion"},{"floor":20.0,"key":"DuplicationPotion"},{"floor":33.0,"key":"DistilledChaos"},{"floor":40.0,"key":"CultistPotion"},{"floor":44,"key":"CultistPotion"},{"floor":48,"key":"DuplicationPotion"}],"is_trial":false,"path_per_floor":["M","$","M","?","M","R","E","M","T","?","E","M","$","?","R","B",null,"M","$","M","T","$","E","?","$","T","E","R","E","?","E","R","B",null,"M","M","$","M","?","E","$","?","T","E","M","M","E","$","R","B",null],"character_chosen":"RobotSpaceExplorer","items_purchased":["Membership Card","RobotSpaceExplorer:FrostMissile","FossilizedHelix","Vajra","Kunai","MealTicket","Orrery","Medical Kit","Regal Pillow","Turnip","Mercury Hourglass","RobotSpaceExplorer:MiniBoosters","Frozen Eye","Sundial","Omamori","Bag of Preparation","Bronze Scales","OrangePellets","RobotSpaceExplorer:MiniBoosters","Finesse","RobotSpaceExplorer:LuckyStrike","Chemical X","RobotSpaceExplorer:FoglandsKnife","Art of War","Lee\u0027s Waffle","Blue Candle","hubris:EnhanceAbility","WingedGreaves","hubris:TinFlute","Happy Flower","PreservedInsect","ClockworkSouvenir","RobotSpaceExplorer:SlideRule","Lantern","Panache","RobotSpaceExplorer:Autoloader","War Paint","Centennial Puzzle","Gremlin Horn","Sling","Toy Ornithopter","RobotSpaceExplorer:LaserBurst","RobotSpaceExplorer:Exploration","Deep Breath","hubris:EmptyBottle","RobotSpaceExplorer:ExhaustFan","hubris:DeckOfHolding","Nunchaku","Blood Vial","Boot","Strange Spoon","Finesse","Madness","Akabeko","Cauldron","Potion Belt","CeramicFish","TheAbacus","hubris:CuriousFeather"],"campfire_rested":0,"item_purchase_floors":[2,2,2,2,2,2,2,13,13,13,13,13,19,19,19,19,19,19,19,19,19,22,22,22,22,22,22,22,25,25,25,25,25,25,25,25,37,37,37,37,37,37,37,37,41,41,41,41,41,41,41,41,48,48,48,48,48,48,48],"current_hp_per_floor":[66,66,66,66,66,66,33,33,33,26,26,26,41,41,41,34,75,75,75,75,75,82,73,73,82,82,76,76,76,76,76,76,82,82,82,82,82,82,82,89,89,89,89,89,89,89,89,89,89,89],"gold":4248,"neow_bonus":"TWO_FIFTY_GOLD","is_daily":false,"chose_seed":false,"campfire_upgraded":4,"win_rate":0.0,"timestamp":1608504956,"path_taken":["M","$","M","?","M","R","E","M","T","?","E","?","$","?","R","BOSS","M","$","M","?","$","E","?","$","T","E","R","E","?","E","R","BOSS","M","M","$","M","?","E","$","?","T","E","M","M","E","$","R","BOSS"],"items_purchased_type":["Relic","Card","Relic","Relic","Relic","Relic","Relic","Relic","Relic","Relic","Relic","Card","Relic","Relic","Relic","Relic","Relic","Relic","Card","Card","Card","Relic","Relic","Relic","Relic","Relic","Card","Relic","Relic","Relic","Relic","Relic","Relic","Relic","Card","Card","Relic","Relic","Relic","Relic","Relic","Card","Card","Card","Relic","Card","Relic","Relic","Relic","Relic","Relic","Card","Card","Relic","Relic","Relic","Relic","Relic","Relic"],"build_version":"2020-12-13","purchased_purges":7,"victory":true,"max_hp_per_floor":[75,75,75,75,75,75,75,75,75,75,75,75,75,75,75,75,75,75,75,75,75,82,82,82,82,82,82,82,82,82,82,82,82,82,82,82,82,82,82,89,89,89,89,89,89,89,89,89,89,89],"relic_stats":{"Regal Pillow":0,"Gremlin Horn":[8,9],"CeramicFish":0,"Bag of Preparation":[32],"Juzu Bracelet":0,"Whetstone":["RobotSpaceExplorer:ChargingLaser","RobotSpaceExplorer:FrostMissile"],"Boot":[0],"Blood Vial":0,"Centennial Puzzle":[0],"Nunchaku":[5],"TheAbacus":[12],"Sundial":[10],"Pantograph":6,"MealTicket":24,"Prayer Wheel":5,"Kunai":[40],"Chemical X":[7],"Lee\u0027s Waffle":7,"Happy Flower":[9],"counters":[25,89],"Blue Candle":[0],"PreservedInsect":436,"Pen Nib":[3],"Orichalcum":[30],"War Paint":["Finesse","RobotSpaceExplorer:Scan"],"Medical Kit":[0],"Mercury Hourglass":[219],"Peace Pipe":2,"OrangePellets":[4],"Strange Spoon":[2],"Bronze Scales":[58],"Turnip":[5],"Ectoplasm":788,"Art of War":[0],"obtain_stats":[{"RobotSpaceExplorer:SlideRule":25,"Gremlin Horn":37,"CeramicFish":48,"Vajra":2,"Whetstone":27,"Sling":37,"Boot":41,"Old Coin":23,"Blood Vial":41,"Centennial Puzzle":37,"Sundial":19,"Strawberry":40,"MealTicket":2,"Prayer Wheel":24,"hubris:DeckOfHolding":41,"Kunai":2,"hubris:TinFlute":25,"hubris:Teleporter":11,"Happy Flower":25,"Blue Candle":22,"Pen Nib":44,"War Paint":37,"Akabeko":48,"hubris:Zylophone":42,"OrangePellets":19,"RobotSpaceExplorer:FoglandsKnife":22,"Bottled Flame":38,"Bronze Scales":19,"CultistMask":14,"hubris:ToyBattleship":47,"Regal Pillow":13,"Lantern":25,"hubris:SlimyHat":7,"Bag of Preparation":19,"Juzu Bracelet":29,"hubris:EmptyBottle":41,"Ancient Tea Set":42,"ClockworkSouvenir":25,"Frozen Eye":19,"Nunchaku":41,"hubris:Icosahedron":39,"TheAbacus":48,"Pantograph":21,"WingedGreaves":22,"hubris:CuriousFeather":48,"Chemical X":22,"Runic Pyramid":34,"Potion Belt":48,"Lee\u0027s Waffle":22,"RobotSpaceExplorer:RoboCore":0,"PreservedInsect":25,"Omamori":19,"Orichalcum":7,"Medical Kit":13,"White Beast Statue":4,"Mercury Hourglass":13,"Peace Pipe":9,"Strange Spoon":41,"Cauldron":48,"Anchor":31,"Orrery":2,"Turnip":13,"Ectoplasm":17,"Art of War":22,"Bag of Marbles":26,"Membership Card":2,"FossilizedHelix":2,"Toy Ornithopter":37},{"RobotSpaceExplorer:SlideRule":11,"Gremlin Horn":17,"CeramicFish":24,"Vajra":1,"Whetstone":12,"Sling":17,"Boot":19,"Old Coin":11,"Blood Vial":19,"Centennial Puzzle":17,"Sundial":9,"Strawberry":19,"MealTicket":1,"Prayer Wheel":11,"hubris:DeckOfHolding":19,"Kunai":1,"hubris:TinFlute":11,"hubris:Teleporter":6,"Happy Flower":11,"Blue Candle":10,"Pen Nib":21,"War Paint":17,"Akabeko":24,"hubris:Zylophone":20,"OrangePellets":9,"RobotSpaceExplorer:FoglandsKnife":10,"Bottled Flame":18,"Bronze Scales":9,"CultistMask":7,"hubris:ToyBattleship":24,"Regal Pillow":7,"Lantern":11,"hubris:SlimyHat":4,"Bag of Preparation":9,"Juzu Bracelet":13,"hubris:EmptyBottle":19,"Ancient Tea Set":20,"ClockworkSouvenir":11,"Frozen Eye":9,"Nunchaku":19,"hubris:Icosahedron":18,"TheAbacus":24,"Pantograph":10,"WingedGreaves":10,"hubris:CuriousFeather":24,"Chemical X":10,"Runic Pyramid":15,"Potion Belt":24,"Lee\u0027s Waffle":10,"RobotSpaceExplorer:RoboCore":0,"PreservedInsect":11,"Omamori":9,"Orichalcum":4,"Medical Kit":7,"White Beast Statue":2,"Mercury Hourglass":7,"Peace Pipe":5,"Strange Spoon":19,"Cauldron":24,"Anchor":14,"Orrery":1,"Turnip":7,"Ectoplasm":8,"Art of War":10,"Bag of Marbles":11,"Membership Card":1,"FossilizedHelix":1,"Toy Ornithopter":17},{"RobotSpaceExplorer:SlideRule":60,"Gremlin Horn":73,"CeramicFish":86,"Vajra":5,"Whetstone":63,"Sling":73,"Boot":77,"Old Coin":60,"Blood Vial":77,"Centennial Puzzle":73,"Sundial":54,"Strawberry":77,"MealTicket":5,"Prayer Wheel":60,"hubris:DeckOfHolding":77,"Kunai":5,"hubris:TinFlute":60,"hubris:Teleporter":32,"Happy Flower":60,"Blue Candle":57,"Pen Nib":81,"War Paint":73,"Akabeko":86,"hubris:Zylophone":79,"OrangePellets":54,"RobotSpaceExplorer:FoglandsKnife":57,"Bottled Flame":75,"Bronze Scales":54,"CultistMask":36,"hubris:ToyBattleship":86,"Regal Pillow":36,"Lantern":60,"hubris:SlimyHat":26,"Bag of Preparation":54,"Juzu Bracelet":65,"hubris:EmptyBottle":77,"Ancient Tea Set":79,"ClockworkSouvenir":60,"Frozen Eye":54,"Nunchaku":77,"hubris:Icosahedron":75,"TheAbacus":86,"Pantograph":57,"WingedGreaves":57,"hubris:CuriousFeather":86,"Chemical X":57,"Runic Pyramid":69,"Potion Belt":86,"Lee\u0027s Waffle":57,"RobotSpaceExplorer:RoboCore":0,"PreservedInsect":60,"Omamori":54,"Orichalcum":26,"Medical Kit":36,"White Beast Statue":8,"Mercury Hourglass":36,"Peace Pipe":29,"Strange Spoon":77,"Cauldron":86,"Anchor":66,"Orrery":5,"Turnip":36,"Ectoplasm":51,"Art of War":57,"Bag of Marbles":60,"Membership Card":5,"FossilizedHelix":5,"Toy Ornithopter":73}],"Toy Ornithopter":0},"card_choices":[{"not_picked":["RobotSpaceExplorer:IronShell","RobotSpaceExplorer:RigExplosive"],"picked":"RobotSpaceExplorer:StunGrenade","floor":1.0},{"not_picked":["RobotSpaceExplorer:Probe","RobotSpaceExplorer:HighVoltage"],"picked":"RobotSpaceExplorer:PowerCollector","floor":2.0},{"not_picked":["RobotSpaceExplorer:Blitz","RobotSpaceExplorer:DoubleFind"],"picked":"RobotSpaceExplorer:Exploration","floor":2.0},{"not_picked":["RobotSpaceExplorer:MetalStrike","RobotSpaceExplorer:Ammunition","RobotSpaceExplorer:DoubleBlock"],"picked":"SKIP","floor":3.0},{"not_picked":["RobotSpaceExplorer:TurboDodge","RobotSpaceExplorer:MiniBoosters","RobotSpaceExplorer:Pulsar"],"picked":"SKIP","floor":5.0},{"not_picked":["RobotSpaceExplorer:SurgingShield","RobotSpaceExplorer:DoubleBlock","RobotSpaceExplorer:IronShell"],"picked":"SKIP","floor":7.0},{"not_picked":["RobotSpaceExplorer:MetalStrike","RobotSpaceExplorer:SlimeMissile","RobotSpaceExplorer:ScrapShield"],"picked":"SKIP","floor":8.0},{"not_picked":["RobotSpaceExplorer:TurboDodge","RobotSpaceExplorer:FrostMissile","RobotSpaceExplorer:MiniDrones"],"picked":"SKIP","floor":11.0},{"not_picked":["RobotSpaceExplorer:Ammunition","RobotSpaceExplorer:SwiftStep","RobotSpaceExplorer:TurboDodge"],"picked":"SKIP","floor":12.0},{"not_picked":["RobotSpaceExplorer:Scanner","RobotSpaceExplorer:Asteroid"],"picked":"RobotSpaceExplorer:ChargingLaser","floor":16.0},{"not_picked":["RobotSpaceExplorer:Electropulse+1","RobotSpaceExplorer:StunGrenade+1","RobotSpaceExplorer:FrostMissile"],"picked":"SKIP","floor":18.0},{"not_picked":["RobotSpaceExplorer:ImprovisedAttack","RobotSpaceExplorer:RigExplosive","RobotSpaceExplorer:MetalStrike"],"picked":"SKIP","floor":20.0},{"not_picked":["RobotSpaceExplorer:Calculate","RobotSpaceExplorer:FranticSearch+1"],"picked":"RobotSpaceExplorer:ScrapToss+1","floor":23.0},{"not_picked":["RobotSpaceExplorer:GlueSpray","RobotSpaceExplorer:Counterblock+1","RobotSpaceExplorer:SurgingShield"],"picked":"SKIP","floor":27.0},{"not_picked":["RobotSpaceExplorer:SwiftStep","RobotSpaceExplorer:GlueShot","RobotSpaceExplorer:ShovelStrike"],"picked":"SKIP","floor":29.0},{"not_picked":["RobotSpaceExplorer:StarLightning","RobotSpaceExplorer:MakeshiftVolley","RobotSpaceExplorer:DoubleBlock"],"picked":"SKIP","floor":31.0},{"not_picked":["RobotSpaceExplorer:BlastShield","RobotSpaceExplorer:HighVoltage"],"picked":"RobotSpaceExplorer:Blaster","floor":33.0},{"not_picked":["RobotSpaceExplorer:Ammunition","RobotSpaceExplorer:StunGrenade","RobotSpaceExplorer:Jetpack+1"],"picked":"SKIP","floor":35.0},{"not_picked":["RobotSpaceExplorer:GlueShot+1","RobotSpaceExplorer:Counterblock+1","RobotSpaceExplorer:SwiftStep+1"],"picked":"SKIP","floor":35.0},{"not_picked":["RobotSpaceExplorer:SurgingStrike+1","RobotSpaceExplorer:FranticSearch"],"picked":"RobotSpaceExplorer:ScrapMissile+1","floor":36.0},{"not_picked":["RobotSpaceExplorer:ShockKick","RobotSpaceExplorer:Probe+1","RobotSpaceExplorer:ScrapToss+1"],"picked":"SKIP","floor":36.0},{"not_picked":["RobotSpaceExplorer:MiniDrones+1","RobotSpaceExplorer:BigMissile"],"picked":"RobotSpaceExplorer:Exploration","floor":38.0},{"not_picked":["RobotSpaceExplorer:ImprovisedAttack","RobotSpaceExplorer:SlimeMissile","RobotSpaceExplorer:ShockKick"],"picked":"SKIP","floor":38.0},{"not_picked":["RobotSpaceExplorer:SlimeMissile+1","RobotSpaceExplorer:JunkDive","RobotSpaceExplorer:Probe+1"],"picked":"SKIP","floor":40.0},{"not_picked":["RobotSpaceExplorer:DoubleBlock","RobotSpaceExplorer:SurgingShield","RobotSpaceExplorer:Ammunition+1"],"picked":"SKIP","floor":44},{"not_picked":["RobotSpaceExplorer:Discharger","RobotSpaceExplorer:StunGrenade+1","RobotSpaceExplorer:SurgingShield+1"],"picked":"SKIP","floor":45},{"not_picked":["RobotSpaceExplorer:LaserBurst+1","RobotSpaceExplorer:StarDust+1","RobotSpaceExplorer:SwiftStep"],"picked":"SKIP","floor":45},{"not_picked":["RobotSpaceExplorer:StarDust","RobotSpaceExplorer:RigExplosive+1","RobotSpaceExplorer:Electropulse+1"],"picked":"SKIP","floor":46},{"not_picked":["RobotSpaceExplorer:Probe+1","RobotSpaceExplorer:Counterblock+1","RobotSpaceExplorer:GearShield"],"picked":"SKIP","floor":46},{"not_picked":["RobotSpaceExplorer:GearShield+1","RobotSpaceExplorer:ScrapShield+1","RobotSpaceExplorer:MetalStrike+1"],"picked":"SKIP","floor":47}],"player_experience":792303,"relics_obtained":[{"floor":7.0,"key":"hubris:SlimyHat"},{"floor":7.0,"key":"Orichalcum"},{"floor":9.0,"key":"Peace Pipe"},{"floor":11.0,"key":"hubris:Teleporter"},{"floor":21.0,"key":"Pantograph"},{"floor":23.0,"key":"Old Coin"},{"floor":26.0,"key":"Bag of Marbles"},{"floor":27.0,"key":"Whetstone"},{"floor":29.0,"key":"Juzu Bracelet"},{"floor":31.0,"key":"Anchor"},{"floor":38.0,"key":"Bottled Flame"},{"floor":40.0,"key":"Strawberry"},{"floor":42.0,"key":"Ancient Tea Set"},{"floor":42.0,"key":"hubris:Zylophone"},{"floor":44,"key":"Pen Nib"},{"floor":47,"key":"hubris:ToyBattleship"}],"event_choices":[{"damage_healed":0.0,"max_hp_gain":0.0,"max_hp_loss":0.0,"gold_gain":0.0,"event_name":"Big Fish","player_choice":"Box","floor":4.0,"gold_loss":0.0,"damage_taken":0.0,"relics_obtained":["White Beast Statue"],"cards_obtained":["Regret"]},{"cards_removed":["Regret"],"damage_healed":0.0,"max_hp_gain":0.0,"max_hp_loss":0.0,"gold_gain":0.0,"event_name":"Golden Wing","player_choice":"Card Removal","floor":10.0,"gold_loss":0.0,"damage_taken":7.0},{"damage_healed":0.0,"max_hp_gain":0.0,"max_hp_loss":0.0,"gold_gain":0.0,"event_name":"FaceTrader","player_choice":"Trade","floor":14.0,"gold_loss":0.0,"damage_taken":0.0,"relics_obtained":["CultistMask"]},{"damage_healed":0.0,"max_hp_gain":0.0,"max_hp_loss":0.0,"gold_gain":0.0,"event_name":"WeMeetAgain","player_choice":"Paid Gold","floor":24.0,"gold_loss":91.0,"damage_taken":0.0,"relics_obtained":["Prayer Wheel"]},{"cards_removed":["RobotSpaceExplorer:Defend"],"damage_healed":0.0,"max_hp_gain":0.0,"max_hp_loss":0.0,"gold_gain":0.0,"event_name":"Purifier","player_choice":"Purged","floor":30.0,"gold_loss":0.0,"damage_taken":0.0},{"damage_healed":0.0,"max_hp_gain":0.0,"max_hp_loss":0.0,"gold_gain":0.0,"event_name":"Mysterious Sphere","player_choice":"Fight","floor":42.0,"gold_loss":0.0,"damage_taken":0.0}],"is_beta":false,"boss_relics":[{"not_picked":["SacredBark","Runic Dome"],"picked":"Ectoplasm"},{"not_picked":["RobotSpaceExplorer:SearchSpecs","Empty Cage"],"picked":"Runic Pyramid"}],"items_purged_floors":[2,2,13,19,22,22,25],"is_endless":false,"potions_floor_spawned":[1,3,5,7,8,11,12,16,18,20,23,27,29,31,33,35,36,38,40,42,44,45,46,47],"ascension_level":1}}