{"host":"utqe55yv0jihe4d6","time":1608500643,"event":{"mods":["2.2 Compatiblity","AchievementEnabler","BaseMod","Block Reminder","Colored Map","Colored Powertips","Minty Spire (QoL Compilation)","Quick Restart","Rare Cards Sparkle","Relic Stats","SuperFastMode"],"gold_per_floor":[115,133,153,153,170,170,181,210,257,257,257,9,9,53,53,140,140,169,178,178,190,209,209,124,124,124],"floor_reached":25,"playtime":1082,"items_purged":["Strike_R"],"score":422,"play_id":"4775d361-4173-4ca1-bf64-0321ea1420a8","local_time":"20201220164403","is_ascension_mode":true,"campfire_choices":[{"data":"Bash","floor":6,"key":"SMITH"},{"floor":13,"key":"REST"},{"floor":15,"key":"REST"},{"floor":23,"key":"REST"}],"circlet_count":0,"master_deck":["AscendersBane","Strike_R","Strike_R","Strike_R","Strike_R","Defend_R","Defend_R","Defend_R","Defend_R","Bash+1","CurseOfTheBell","Iron Wave","Flex+1","Burning Pact+1","Sword Boomerang","Whirlwind","Burning Pact+1","Entrench+1","Bludgeon","True Grit+1","RitualDagger","Disarm+1"],"relics":["Calling Bell","Lantern","Toxic Egg 2","CaptainsWheel","Boot","Art of War","HornCleat","OrangePellets","CeramicFish","Runic Dome","Omamori"],"acts_visited":["Exordium","TheCity"],"potions_floor_usage":[5,8,16],"damage_taken":[{"damage":4,"enemies":"Jaw Worm","floor":1,"turns":5},{"damage":2,"enemies":"Small Slimes","floor":2,"turns":4},{"damage":4,"enemies":"2 Louse","floor":3,"turns":2},{"damage":2,"enemies":"Looter","floor":5,"turns":3},{"damage":0,"enemies":"Red Slaver","floor":7,"turns":1},{"damage":37,"enemies":"3 Sentries","floor":8,"turns":9},{"damage":33,"enemies":"Lagavulin","floor":14,"turns":8},{"damage":52,"enemies":"The Guardian","floor":16,"turns":16},{"damage":0,"enemies":"Spheric Guardian","floor":18,"turns":4},{"damage":11,"enemies":"2 Thieves","floor":21,"turns":4},{"damage":19,"enemies":"Chosen and Byrds","floor":22,"turns":6},{"damage":51,"enemies":"Sentry and Sphere","floor":25,"turns":7}],"seed_played":"3309310332872889093","potions_obtained":[{"floor":2,"key":"BlessingOfTheForge"},{"floor":3,"key":"BloodPotion"},{"floor":5,"key":"BloodPotion"},{"floor":16,"key":"SpeedPotion"},{"floor":22,"key":"DuplicationPotion"}],"is_trial":false,"path_per_floor":["M","M","M","?","M","R","M","E","T","?","?","$","R","E","R","B",null,"M","?","?","M","M","R","?","M"],"character_chosen":"IRONCLAD","items_purchased":["OrangePellets"],"campfire_rested":3,"item_purchase_floors":[12],"current_hp_per_floor":[64,62,58,58,71,71,71,34,34,8,33,33,55,22,44,7,58,58,52,52,41,22,44,44,0,0],"gold":124,"neow_bonus":"BOSS_RELIC","is_daily":false,"chose_seed":false,"campfire_upgraded":1,"win_rate":0.0,"timestamp":1608500643,"path_taken":["M","M","M","?","M","R","M","E","T","?","?","$","R","E","R","BOSS","M","?","?","M","M","R","?","M"],"items_purchased_type":["Relic"],"build_version":"2020-12-13","purchased_purges":1,"victory":false,"max_hp_per_floor":[75,75,75,75,75,75,75,75,75,75,75,75,75,75,75,75,75,75,75,75,75,75,75,75,75,75],"relic_stats":{"OrangePellets":[0],"counters":[12,69],"CeramicFish":45,"Art of War":[5],"Boot":[64],"obtain_stats":[{"Calling Bell":0,"OrangePellets":12,"Runic Dome":17,"Lantern":0,"CaptainsWheel":0,"HornCleat":10,"CeramicFish":14,"Art of War":9,"Omamori":24,"Toxic Egg 2":0,"Boot":8,"Burning Blood":0},{"Calling Bell":0,"OrangePellets":6,"Runic Dome":8,"Lantern":0,"CaptainsWheel":0,"HornCleat":6,"CeramicFish":7,"Art of War":6,"Omamori":11,"Toxic Egg 2":0,"Boot":6,"Burning Blood":0},{"Calling Bell":0,"OrangePellets":24,"Runic Dome":48,"Lantern":0,"CaptainsWheel":0,"HornCleat":24,"CeramicFish":32,"Art of War":24,"Omamori":62,"Toxic Egg 2":0,"Boot":24,"Burning Blood":0}]},"card_choices":[{"not_picked":["Havoc+1","Searing Blow"],"picked":"Iron Wave","floor":1},{"not_picked":["Havoc+1","Pommel Strike"],"picked":"Flex+1","floor":2},{"not_picked":["Feel No Pain","Sword Boomerang"],"picked":"Burning Pact+1","floor":3},{"not_picked":["Evolve","Heavy Blade"],"picked":"Sword Boomerang","floor":5},{"not_picked":["True Grit+1","Perfected Strike"],"picked":"Whirlwind","floor":7},{"not_picked":["Dropkick","Cleave"],"picked":"Burning Pact+1","floor":8},{"not_picked":["Heavy Blade","Thunderclap"],"picked":"Entrench+1","floor":14},{"not_picked":["Corruption","Brutality"],"picked":"Bludgeon","floor":16},{"not_picked":["Iron Wave","Flex+1"],"picked":"True Grit+1","floor":18},{"not_picked":["Clash","Heavy Blade","Sever Soul+1"],"picked":"SKIP","floor":21},{"not_picked":["Iron Wave","Combust"],"picked":"Disarm+1","floor":22}],"player_experience":2816397,"relics_obtained":[{"floor":0,"key":"Lantern"},{"floor":0,"key":"Toxic Egg 2"},{"floor":0,"key":"CaptainsWheel"},{"floor":8,"key":"Boot"},{"floor":9,"key":"Art of War"},{"floor":14,"key":"CeramicFish"}],"event_choices":[{"damage_healed":0,"gold_gain":0,"player_choice":"Ignored","damage_taken":0,"max_hp_gain":0,"max_hp_loss":0,"event_name":"Liars Game","floor":4,"gold_loss":0},{"damage_healed":0,"gold_gain":0,"player_choice":"Success","damage_taken":26,"relics_obtained":["HornCleat"],"max_hp_gain":0,"max_hp_loss":0,"event_name":"Scrap Ooze","floor":10,"gold_loss":0},{"damage_healed":25,"gold_gain":0,"player_choice":"Banana","damage_taken":0,"max_hp_gain":0,"max_hp_loss":0,"event_name":"Big Fish","floor":11,"gold_loss":0},{"damage_healed":0,"gold_gain":0,"player_choice":"Joined the Cult","damage_taken":6,"max_hp_gain":0,"max_hp_loss":0,"event_name":"Nest","floor":19,"gold_loss":0,"cards_obtained":["RitualDagger"]},{"damage_healed":0,"gold_gain":0,"player_choice":"Ignored","damage_taken":0,"max_hp_gain":0,"max_hp_loss":0,"event_name":"The Mausoleum","floor":20,"gold_loss":0},{"damage_healed":0,"gold_gain":0,"player_choice":"Obtained Relic","damage_taken":0,"relics_obtained":["Omamori"],"max_hp_gain":0,"max_hp_loss":0,"event_name":"Addict","floor":24,"gold_loss":85}],"is_beta":false,"boss_relics":[{"not_picked":["Coffee Dripper","Busted Crown"],"picked":"Runic Dome"}],"items_purged_floors":[12],"is_endless":false,"potions_floor_spawned":[2,3,5,16,22],"killed_by":"Sentry and Sphere","ascension_level":20}}