{"host":"m1rkaonj58i1iiux","time":1608460964,"event":{"mods":["BaseMod","CatGirl Mod","Colored Map","Friendly Minions","Highlight Path","Minty Spire (QoL Compilation)","Rare Cards Sparkle","StSLib"],"gold_per_floor":[113,125,140,140,156,191,202,236,260,272,300,325,348,379,391,498,510,537,559,587,610,637,649,661,661],"floor_reached":24,"playtime":9308,"items_purged":[],"score":229,"play_id":"913d8912-ef31-44cc-8b36-53533248d2f0","local_time":"20201220194244","is_ascension_mode":true,"campfire_choices":[{"floor":10,"key":"REST"},{"data":"theCatGirl:PlayAround","floor":15,"key":"SMITH"},{"floor":23,"key":"REST"}],"circlet_count":0,"master_deck":["theCatGirl:Strike","theCatGirl:Strike","theCatGirl:Strike","theCatGirl:Strike","theCatGirl:Defend","theCatGirl:Defend","theCatGirl:Defend","theCatGirl:Defend","theCatGirl:ClawStrike","theCatGirl:Evasion","theCatGirl:PlayAround+1","theCatGirl:BloodBath","theCatGirl:PlayAround","theCatGirl:FocusedStrike","theCatGirl:Meow","theCatGirl:SearchBackpack","theCatGirl:LearnThePattern","theCatGirl:ElegantStrike","theCatGirl:Growl","theCatGirl:HungerClaw","theCatGirl:Enrage","theCatGirl:AccidentalHeadbutt","theCatGirl:Counterattack"],"relics":["theCatGirl:TrainedRelic","Oddly Smooth Stone","Anchor","MawBank","Black Star"],"acts_visited":["Exordium","TheCity"],"potions_floor_usage":[6,6,8,16,21,22,22],"damage_taken":[{"damage":0,"enemies":"2 Louse","floor":1,"turns":3},{"damage":6,"enemies":"Cultist","floor":2,"turns":3},{"damage":4,"enemies":"Small Slimes","floor":3,"turns":2},{"damage":13,"enemies":"Red Slaver","floor":5,"turns":3},{"damage":10,"enemies":"3 Sentries","floor":6,"turns":7},{"damage":0,"enemies":"Exordium Wildlife","floor":7,"turns":3},{"damage":12,"enemies":"Gremlin Nob","floor":8,"turns":3},{"damage":0,"enemies":"Looter","floor":11,"turns":2},{"damage":5,"enemies":"Exordium Thugs","floor":12,"turns":5},{"damage":0,"enemies":"2 Fungi Beasts","floor":13,"turns":4},{"damage":0,"enemies":"Large Slime","floor":14,"turns":3},{"damage":33,"enemies":"Hexaghost","floor":16,"turns":8},{"damage":7,"enemies":"Chosen","floor":18,"turns":4},{"damage":9,"enemies":"Shell Parasite","floor":19,"turns":5},{"damage":26,"enemies":"Snecko","floor":20,"turns":4},{"damage":22,"enemies":"Chosen and Byrds","floor":21,"turns":6},{"damage":23,"enemies":"Snake Plant","floor":22,"turns":7},{"damage":33,"enemies":"Slavers","floor":24,"turns":3}],"seed_played":"6089740591906266754","potions_obtained":[{"floor":3,"key":"EssenceOfSteel"},{"floor":4,"key":"FearPotion"},{"floor":4,"key":"Energy Potion"},{"floor":7,"key":"FearPotion"},{"floor":11,"key":"FearPotion"},{"floor":13,"key":"SkillPotion"},{"floor":14,"key":"AttackPotion"},{"floor":19,"key":"FairyPotion"},{"floor":21,"key":"DuplicationPotion"}],"is_trial":false,"path_per_floor":["M","M","M","?","M","E","M","E","T","R","M","M","M","M","R","B",null,"M","M","M","M","M","R","E"],"character_chosen":"THE_CATGIRL","items_purchased":[],"campfire_rested":2,"item_purchase_floors":[],"current_hp_per_floor":[70,64,60,60,47,37,37,25,25,46,46,41,41,41,41,8,70,63,54,28,6,8,29,0,0],"gold":661,"neow_bonus":"THREE_CARDS","is_daily":false,"chose_seed":false,"campfire_upgraded":1,"win_rate":0.0,"timestamp":1608460964,"path_taken":["M","M","M","?","M","E","M","E","T","R","M","M","M","?","R","BOSS","M","?","?","M","M","R","E"],"items_purchased_type":[],"build_version":"2020-12-13","purchased_purges":0,"victory":false,"max_hp_per_floor":[70,70,70,70,70,70,70,70,70,70,70,70,70,70,70,70,70,70,70,70,70,70,70,70,70],"card_choices":[{"not_picked":["theCatGirl:ComboAttack","theCatGirl:LostTrinket"],"picked":"theCatGirl:PlayAround","floor":0},{"not_picked":["theCatGirl:SpinningStrike","theCatGirl:Growl"],"picked":"theCatGirl:BloodBath","floor":1},{"not_picked":["theCatGirl:FocusedStrike","theCatGirl:ClawScratch"],"picked":"theCatGirl:PlayAround","floor":2},{"not_picked":["theCatGirl:RageClaws","theCatGirl:ClawScratch"],"picked":"theCatGirl:FocusedStrike","floor":3},{"not_picked":["theCatGirl:ExtremeSpeed","theCatGirl:PlayAround","theCatGirl:TrainWreck"],"picked":"SKIP","floor":5},{"not_picked":["theCatGirl:Prepared","theCatGirl:Insane"],"picked":"theCatGirl:Meow","floor":6},{"not_picked":["theCatGirl:RecoveryBlow","theCatGirl:Slip"],"picked":"theCatGirl:SearchBackpack","floor":7},{"not_picked":["theCatGirl:PilingErrors","theCatGirl:UnrelentingAssault"],"picked":"theCatGirl:LearnThePattern","floor":8},{"not_picked":["theCatGirl:RageClaws","theCatGirl:TrainWreck"],"picked":"theCatGirl:ElegantStrike","floor":11},{"not_picked":["theCatGirl:SpinningStrike","theCatGirl:DefensiveStance"],"picked":"theCatGirl:Growl","floor":12},{"not_picked":["theCatGirl:ClenchYourTeeth","theCatGirl:ChangeOfPlans","theCatGirl:PilingErrors"],"picked":"SKIP","floor":13},{"not_picked":["theCatGirl:ClenchYourTeeth","theCatGirl:ChangeOfPlans","theCatGirl:PilingErrors"],"picked":"SKIP","floor":13},{"not_picked":["theCatGirl:ScratchFlurry","theCatGirl:HungerClaw","theCatGirl:Parry"],"picked":"SKIP","floor":14},{"not_picked":["theCatGirl:ScratchFlurry","theCatGirl:Parry"],"picked":"theCatGirl:HungerClaw","floor":14},{"not_picked":["theCatGirl:Insane","theCatGirl:PoiseStance"],"picked":"theCatGirl:Enrage","floor":16},{"not_picked":["theCatGirl:FumblingBlow","theCatGirl:AccidentalSlap","theCatGirl:Meow"],"picked":"SKIP","floor":18},{"not_picked":["theCatGirl:RageClaws+1","theCatGirl:EmergencyParry","theCatGirl:FinishingMove"],"picked":"SKIP","floor":19},{"not_picked":["theCatGirl:RecoveryBlow","theCatGirl:DecliningDefenses","theCatGirl:FinishingMove"],"picked":"SKIP","floor":20},{"not_picked":["theCatGirl:FumblingBlow","theCatGirl:TryingMyBest"],"picked":"theCatGirl:AccidentalHeadbutt","floor":21},{"not_picked":["theCatGirl:FinishingMove+1","theCatGirl:KeepAlert"],"picked":"theCatGirl:Counterattack","floor":22}],"player_experience":950842,"relics_obtained":[{"floor":6,"key":"Oddly Smooth Stone"},{"floor":8,"key":"Anchor"},{"floor":9,"key":"MawBank"}],"event_choices":[{"damage_healed":0,"gold_gain":0,"player_choice":"Got Potions","damage_taken":0,"max_hp_gain":0,"max_hp_loss":0,"event_name":"Lab","floor":4,"gold_loss":0}],"is_beta":false,"boss_relics":[{"not_picked":["Astrolabe","Snecko Eye"],"picked":"Black Star"}],"items_purged_floors":[],"is_endless":false,"potions_floor_spawned":[3,7,11,13,14,19,20,21],"killed_by":"Slavers","ascension_level":1}}