{"host":"j4nfyhit1dl35m08","time":1608497229,"event":{"mods":["BaseMod","Highlight Path","Minty Spire (QoL Compilation)","StSLib"],"gold_per_floor":[118,130,305,37,47,47,79,99,179,205,51,51,66,66,66,163,163,175,195,205,216,216,216,216,216],"floor_reached":24,"playtime":2466,"items_purged":["Doubt"],"score":248,"play_id":"5c410081-9ae4-4dbd-98d5-82bf5151df5c","local_time":"20201220144709","is_ascension_mode":true,"campfire_choices":[{"data":"Neutralize","floor":6,"key":"SMITH"},{"data":"Venomology","floor":12,"key":"SMITH"},{"floor":15,"key":"REST"},{"data":"Calculated Gamble","floor":23,"key":"SMITH"}],"circlet_count":0,"master_deck":["Survivor","Neutralize+1","Dodge and Roll","Quick Slash","Venomology+1","Dagger Spray","Dash","Dagger Throw","Flechettes","Burst","Flying Knee","Reflex","Deflect","Venomology","Tactician","Sucker Punch","Doppelganger","Expertise","Bane","Calculated Gamble+1","Acrobatics+1","Dodge and Roll","Prepared"],"relics":["Ring of the Snake","Thread and Needle","Mummified Hand","Art of War","Strange Spoon","Mercury Hourglass","Pandora\u0027s Box","Kunai"],"acts_visited":["Exordium","TheCity"],"potions_floor_usage":[7,7,8,13,16,18,18,19,19,19,20,20,21,24,24,24],"damage_taken":[{"damage":0,"enemies":"Jaw Worm","floor":1,"turns":5},{"damage":10,"enemies":"Cultist","floor":2,"turns":4},{"damage":2,"enemies":"2 Louse","floor":5,"turns":4},{"damage":53,"enemies":"3 Sentries","floor":7,"turns":13},{"damage":0,"enemies":"Red Slaver","floor":8,"turns":2},{"damage":0,"enemies":"Exordium Wildlife","floor":13,"turns":3},{"damage":19,"enemies":"The Guardian","floor":16,"turns":17},{"damage":0,"enemies":"Shell Parasite","floor":18,"turns":4},{"damage":0,"enemies":"Spheric Guardian","floor":19,"turns":5},{"damage":0,"enemies":"Shelled Parasite and Fungi","floor":20,"turns":8},{"damage":0,"enemies":"Snecko","floor":21,"turns":3},{"damage":65,"enemies":"Gremlin Leader","floor":24,"turns":8}],"seed_played":"5250192072575696648","potions_obtained":[{"floor":7,"key":"DistilledChaos"},{"floor":16,"key":"FearPotion"},{"floor":19,"key":"Dexterity Potion"}],"is_trial":false,"path_per_floor":["M","M","?","$","M","R","E","M","T","T","$","R","M","T","R","B",null,"M","M","M","M","T","R","E"],"character_chosen":"THE_SILENT","items_purchased":["Venomology","Dagger Spray","Strange Spoon"],"campfire_rested":1,"item_purchase_floors":[4,4,11],"current_hp_per_floor":[77,67,67,67,65,65,12,12,12,12,12,12,12,12,35,16,62,62,62,62,62,62,62,0,0],"gold":216,"neow_bonus":"TEN_PERCENT_HP_BONUS","is_daily":false,"chose_seed":false,"campfire_upgraded":3,"win_rate":0.0,"timestamp":1608497229,"path_taken":["M","M","?","$","M","R","E","M","T","?","?","R","M","?","R","BOSS","M","M","M","M","?","R","E"],"items_purchased_type":["Card","Card","Relic"],"build_version":"2020-12-13","purchased_purges":1,"victory":false,"max_hp_per_floor":[77,77,77,77,77,77,77,77,77,77,77,77,77,77,77,77,77,77,77,77,77,77,77,77,77],"card_choices":[{"not_picked":["Quick Slash","Blade Dance"],"picked":"Dodge and Roll","floor":1},{"not_picked":["Expertise","Dodge and Roll"],"picked":"Quick Slash","floor":2},{"not_picked":["Outmaneuver","Quick Slash","Blade Dance"],"picked":"SKIP","floor":5},{"not_picked":["Slice","Infinite Blades"],"picked":"Dash","floor":7},{"not_picked":["Cloak And Dagger","Outmaneuver"],"picked":"Dagger Throw","floor":8},{"not_picked":["Dagger Spray","Accuracy"],"picked":"Flechettes","floor":13},{"not_picked":["Die Die Die","Storm of Steel"],"picked":"Burst","floor":16},{"not_picked":["Slice+1","Poisoned Stab+1"],"picked":"Acrobatics+1","floor":18},{"not_picked":["Blade Dance+1","Heel Hook"],"picked":"Dodge and Roll","floor":19},{"not_picked":["Poisoned Stab","Cloak And Dagger"],"picked":"Prepared","floor":20},{"not_picked":["Dash","Bullet Time","Flying Knee"],"picked":"SKIP","floor":21}],"player_experience":306077,"relics_obtained":[{"floor":7,"key":"Thread and Needle"},{"floor":9,"key":"Mummified Hand"},{"floor":10,"key":"Art of War"},{"floor":14,"key":"Mercury Hourglass"},{"floor":22,"key":"Kunai"}],"event_choices":[{"damage_healed":0,"gold_gain":175,"player_choice":"AGREE","damage_taken":0,"max_hp_gain":0,"max_hp_loss":0,"event_name":"Liars Game","floor":3,"gold_loss":0,"cards_obtained":["Doubt"]}],"is_beta":false,"boss_relics":[{"not_picked":["Tiny House","Coffee Dripper"],"picked":"Pandora\u0027s Box"}],"items_purged_floors":[4],"is_endless":false,"potions_floor_spawned":[7,16,19,21],"killed_by":"Gremlin Leader","ascension_level":5}}