{"host":"iphsb0ccnjx0pfn6","time":1608442397,"event":{"mods":["2.2 Compatiblity","AchievementEnabler","BaseMod","Colored Map","DeckTracker","Keyboard Shortcuts","Minty Spire (QoL Compilation)","Permanent Neow","Quick Restart","Relic Stats","StSLib","SuperFastMode","Uncapped","everything is the same but u backflip on backflip"],"gold_per_floor":[114,39,39,39,39,83,83,116,169,169,184,200,219,263,263,263,263],"floor_reached":16,"playtime":203,"items_purged":["Strike_R"],"score":336,"play_id":"155be3ff-57d1-456d-bfb7-5ad4d32de739","local_time":"20201220143317","is_ascension_mode":true,"campfire_choices":[{"data":"Evolve","floor":7,"key":"SMITH"},{"data":"Blood for Blood","floor":10,"key":"SMITH"},{"data":"Pommel Strike","floor":15,"key":"SMITH"}],"circlet_count":0,"master_deck":["AscendersBane","Strike_R","Strike_R","Strike_R","Strike_R","Defend_R","Defend_R","Defend_R","Defend_R","Bash","Evolve+1","Second Wind","Blood for Blood+1","Pommel Strike+1","Shrug It Off"],"relics":["Burning Blood","NeowsBlessing","Golden Idol","Incense Burner","Bird Faced Urn","Smiling Mask","Blue Candle"],"acts_visited":["Exordium"],"potions_floor_usage":[14,16],"damage_taken":[{"damage":0,"enemies":"2 Louse","floor":1,"turns":1},{"damage":0,"enemies":"Gremlin Nob","floor":6,"turns":1},{"damage":0,"enemies":"3 Sentries","floor":8,"turns":2},{"damage":4,"enemies":"Small Slimes","floor":11,"turns":4},{"damage":6,"enemies":"Cultist","floor":12,"turns":4},{"damage":1,"enemies":"Exordium Wildlife","floor":13,"turns":4},{"damage":32,"enemies":"Gremlin Nob","floor":14,"turns":4},{"damage":46,"enemies":"Slime Boss","floor":16,"turns":7}],"seed_played":"-7837878978562831115","potions_obtained":[{"floor":5,"key":"SmokeBomb"},{"floor":5,"key":"FearPotion"},{"floor":12,"key":"Strength Potion"},{"floor":14,"key":"LiquidMemories"}],"is_trial":false,"path_per_floor":["M","$","?","?","?","E","R","E","T","R","M","M","M","E","R","B"],"character_chosen":"IRONCLAD","items_purchased":[],"campfire_rested":0,"item_purchase_floors":[],"current_hp_per_floor":[74,74,74,48,48,54,54,60,60,60,64,64,69,43,43,0,0],"gold":263,"neow_bonus":"THREE_ENEMY_KILL","is_daily":false,"chose_seed":false,"campfire_upgraded":3,"win_rate":0.0,"timestamp":1608442397,"path_taken":["M","$","?","?","?","E","R","E","T","R","M","M","M","E","R","BOSS"],"items_purchased_type":[],"build_version":"2020-12-13","purchased_purges":1,"victory":false,"max_hp_per_floor":[75,75,75,75,75,75,75,75,75,75,75,75,75,75,75,75,75],"relic_stats":{"counters":[8,27],"Golden Idol":35,"Bird Faced Urn":[4],"Blue Candle":[0],"Smiling Mask":0,"obtain_stats":[{"NeowsBlessing":0,"Golden Idol":4,"Bird Faced Urn":8,"Blue Candle":14,"Incense Burner":6,"Smiling Mask":9,"Burning Blood":0},{"NeowsBlessing":0,"Golden Idol":1,"Bird Faced Urn":3,"Blue Candle":7,"Incense Burner":2,"Smiling Mask":3,"Burning Blood":0},{"NeowsBlessing":0,"Golden Idol":1,"Bird Faced Urn":4,"Blue Candle":20,"Incense Burner":2,"Smiling Mask":4,"Burning Blood":0}],"Burning Blood":42},"card_choices":[{"not_picked":["Armaments","Ghostly Armor"],"picked":"Evolve","floor":1},{"not_picked":["Sever Soul","Thunderclap"],"picked":"Second Wind","floor":6},{"not_picked":["Infernal Blade","Metallicize"],"picked":"Blood for Blood","floor":8},{"not_picked":["Cleave","Disarm","Seeing Red"],"picked":"SKIP","floor":11},{"not_picked":["Wild Strike","Twin Strike","Clash"],"picked":"SKIP","floor":12},{"not_picked":["Sword Boomerang","Clash"],"picked":"Pommel Strike","floor":13},{"not_picked":["Wild Strike","Exhume"],"picked":"Shrug It Off","floor":14}],"player_experience":1253812,"relics_obtained":[{"floor":6,"key":"Incense Burner"},{"floor":8,"key":"Bird Faced Urn"},{"floor":9,"key":"Smiling Mask"},{"floor":14,"key":"Blue Candle"}],"event_choices":[{"damage_healed":0,"gold_gain":0,"player_choice":"Leave","damage_taken":0,"max_hp_gain":0,"max_hp_loss":0,"event_name":"The Cleric","floor":3,"gold_loss":0},{"damage_healed":0,"gold_gain":0,"player_choice":"Take Damage","damage_taken":26,"relics_obtained":["Golden Idol"],"max_hp_gain":0,"max_hp_loss":0,"event_name":"Golden Idol","floor":4,"gold_loss":0},{"damage_healed":0,"gold_gain":0,"player_choice":"Got Potions","damage_taken":0,"max_hp_gain":0,"max_hp_loss":0,"event_name":"Lab","floor":5,"gold_loss":0}],"is_beta":false,"boss_relics":[],"items_purged_floors":[2],"is_endless":false,"potions_floor_spawned":[6,12,14],"killed_by":"Slime Boss","ascension_level":20}}