{"host":"1tmagqyeywr2w44t","time":1608471104,"event":{"mods":["2.2 Compatiblity","BaseMod","Colored Powertips","Downfall","Minty Spire (QoL Compilation)","Rare Cards Sparkle","Replay The Spire","StSLib","SuperFastMode"],"gold_per_floor":[99,119,119,119,119,134,134,134,161,175,175,192,9,27,45,145,145,145,161,11,103,103,119,143,68,60,60,78,78,102,95,115,219,519,519,536,546,578,625,658,704,395,395,422,472,492,121,134,150,150],"floor_reached":51,"playtime":3364,"items_purged":["Regret","Spreading Infection"],"score":962,"play_id":"d9fd7015-ec5a-41d6-bfaf-f798c904a5f3","local_time":"20201220223144","is_ascension_mode":false,"campfire_choices":[{"data":"hexamod:SpectralAdrenaline","floor":1.0,"key":"SMITH"},{"data":"hexamod:SkipABeat","floor":8,"key":"SMITH"},{"floor":18,"key":"RECALL"},{"floor":20,"key":"REST"},{"floor":25,"key":"REST"},{"floor":27,"key":"REST"},{"floor":35,"key":"REST"}],"circlet_count":0,"master_deck":["hexamod:Strike+1","hexamod:Strike","hexamod:Strike","hexamod:Defend","hexamod:Defend+1","hexamod:Defend+1","hexamod:Sear+1","hexamod:Float+1","hexamod:GhostflameBarrier+1","hexamod:AdvancingGuard","hexamod:ChargedBarrage+1","hexamod:SkipABeat+1","hexamod:RainOfEmbers+1","hexamod:Hexaguard","hexamod:TimeWarp+1","expansioncontent:DonusPower","hexamod:ExtraCrispy","hexamod:ThermalTransfer+1","CurseOfTheBell","hexamod:CatchUp+1","hexamod:FlamesFromBeyond+1","hexamod:SoulSteal+1","hexamod:TimeWarp+1","hexamod:Again","hexamod:EmpoweringStance","hexamod:TimeOfNeed","ReplayTheSpireMod:Doomed","Clumsy","hexamod:BurningTouch+1","ReplayTheSpireMod:Brewmster+1","hexamod:PhantomCloak+1","hexamod:TimeWarp+1","hexamod:Hexaguard+1","hexamod:HeatMetal+1","hexamod:FastForward+1"],"relics":["hexamod:SpiritBrand","Molten Egg 2","Replay:Grab Bag","Fusion Hammer","Replay:Bronze Core","Calling Bell","SlaversCollar","Art of War","Meat on the Bone","FossilizedHelix","downfall:HeartBlessingRed","downfall:HeartBlessingGreen","Oddly Smooth Stone","downfall:HeartBlessingBlue","hexamod:TheBrokenSeal","Replay:Ancient Bell","Gremlin Food","Frozen Egg 2","Old Coin","Replay:PocketPolymizer","WingedGreaves","Omamori","Blood Vial","Ring of Misfortune","ReplayTheSpireMod:Ring of Exchange","Golden Egg","Shovel","Replay:Bottled Steam"],"acts_visited":["Exordium","TheCity","TheBeyond"],"potions_floor_usage":[12,16,16,23,33,33,33,39,48,48,48,48,49],"damage_taken":[{"damage":0.0,"enemies":"Small Slimes","floor":2.0,"turns":4.0},{"damage":2,"enemies":"2 Louse","floor":6,"turns":3},{"damage":9,"enemies":"Replay:BlueRogue","floor":9,"turns":7},{"damage":4,"enemies":"Cultist","floor":10,"turns":4},{"damage":3,"enemies":"Gremlin Gang","floor":12,"turns":4},{"damage":2,"enemies":"downfall:FleeingMerchant","floor":13,"turns":4},{"damage":0,"enemies":"Blue Slaver","floor":14,"turns":3},{"damage":0,"enemies":"3 Louse","floor":15,"turns":2},{"damage":18,"enemies":"downfall:Defect","floor":16,"turns":6},{"damage":10,"enemies":"Spheric Guardian","floor":19,"turns":4},{"damage":0,"enemies":"Cultist and Chosen","floor":23,"turns":6},{"damage":7,"enemies":"Snake Plant","floor":28,"turns":5},{"damage":5,"enemies":"Shelled Parasite and Fungi","floor":30,"turns":6},{"damage":6,"enemies":"downfall:FleeingMerchant","floor":31,"turns":5},{"damage":25,"enemies":"Centurion and Healer","floor":32,"turns":7},{"damage":3,"enemies":"downfall:Watcher","floor":33,"turns":8},{"damage":0,"enemies":"3 Darklings","floor":36,"turns":4},{"damage":0,"enemies":"Orb Walker","floor":37,"turns":4},{"damage":0,"enemies":"R_Hoarder","floor":38,"turns":6},{"damage":47,"enemies":"2 Orb Walkers","floor":39,"turns":7},{"damage":4,"enemies":"Nemesis","floor":40,"turns":9},{"damage":0,"enemies":"downfall:FleeingMerchant","floor":42,"turns":4},{"damage":29,"enemies":"Giant Head","floor":44,"turns":9},{"damage":9,"enemies":"Mind Bloom Boss Battle","floor":45,"turns":3},{"damage":29,"enemies":"Spire Growth","floor":46,"turns":6},{"damage":0,"enemies":"downfall:FleeingMerchant","floor":47,"turns":5},{"damage":0,"enemies":"3 Darklings","floor":48,"turns":4},{"damage":0,"enemies":"Sphere and 2 Shapes","floor":49,"turns":4},{"damage":0,"enemies":"downfall:Ironclad","floor":50,"turns":9}],"seed_played":"-755269843597790042","potions_obtained":[{"floor":2.0,"key":"AttackPotion"},{"floor":12,"key":"Energy Potion"},{"floor":14,"key":"DistilledChaos"},{"floor":16,"key":"GamblersBrew"},{"floor":19,"key":"Swift Potion"},{"floor":28,"key":"Venom Potion"},{"floor":31,"key":"Guardian:BlockOnCardUsePotion"},{"floor":32,"key":"Doom Potion"},{"floor":36,"key":"AttackPotion"},{"floor":44,"key":"EntropicBrew"},{"floor":49,"key":"Energy Potion"}],"is_trial":false,"path_per_floor":["R","M","?","?","?","M","T","R","E","M","?","M","$","M","M","B",null,"R","M","R","?","?","M","T","R","?","R","M","?","M","$","M","B",null,"R","M","M","E","?","E","T","$","?","E","?","M","$","M","M","B",null],"character_chosen":"THE_SPIRIT","items_purchased":["expansioncontent:DonusPower","ReplayTheSpireMod:Brewmster+1","SteroidPotion","hexamod:PhantomCloak+1","Replay:Bottled Steam"],"campfire_rested":4,"item_purchase_floors":[13,42,42,42,47],"current_hp_per_floor":[63,63,68,68,68,66,66,66,57,53,53,50,48,48,48,30,68,68,58,68,51,51,58,58,78,78,78,78,78,78,78,60,88,88,88,88,88,88,53,49,49,51,51,36,41,26,40,54,56,58],"gold":150,"neow_bonus":"TRANSFORM_TWO_CARDS","is_daily":false,"chose_seed":false,"campfire_upgraded":2,"win_rate":0.0,"timestamp":1608471104,"path_taken":["R","M","?","?","?","M","T","R","E","M","?","?","$","?","M","BOSS","R","M","R","?","?","?","T","R","?","R","M","?","M","$","M","BOSS","R","?","M","E","?","E","T","?","?","E","?","?","$","?","M","BOSS"],"items_purchased_type":["Card","Card","Potion","Card","Relic"],"build_version":"2020-12-13","purchased_purges":2,"victory":true,"max_hp_per_floor":[63,63,68,68,68,68,68,68,68,68,68,68,68,68,68,68,68,68,68,68,68,68,68,68,78,78,78,78,78,78,78,78,88,88,88,88,88,88,88,88,88,88,88,88,88,88,88,88,88,88],"card_choices":[{"not_picked":["hexamod:SpectersWail","hexamod:NightmareStrike"],"picked":"hexamod:AdvancingGuard","floor":2.0},{"not_picked":["hexamod:SpectersWail","hexamod:SecondSeal"],"picked":"hexamod:SkipABeat","floor":6},{"not_picked":["hexamod:Rewind","hexamod:ChargedBarrage"],"picked":"hexamod:RainOfEmbers+1","floor":9},{"not_picked":["hexamod:BacktrackSmack+1","hexamod:NightmareStrike+1"],"picked":"hexamod:Hexaguard","floor":10},{"not_picked":["hexamod:FourthSeal","hexamod:NightmareGuise","hexamod:BacktrackSmack+1"],"picked":"SKIP","floor":12},{"not_picked":["hexamod:BacktrackSmack+1","hexamod:FourthSeal"],"picked":"hexamod:TimeWarp+1","floor":13},{"not_picked":["hexamod:GhostShield","hexamod:Haunt"],"picked":"hexamod:ExtraCrispy","floor":14},{"not_picked":["hexamod:Hexaguard","hexamod:GhostLash+1"],"picked":"hexamod:ThermalTransfer+1","floor":15},{"not_picked":["hexamod:VolcanoVisage","hexamod:SixthSeal"],"picked":"hexamod:FifthSeal","floor":16},{"not_picked":["hexamod:FourthSeal","hexamod:SecondSeal"],"picked":"hexamod:FirstSeal","floor":19},{"not_picked":["hexamod:NightmareStrike+1","hexamod:RainOfEmbers+1"],"picked":"hexamod:CatchUp","floor":19},{"not_picked":["hexamod:AdvancingGuard","hexamod:FourthSeal"],"picked":"hexamod:FlamesFromBeyond","floor":21},{"not_picked":["hexamod:BacktrackSmack+1","hexamod:ThermalTransfer+1"],"picked":"hexamod:SoulSteal+1","floor":21},{"not_picked":["hexamod:FirstSeal","hexamod:FourthSeal"],"picked":"hexamod:SixthSeal","floor":23},{"not_picked":["hexamod:AdvancingGuard","hexamod:ShieldOfDarkness","hexamod:SoulSteal"],"picked":"SKIP","floor":23},{"not_picked":["hexamod:SecondSeal","hexamod:SixthSeal"],"picked":"hexamod:ThirdSeal","floor":28},{"not_picked":["hexamod:SwordOfDarkness+1","hexamod:ShieldOfDarkness+1","hexamod:RainOfEmbers+1"],"picked":"SKIP","floor":28},{"not_picked":["hexamod:FirstSeal","hexamod:ThirdSeal"],"picked":"hexamod:FourthSeal","floor":30},{"not_picked":["hexamod:RainOfEmbers+1","hexamod:GhostShield"],"picked":"hexamod:Again","floor":30},{"not_picked":["hexamod:Firestarter+1","hexamod:FlamesFromBeyond","hexamod:SpectersWail+1"],"picked":"SKIP","floor":30},{"not_picked":["hexamod:RadiantFlame","hexamod:UnleashSpirits+1","hexamod:GhostShield"],"picked":"SKIP","floor":31},{"not_picked":["hexamod:AdvancingGuard","hexamod:GhostShield","hexamod:ChargedBarrage"],"picked":"SKIP","floor":31},{"not_picked":["hexamod:FourthSeal","hexamod:ThirdSeal","hexamod:SecondSeal"],"picked":"SKIP","floor":32},{"not_picked":["hexamod:AdvancingGuard","hexamod:NightmareGuise","hexamod:Again"],"picked":"SKIP","floor":32},{"not_picked":["hexamod:Haunt","hexamod:SkipABeat","hexamod:SecondSeal"],"picked":"SKIP","floor":32},{"not_picked":["hexamod:VolcanoVisage","hexamod:HexaLevel"],"picked":"hexamod:EmpoweringStance","floor":33},{"not_picked":["hexamod:EmpoweringStance","hexamod:CrushingStance+1"],"picked":"hexamod:TimeOfNeed","floor":33},{"not_picked":["Pain","Spreading Infection"],"picked":"ReplayTheSpireMod:Doomed","floor":34},{"not_picked":["ReplayTheSpireMod:Splinters","hexamod:Haunted"],"picked":"Clumsy","floor":34},{"not_picked":["Pain","Looming Evil"],"picked":"Spreading Infection","floor":34},{"not_picked":["hexamod:SpectersWail+1","hexamod:SkipABeat","hexamod:BacktrackSmack+1"],"picked":"SKIP","floor":36},{"not_picked":["hexamod:FourthSeal","hexamod:ShieldOfDarkness+1"],"picked":"hexamod:BurningTouch+1","floor":37},{"not_picked":["hexamod:FourthSeal","hexamod:InspiringFlames+1","hexamod:ShieldOfDarkness+1"],"picked":"SKIP","floor":38},{"not_picked":["hexamod:ShieldOfDarkness+1","hexamod:SwordOfDarkness+1","hexamod:InspiringFlames"],"picked":"SKIP","floor":40},{"not_picked":["hexamod:SpectersWail+1","hexamod:SkipABeat+1","hexamod:SwordOfDarkness+1"],"picked":"SKIP","floor":42},{"not_picked":["hexamod:Again","hexamod:GhostOfSpirePast+1","hexamod:NightmareStrike+1"],"picked":"SKIP","floor":44},{"not_picked":["hexamod:RainOfEmbers+1","hexamod:AdvancingGuard"],"picked":"hexamod:TimeWarp+1","floor":45},{"not_picked":["hexamod:BacktrackSmack+1","hexamod:AdvancingGuard+1"],"picked":"hexamod:Hexaguard+1","floor":46},{"not_picked":["hexamod:GhostLash+1","hexamod:BurningTouch+1","hexamod:SkipABeat"],"picked":"SKIP","floor":47},{"not_picked":["hexamod:RainOfEmbers+1","hexamod:PhantomCloak+1"],"picked":"hexamod:HeatMetal+1","floor":48},{"not_picked":["hexamod:SpectersWail+1","hexamod:NightmareStrike+1"],"picked":"hexamod:FastForward+1","floor":49}],"player_experience":149151,"relics_obtained":[{"floor":9,"key":"Molten Egg 2"},{"floor":17,"key":"Art of War"},{"floor":17,"key":"Meat on the Bone"},{"floor":17,"key":"FossilizedHelix"},{"floor":24,"key":"Oddly Smooth Stone"},{"floor":38,"key":"Replay:PocketPolymizer"},{"floor":39,"key":"WingedGreaves"},{"floor":40,"key":"Omamori"},{"floor":41,"key":"Blood Vial"},{"floor":43,"key":"Ring of Misfortune"},{"floor":43,"key":"ReplayTheSpireMod:Ring of Exchange"},{"floor":44,"key":"Golden Egg"},{"floor":45,"key":"Shovel"}],"event_choices":[{"damage_healed":0.0,"max_hp_gain":5.0,"max_hp_loss":0.0,"gold_gain":0.0,"event_name":"Big Fish","player_choice":"Donut","floor":3.0,"gold_loss":0.0,"damage_taken":0.0},{"damage_healed":0,"gold_gain":0,"player_choice":"Ignored","damage_taken":0,"max_hp_gain":0,"max_hp_loss":0,"event_name":"NoteForYourself","floor":11,"gold_loss":0},{"damage_healed":0,"gold_gain":0,"player_choice":"Copied","damage_taken":0,"max_hp_gain":0,"max_hp_loss":0,"event_name":"Duplicator","floor":22,"gold_loss":0,"cards_obtained":["hexamod:TimeWarp"]},{"damage_healed":0,"gold_gain":0,"player_choice":"Fight","damage_taken":0,"max_hp_gain":0,"max_hp_loss":0,"event_name":"Mysterious Sphere","floor":39,"gold_loss":0}],"is_beta":false,"boss_relics":[{"not_picked":["Black Star","Sozu"],"picked":"Replay:Grab Bag"},{"not_picked":["Ectoplasm","Velvet Choker"],"picked":"Fusion Hammer"},{"not_picked":["Replay:Wanted Poster","Abe\u0027s Treasure"],"picked":"Replay:Bronze Core"},{"not_picked":["Empty Cage","SacredBark"],"picked":"Calling Bell"},{"not_picked":["Ring of Chaos","Replay:Drink Me"],"picked":"SlaversCollar"},{"not_picked":["Honey Jar","Kintsugi"],"picked":"Replay:Ancient Bell"},{"not_picked":["Guardian:PocketSentry","Blue Doll"],"picked":"Gremlin Food"},{"not_picked":["InkBottle","Snack Pack"],"picked":"Frozen Egg 2"},{"not_picked":["Durian","Replay:Multitool"],"picked":"Old Coin"}],"items_purged_floors":[13,47],"is_endless":false,"potions_floor_spawned":[2,12,14,16,19,28,32,36,44,45,46,49],"ascension_level":0}}