{"host":"h5acbxt0wmjo1kpm","time":1608433361,"event":{"mods":["2.2 Compatiblity","Act Like it!","AlwaysNeverKeys","Aspiration","Bartender","BaseMod","Better Third Choice","Colored Map","Downfall","Elementarium","Gensokyo","GifTheSpireLib","Hallownest","Marisa????????","Minty Spire (QoL Compilation)","Permanent Neow","Potionbrewer","Relic Filter","Replay The Spire","Robot Space Explorer","RumiaBox-????????","Shade Mod","Spicy Shops","StSLib","The Blackbeard","The Dragon Tamer","The Forsaken","The Gatherer","The Problem Sleuth","The Servant 0.9.4","Wandering Minibosses","vexMod"],"gold_per_floor":[99,152,152,168,168,168,196,181,262,275,275,302,319,319,319,319,334,410,510,510,510,510,526,526,451,451,451,451,477,477,340,340,340,350,423,423,423,418,418],"floor_reached":38,"playtime":2017,"items_purged":[],"score":646,"play_id":"54bdc3a1-d6c4-42b2-8b4b-fd98e223ba3c","local_time":"20201219190241","is_ascension_mode":true,"campfire_choices":[{"data":"Slimebound:CorrosiveSpit","floor":1.0,"key":"SMITH"},{"data":"Slimebound:LeadByExample","floor":20.0,"key":"SMITH"},{"data":"Slimebound:SlimeSlap","floor":22.0,"key":"SMITH"},{"data":"Gensokyo:SlitMouthedWoman","floor":24.0,"key":"SMITH"},{"data":"Slimebound:Split","floor":28,"key":"SMITH"},{"data":"Slimebound:DuplicatedForm","floor":37,"key":"SMITH"}],"circlet_count":1,"master_deck":["AscendersBane","Slimebound:Strike_Slimebound","Slimebound:Strike_Slimebound","Slimebound:Strike_Slimebound","Slimebound:Tackle","Slimebound:Split+1","Slimebound:CorrosiveSpit+1","Slimebound:GrowthPunch","Slimebound:LivingWall","Slimebound:ComboTackle","Slimebound:SlimeSlap+1","Slimebound:MinionMaster","Slimebound:LeadByExample+1","Hallownest:skillSlugHide","Hallownest:skillSlugHide+1","Hallownest:skillSlugHide","Hallownest:skillSlugHide","Hallownest:skillSlugHide","Slimebound:LevelUp","Gensokyo:SlitMouthedWoman+1","Slimebound:ComboTackle+1","Slimebound:SlimeSpikes+1","Trip+1","Slimebound:SpikyOuterGoop","Slimebound:ForwardTackle","Slimebound:AcidTongue","Slimebound:OneTwoCombo","Slimebound:OneTwoCombo","Gensokyo:AllTheWorldsEvil","Slimebound:SplitMire+1","Slimebound:DuplicatedForm+1"],"relics":["Slimebound:AbsorbEndCombat","Hallownest:DreamNailRelic","Centennial Puzzle","Circlet","Replay:WaspNest","theForsaken:HumbleEgg","Ginger","Replay:Wanted Poster","Prayer Wheel","Vajra","vexMod:DeviousBotling"],"acts_visited":["Hallownest:Greenpath","Gensokyo:Gensokyoer","TheBeyond"],"potions_floor_usage":[29],"damage_taken":[{"damage":7.0,"enemies":"Hallownest:monsterHuskGuard","floor":4.0,"turns":5.0},{"damage":39.0,"enemies":"Hallownest:eliteCrystalGuardian","floor":7.0,"turns":6.0},{"damage":4.0,"enemies":"downfall:FleeingMerchant","floor":8.0,"turns":4.0},{"damage":4.0,"enemies":"Hallownest:monsterHuskWarrior","floor":10.0,"turns":4.0},{"damage":10.0,"enemies":"Hallownest:eliteMossKnight","floor":12.0,"turns":9.0},{"damage":4.0,"enemies":"Hallownest:2_Baldur","floor":13.0,"turns":4.0},{"damage":7.0,"enemies":"Hallownest:Wandering_and_Horned","floor":17.0,"turns":5.0},{"damage":54.0,"enemies":"downfall:Defect","floor":18.0,"turns":7.0},{"damage":14.0,"enemies":"Gensokyo:AngelMirror","floor":23.0,"turns":5.0},{"damage":7.0,"enemies":"downfall:FleeingMerchant","floor":25.0,"turns":5.0},{"damage":42,"enemies":"Gensokyo:Tenshi","floor":29,"turns":4},{"damage":17,"enemies":"downfall:FleeingMerchant","floor":31,"turns":4},{"damage":46,"enemies":"Gensokyo:Slime_Group","floor":34,"turns":5},{"damage":33,"enemies":"downfall:Silent","floor":35,"turns":4},{"damage":92,"enemies":"Reptomancer","floor":38,"turns":4}],"seed_played":"-3956530935568612472","potions_obtained":[{"floor":7.0,"key":"SmokeBomb"},{"floor":10.0,"key":"Block Potion"},{"floor":17.0,"key":"potionbrewer:FreezingPotion"},{"floor":23.0,"key":"SpeedPotion"},{"floor":35,"key":"potionbrewer:FreezingPotion"}],"is_trial":false,"path_per_floor":["R","T","?","M","PTL","PTL","E","$","T","M","?","E","M","?","?","?","M","B",null,"R","?","R","M","R","$","T","?","R","E","?","$","?","?","M","B",null,"R","E"],"character_chosen":"SLIMEBOUND","items_purchased":["Slimebound:OneTwoCombo"],"campfire_rested":0,"item_purchase_floors":[31],"current_hp_per_floor":[54,54,54,60,60,60,38,50,50,60,67,67,67,67,67,67,67,41,61,61,61,61,61,61,61,61,61,61,43,43,42,42,42,24,27,53,53,0,0],"gold":418,"neow_bonus":"RANDOM_EVENT","is_daily":false,"chose_seed":false,"campfire_upgraded":6,"win_rate":0.0,"timestamp":1608433361,"path_taken":["R","?","?","M","PTL","PTL","E","$","T","?","?","E","M","?","?","?","M","BOSS","R","?","R","M","R","?","T","?","R","E","?","?","?","?","M","BOSS","R","E"],"items_purchased_type":["Card"],"build_version":"2020-12-13","purchased_purges":0,"victory":false,"max_hp_per_floor":[60,60,60,60,60,60,60,60,60,60,67,67,67,67,67,67,67,67,67,67,61,61,61,61,61,61,61,61,61,61,61,61,61,61,61,61,61,61,61],"card_choices":[{"not_picked":["Slimebound:ComboTackle","Slimebound:SlimeTap"],"picked":"Slimebound:GrowthPunch","floor":4.0},{"not_picked":["Slimebound:HungryTackle","Slimebound:LeechingTouch"],"picked":"Slimebound:LivingWall","floor":7.0},{"not_picked":["Slimebound:BestDefense","Slimebound:GoopSpray"],"picked":"Slimebound:ComboTackle","floor":8.0},{"not_picked":["Slimebound:FormOfPuddle","Slimebound:SlimeSpikes+1"],"picked":"Slimebound:SlimeSlap","floor":10.0},{"not_picked":["Slimebound:SplitAcid+1","Slimebound:Gluttony"],"picked":"Slimebound:MinionMaster","floor":12.0},{"not_picked":["Slimebound:LeechEnergy+1","Slimebound:PressTheAttack+1"],"picked":"Slimebound:LeadByExample","floor":13.0},{"not_picked":["Slimebound:RejuvenatingLick","Slimebound:HauntingLick"],"picked":"Slimebound:LevelUp","floor":17.0},{"not_picked":["Gensokyo:LittleGreenMen","Gensokyo:HAARP"],"picked":"Gensokyo:SlitMouthedWoman","floor":21.0},{"not_picked":["Slimebound:Grow","Slimebound:ViciousTackle+1"],"picked":"Slimebound:ComboTackle+1","floor":23.0},{"not_picked":["Slimebound:FinishingTackle+1","Slimebound:Dissolve"],"picked":"Slimebound:SlimeSpikes+1","floor":25},{"not_picked":["Slimebound:Prepare","Slimebound:ItLooksTasty+1"],"picked":"Slimebound:SpikyOuterGoop","floor":29},{"not_picked":["Slimebound:SamplingLick+1","Slimebound:HungryTackle"],"picked":"Slimebound:AcidTongue","floor":31},{"not_picked":["Slimebound:LeechingTouch+1","Slimebound:SplitBruiser+1"],"picked":"Slimebound:SplitMire+1","floor":34},{"not_picked":["Slimebound:HungryTackle+1","Slimebound:ViciousTackle+1","Slimebound:SlimeBrawl"],"picked":"SKIP","floor":34},{"not_picked":["Slimebound:Overexert","Slimebound:WasteNot"],"picked":"Slimebound:DuplicatedForm","floor":35}],"player_experience":2279201,"relics_obtained":[{"floor":2.0,"key":"Centennial Puzzle"},{"floor":7.0,"key":"Replay:WaspNest"},{"floor":9.0,"key":"theForsaken:HumbleEgg"},{"floor":12.0,"key":"Ginger"},{"floor":26,"key":"Prayer Wheel"},{"floor":29,"key":"Vajra"}],"event_choices":[],"is_beta":false,"boss_relics":[{"not_picked":["ReplayTheSpireMod:DimensionalGlitch","vexMod:NewClearReactor"],"picked":"Replay:Wanted Poster"},{"not_picked":["aspiration:RunicSpoon","aspiration:RandomNobGenerator"],"picked":"vexMod:DeviousBotling"}],"items_purged_floors":[],"is_endless":false,"potions_floor_spawned":[7,10,13,17,23,35],"killed_by":"Reptomancer","ascension_level":13}}