{"host":"db9qq6yd9ck6prkg","time":1608475805,"event":{"mods":["BaseMod","Custom Start","Minty Spire (QoL Compilation)","StSLib","Uncapped"],"gold_per_floor":[100111,100036,98784,98800,98800,98800,98815,98815,98815,98825,98842,97923,97935,97951,97951,98029,98029,98044,97097,97147,96244,96257,96257,95463,95463,95463,95496,95496,95528,95546,95655,95655,95739,95739,95759,95771,94821,94821,94831,94856,94856,94882,94909,94799,94832,94832,93992,94011,94011,94011,94011,94011,92988,93018,93018],"floor_reached":56,"playtime":2114,"items_purged":["Strike_B","Strike_B","Strike_B","Defend_B","Defend_B","Defend_B","Defend_B+1","Dualcast+1"],"score":2347,"play_id":"d6aa0875-132e-4c4a-b074-82b20723c5f3","local_time":"20201220225005","is_ascension_mode":true,"campfire_choices":[{"data":"Madness","floor":6.0,"key":"SMITH"},{"data":"Madness","floor":8.0,"key":"SMITH"},{"data":"Coolheaded","floor":15.0,"key":"SMITH"},{"floor":23.0,"key":"DIG"},{"floor":25.0,"key":"DIG"},{"data":"Apotheosis","floor":32,"key":"SMITH"},{"floor":41,"key":"DIG"},{"floor":46,"key":"RECALL"},{"floor":49,"key":"DIG"},{"floor":52,"key":"DIG"}],"circlet_count":0,"master_deck":["AscendersBane","Meteor Strike+1","Madness+1","Madness+1","Turbo","Coolheaded+1","Creative AI","Apotheosis+1","Coolheaded","Finesse+1","Master of Strategy","Recycle+1","Electrodynamics","Defragment","Coolheaded","Glacier","Madness"],"relics":["Cracked Core","NeowsBlessing","Kunai","Ginger","DollysMirror","Shovel","OrangePellets","Thread and Needle","Bird Faced Urn","Inserter","CeramicFish","Matryoshka","Chemical X","Cables","Incense Burner","Eternal Feather","Bag of Marbles","Pear","Bottled Tornado","Bronze Scales","StrikeDummy","MutagenicStrength","Red Mask","Pocketwatch","White Beast Statue","Fusion Hammer","Molten Egg 2","Pantograph","HandDrill","HornCleat","Lizard Tail","Dream Catcher","Pen Nib","War Paint","PreservedInsect","DataDisk","Medical Kit","Boot","Akabeko","InkBottle","Letter Opener","Happy Flower","ClockworkSouvenir","Whetstone"],"acts_visited":["Exordium","TheCity","TheBeyond","TheEnding"],"potions_floor_usage":[48,55,55],"damage_taken":[{"damage":0.0,"enemies":"2 Louse","floor":1.0,"turns":1.0},{"damage":0.0,"enemies":"Small Slimes","floor":4.0,"turns":1.0},{"damage":0.0,"enemies":"Jaw Worm","floor":7.0,"turns":1.0},{"damage":5.0,"enemies":"Lots of Slimes","floor":10.0,"turns":4.0},{"damage":0.0,"enemies":"3 Louse","floor":11.0,"turns":3.0},{"damage":7.0,"enemies":"Exordium Thugs","floor":13.0,"turns":5.0},{"damage":3.0,"enemies":"Large Slime","floor":14.0,"turns":6.0},{"damage":85.0,"enemies":"Hexaghost","floor":16.0,"turns":15.0},{"damage":24.0,"enemies":"Shell Parasite","floor":18.0,"turns":10.0},{"damage":5.0,"enemies":"Spheric Guardian","floor":22.0,"turns":4.0},{"damage":27.0,"enemies":"Slavers","floor":27.0,"turns":5.0},{"damage":13.0,"enemies":"Masked Bandits","floor":29.0,"turns":3.0},{"damage":10.0,"enemies":"Centurion and Healer","floor":30.0,"turns":8.0},{"damage":7.0,"enemies":"Colosseum Slavers","floor":31.0,"turns":3.0},{"damage":31.0,"enemies":"Colosseum Nobs","floor":31.0,"turns":5.0},{"damage":7,"enemies":"Champ","floor":33,"turns":5},{"damage":28,"enemies":"3 Darklings","floor":35,"turns":4},{"damage":0,"enemies":"Orb Walker","floor":36,"turns":3},{"damage":6,"enemies":"4 Shapes","floor":39,"turns":3},{"damage":0,"enemies":"Giant Head","floor":40,"turns":4},{"damage":3,"enemies":"Reptomancer","floor":42,"turns":4},{"damage":5,"enemies":"Nemesis","floor":45,"turns":5},{"damage":0,"enemies":"Spire Growth","floor":48,"turns":3},{"damage":0,"enemies":"Donu and Deca","floor":50,"turns":3},{"damage":0,"enemies":"Shield and Spear","floor":54,"turns":4},{"damage":14,"enemies":"The Heart","floor":55,"turns":6}],"seed_played":"466485670539704165","potions_obtained":[{"floor":11.0,"key":"FairyPotion"},{"floor":13.0,"key":"FairyPotion"},{"floor":16.0,"key":"EssenceOfSteel"},{"floor":18.0,"key":"Strength Potion"},{"floor":22.0,"key":"PowerPotion"},{"floor":29.0,"key":"EssenceOfDarkness"},{"floor":30.0,"key":"ColorlessPotion"},{"floor":33,"key":"ColorlessPotion"},{"floor":35,"key":"Weak Potion"},{"floor":36,"key":"Regen Potion"},{"floor":48,"key":"Fruit Juice"},{"floor":54,"key":"Swift Potion"}],"is_trial":false,"path_per_floor":["M","?","$","M","?","R","M","R","T","M","M","$","M","M","R","B",null,"M","$","?","$","M","R","$","R","T","E","?","?","M","?","R","B",null,"M","M","$","?","M","E","R","E","T","?","E","R","$","M","R","B",null,"R","$","E","B",null],"character_chosen":"DEFECT","items_purchased":["Kunai","Ginger","Meteor Strike","DistilledChaos","SteroidPotion","Madness","DollysMirror","OrangePellets","Thread and Needle","Bird Faced Urn","Apotheosis","CeramicFish","Matryoshka","Chemical X","Cables","Incense Burner","Coolheaded","Finesse","Bag of Marbles","Pear","Master of Strategy","Molten Egg 2","Pantograph","HandDrill","Defragment","DataDisk","Medical Kit","Boot","Coolheaded","Block Potion","Block Potion","Letter Opener","Happy Flower","ClockworkSouvenir","Glacier","FocusPotion","Madness"],"campfire_rested":0,"item_purchase_floors":[3,3,3,3,3,3,3,12,12,12,19,19,19,19,21,21,21,21,24,24,24,37,37,37,37,47,47,47,47,47,47,53,53,53,53,53,53],"current_hp_per_floor":[64,64,64,64,69,69,69,69,69,64,64,64,57,54,54,22,63,59,59,59,59,60,60,70,79,79,60,60,53,65,43,52,59,79,63,71,71,71,77,82,82,81,81,81,82,82,82,87,87,87,87,87,87,87,81],"gold":93018,"neow_bonus":"THREE_ENEMY_KILL","is_daily":false,"chose_seed":false,"campfire_upgraded":4,"win_rate":0.0,"timestamp":1608475805,"path_taken":["M","?","$","M","?","R","M","R","T","M","M","$","M","M","R","BOSS","M","$","?","$","M","R","$","R","T","E","?","?","M","?","R","BOSS","M","M","$","?","M","E","R","E","T","?","E","R","$","?","R","BOSS","R","$","E","BOSS"],"items_purchased_type":["Relic","Relic","Card","Potion","Potion","Card","Relic","Relic","Relic","Relic","Card","Relic","Relic","Relic","Relic","Relic","Card","Card","Relic","Relic","Card","Relic","Relic","Relic","Card","Relic","Relic","Relic","Card","Potion","Potion","Relic","Relic","Relic","Card","Potion","Card"],"build_version":"2020-12-13","purchased_purges":8,"victory":true,"max_hp_per_floor":[71,71,71,71,76,76,76,76,76,76,76,76,76,76,76,76,76,76,76,76,76,76,76,86,86,86,86,86,86,86,86,86,86,86,86,86,86,82,82,82,82,82,82,82,82,82,82,87,87,87,87,87,87,87,87],"card_choices":[{"not_picked":["Redo","Genetic Algorithm"],"picked":"Turbo","floor":4.0},{"not_picked":["Beam Cell","Stack"],"picked":"Coolheaded","floor":10.0},{"not_picked":["All For One","Buffer"],"picked":"Creative AI","floor":16.0},{"not_picked":["Streamline","Cold Snap"],"picked":"Recycle+1","floor":31.0},{"not_picked":["Seek","Creative AI"],"picked":"Electrodynamics","floor":33},{"not_picked":["Sweeping Beam+1","Hello World","Stack"],"picked":"SKIP","floor":40},{"not_picked":["Storm","Recycle","Sunder+1"],"picked":"SKIP","floor":42},{"not_picked":["Reinforced Body","Ball Lightning+1","All For One+1"],"picked":"SKIP","floor":45},{"not_picked":["Sweeping Beam+1","Auto Shields","Compile Driver+1"],"picked":"SKIP","floor":48},{"not_picked":["Coolheaded","Glacier","Melter+1"],"picked":"SKIP","floor":54}],"player_experience":180519,"relics_obtained":[{"floor":9.0,"key":"Shovel"},{"floor":23.0,"key":"Eternal Feather"},{"floor":25.0,"key":"Bottled Tornado"},{"floor":26.0,"key":"Bronze Scales"},{"floor":27.0,"key":"StrikeDummy"},{"floor":29.0,"key":"Red Mask"},{"floor":31.0,"key":"Pocketwatch"},{"floor":31.0,"key":"White Beast Statue"},{"floor":40,"key":"HornCleat"},{"floor":41,"key":"Lizard Tail"},{"floor":42,"key":"Dream Catcher"},{"floor":43,"key":"Pen Nib"},{"floor":43,"key":"War Paint"},{"floor":45,"key":"PreservedInsect"},{"floor":49,"key":"Akabeko"},{"floor":52,"key":"InkBottle"},{"floor":54,"key":"Whetstone"}],"event_choices":[{"cards_removed":["Strike_B"],"damage_healed":0.0,"max_hp_gain":0.0,"max_hp_loss":0.0,"gold_gain":0.0,"event_name":"The Cleric","player_choice":"Card Removal","floor":2.0,"gold_loss":75.0,"damage_taken":0.0},{"damage_healed":0.0,"max_hp_gain":5.0,"max_hp_loss":0.0,"gold_gain":0.0,"event_name":"Big Fish","player_choice":"Donut","floor":5.0,"gold_loss":0.0,"damage_taken":0.0},{"damage_healed":0.0,"max_hp_gain":0.0,"max_hp_loss":0.0,"gold_gain":50.0,"event_name":"Nest","player_choice":"Stole From Cult","floor":20.0,"gold_loss":0.0,"damage_taken":0.0},{"damage_healed":0.0,"max_hp_gain":0.0,"max_hp_loss":0.0,"gold_gain":0.0,"event_name":"Drug Dealer","player_choice":"Inject Mutagens","floor":28.0,"gold_loss":0.0,"damage_taken":0.0,"relics_obtained":["MutagenicStrength"]},{"damage_healed":0.0,"max_hp_gain":0.0,"max_hp_loss":0.0,"gold_gain":0.0,"event_name":"Masked Bandits","player_choice":"Fought Bandits","floor":29.0,"gold_loss":0.0,"damage_taken":0.0},{"damage_healed":0.0,"max_hp_gain":0.0,"max_hp_loss":0.0,"gold_gain":0.0,"event_name":"Colosseum","player_choice":"Fight","floor":31.0,"gold_loss":0.0,"damage_taken":0.0},{"damage_healed":0.0,"max_hp_gain":0.0,"max_hp_loss":0.0,"gold_gain":0.0,"event_name":"Colosseum","player_choice":"Fought Nobs","floor":31.0,"gold_loss":0.0,"damage_taken":0.0},{"damage_healed":0,"gold_gain":0,"player_choice":"Max HP","damage_taken":0,"max_hp_gain":0,"max_hp_loss":4,"event_name":"Winding Halls","floor":38,"gold_loss":0},{"cards_removed":["Zap"],"damage_healed":0,"gold_gain":0,"player_choice":"Upgrade and Remove","damage_taken":0,"max_hp_gain":0,"max_hp_loss":0,"event_name":"Designer","floor":44,"gold_loss":110,"cards_upgraded":["Dualcast"]}],"is_beta":false,"boss_relics":[{"not_picked":["Runic Dome","Empty Cage"],"picked":"Inserter"},{"not_picked":["Velvet Choker","Pandora\u0027s Box"],"picked":"Fusion Hammer"}],"items_purged_floors":[3,12,19,21,24,37,47,53],"is_endless":false,"potions_floor_spawned":[7,11,13,16,18,22,29,30,33,35,36,39,40,42,45,48,54],"ascension_level":16}}