{"host":"lhth1efayex2023z","time":1608436393,"event":{"mods":["BaseMod","Colored Map","Googly Eyes","Minty Spire (QoL Compilation)","StSLib"],"gold_per_floor":[118,136,136,153,166,196,196,221,221,256,67,67,33,64,64,159,159,171,171,181,96,106,106,106],"floor_reached":23,"playtime":696,"items_purged":["Strike_B"],"score":375,"play_id":"75d662c7-0b89-41b2-9655-57eba64002e6","local_time":"20201219205313","is_ascension_mode":true,"campfire_choices":[{"floor":7.0,"key":"REST"},{"data":"Zap","floor":12.0,"key":"SMITH"},{"floor":15.0,"key":"REST"}],"circlet_count":0,"master_deck":["AscendersBane","Strike_B","Strike_B","Strike_B","Defend_B","Defend_B","Defend_B","Defend_B","Zap+1","Dualcast","Redo","Ball Lightning","Ball Lightning","Consume","BootSequence","Coolheaded","White Noise","Storm","Storm","Force Field","Thunder Strike","Tempest","Redo"],"relics":["Cracked Core","NeowsBlessing","Ornamental Fan","Mango","Bird Faced Urn","Incense Burner","Question Card","Blood Vial","Runic Pyramid","Strawberry"],"acts_visited":["Exordium","TheCity"],"potions_floor_usage":[23,23],"damage_taken":[{"damage":0.0,"enemies":"Jaw Worm","floor":1.0,"turns":1.0},{"damage":0.0,"enemies":"Cultist","floor":2.0,"turns":1.0},{"damage":0.0,"enemies":"Small Slimes","floor":4.0,"turns":1.0},{"damage":14.0,"enemies":"Exordium Wildlife","floor":5.0,"turns":5.0},{"damage":30.0,"enemies":"Lagavulin","floor":6.0,"turns":5.0},{"damage":10.0,"enemies":"Gremlin Nob","floor":8.0,"turns":3.0},{"damage":25.0,"enemies":"3 Sentries","floor":10.0,"turns":5.0},{"damage":20.0,"enemies":"Lagavulin","floor":14.0,"turns":6.0},{"damage":24.0,"enemies":"Hexaghost","floor":16.0,"turns":9.0},{"damage":10.0,"enemies":"Spheric Guardian","floor":18.0,"turns":4.0},{"damage":25.0,"enemies":"3 Byrds","floor":20.0,"turns":4.0},{"damage":14.0,"enemies":"Snake Plant","floor":22.0,"turns":3.0},{"damage":77,"enemies":"Gremlin Leader","floor":23,"turns":4}],"seed_played":"7030622345611089238","potions_obtained":[{"floor":5.0,"key":"Strength Potion"},{"floor":6.0,"key":"FearPotion"},{"floor":10.0,"key":"AttackPotion"},{"floor":14.0,"key":"PotionOfCapacity"},{"floor":18.0,"key":"SkillPotion"},{"floor":22.0,"key":"DuplicationPotion"}],"is_trial":false,"path_per_floor":["M","M","?","M","M","E","R","E","T","E","$","R","$","E","R","B",null,"M","?","M","?","M","E"],"character_chosen":"DEFECT","items_purchased":["White Noise","Storm","Storm"],"campfire_rested":2,"item_purchase_floors":[11,11,13],"current_hp_per_floor":[68,68,68,68,54,38,64,54,54,29,29,29,29,15,41,25,73,71,71,54,61,55,0,0],"gold":106,"neow_bonus":"THREE_ENEMY_KILL","is_daily":false,"chose_seed":false,"campfire_upgraded":1,"win_rate":0.0,"timestamp":1608436393,"path_taken":["M","M","?","M","?","E","R","E","T","E","$","R","$","E","R","BOSS","M","?","M","?","M","E"],"items_purchased_type":["Card","Card","Card"],"build_version":"2020-12-13","purchased_purges":1,"victory":false,"max_hp_per_floor":[75,75,75,75,75,89,89,89,89,89,89,89,89,89,89,89,89,89,89,89,96,96,96,96],"card_choices":[{"not_picked":["Hologram","Turbo"],"picked":"Ball Lightning","floor":1.0},{"not_picked":["Fusion","BootSequence"],"picked":"Redo","floor":2.0},{"not_picked":["Doom and Gloom","Reinforced Body"],"picked":"Ball Lightning","floor":4.0},{"not_picked":["Recycle","Cold Snap"],"picked":"Ball Lightning","floor":5.0},{"not_picked":["Auto Shields","Streamline"],"picked":"Consume","floor":6.0},{"not_picked":["Stack","Sunder"],"picked":"BootSequence","floor":8.0},{"not_picked":["Rip and Tear","Double Energy"],"picked":"Coolheaded","floor":10.0},{"not_picked":["Streamline","Conserve Battery","All For One"],"picked":"Force Field","floor":14.0},{"not_picked":["Machine Learning","Rainbow","Hyperbeam"],"picked":"Thunder Strike","floor":16.0},{"not_picked":["Go for the Eyes","Sweeping Beam","BootSequence"],"picked":"Tempest","floor":18.0},{"not_picked":["Cold Snap","Glacier","Melter"],"picked":"Redo","floor":20.0},{"not_picked":["Tempest","Beam Cell","Steam","Fusion"],"picked":"SKIP","floor":22.0}],"player_experience":377961,"relics_obtained":[{"floor":6.0,"key":"Mango"},{"floor":8.0,"key":"Bird Faced Urn"},{"floor":9.0,"key":"Incense Burner"},{"floor":10.0,"key":"Question Card"},{"floor":14.0,"key":"Blood Vial"}],"event_choices":[{"cards_removed":["Ball Lightning"],"damage_healed":0.0,"max_hp_gain":0.0,"max_hp_loss":0.0,"gold_gain":0.0,"event_name":"WeMeetAgain","player_choice":"Gave Card","floor":3.0,"gold_loss":0.0,"damage_taken":0.0,"relics_obtained":["Ornamental Fan"]},{"damage_healed":0.0,"max_hp_gain":0.0,"max_hp_loss":0.0,"gold_gain":0.0,"event_name":"Cursed Tome","player_choice":"Ignored","floor":19.0,"gold_loss":0.0,"damage_taken":0.0},{"damage_healed":0.0,"max_hp_gain":0.0,"max_hp_loss":0.0,"gold_gain":0.0,"event_name":"Addict","player_choice":"Obtained Relic","floor":21.0,"gold_loss":85.0,"damage_taken":0.0,"relics_obtained":["Strawberry"]}],"is_beta":false,"boss_relics":[{"not_picked":["Coffee Dripper","Velvet Choker"],"picked":"Runic Pyramid"}],"items_purged_floors":[11],"is_endless":false,"potions_floor_spawned":[5,6,10,14,18,22],"killed_by":"Gremlin Leader","ascension_level":12}}