{"host":"tpad8qsc9e0g0pa5","time":1608445237,"event":{"mods":["BaseMod","Minty Spire (QoL Compilation)","Quick Restart","StSLib","The Bug Knight","The Servant 0.9.4"],"gold_per_floor":[116,291,291,308,326,357,357,357,357],"floor_reached":8,"playtime":895,"items_purged":[],"score":59,"play_id":"e733dad8-88a6-44d1-94a2-c487f062e358","local_time":"20201220142037","is_ascension_mode":true,"campfire_choices":[{"floor":7,"key":"REST"}],"circlet_count":0,"master_deck":["Strike_S","Strike_S","Strike_S","Strike_S","Defend_S","Defend_S","Defend_S","Defend_S","KidneyShot","Exchange","ShatteredReality","Doubt","Regret","Revamp","Shuttle"],"relics":["Uniform","Strawberry","HornCleat"],"acts_visited":["Exordium"],"potions_floor_usage":[6],"damage_taken":[{"damage":0,"enemies":"Small Slimes","floor":1,"turns":3},{"damage":6,"enemies":"Jaw Worm","floor":4,"turns":5},{"damage":6,"enemies":"Cultist","floor":5,"turns":4},{"damage":56,"enemies":"3 Sentries","floor":6,"turns":10},{"damage":49,"enemies":"Gremlin Nob","floor":8,"turns":5}],"seed_played":"7284489610875887196","potions_obtained":[{"floor":1,"key":"SpeedPotion"},{"floor":5,"key":"ColorlessPotion"}],"is_trial":false,"path_per_floor":["M","?","?","M","M","E","R","E"],"character_chosen":"THE_SERVANT","items_purchased":[],"campfire_rested":1,"item_purchase_floors":[],"current_hp_per_floor":[71,71,78,72,66,10,33,0,0],"gold":357,"neow_bonus":"TEN_PERCENT_HP_BONUS","is_daily":false,"chose_seed":false,"campfire_upgraded":0,"win_rate":0.0,"timestamp":1608445237,"path_taken":["M","?","?","M","M","E","R","E"],"items_purchased_type":[],"build_version":"2020-12-13","purchased_purges":0,"victory":false,"max_hp_per_floor":[71,71,78,78,78,78,78,78,78],"card_choices":[{"not_picked":["Misdirection","SpecialFormula"],"picked":"ShatteredReality","floor":1},{"not_picked":["Revamp","Spin","Defy"],"picked":"SKIP","floor":4},{"not_picked":["Spin","Deadline"],"picked":"Revamp","floor":5},{"not_picked":["DualDimension","Moonlight"],"picked":"Shuttle","floor":6}],"player_experience":251933,"relics_obtained":[{"floor":6,"key":"HornCleat"}],"event_choices":[{"damage_healed":0,"gold_gain":175,"player_choice":"AGREE","damage_taken":0,"max_hp_gain":0,"max_hp_loss":0,"event_name":"Liars Game","floor":2,"gold_loss":0,"cards_obtained":["Doubt"]},{"damage_healed":0,"gold_gain":0,"player_choice":"Box","damage_taken":0,"relics_obtained":["Strawberry"],"max_hp_gain":0,"max_hp_loss":0,"event_name":"Big Fish","floor":3,"gold_loss":0,"cards_obtained":["Regret"]}],"is_beta":false,"boss_relics":[],"items_purged_floors":[],"is_endless":false,"potions_floor_spawned":[1,5],"killed_by":"Gremlin Nob","ascension_level":1}}