{"host":"Teixeira","time":1608441559,"event":{"mods":["2.2 Compatiblity","Aspiration","BaseMod","Better Match","Better Note","Better Sensory Stone","Better Skull","Better Third Choice","Colored Map","Colored Powertips","Downfall","Hermit","Hubris","Infinite Spire","Marked Mod","Minty Spire (QoL Compilation)","Permanent Neow","Quick Restart","Rare Cards Sparkle","Relic Filter","Replay The Spire","Spicy Shops","StSLib","SuperFastMode"],"gold_per_floor":[99,115,140,46,46,46,92,92,182,182,225,266,71,118,170,338,338,263,263,298,298,332,257,284,375,32,128,128,187,190,190],"floor_reached":30,"playtime":1822,"items_purged":["hubris:Compulsion","Shame","Decay"],"score":318,"play_id":"f0291b5b-dba0-490e-95f0-391be3ae7d06","local_time":"20201220021919","is_ascension_mode":false,"campfire_choices":[{"data":"Guardian:TwinSlam","floor":1.0,"key":"SMITH"},{"data":"Guardian:GuardianWhirl","floor":6.0,"key":"SMITH"},{"data":"Guardian:CurlUp","floor":8.0,"key":"SMITH"},{"data":"Guardian:RollAttack","floor":10,"key":"SMITH"},{"data":"Guardian:FloatingOrbs","floor":18,"key":"SMITH"},{"floor":21,"key":"RECALL"},{"data":"Guardian:VentSteam","floor":23,"key":"SMITH"}],"circlet_count":0,"master_deck":["Guardian:Strike_Guardian","Guardian:Strike_Guardian","Guardian:Strike_Guardian","Guardian:Strike_Guardian","Guardian:Defend_Guardian","Guardian:Defend_Guardian","Guardian:Defend_Guardian","Guardian:Defend_Guardian","Guardian:CurlUp+1","Guardian:TwinSlam+1","Guardian:GuardianWhirl+1","Guardian:RollAttack+1","Guardian:FloatingOrbs+1","WeaponsOverheat+1","Guardian:VentSteam+1","Deflect+1","Guardian:ArmoredProtocol"],"relics":["Guardian:ModeShifter","hubris:Potato","Golden Idol","ReplayTheSpireMod:CursedCoin","Replay:Bandana","Tiny Chest","Question Card","aspiration:SilentSkillbook","downfall:HeartBlessingBlue","downfall:HeartBlessingRed","Orichalcum","Kunai","Sling","Strawberry","Regal Pillow"],"acts_visited":["Exordium","TheCity"],"potions_floor_usage":[9,16,25,25,30],"damage_taken":[{"damage":1.0,"enemies":"Cultist","floor":2.0,"turns":4.0},{"damage":7.0,"enemies":"Small Slimes","floor":3.0,"turns":4.0},{"damage":0.0,"enemies":"downfall:FleeingMerchant","floor":4.0,"turns":4.0},{"damage":27,"enemies":"Lagavulin","floor":9,"turns":4},{"damage":6,"enemies":"Jaw Worm","floor":11,"turns":2},{"damage":7,"enemies":"Lots of Slimes","floor":12,"turns":4},{"damage":5,"enemies":"downfall:FleeingMerchant","floor":13,"turns":4},{"damage":0,"enemies":"Exordium Wildlife","floor":14,"turns":1},{"damage":0,"enemies":"Large Slime","floor":15,"turns":2},{"damage":20,"enemies":"downfall:Silent","floor":16,"turns":6},{"damage":14,"enemies":"Spheric Guardian","floor":20,"turns":4},{"damage":12,"enemies":"3 Byrds","floor":22,"turns":5},{"damage":17,"enemies":"Gremlin Leader","floor":25,"turns":4},{"damage":13,"enemies":"downfall:FleeingMerchant","floor":26,"turns":4},{"damage":19,"enemies":"Slavers","floor":27,"turns":2},{"damage":12,"enemies":"Snecko","floor":29,"turns":5},{"damage":12,"enemies":"Snake Plant","floor":30,"turns":1}],"seed_played":"3182785415691041125","potions_obtained":[{"floor":3.0,"key":"SkillPotion"},{"floor":12,"key":"Elixir"},{"floor":14,"key":"Slimebound:ThreeZeroPotion"},{"floor":15,"key":"Guardian:AcceleratePotion"},{"floor":22,"key":"Toxic Potion"},{"floor":27,"key":"EssenceOfSteel"}],"is_trial":false,"path_per_floor":["R","M","M","$","?","R","T","R","E","R","M","M","$","M","M","B",null,"R","?","M","R","M","R","T","E","$","E","T","M","M"],"character_chosen":"GUARDIAN","items_purchased":["ReplayTheSpireMod:CursedCoin","Guardian:GuardianWhirl","Question Card","Guardian:ArmoredProtocol","Sling"],"campfire_rested":0,"item_purchase_floors":[4,4,13,26,26],"current_hp_per_floor":[80,79,72,72,72,72,72,72,45,45,39,32,27,27,27,7,80,90,90,76,76,64,64,64,47,34,22,22,10,0,0],"gold":190,"neow_bonus":"ONE_RARE_RELIC","is_daily":false,"chose_seed":false,"campfire_upgraded":6,"win_rate":0.0,"timestamp":1608441559,"path_taken":["R","M","M","$","?","R","T","R","E","R","M","M","$","M","M","BOSS","R","?","?","R","M","R","T","E","?","E","?","M","M"],"items_purchased_type":["Relic","Card","Relic","Card","Relic"],"build_version":"2020-11-17","purchased_purges":3,"victory":false,"max_hp_per_floor":[80,80,80,80,80,80,80,80,80,80,80,80,80,80,80,80,80,90,90,90,90,90,90,90,90,90,97,97,97,97,97],"card_choices":[{"not_picked":["Guardian:TemporalStrike","Guardian:ShieldCharger","Guardian:Suspension"],"picked":"SKIP","floor":2.0},{"not_picked":["Guardian:CrystalBeam","Guardian:BronzeOrb","Guardian:TemporalStrike"],"picked":"SKIP","floor":3.0},{"not_picked":["Guardian:CrystalBeam","Guardian:BronzeOrb","Guardian:TemporalStrike"],"picked":"SKIP","floor":3.0},{"not_picked":["Guardian:Planning","Guardian:Clone"],"picked":"Guardian:Gem_Red","floor":4.0},{"not_picked":["Guardian:AncientConstruct","Guardian:PrimingBeam"],"picked":"Guardian:RollAttack","floor":9},{"not_picked":["Guardian:TemporalShield","Guardian:CrystalBeam"],"picked":"Guardian:Gem_Crimson","floor":11},{"not_picked":["Guardian:BronzeOrb","Guardian:TemporalStrike","Guardian:PrismaticBeam"],"picked":"SKIP","floor":12},{"not_picked":["Guardian:DecasProtection","Guardian:Incinerate"],"picked":"Guardian:Gem_Red","floor":13},{"not_picked":["Guardian:Recover","Guardian:Gem_Green","Guardian:Repulse"],"picked":"Guardian:FloatingOrbs","floor":14},{"not_picked":["Guardian:TemporalShield","Guardian:FloatingOrbs","Guardian:Gem_Green"],"picked":"Guardian:Gem_Red","floor":15},{"not_picked":["Guardian:CrystalBeam","Concentrate","Guardian:TemporalShield","Acrobatics"],"picked":"Guardian:VentSteam","floor":20},{"not_picked":["Guardian:Gem_Green","Deadly Poison+1","Sucker Punch","Underhanded Strike","Acrobatics"],"picked":"SKIP","floor":22},{"not_picked":["Guardian:Clone+1","Dodge and Roll+1","Infinite Blades","infinitespire:Neurotoxin"],"picked":"Deflect+1","floor":25},{"not_picked":["Hidden Blade","Guardian:CrystalBeam","Guardian:Preprogram","Storm of Steel","Guardian:Reroute"],"picked":"SKIP","floor":26},{"not_picked":["Guardian:PrimingBeam+1","Guardian:Gem_Cyan","Guardian:RollAttack","Guardian:Gem_Green","Skewer"],"picked":"SKIP","floor":27},{"not_picked":["Guardian:Gem_Green","Dodge and Roll+1","Guardian:PrimingBeam","Flying Knee","Dagger Throw"],"picked":"SKIP","floor":29},{"not_picked":["Guardian:Gem_Green","Dodge and Roll+1","Guardian:PrimingBeam","Flying Knee","Dagger Throw"],"picked":"SKIP","floor":29}],"player_experience":81425,"relics_obtained":[{"floor":5.0,"key":"Replay:Bandana"},{"floor":9,"key":"Tiny Chest"},{"floor":24,"key":"Orichalcum"},{"floor":25,"key":"Kunai"},{"floor":27,"key":"Strawberry"},{"floor":28,"key":"Regal Pillow"}],"event_choices":[{"cards_removed":["Guardian:TwinSlam"],"damage_healed":0,"gold_gain":0,"player_choice":"Take \u0026 Give","damage_taken":0,"max_hp_gain":0,"max_hp_loss":0,"event_name":"betterNote:BetterNote","floor":19,"gold_loss":0,"cards_obtained":["WeaponsOverheat"]}],"is_beta":true,"boss_relics":[{"not_picked":["Runic Pyramid","Ectoplasm"],"picked":"aspiration:SilentSkillbook"}],"items_purged_floors":[4,13,26],"is_endless":false,"potions_floor_spawned":[3,12,14,15,22,27],"killed_by":"Snake Plant","ascension_level":0}}