{"host":"rmsq46plbpwfbxcc","time":1608465446,"event":{"mods":["AchievementEnabler","BaseMod","Colored Map","DeckTracker","Minty Spire (QoL Compilation)","Permanent Neow","SuperFastMode"],"gold_per_floor":[110,126,126,146,156,156,81,81,133,133,169,169,197,97,97,183,183,193,193,118,127,148,148,182,182,205,241,255,268,113,137,137,208,208,234,288,138,156,183,183,213,237,237,237,237],"floor_reached":44,"playtime":1235,"items_purged":["Defend_G","Defend_G","Writhe","Defend_G"],"score":950,"play_id":"071ff897-193a-428a-b8a4-0ff4651d0560","local_time":"20201220205726","is_ascension_mode":true,"campfire_choices":[{"data":"Neutralize","floor":6.0,"key":"SMITH"},{"data":"Cloak And Dagger","floor":8.0,"key":"SMITH"},{"data":"Dash","floor":10.0,"key":"SMITH"},{"data":"Cloak And Dagger","floor":12.0,"key":"SMITH"},{"data":"Blade Dance","floor":15.0,"key":"SMITH"},{"data":"Terror","floor":23,"key":"SMITH"},{"data":"Accuracy","floor":25,"key":"SMITH"},{"data":"Blade Dance","floor":32,"key":"SMITH"},{"data":"Accuracy","floor":40,"key":"SMITH"}],"circlet_count":0,"master_deck":["AscendersBane","Strike_G","Strike_G","Strike_G","Defend_G","Defend_G","Survivor","Neutralize+1","Accuracy+1","Cloak And Dagger+1","Backflip","Dash+1","Cloak And Dagger+1","Blade Dance+1","Die Die Die","Terror+1","A Thousand Cuts","Accuracy+1","Blade Dance+1","Choke+1","Backstab+1","Acrobatics"],"relics":["Philosopher\u0027s Stone","CeramicFish","MealTicket","Sozu","Turnip","InkBottle","Bronze Scales","Kunai","Black Star","Prayer Wheel","Question Card","Letter Opener","Whetstone"],"acts_visited":["Exordium","TheCity","TheBeyond"],"potions_floor_usage":[16,18,24],"damage_taken":[{"damage":7.0,"enemies":"Jaw Worm","floor":1.0,"turns":6.0},{"damage":0.0,"enemies":"Cultist","floor":2.0,"turns":5.0},{"damage":0.0,"enemies":"Small Slimes","floor":4.0,"turns":4.0},{"damage":2.0,"enemies":"Looter","floor":5.0,"turns":4.0},{"damage":11.0,"enemies":"Lagavulin","floor":11.0,"turns":10.0},{"damage":0.0,"enemies":"2 Fungi Beasts","floor":13.0,"turns":3.0},{"damage":0,"enemies":"Slime Boss","floor":16,"turns":5},{"damage":1,"enemies":"3 Byrds","floor":18,"turns":3},{"damage":0,"enemies":"2 Thieves","floor":22,"turns":4},{"damage":14,"enemies":"Book of Stabbing","floor":24,"turns":4},{"damage":9,"enemies":"Gremlin Leader","floor":27,"turns":4},{"damage":0,"enemies":"3 Cultists","floor":28,"turns":4},{"damage":18,"enemies":"Snake Plant","floor":29,"turns":3},{"damage":13,"enemies":"Shelled Parasite and Fungi","floor":31,"turns":3},{"damage":8,"enemies":"Champ","floor":33,"turns":7},{"damage":0,"enemies":"Orb Walker","floor":35,"turns":2},{"damage":0,"enemies":"2 Orb Walkers","floor":36,"turns":4},{"damage":24,"enemies":"3 Shapes","floor":38,"turns":3},{"damage":6,"enemies":"Transient","floor":39,"turns":5},{"damage":18,"enemies":"Nemesis","floor":41,"turns":5},{"damage":0,"enemies":"3 Darklings","floor":42,"turns":2},{"damage":24,"enemies":"Reptomancer","floor":44,"turns":2}],"seed_played":"-9155726155006353180","potions_obtained":[{"floor":1.0,"key":"Weak Potion"},{"floor":2.0,"key":"Ancient Potion"},{"floor":13.0,"key":"ColorlessPotion"},{"floor":16,"key":"LiquidBronze"}],"is_trial":false,"path_per_floor":["M","M","?","M","M","R","$","R","T","R","E","R","M","$","R","B",null,"M","?","?","?","M","R","E","R","T","E","M","M","$","M","R","B",null,"M","?","$","M","M","R","E","M","T","E"],"character_chosen":"THE_SILENT","items_purchased":["Accuracy"],"campfire_rested":0,"item_purchase_floors":[30],"current_hp_per_floor":[52,52,52,52,50,50,50,50,50,50,39,39,39,54,54,54,63,62,62,62,62,62,62,48,48,48,39,39,21,36,23,23,15,53,53,53,66,42,36,36,18,18,18,0,0],"gold":237,"neow_bonus":"BOSS_RELIC","is_daily":false,"chose_seed":false,"campfire_upgraded":9,"win_rate":0.0,"timestamp":1608465446,"path_taken":["M","M","?","M","M","R","?","R","T","R","E","R","M","$","R","BOSS","M","?","?","?","M","R","E","R","T","E","M","M","$","?","R","BOSS","M","?","$","M","M","R","E","M","T","E"],"items_purchased_type":["Card"],"build_version":"2020-12-13","purchased_purges":4,"victory":false,"max_hp_per_floor":[66,66,66,66,66,66,66,66,66,66,66,66,66,66,66,66,66,66,66,66,66,66,66,66,66,66,66,66,66,66,66,66,66,66,66,66,66,66,66,66,66,66,66,66,66],"card_choices":[{"not_picked":["Acrobatics","Quick Slash"],"picked":"Accuracy","floor":1.0},{"not_picked":["Prepared","Footwork"],"picked":"Cloak And Dagger","floor":2.0},{"not_picked":["Deadly Poison","Masterful Stab"],"picked":"Backflip","floor":4.0},{"not_picked":["Quick Slash","Heel Hook"],"picked":"Dash","floor":5.0},{"not_picked":["Caltrops","Phantasmal Killer"],"picked":"Cloak And Dagger","floor":11.0},{"not_picked":["Backflip","Noxious Fumes"],"picked":"Blade Dance","floor":13.0},{"not_picked":["Corpse Explosion","Doppelganger"],"picked":"Die Die Die","floor":16},{"not_picked":["Sucker Punch","Bane","Outmaneuver"],"picked":"SKIP","floor":18},{"not_picked":["Predator","Blade Dance"],"picked":"Terror","floor":22},{"not_picked":["Outmaneuver","Flying Knee","Flechettes"],"picked":"SKIP","floor":24},{"not_picked":["Backflip","Outmaneuver"],"picked":"A Thousand Cuts","floor":27},{"not_picked":["Blade Dance","Dagger Throw","Riddle With Holes"],"picked":"SKIP","floor":28},{"not_picked":["Deadly Poison","Dodge and Roll","Slice"],"picked":"SKIP","floor":29},{"not_picked":["Deflect","Terror"],"picked":"Blade Dance","floor":31},{"not_picked":["Underhanded Strike+1","Cloak And Dagger+1"],"picked":"Choke","floor":35},{"not_picked":["Sucker Punch+1","Slice","Venomology"],"picked":"SKIP","floor":38},{"not_picked":["Dodge and Roll","Slice","Dagger Spray"],"picked":"SKIP","floor":38},{"not_picked":["Crippling Poison+1","Terror+1"],"picked":"Backstab","floor":39},{"not_picked":["Endless Agony","Slice","Flechettes"],"picked":"SKIP","floor":39},{"not_picked":["Cloak And Dagger","Setup+1","Outmaneuver"],"picked":"SKIP","floor":41},{"not_picked":["Tactician","Flechettes","Slice"],"picked":"Acrobatics","floor":42},{"not_picked":["Tools of the Trade","Sucker Punch","Slice","Bane+1"],"picked":"SKIP","floor":42}],"player_experience":1343816,"relics_obtained":[{"floor":9.0,"key":"CeramicFish"},{"floor":11.0,"key":"MealTicket"},{"floor":24,"key":"InkBottle"},{"floor":26,"key":"Bronze Scales"},{"floor":27,"key":"Kunai"},{"floor":36,"key":"Prayer Wheel"},{"floor":41,"key":"Question Card"},{"floor":41,"key":"Letter Opener"},{"floor":43,"key":"Whetstone"}],"event_choices":[{"cards_removed":["Strike_G"],"damage_healed":0.0,"max_hp_gain":0.0,"max_hp_loss":0.0,"gold_gain":0.0,"event_name":"Bonfire Elementals","player_choice":"Offered Basic","floor":3.0,"gold_loss":0.0,"damage_taken":0.0},{"damage_healed":0,"gold_gain":0,"player_choice":"Ignored","damage_taken":0,"max_hp_gain":0,"max_hp_loss":0,"event_name":"Cursed Tome","floor":19,"gold_loss":0},{"cards_removed":["Strike_G"],"damage_healed":0,"gold_gain":0,"player_choice":"Gave Gold","damage_taken":0,"max_hp_gain":0,"max_hp_loss":0,"event_name":"Beggar","floor":20,"gold_loss":75},{"damage_healed":0,"gold_gain":0,"player_choice":"Opened","damage_taken":0,"relics_obtained":["Turnip"],"max_hp_gain":0,"max_hp_loss":0,"event_name":"The Mausoleum","floor":21,"gold_loss":0,"cards_obtained":["Writhe"]},{"damage_healed":0,"gold_gain":0,"player_choice":"Fight","damage_taken":0,"max_hp_gain":0,"max_hp_loss":0,"event_name":"Mysterious Sphere","floor":36,"gold_loss":0}],"is_beta":false,"boss_relics":[{"not_picked":["Fusion Hammer","Busted Crown"],"picked":"Sozu"},{"not_picked":["Coffee Dripper","HoveringKite"],"picked":"Black Star"}],"items_purged_floors":[7,14,30,37],"is_endless":false,"potions_floor_spawned":[1,2,13,16,18,27,31,35,41,42],"killed_by":"Reptomancer","ascension_level":16}}