{"host":"pz1ko3gi7nsxydm3","time":1608433618,"event":{"mods":["AchievementEnabler","Act Like it!","BaseMod","Better Note","Better Third Choice","Colored Map","Downfall","Hallownest","Hermit","Hubris","Infinite Spire","Minty Spire (QoL Compilation)","Rare Cards Sparkle","Replay The Spire","StSLib","The Bug Knight","The Jungle","??????REMEMod"],"gold_per_floor":[19,19,19,34,34,67,67,83,83,109,128,93,93,103,103,198,198,210,210,210,224,149,149,149,174,174,17,17,36,36,53,53,150,150,165,165,176,193,243,243,243],"floor_reached":40,"playtime":2581,"items_purged":["Injury"],"score":339,"play_id":"57131237-637d-4606-aba7-2f2cda447986","local_time":"20201220030658","is_ascension_mode":false,"campfire_choices":[{"floor":13.0,"key":"RECALL"},{"floor":23,"key":"REST"},{"data":"Seeing Red","floor":30,"key":"SMITH"},{"data":"Guardian:HyperBeam_Guardian","floor":32,"key":"SMITH"}],"circlet_count":0,"master_deck":["Strike_R","Strike_R","Strike_R","Strike_R","Strike_R","Defend_R","Defend_R","Defend_R","Defend_R","Bash","Guardian:HyperBeam_Guardian+1","expansioncontent:DashGenerateEvil","Armaments","hubris:Fate+1","Rupture+1","hubris:StunningStrike","hubris:SharpeningStone","Juggernaut","Heavy Blade","Seeing Red+1","Corruption","CommonCold","Cleave+1","True Grit","Infernal Blade+1","Flex+1","Burning Pact+1","Fiend Fire","ReplayTheSpireMod:Strike From Hell+1","REME_SingleHolding+1","Flex"],"relics":["Burning Blood","REME_ComplimentaryCards","Garlic","hubris:Zylophone","Replay:Ancient Bell","PreservedInsect","Mirror","hubris:AstralHammer","infinitespire:Burning Sword","Mummified Hand","hubris:SlimyHat","Ornamental Fan","Membership Card","infinitespire:Cupcake","Replay:Multitool"],"acts_visited":["Exordium","TheCity","TheBeyond"],"potions_floor_usage":[38,40],"damage_taken":[{"damage":2.0,"enemies":"Small Slimes","floor":1.0,"turns":4.0},{"damage":0.0,"enemies":"Jaw Worm","floor":4.0,"turns":2.0},{"damage":19.0,"enemies":"Gremlin Nob","floor":6.0,"turns":4.0},{"damage":0.0,"enemies":"Cultist","floor":8.0,"turns":3.0},{"damage":9.0,"enemies":"Replay:BlueRogue","floor":10.0,"turns":8.0},{"damage":24.0,"enemies":"Large Slime","floor":11.0,"turns":5.0},{"damage":0.0,"enemies":"Exordium Thugs","floor":14.0,"turns":2.0},{"damage":9.0,"enemies":"The Guardian","floor":16.0,"turns":10.0},{"damage":0.0,"enemies":"3 Byrds","floor":18.0,"turns":3.0},{"damage":62.0,"enemies":"Shell Parasite","floor":21.0,"turns":9.0},{"damage":0,"enemies":"Replay:Snechameleon","floor":25,"turns":1},{"damage":1,"enemies":"Snake Plant","floor":29,"turns":2},{"damage":0,"enemies":"Cultist and Chosen","floor":31,"turns":2},{"damage":1,"enemies":"Champ","floor":33,"turns":3},{"damage":16,"enemies":"3 Shapes","floor":35,"turns":3},{"damage":0,"enemies":"Orb Walker","floor":37,"turns":3},{"damage":24,"enemies":"Writhing Mass","floor":38,"turns":4},{"damage":12,"enemies":"Mind Bloom Boss Battle","floor":39,"turns":4},{"damage":81,"enemies":"Reptomancer","floor":40,"turns":3}],"seed_played":"-8136629661109304053","potions_obtained":[{"floor":6.0,"key":"Venom Potion"},{"floor":8.0,"key":"LiquidMemories"},{"floor":11.0,"key":"Dexterity Potion"},{"floor":16.0,"key":"BloodPotion"},{"floor":33,"key":"FearPotion"},{"floor":35,"key":"Swift Potion"},{"floor":38,"key":"FearPotion"},{"floor":39,"key":"Explosive Potion"}],"is_trial":false,"path_per_floor":["M","?","$","M","?","E","$","M","T","E","M","?","R","M","R_BF","B",null,"M","?","?","M","?","R","AVR","E","T","$","?","M","R","M","R","B",null,"M","?","M","M","?","E"],"character_chosen":"IRONCLAD","items_purchased":["Membership Card"],"campfire_rested":1,"item_purchase_floors":[27],"current_hp_per_floor":[80,61,61,67,67,54,54,60,60,57,39,59,59,65,65,62,80,80,80,65,26,26,51,51,57,57,57,85,85,85,85,85,85,85,75,75,81,63,57,0,0],"gold":243,"neow_bonus":"RANDOM_COLORLESS_2","is_daily":false,"chose_seed":false,"campfire_upgraded":2,"win_rate":0.0,"timestamp":1608433618,"path_taken":["M","?","$","M","?","E","?","M","T","E","M","?","R","M","R_BF","BOSS","M","?","?","M","?","R","AVR","E","T","$","?","M","R","M","R","BOSS","M","?","M","?","?","E"],"items_purchased_type":["Relic"],"build_version":"2020-12-13","purchased_purges":1,"victory":false,"max_hp_per_floor":[80,80,80,80,80,80,80,80,80,80,80,80,80,80,80,80,80,80,80,85,85,85,85,85,85,85,85,85,85,85,85,85,85,85,85,85,85,85,85,85,85],"card_choices":[{"not_picked":["Midas Touch","Replay:Dark Deal"],"picked":"expansioncontent:DashGenerateEvil","floor":0.0},{"not_picked":["Dual Wield","Iron Wave"],"picked":"Armaments","floor":1.0},{"not_picked":["infinitespire:Starlight","ReplayTheSpireMod:Echoes of Time"],"picked":"hubris:Fate","floor":2.0},{"not_picked":["ReplayReversal","Run Through"],"picked":"Rupture","floor":4.0},{"not_picked":["Armaments","Run Through"],"picked":"hubris:StunningStrike","floor":6.0},{"not_picked":["Clothesline","Twin Strike"],"picked":"hubris:SharpeningStone","floor":8.0},{"not_picked":["Clothesline","Armaments"],"picked":"Juggernaut","floor":10.0},{"not_picked":["Clash","Power Through"],"picked":"Heavy Blade","floor":11.0},{"not_picked":["Twin Strike","Iron Wave"],"picked":"Seeing Red","floor":14.0},{"not_picked":["Double Tap","Brutality"],"picked":"Corruption","floor":16.0},{"not_picked":["hubris:Sloth","hubris:Compulsion"],"picked":"Injury","floor":17.0},{"not_picked":["Pain","hubris:Envy"],"picked":"Delirium","floor":17.0},{"not_picked":["Writhe","hubris:Sloth"],"picked":"CommonCold","floor":17.0},{"not_picked":["hubris:SharpeningStone","hubris:ReadiedAction"],"picked":"Cleave+1","floor":18.0},{"not_picked":["Pommel Strike+1","Rupture"],"picked":"True Grit","floor":21.0},{"not_picked":["Defy Death","REME_TheLastStrike"],"picked":"Infernal Blade+1","floor":25},{"not_picked":["Cleave","Dropkick+1"],"picked":"Flex+1","floor":29},{"not_picked":["Shrug It Off","Clash"],"picked":"Burning Pact+1","floor":31},{"not_picked":["Juggernaut","Immolate"],"picked":"Fiend Fire","floor":33},{"not_picked":["Run Through+1","REME_Scribble"],"picked":"ReplayTheSpireMod:Strike From Hell+1","floor":35},{"not_picked":["Wild Strike","Anger"],"picked":"REME_SingleHolding+1","floor":37},{"not_picked":["Rupture","Iron Wave"],"picked":"Flex","floor":38}],"player_experience":88932,"relics_obtained":[{"floor":6.0,"key":"Garlic"},{"floor":10.0,"key":"hubris:Zylophone"},{"floor":25,"key":"hubris:SlimyHat"},{"floor":26,"key":"Ornamental Fan"},{"floor":39,"key":"Replay:Multitool"}],"event_choices":[{"damage_healed":20.0,"max_hp_gain":0.0,"max_hp_loss":0.0,"gold_gain":0.0,"event_name":"The Cleric","player_choice":"Healed","floor":12.0,"gold_loss":35.0,"damage_taken":0.0},{"damage_healed":0.0,"max_hp_gain":0.0,"max_hp_loss":0.0,"gold_gain":0.0,"event_name":"betterNote:BetterNote","player_choice":"Ignored","floor":19.0,"gold_loss":0.0,"damage_taken":0.0,"cards_obtained":["Bullet Time"]},{"damage_healed":0.0,"max_hp_gain":5.0,"max_hp_loss":0.0,"gold_gain":0.0,"event_name":"Forgotten Altar","player_choice":"Shed Blood","floor":20.0,"gold_loss":0.0,"damage_taken":20.0},{"cards_removed":["Delirium"],"damage_healed":0,"gold_gain":0,"player_choice":"Gave Gold","damage_taken":0,"max_hp_gain":0,"max_hp_loss":0,"event_name":"Beggar","floor":22,"gold_loss":75},{"damage_healed":28,"gold_gain":0,"player_choice":"Heal","damage_taken":0,"max_hp_gain":0,"max_hp_loss":0,"event_name":"The Library","floor":28,"gold_loss":0},{"damage_healed":0,"gold_gain":0,"player_choice":"Bought 0 Potions","damage_taken":0,"max_hp_gain":0,"max_hp_loss":0,"event_name":"The Woman in Blue","floor":36,"gold_loss":0},{"damage_healed":0,"gold_gain":0,"player_choice":"Fight","damage_taken":0,"max_hp_gain":0,"max_hp_loss":0,"event_name":"MindBloom","floor":39,"gold_loss":0}],"is_beta":false,"boss_relics":[{"not_picked":["REME_DuelDisc","Velvet Choker"],"picked":"Replay:Ancient Bell"},{"not_picked":["Boot","Simple Rune"],"picked":"PreservedInsect"},{"not_picked":["Self Forming Clay","Letter Opener"],"picked":"Mirror"},{"not_picked":["Bird Faced Urn","hubris:MedicalManual"],"picked":"hubris:AstralHammer"},{"not_picked":["hubris:Stopwatch","Runic Cube"],"picked":"infinitespire:Cupcake"}],"items_purged_floors":[24],"is_endless":false,"potions_floor_spawned":[6,8,11,16,33,35,38,39],"killed_by":"Reptomancer","ascension_level":0}}