{"host":"07tcb8n8jdavk3gs","time":1608479319,"event":{"mods":["BaseMod","Colored Map","Hermit","Marisa????????","Minty Spire (QoL Compilation)","StSLib","The Animator","The Cursed","The Servant 0.9.4"],"gold_per_floor":[281,431,280,296,396,433,476,520,520,542,542],"floor_reached":10,"playtime":526,"items_purged":["Doubt"],"score":163,"play_id":"64d82174-e3b5-4e84-98cf-2f71de0221d2","local_time":"20201220094839","is_ascension_mode":true,"campfire_choices":[],"circlet_count":0,"master_deck":["AscendersBane","animator:Strike_Kancolle","animator:Defend_Kancolle","animator:Strike","animator:Strike","animator:Strike","animator:Defend","animator:Defend","animator:Defend","animator:Shimakaze","animator:Rider","animator:Sonic","animator:SakuraMatou","animator:Chris","animator:ShinjiMatou","animator:SilverFang"],"relics":["animator:LivingPicture","animator:TheMissingPiece","NeowsBlessing","Akabeko","The Courier"],"acts_visited":["Exordium"],"potions_floor_usage":[7,10,10],"damage_taken":[{"damage":0,"enemies":"Jaw Worm","floor":1,"turns":1},{"damage":0,"enemies":"2 Louse","floor":4,"turns":1},{"damage":0,"enemies":"Lagavulin","floor":6,"turns":2},{"damage":0,"enemies":"Cultist","floor":7,"turns":5},{"damage":10,"enemies":"Looter","floor":8,"turns":5},{"damage":80,"enemies":"Gremlin Nob","floor":10,"turns":5}],"seed_played":"-5642286360582424389","potions_obtained":[{"floor":4,"key":"DuplicationPotion"},{"floor":7,"key":"FearPotion"},{"floor":8,"key":"SteroidPotion"}],"is_trial":false,"path_per_floor":["M","?","$","M","?","E","M","M","T","E"],"character_chosen":"THE_ANIMATOR","items_purchased":["animator:Sonic"],"campfire_rested":0,"item_purchase_floors":[3],"current_hp_per_floor":[54,54,54,55,55,55,55,45,45,0,0],"gold":542,"neow_bonus":"THREE_ENEMY_KILL","is_daily":false,"chose_seed":false,"campfire_upgraded":0,"win_rate":0.0,"timestamp":1608479319,"path_taken":["M","?","$","M","?","E","?","M","T","E"],"items_purchased_type":["Card"],"build_version":"2020-12-13","purchased_purges":1,"victory":false,"max_hp_per_floor":[60,60,60,61,61,61,61,61,61,61,61],"card_choices":[{"not_picked":["animator:Alexander","animator:SilverFang"],"picked":"animator:Rider","floor":1},{"not_picked":["animator:Tyuule","animator:Bozes"],"picked":"animator:SakuraMatou","floor":4},{"not_picked":["animator:Mitsurugi","animator:SakuraMatou"],"picked":"animator:Chris","floor":6},{"not_picked":["animator:SakuraMatou","animator:RinTohsaka"],"picked":"animator:ShinjiMatou","floor":7},{"not_picked":["animator:Shinoa","animator:Melzalgald"],"picked":"animator:SilverFang","floor":8}],"player_experience":892945,"relics_obtained":[{"floor":6,"key":"Akabeko"},{"floor":9,"key":"The Courier"}],"event_choices":[{"damage_healed":0,"gold_gain":150,"player_choice":"AGREE","damage_taken":0,"max_hp_gain":0,"max_hp_loss":0,"event_name":"Liars Game","floor":2,"gold_loss":0,"cards_obtained":["Doubt"]},{"damage_healed":0,"gold_gain":100,"player_choice":"Gold","damage_taken":0,"max_hp_gain":0,"max_hp_loss":0,"event_name":"Wheel of Change","floor":5,"gold_loss":0}],"is_beta":false,"boss_relics":[],"items_purged_floors":[3],"is_endless":false,"potions_floor_spawned":[4,7,8],"killed_by":"Gremlin Nob","ascension_level":15}}