{"host":"9d83omykrosjn1d3","time":1608443376,"event":{"mods":["AchievementEnabler","BaseMod","BetterRewards","Card Forge","Hubris","MarisaÅiñ∂âJÅ@ñÇóùçπÅj","Minty Spire (QoL Compilation)","Permanent Neow","Shop Mod","StSLib","SuperFastMode"],"gold_per_floor":[363,408,432,432,461,503,503,527,527,561,591,628,660,457,457,565,565,587,587,606,639,404,436,452,480,480,480,608,378,420,432,432,534,534,545,27,46,46,92,117,117,137,542,542,567,617,171,207,207,207,207,207,56,82,82],"floor_reached":56,"playtime":3189,"items_purged":[],"score":1726,"play_id":"1bd2cfe1-4abb-4355-92d8-230a9665c11e","local_time":"20201220144936","is_ascension_mode":true,"campfire_choices":[{"data":"Infinite Blades","floor":7,"key":"SMITH"},{"data":"Accuracy","floor":11,"key":"SMITH"},{"data":"1","floor":15,"key":"LIFT"},{"data":"2","floor":32,"key":"LIFT"},{"data":"3","floor":41,"key":"LIFT"},{"floor":49,"key":"RECALL"},{"data":"Footwork","floor":52,"key":"SMITH"}],"circlet_count":0,"master_deck":["Backflip","Accuracy+1","Footwork+1","Cloak And Dagger+1","Burst+1","Dodge and Roll","Footwork+1","Accuracy+1","Envenom+1","Footwork+1","Footwork+1","Blur+1","Finisher+1","Footwork"],"relics":["Ring of the Snake","Hammer of Thor","Seething Fire","Anvil of the Gods","CeramicFish","hubris:Towel","Potion Belt","Anchor","Girya","MerchantsRug","Tiny Chest","TheAbacus","hubris:DeckOfHolding","HoveringKite","hubris:SlimyHat","Blue Candle","Oddly Smooth Stone","hubris:Icosahedron","Sundial","Shuriken","Bag of Preparation","TwistedFunnel","Vajra","Sozu","hubris:AncientText","Lee\u0027s Waffle","hubris:TinFlute","Lantern","Bronze Scales","hubris:CrystalStatue","FossilizedHelix","Turnip","CaptainsWheel","Dream Catcher","Art of War","OrangePellets","hubris:Potato"],"acts_visited":[],"potions_floor_usage":[],"damage_taken":[{"damage":0,"enemies":"Small Slimes","floor":1,"turns":4},{"damage":1,"enemies":"Cultist","floor":3,"turns":5},{"damage":0,"enemies":"2 Louse","floor":5,"turns":3},{"damage":23,"enemies":"3 Sentries","floor":6,"turns":9},{"damage":3,"enemies":"2 Fungi Beasts","floor":8,"turns":3},{"damage":0,"enemies":"Lagavulin","floor":10,"turns":6},{"damage":12,"enemies":"Gremlin Nob","floor":12,"turns":4},{"damage":2,"enemies":"Blue Slaver","floor":13,"turns":3},{"damage":0,"enemies":"The Guardian","floor":16,"turns":7},{"damage":1,"enemies":"2 Thieves","floor":18,"turns":3},{"damage":0,"enemies":"Chosen","floor":20,"turns":5},{"damage":0,"enemies":"Snecko","floor":21,"turns":5},{"damage":8,"enemies":"Slavers","floor":23,"turns":7},{"damage":0,"enemies":"Sentry and Sphere","floor":24,"turns":4},{"damage":0,"enemies":"Chosen and Byrds","floor":25,"turns":5},{"damage":0,"enemies":"Gremlin Leader","floor":28,"turns":6},{"damage":0,"enemies":"Book of Stabbing","floor":30,"turns":5},{"damage":2,"enemies":"3 Cultists","floor":31,"turns":5},{"damage":0,"enemies":"Collector","floor":33,"turns":7},{"damage":1,"enemies":"Orb Walker","floor":35,"turns":3},{"damage":3,"enemies":"3 Darklings","floor":37,"turns":4},{"damage":0,"enemies":"Nemesis","floor":40,"turns":9},{"damage":14,"enemies":"Jaw Worm Horde","floor":42,"turns":3},{"damage":0,"enemies":"Reptomancer","floor":45,"turns":4},{"damage":0,"enemies":"Mind Bloom Boss Battle","floor":46,"turns":3},{"damage":0,"enemies":"Nemesis","floor":48,"turns":5},{"damage":42,"enemies":"Awakened One","floor":50,"turns":6},{"damage":0,"enemies":"Shield and Spear","floor":54,"turns":7},{"damage":42,"enemies":"The Heart","floor":55,"turns":8}],"seed_played":"-3811879513908537665","potions_obtained":[{"floor":3,"key":"SteroidPotion"},{"floor":8,"key":"Swift Potion"},{"floor":10,"key":"ColorlessPotion"},{"floor":21,"key":"SteroidPotion"},{"floor":30,"key":"Fire Potion"},{"floor":31,"key":"Poison Potion"}],"is_trial":false,"path_per_floor":["M","?","M","?","M","E","R","M","T","E","R","E","M","$","R","B",null,"M","?","M","M","$","E","M","M","T","?","E","$","E","M","R","B",null,"M","$","M","?","T","E","R","M","T","?","E","?","$","E","R","B",null,"R","$","E","B",null],"character_chosen":"THE_SILENT","items_purchased":["MerchantsRug","Tiny Chest","TheAbacus","hubris:DeckOfHolding","Blue Candle","Shuriken","Bag of Preparation","TwistedFunnel","hubris:AncientText","Lee\u0027s Waffle","hubris:TinFlute","CaptainsWheel","Dream Catcher","OrangePellets"],"campfire_rested":0,"item_purchase_floors":[14,14,14,14,22,29,29,29,36,36,36,47,47,53],"current_hp_per_floor":[70,70,69,69,69,46,46,43,43,43,43,31,29,29,29,29,70,69,69,69,69,69,61,61,61,61,61,61,61,61,59,59,59,70,69,77,74,74,74,74,74,60,60,60,60,60,60,60,60,18,77,77,77,77,35],"gold":82,"neow_bonus":"TWO_FIFTY_GOLD","is_daily":false,"chose_seed":false,"campfire_upgraded":3,"win_rate":0.0,"timestamp":1608443376,"path_taken":["M","?","?","?","M","E","R","M","T","E","R","E","M","$","R","BOSS","M","?","M","M","$","E","M","M","T","?","E","$","E","M","R","BOSS","M","$","M","?","?","E","R","M","T","?","E","?","$","E","R","BOSS","R","$","E","BOSS"],"items_purchased_type":["Relic","Relic","Relic","Relic","Relic","Relic","Relic","Relic","Relic","Relic","Relic","Relic","Relic","Relic"],"build_version":"2020-12-13","purchased_purges":0,"victory":true,"max_hp_per_floor":[70,70,70,70,70,70,70,70,70,70,70,70,70,70,70,70,70,70,70,70,70,70,70,70,70,70,70,70,70,70,70,70,70,70,70,77,77,77,77,77,77,77,77,77,77,77,77,77,77,77,77,77,77,77,77],"card_choices":[{"not_picked":["Dagger Throw","Outmaneuver"],"picked":"Blade Dance","floor":1},{"not_picked":["Sucker Punch","hubris:SlightOfHand"],"picked":"Infinite Blades","floor":3},{"not_picked":["Well Laid Plans","Bane"],"picked":"Poisoned Stab","floor":5},{"not_picked":["Slice","hubris:SlightOfHand"],"picked":"Backflip","floor":6},{"not_picked":["Sucker Punch","Riddle With Holes"],"picked":"Accuracy","floor":8},{"not_picked":["Prepared","Underhanded Strike","Flying Knee"],"picked":"SKIP","floor":10},{"not_picked":["Slice","Leg Sweep","Expertise"],"picked":"SKIP","floor":12},{"not_picked":["Deadly Poison","Deflect","Grand Finale"],"picked":"SKIP","floor":13},{"not_picked":["Malaise","Glass Knife"],"picked":"Burst","floor":16},{"not_picked":["hubris:Counter","Prepared"],"picked":"Dodge and Roll","floor":18},{"not_picked":["Quick Slash","Doppelganger","hubris:Counter"],"picked":"SKIP","floor":20},{"not_picked":["Dagger Throw","Terror","Noxious Fumes"],"picked":"SKIP","floor":21},{"not_picked":["Backflip","Endless Agony","Flying Knee"],"picked":"SKIP","floor":23},{"not_picked":["Concentrate","Poisoned Stab+1","Slice"],"picked":"SKIP","floor":24},{"not_picked":["Dodge and Roll+1","PiercingWail"],"picked":"Envenom","floor":25},{"not_picked":["Grand Finale","Infinite Blades+1"],"picked":"Footwork","floor":28},{"not_picked":["Dagger Spray","Infinite Blades"],"picked":"Footwork","floor":30},{"not_picked":["Underhanded Strike+1","Dagger Spray","Prepared"],"picked":"SKIP","floor":31},{"not_picked":["Caltrops+1","Sucker Punch+1","Slice"],"picked":"SKIP","floor":35},{"not_picked":["Poisoned Stab+1","Escape Plan"],"picked":"Blur+1","floor":37},{"not_picked":["Bane+1","Backstab","Caltrops"],"picked":"SKIP","floor":40},{"not_picked":["Acrobatics","Bane+1"],"picked":"Finisher+1","floor":42},{"not_picked":["Backflip","Dash+1","Predator"],"picked":"SKIP","floor":45},{"not_picked":["Backflip+1","Envenom"],"picked":"Footwork","floor":48},{"not_picked":["Dodge and Roll","Dagger Spray","Skewer+1"],"picked":"SKIP","floor":54}],"player_experience":594279,"relics_obtained":[{"floor":6,"key":"Potion Belt"},{"floor":9,"key":"Anchor"},{"floor":10,"key":"MawBank"},{"floor":12,"key":"Girya"},{"floor":23,"key":"Oddly Smooth Stone"},{"floor":28,"key":"Sundial"},{"floor":30,"key":"Vajra"},{"floor":39,"key":"Lantern"},{"floor":40,"key":"Bronze Scales"},{"floor":43,"key":"hubris:CrystalStatue"},{"floor":45,"key":"FossilizedHelix"},{"floor":46,"key":"Turnip"},{"floor":48,"key":"Art of War"},{"floor":54,"key":"hubris:Potato"}],"event_choices":[{"cards_removed":["Blade Dance"],"damage_healed":0,"gold_gain":0,"player_choice":"Gave Card","damage_taken":0,"relics_obtained":["CeramicFish"],"max_hp_gain":0,"max_hp_loss":0,"event_name":"WeMeetAgain","floor":2,"gold_loss":0},{"damage_healed":0,"gold_gain":0,"player_choice":"Opened","damage_taken":0,"relics_obtained":["hubris:SlimyHat"],"max_hp_gain":0,"max_hp_loss":0,"event_name":"The Mausoleum","floor":19,"gold_loss":0},{"damage_healed":0,"gold_gain":0,"player_choice":"Got Potions","damage_taken":0,"max_hp_gain":0,"max_hp_loss":0,"event_name":"Lab","floor":38,"gold_loss":0},{"damage_healed":0,"gold_gain":0,"player_choice":"Fight","damage_taken":0,"max_hp_gain":0,"max_hp_loss":0,"event_name":"MindBloom","floor":46,"gold_loss":0}],"is_beta":false,"boss_relics":[{"not_picked":["Ring of the Serpent","Astrolabe"],"picked":"HoveringKite"},{"not_picked":["hubris:VirtuousBlindfold","Tiny House"],"picked":"Sozu"}],"items_purged_floors":[],"is_endless":false,"potions_floor_spawned":[3,8,10,21,30,31,35,40,42,46],"ascension_level":1}}