{"host":"k6v1xkuzrj71f4ss","time":1608479992,"event":{"mods":["Act Like it!","BaseMod","Bestiary","BetterRewards","Block Reminder","Colored Map","Colored Powertips","Curses Come First","Hubris","Minty Spire (QoL Compilation)","Quick Restart","Relic Stats","Remove Card Discount Mod","Spicy Shops","StSLib","óô»ðÖ¸ÄÏ"],"gold_per_floor":[119,4393,3848,3848,3859,3887,3645,3680,3680,3705,3725,3725,3725,3740,3740,3843,3843,3862,3787,3787,3787,3787,3815,3114,3134,3134,3159,3178,3196,3196,3221,3221,3321,3321,3340,3394,3394,3413,3413,3445,3463,3497,3497,3516,3532,3566,3586,3597,3049,3049],"floor_reached":51,"playtime":5254,"items_purged":["hubris:Disease","Pain","Strike_R","Strike_R","Strike_R","Strike_R","Strike_R","Pommel Strike","Madness","Madness","Defend_R"],"score":1034,"play_id":"08fd927a-3765-40db-8a3e-a6b459345554","local_time":"20201220235952","is_ascension_mode":true,"campfire_choices":[{"floor":15.0,"key":"REST"},{"data":"Dual Wield","floor":30.0,"key":"SMITH"},{"data":"1","floor":32.0,"key":"LIFT"}],"circlet_count":0,"master_deck":["Double Tap+1","Defend_R","Defend_R","Bash","Double Tap","Rampage","Infernal Blade","Rampage","Blood for Blood","Dual Wield+1","Exhume","Flex","Reaper","Inflame+1","Reaper","Feed","Anger","Seeing Red","Bloodletting+1","Rage","Heavy Blade","Infernal Blade+1","hubris:DuctTapeCard"],"relics":["Burning Blood","hubris:Potato","Torii","Lantern","Mango","Bottled Lightning","WarpedTongs","hubris:64BitClover","Vajra","hubris:BundleOfHerbs","hubris:BottledRain","hubris:DisguiseKit","Regal Pillow","hubris:Icosahedron","Runic Pyramid","Necronomicon","hubris:Towel","Bronze Scales","Pen Nib","hubris:EmptyBottle","hubris:DuctTape","hubris:SphereOfDissonance","Frozen Egg 2","Bag of Marbles","Girya","Fusion Hammer","CaptainsWheel","Omamori","Incense Burner","hubris:PeanutButter","Blue Candle","Singing Bowl","Blood Vial","TheAbacus","Shuriken"],"acts_visited":["Exordium","TheCity","TheBeyond"],"potions_floor_usage":[50],"damage_taken":[{"damage":0.0,"enemies":"Cultist","floor":1.0,"turns":2.0},{"damage":1.0,"enemies":"2 Louse","floor":5.0,"turns":2.0},{"damage":31.0,"enemies":"Gremlin Nob","floor":6.0,"turns":4.0},{"damage":25.0,"enemies":"Lagavulin","floor":8.0,"turns":6.0},{"damage":21.0,"enemies":"3 Sentries","floor":10.0,"turns":4.0},{"damage":0.0,"enemies":"Jaw Worm","floor":11.0,"turns":1.0},{"damage":0.0,"enemies":"Exordium Wildlife","floor":14.0,"turns":3.0},{"damage":15.0,"enemies":"Hexaghost","floor":16.0,"turns":10.0},{"damage":12.0,"enemies":"3 Byrds","floor":18.0,"turns":3.0},{"damage":30.0,"enemies":"Book of Stabbing","floor":23.0,"turns":4.0},{"damage":0.0,"enemies":"Chosen","floor":25.0,"turns":4.0},{"damage":32.0,"enemies":"Gremlin Leader","floor":27.0,"turns":5.0},{"damage":42.0,"enemies":"Shelled Parasite and Fungi","floor":28.0,"turns":4.0},{"damage":17.0,"enemies":"Snake Plant","floor":29.0,"turns":2.0},{"damage":45.0,"enemies":"Slavers","floor":31.0,"turns":4.0},{"damage":55.0,"enemies":"Champ","floor":33.0,"turns":8.0},{"damage":9.0,"enemies":"3 Shapes","floor":35.0,"turns":2.0},{"damage":46.0,"enemies":"2 Orb Walkers","floor":36.0,"turns":3.0},{"damage":22.0,"enemies":"Orb Walker","floor":38.0,"turns":3.0},{"damage":21.0,"enemies":"Nemesis","floor":40.0,"turns":3.0},{"damage":30.0,"enemies":"Spire Growth","floor":41.0,"turns":3.0},{"damage":0.0,"enemies":"Giant Head","floor":42.0,"turns":5.0},{"damage":16.0,"enemies":"Jaw Worm Horde","floor":44.0,"turns":4.0},{"damage":0.0,"enemies":"Transient","floor":45.0,"turns":5.0},{"damage":10.0,"enemies":"Reptomancer","floor":46.0,"turns":2.0},{"damage":23.0,"enemies":"Maw","floor":47.0,"turns":6.0},{"damage":0.0,"enemies":"Writhing Mass","floor":48.0,"turns":2.0},{"damage":59,"enemies":"Donu and Deca","floor":50,"turns":6}],"seed_played":"-8096861430429778178","potions_obtained":[{"floor":5.0,"key":"SkillPotion"},{"floor":10.0,"key":"LiquidBronze"},{"floor":11.0,"key":"Swift Potion"},{"floor":16.0,"key":"EssenceOfSteel"},{"floor":28.0,"key":"DistilledChaos"}],"is_trial":false,"path_per_floor":["M","$","$","?","M","E","R","E","T","E","M","?","?","M","R","B",null,"M","?","?","?","?","E","R","M","T","E","M","M","R","E","R","B",null,"M","?","?","M","?","E","M","E","T","M","M","E","M","M","R","B",null],"character_chosen":"IRONCLAD","items_purchased":["hubris:Potato","Torii","Lantern","Mango","Bottled Lightning","Rampage","Vajra","Reaper","Pen Nib","hubris:EmptyBottle","hubris:DuctTape","Blood Vial","TheAbacus","Shuriken"],"campfire_rested":1,"item_purchase_floors":[2,2,2,3,3,7,7,24,24,24,24,49,49,49],"current_hp_per_floor":[80,80,94,94,94,69,69,50,50,35,41,8,8,14,57,54,94,88,88,72,72,72,51,51,78,78,82,88,77,77,94,94,89,94,94,96,84,99,99,101,104,104,104,107,107,107,103,111,111,97],"gold":3049,"neow_bonus":"THREE_RARE_CARDS","is_daily":false,"chose_seed":false,"campfire_upgraded":1,"win_rate":0.0,"timestamp":1608479992,"path_taken":["M","?","$","?","M","E","R","E","T","E","?","?","?","M","R","BOSS","M","?","?","?","?","E","R","?","T","E","M","M","R","E","R","BOSS","M","?","?","M","?","E","M","E","T","?","?","E","M","?","R","BOSS"],"items_purchased_type":["Relic","Relic","Relic","Relic","Relic","Card","Relic","Card","Relic","Relic","Relic","Relic","Relic","Relic"],"build_version":"2020-12-13","purchased_purges":11,"victory":true,"max_hp_per_floor":[80,80,94,94,94,94,94,94,94,94,94,94,94,94,94,94,94,94,94,94,94,94,94,94,94,94,94,94,94,94,94,94,94,94,97,97,97,101,101,101,104,104,104,107,107,107,109,111,111,111],"relic_stats":{"Regal Pillow":15,"Torii":54,"Singing Bowl":4,"counters":[28,110],"Blue Candle":[0],"Pen Nib":[20],"Burning Blood":121,"WarpedTongs":[108],"Blood Vial":0,"TheAbacus":[6],"Shuriken":[5],"Bronze Scales":[158],"Necronomicon":[40],"obtain_stats":[{"Lantern":2,"Regal Pillow":12,"Torii":2,"Singing Bowl":47,"Vajra":7,"Mango":3,"Incense Burner":42,"hubris:EmptyBottle":24,"Burning Blood":0,"Blood Vial":49,"hubris:Icosahedron":13,"TheAbacus":49,"Fusion Hammer":34,"Necronomicon":20,"Runic Pyramid":17,"hubris:DisguiseKit":10,"Girya":31,"hubris:DuctTape":24,"hubris:64BitClover":6,"Blue Candle":46,"hubris:SphereOfDissonance":26,"Pen Nib":24,"Omamori":40,"hubris:Towel":22,"Frozen Egg 2":27,"WarpedTongs":4,"CaptainsWheel":36,"Shuriken":49,"Bronze Scales":23,"hubris:PeanutButter":43,"hubris:BundleOfHerbs":8,"Bag of Marbles":29,"Bottled Lightning":3,"hubris:Potato":2,"hubris:BottledRain":9},{"Lantern":1,"Regal Pillow":6,"Torii":1,"Singing Bowl":26,"Vajra":3,"Mango":1,"Incense Burner":22,"hubris:EmptyBottle":10,"Burning Blood":0,"Blood Vial":27,"hubris:Icosahedron":6,"TheAbacus":27,"Fusion Hammer":16,"Necronomicon":9,"Runic Pyramid":8,"hubris:DisguiseKit":5,"Girya":15,"hubris:DuctTape":10,"hubris:64BitClover":3,"Blue Candle":25,"hubris:SphereOfDissonance":11,"Pen Nib":10,"Omamori":20,"hubris:Towel":9,"Frozen Egg 2":12,"WarpedTongs":1,"CaptainsWheel":18,"Shuriken":27,"Bronze Scales":10,"hubris:PeanutButter":22,"hubris:BundleOfHerbs":4,"Bag of Marbles":14,"Bottled Lightning":1,"hubris:Potato":1,"hubris:BottledRain":4},{"Lantern":2,"Regal Pillow":19,"Torii":2,"Singing Bowl":102,"Vajra":8,"Mango":2,"Incense Burner":85,"hubris:EmptyBottle":39,"Burning Blood":0,"Blood Vial":104,"hubris:Icosahedron":19,"TheAbacus":104,"Fusion Hammer":66,"Necronomicon":35,"Runic Pyramid":32,"hubris:DisguiseKit":18,"Girya":58,"hubris:DuctTape":39,"hubris:64BitClover":8,"Blue Candle":96,"hubris:SphereOfDissonance":43,"Pen Nib":39,"Omamori":77,"hubris:Towel":35,"Frozen Egg 2":48,"WarpedTongs":2,"CaptainsWheel":71,"Shuriken":104,"Bronze Scales":39,"hubris:PeanutButter":85,"hubris:BundleOfHerbs":14,"Bag of Marbles":54,"Bottled Lightning":2,"hubris:Potato":2,"hubris:BottledRain":14}]},"card_choices":[{"not_picked":["Fiend Fire","Limit Break"],"picked":"Double Tap","floor":0.0},{"not_picked":["Perfected Strike","Thunderclap"],"picked":"hubris:SharpeningStone","floor":1.0},{"not_picked":["Havoc","Feel No Pain"],"picked":"Rampage","floor":5.0},{"not_picked":["Wild Strike","Sword Boomerang"],"picked":"Infernal Blade","floor":6.0},{"not_picked":["Shrug It Off","Headbutt"],"picked":"Pommel Strike","floor":8.0},{"not_picked":["Sword Boomerang","Twin Strike"],"picked":"Blood for Blood","floor":10.0},{"not_picked":["Clash","Spot Weakness","Sucker Punch"],"picked":"Dual Wield","floor":11.0},{"not_picked":["Twin Strike","Second Wind","Dark Embrace","Dagger Throw"],"picked":"SKIP","floor":14.0},{"not_picked":["Immolate","Bludgeon","Die Die Die"],"picked":"Exhume","floor":16.0},{"not_picked":["Clothesline","Searing Blow","hubris:ReadiedAction","Deadly Poison"],"picked":"SKIP","floor":18.0},{"not_picked":["Havoc","Clash","Night Terror"],"picked":"Flex","floor":23.0},{"not_picked":["Feel No Pain","Whirlwind","Sever Soul+1","Blade Dance"],"picked":"SKIP","floor":25.0},{"not_picked":["Thunderclap+1","Warcry","Acrobatics"],"picked":"Inflame+1","floor":27.0},{"not_picked":["Armaments","Feel No Pain+1","Whirlwind+1","Deflect"],"picked":"SKIP","floor":28.0},{"not_picked":["Entrench","Carnage","Tactician"],"picked":"Reaper","floor":29.0},{"not_picked":["Headbutt","hubris:CleavingFinish","Rampage","After Image"],"picked":"SKIP","floor":31.0},{"not_picked":["Impervious","Barricade+1","Envenom"],"picked":"Feed","floor":33.0},{"not_picked":["Pummel","Offering","Bane"],"picked":"Anger","floor":35.0},{"not_picked":["Burning Pact+1","Havoc+1","Quick Slash"],"picked":"Seeing Red","floor":38.0},{"not_picked":["Cleave+1","Iron Wave","Havoc+1","Dash"],"picked":"SKIP","floor":40.0},{"not_picked":["Twin Strike","Exhume","Dagger Throw"],"picked":"Bloodletting+1","floor":41.0},{"not_picked":["Whirlwind+1","Metallicize+1","Backstab"],"picked":"Rage","floor":42.0},{"not_picked":["Wild Strike+1","Flex","Havoc","Acrobatics"],"picked":"SKIP","floor":44.0},{"not_picked":["Pummel","Cleave+1","Glass Knife"],"picked":"Heavy Blade","floor":45.0},{"not_picked":["Uppercut","Cleave","Flechettes"],"picked":"Infernal Blade+1","floor":46.0},{"not_picked":["Warcry","Inflame+1","Shrug It Off","hubris:SlightOfHand"],"picked":"Singing Bowl","floor":47.0},{"not_picked":["Iron Wave+1","Shrug It Off","Spot Weakness","Deadly Poison"],"picked":"Singing Bowl","floor":48.0}],"player_experience":134409,"relics_obtained":[{"floor":6.0,"key":"hubris:64BitClover"},{"floor":8.0,"key":"hubris:BundleOfHerbs"},{"floor":9.0,"key":"hubris:BottledRain"},{"floor":10.0,"key":"hubris:DisguiseKit"},{"floor":20.0,"key":"Necronomicon"},{"floor":23.0,"key":"Bronze Scales"},{"floor":26.0,"key":"hubris:SphereOfDissonance"},{"floor":27.0,"key":"Frozen Egg 2"},{"floor":29.0,"key":"Bag of Marbles"},{"floor":31.0,"key":"Girya"},{"floor":36.0,"key":"CaptainsWheel"},{"floor":40.0,"key":"Omamori"},{"floor":42.0,"key":"Incense Burner"},{"floor":43.0,"key":"hubris:PeanutButter"},{"floor":46.0,"key":"Blue Candle"},{"floor":47.0,"key":"Singing Bowl"}],"event_choices":[{"damage_healed":0.0,"max_hp_gain":0.0,"max_hp_loss":0.0,"gold_gain":0.0,"event_name":"Accursed Blacksmith","player_choice":"Rummage","floor":4.0,"gold_loss":0.0,"damage_taken":0.0,"relics_obtained":["WarpedTongs"],"cards_obtained":["Pain"]},{"damage_healed":0.0,"max_hp_gain":0.0,"max_hp_loss":0.0,"gold_gain":0.0,"event_name":"Scrap Ooze","player_choice":"Success","floor":12.0,"gold_loss":0.0,"damage_taken":33.0,"relics_obtained":["Regal Pillow"]},{"cards_removed":["Defend_R"],"damage_healed":0.0,"max_hp_gain":0.0,"max_hp_loss":0.0,"gold_gain":0.0,"event_name":"Beggar","player_choice":"Gave Gold","floor":19.0,"gold_loss":75.0,"damage_taken":0.0},{"damage_healed":0.0,"max_hp_gain":0.0,"max_hp_loss":0.0,"gold_gain":0.0,"event_name":"Cursed Tome","player_choice":"Obtained Book","floor":20.0,"gold_loss":0.0,"damage_taken":16.0},{"damage_healed":0.0,"max_hp_gain":0.0,"max_hp_loss":0.0,"gold_gain":0.0,"event_name":"Ghosts","player_choice":"Ignored","floor":21.0,"gold_loss":0.0,"damage_taken":0.0},{"damage_healed":0.0,"max_hp_gain":0.0,"max_hp_loss":0.0,"gold_gain":0.0,"event_name":"Mysterious Sphere","player_choice":"Fight","floor":36.0,"gold_loss":0.0,"damage_taken":0.0},{"damage_healed":0.0,"max_hp_gain":0.0,"max_hp_loss":0.0,"gold_gain":0.0,"event_name":"Winding Halls","player_choice":"Embrace Madness","floor":37.0,"gold_loss":0.0,"damage_taken":12.0,"cards_obtained":["Madness","Madness"]},{"damage_healed":0.0,"max_hp_gain":0.0,"max_hp_loss":0.0,"gold_gain":0.0,"event_name":"The Woman in Blue","player_choice":"Bought 0 Potions","floor":39.0,"gold_loss":0.0,"damage_taken":0.0}],"is_beta":false,"boss_relics":[{"not_picked":["Mark of Pain","hubris:CrackedHourglass"],"picked":"Runic Pyramid"},{"not_picked":["hubris:BlackHole","hubris:RunicObelisk"],"picked":"Fusion Hammer"}],"items_purged_floors":[2,7,7,7,7,24,49,49,49,49,49],"is_endless":false,"potions_floor_spawned":[5,10,11,16,28,29,31,35,38,40,41,45],"ascension_level":3}}