{"host":"6he3f0ic6yesrium","time":1608436234,"event":{"mods":["BaseMod","Better Altar","Better Match","Better Note","Better Sensory Stone","Better Skull","Better Third Choice","Colored Map","Conspire","Hermit","Hubris","Marisa????????","Mimic Mod","Minty Spire (QoL Compilation)","Replay The Spire","Shade Mod","StSLib","The Alterego","The Runesmith"],"gold_per_floor":[20,20,44,65,80,80,99,99,148,160,213,225,237,249,249],"floor_reached":14,"playtime":479,"items_purged":[],"score":115,"play_id":"9964d7b9-4df8-4908-9466-90249ddd5e83","local_time":"20201219225034","is_ascension_mode":false,"campfire_choices":[{"data":"alterego_mod:Impale","floor":6,"key":"SMITH"},{"data":"alterego_mod:BigMeatyClaws","floor":8,"key":"SMITH"},{"floor":10,"key":"REST"}],"circlet_count":0,"master_deck":["alterego_mod:Strike","alterego_mod:Strike","alterego_mod:Strike","alterego_mod:Strike","alterego_mod:Defend","alterego_mod:Defend","alterego_mod:Defend","alterego_mod:Defend","alterego_mod:Impale+1","alterego_mod:BigMeatyClaws+1","alterego_mod:BrynhildrsRune","alterego_mod:MaintainEyeContact","alterego_mod:TrashNCrash+1","alterego_mod:Bunnysuit","alterego_mod:Bounce","alterego_mod:Maid"],"relics":["alterego_mod:MasochisticConstitution","Golden Idol","MawBank","hubris:SlimyHat"],"acts_visited":["Exordium"],"potions_floor_usage":[5,5],"damage_taken":[{"damage":12,"enemies":"2 Louse","floor":1,"turns":5},{"damage":0,"enemies":"Small Slimes","floor":3,"turns":3},{"damage":9,"enemies":"Jaw Worm","floor":4,"turns":4},{"damage":18,"enemies":"Exordium Wildlife","floor":5,"turns":4},{"damage":25,"enemies":"Blue Slaver","floor":7,"turns":5},{"damage":17,"enemies":"Lagavulin","floor":11,"turns":6},{"damage":18,"enemies":"3 Sentries","floor":14,"turns":2}],"seed_played":"7859652279986177026","potions_obtained":[{"floor":3,"key":"SteroidPotion"},{"floor":4,"key":"FearPotion"}],"is_trial":false,"path_per_floor":["M","?","M","M","M","R","M","R","T","R","E","$","?","E"],"character_chosen":"The_Alterego","items_purchased":[],"campfire_rested":1,"item_purchase_floors":[],"current_hp_per_floor":[73,52,52,44,27,27,3,3,3,29,13,13,13,0,0],"gold":249,"neow_bonus":"TWENTY_PERCENT_HP_BONUS","is_daily":false,"chose_seed":false,"campfire_upgraded":2,"win_rate":0.0,"timestamp":1608436234,"path_taken":["M","?","M","M","M","R","M","R","T","R","E","$","?","E"],"items_purchased_type":[],"build_version":"2020-12-13","purchased_purges":0,"victory":false,"max_hp_per_floor":[85,85,85,86,87,87,88,88,88,88,89,89,89,89,89],"card_choices":[{"not_picked":["alterego_mod:Birthday","alterego_mod:Bloomers"],"picked":"alterego_mod:MaintainEyeContact","floor":1},{"not_picked":["alterego_mod:Mirror","alterego_mod:BeGentle"],"picked":"alterego_mod:TrashNCrash","floor":3},{"not_picked":["alterego_mod:HighServant","alterego_mod:MagicResistance","alterego_mod:Table"],"picked":"SKIP","floor":4},{"not_picked":["alterego_mod:DustData","alterego_mod:Skirt"],"picked":"alterego_mod:Bunnysuit","floor":5},{"not_picked":["alterego_mod:Cycle","alterego_mod:Complex"],"picked":"alterego_mod:Bounce","floor":7},{"not_picked":["alterego_mod:GIGAMILK","alterego_mod:SakuraLabyrinth"],"picked":"alterego_mod:Maid","floor":11}],"player_experience":300455,"relics_obtained":[{"floor":9,"key":"MawBank"},{"floor":11,"key":"hubris:SlimyHat"}],"event_choices":[{"damage_healed":0,"gold_gain":0,"player_choice":"Take Damage","damage_taken":21,"relics_obtained":["Golden Idol"],"max_hp_gain":0,"max_hp_loss":0,"event_name":"Golden Idol","floor":2,"gold_loss":0}],"is_beta":false,"boss_relics":[],"items_purged_floors":[],"is_endless":false,"potions_floor_spawned":[3,4],"killed_by":"3 Sentries","ascension_level":0}}