{"host":"n4oa921u88t6jog9","time":1608435354,"event":{"mods":["AchievementEnabler","BaseMod","DeckTracker","Keyboard Shortcuts","Minty Spire (QoL Compilation)","Quick Restart","StSLib","SuperFastMode"],"gold_per_floor":[118,131,145,163,163,163,187,187,187,228,248,263,327,23,23,23,23],"floor_reached":16,"playtime":512,"items_purged":["Strike_G"],"score":226,"play_id":"352a7c5e-13e2-451f-b0d8-fe8afea9e79a","local_time":"20201220123554","is_ascension_mode":true,"campfire_choices":[{"data":"Adrenaline","floor":6,"key":"SMITH"},{"data":"Flechettes","floor":8,"key":"SMITH"},{"data":"Footwork","floor":15,"key":"SMITH"}],"circlet_count":0,"master_deck":["AscendersBane","Strike_G","Strike_G","Strike_G","Defend_G","Defend_G","Defend_G","Defend_G","Defend_G","Survivor","Neutralize","Deflect","Dagger Spray","Poisoned Stab","Adrenaline+1","Flechettes+1","Caltrops","Dagger Throw","Footwork+1","Night Terror"],"relics":["Ring of the Snake","Golden Idol","Mercury Hourglass","Regal Pillow","WingedGreaves"],"acts_visited":["Exordium"],"potions_floor_usage":[16],"damage_taken":[{"damage":12,"enemies":"Small Slimes","floor":1,"turns":5},{"damage":0,"enemies":"2 Louse","floor":2,"turns":4},{"damage":2,"enemies":"Cultist","floor":3,"turns":4},{"damage":9,"enemies":"Large Slime","floor":4,"turns":8},{"damage":0,"enemies":"Blue Slaver","floor":7,"turns":3},{"damage":0,"enemies":"3 Sentries","floor":10,"turns":6},{"damage":2,"enemies":"Looter","floor":11,"turns":3},{"damage":0,"enemies":"3 Louse","floor":12,"turns":1},{"damage":15,"enemies":"3 Sentries","floor":13,"turns":4},{"damage":0,"enemies":"The Guardian","floor":16,"turns":1}],"seed_played":"6449287580868340394","potions_obtained":[{"floor":3,"key":"SkillPotion"},{"floor":10,"key":"Strength Potion"}],"is_trial":false,"path_per_floor":["M","M","M","M","?","R","M","R","T","E","M","M","?","$","R","B"],"character_chosen":"THE_SILENT","items_purchased":["Footwork","Night Terror"],"campfire_rested":0,"item_purchase_floors":[14,14],"current_hp_per_floor":[47,47,45,36,36,36,36,36,36,36,34,34,19,19,19,19,19],"gold":23,"neow_bonus":"REMOVE_CARD","is_daily":false,"chose_seed":false,"campfire_upgraded":3,"win_rate":0.0,"timestamp":1608435354,"path_taken":["M","M","M","M","?","R","M","R","T","E","M","M","?","$","R","BOSS"],"items_purchased_type":["Card","Card"],"build_version":"2020-12-13","purchased_purges":1,"victory":false,"max_hp_per_floor":[66,66,66,66,60,60,60,60,60,60,60,60,60,60,60,60,60],"card_choices":[{"not_picked":["Quick Slash","Distraction"],"picked":"Deflect","floor":1},{"not_picked":["Sucker Punch","Slice"],"picked":"Dagger Spray","floor":2},{"not_picked":["Slice","Dodge and Roll"],"picked":"Poisoned Stab","floor":3},{"not_picked":["Bane","Dodge and Roll"],"picked":"Adrenaline","floor":4},{"not_picked":["Deflect","Noxious Fumes"],"picked":"Flechettes","floor":7},{"not_picked":["Bane","Quick Slash","Concentrate"],"picked":"SKIP","floor":10},{"not_picked":["Flying Knee","Outmaneuver"],"picked":"Caltrops","floor":11},{"not_picked":["Dash","Leg Sweep"],"picked":"Dagger Throw","floor":12}],"player_experience":356460,"relics_obtained":[{"floor":9,"key":"Mercury Hourglass"},{"floor":10,"key":"Regal Pillow"},{"floor":13,"key":"WingedGreaves"}],"event_choices":[{"damage_healed":0,"gold_gain":0,"player_choice":"Lose Max HP","damage_taken":0,"relics_obtained":["Golden Idol"],"max_hp_gain":0,"max_hp_loss":6,"event_name":"Golden Idol","floor":5,"gold_loss":0},{"damage_healed":0,"gold_gain":30,"player_choice":"Searched \u00272\u0027 times","damage_taken":0,"max_hp_gain":0,"max_hp_loss":0,"event_name":"Dead Adventurer","floor":13,"gold_loss":0}],"is_beta":false,"boss_relics":[],"items_purged_floors":[14],"is_endless":false,"potions_floor_spawned":[3,10],"killed_by":"The Guardian","ascension_level":15}}