{"host":"zhypnm5xlgq8j242","time":1608431255,"event":{"mods":["AchievementEnabler","BaseMod","BetterRewards","Colored Powertips","Hermit","Keyboard Shortcuts","Minty Spire (QoL Compilation)","Quick Restart","Replay The Spire","Shop Mod","StSLib","The Cursed","The Hierophant","The Runesmith"],"gold_per_floor":[113,130,130,130,144,144,160,180,262,302,326,326,367,382,382,502,502,526,544,544,43,63,98,98,129,154,177,177,191,226,251,251,251,251],"floor_reached":33,"playtime":3086,"items_purged":["Defend_R"],"score":391,"play_id":"b2d8a2ea-cab1-46ae-95af-8c04752814b3","local_time":"20201220112735","is_ascension_mode":true,"campfire_choices":[{"data":"Perfected Strike","floor":6.0,"key":"SMITH"},{"data":"Battle Trance","floor":12.0,"key":"SMITH"},{"floor":15,"key":"DIG"},{"data":"Eclipse","floor":24,"key":"SMITH"},{"floor":28,"key":"REST"},{"floor":32,"key":"REST"}],"circlet_count":0,"master_deck":["Strike_R","Strike_R","Strike_R","Strike_R","Strike_R","Defend_R","Defend_R","Bash","Perfected Strike+1","Feel No Pain","Injury","Battle Trance+1","Shrug It Off","Replay:Undeath\u0027s Touch","Infernal Blade","Power Through","Double Tap","Dual Wield","Eclipse+1","Armaments","Armaments+1","True Grit","Transmutation","Transmutation","Flame Barrier","True Grit","Offering","Flex","ReplayTheSpireMod:Stacked+1","Power Through+1"],"relics":["Burning Blood","NeowsBlessing","Golden Idol","Gremlin Horn","FossilizedHelix","Replay:Rubber Ducky","Blue Doll","Sozu","Replay:Towering Pillar of Hats","Runesmith:Nanobots","Red Mask","Girya","Happy Flower","ReplayTheSpireMod:TigerMarble"],"acts_visited":["Exordium","TheCity"],"potions_floor_usage":[16,22,22],"damage_taken":[{"damage":0.0,"enemies":"Small Slimes","floor":1.0,"turns":1.0},{"damage":0.0,"enemies":"Jaw Worm","floor":2.0,"turns":1.0},{"damage":0.0,"enemies":"Cultist","floor":5.0,"turns":1.0},{"damage":13.0,"enemies":"Exordium Thugs","floor":7.0,"turns":5.0},{"damage":6.0,"enemies":"Blue Slaver","floor":8.0,"turns":4.0},{"damage":22.0,"enemies":"Lagavulin","floor":10.0,"turns":6.0},{"damage":5.0,"enemies":"Gremlin Gang","floor":11.0,"turns":5.0},{"damage":4.0,"enemies":"Gremlin Nob","floor":13.0,"turns":4.0},{"damage":7.0,"enemies":"3 Louse","floor":14.0,"turns":3.0},{"damage":50,"enemies":"The Guardian","floor":16,"turns":13},{"damage":0,"enemies":"Chosen","floor":18,"turns":4},{"damage":12,"enemies":"Shell Parasite","floor":19,"turns":7},{"damage":10,"enemies":"Chosen and Byrds","floor":22,"turns":5},{"damage":29,"enemies":"Masked Bandits","floor":23,"turns":5},{"damage":30,"enemies":"Gremlin Leader","floor":25,"turns":12},{"damage":0,"enemies":"Snecko","floor":27,"turns":8},{"damage":6,"enemies":"Cultist and Chosen","floor":29,"turns":6},{"damage":21,"enemies":"Slavers","floor":30,"turns":11},{"damage":7,"enemies":"Shelled Parasite and Fungi","floor":31,"turns":7},{"damage":52,"enemies":"Pondfish","floor":33,"turns":8}],"seed_played":"5991204910628103317","potions_obtained":[{"floor":1.0,"key":"SteroidPotion"},{"floor":7.0,"key":"PowerPotion"},{"floor":10.0,"key":"SkillPotion"},{"floor":13.0,"key":"AttackPotion"},{"floor":16,"key":"Swift Potion"}],"is_trial":false,"path_per_floor":["M","M","?","?","M","R","M","M","T","E","M","R","E","M","R","B",null,"M","M","?","$","M","?","R","E","T","M","R","M","E","M","R","B"],"character_chosen":"IRONCLAD","items_purchased":["Armaments+1","True Grit","Transmutation","Runesmith:Nanobots"],"campfire_rested":2,"item_purchase_floors":[21,21,21,21],"current_hp_per_floor":[78,80,80,80,80,80,73,73,73,57,58,58,60,59,59,15,64,70,64,64,64,60,37,37,13,13,19,43,43,28,27,51,0,0],"gold":251,"neow_bonus":"THREE_ENEMY_KILL","is_daily":false,"chose_seed":false,"campfire_upgraded":3,"win_rate":0.0,"timestamp":1608431255,"path_taken":["M","M","?","?","?","R","M","M","T","E","M","R","E","M","R","BOSS","M","M","?","$","M","?","R","E","T","M","R","M","E","M","R","BOSS"],"items_purchased_type":["Card","Card","Card","Relic"],"build_version":"2020-12-13","purchased_purges":1,"victory":false,"max_hp_per_floor":[80,80,80,80,80,80,80,80,80,80,80,80,80,80,80,80,80,80,80,80,80,80,80,80,80,80,80,80,80,80,80,80,80,80],"card_choices":[{"not_picked":["ReplayTheSpireMod:Muscle Training","Spot Weakness"],"picked":"Perfected Strike","floor":1.0},{"not_picked":["Clash","Thunderclap"],"picked":"Feel No Pain","floor":2.0},{"not_picked":["ReplayTheSpireMod:Muscle Training","Rampage"],"picked":"Battle Trance","floor":5.0},{"not_picked":["Carnage","Warcry"],"picked":"Shrug It Off","floor":7.0},{"not_picked":["Anger","Rupture"],"picked":"Replay:Undeath\u0027s Touch","floor":8.0},{"not_picked":["Headbutt","Thunderclap"],"picked":"Infernal Blade","floor":10.0},{"not_picked":["Ghostly Armor","Anger"],"picked":"Power Through","floor":11.0},{"not_picked":["Second Wind","Body Slam"],"picked":"Double Tap","floor":13.0},{"not_picked":["Abandon","Sword Boomerang"],"picked":"Dual Wield","floor":14},{"not_picked":["Reaper","Replay:Many Hands"],"picked":"Eclipse","floor":16},{"not_picked":["Body Slam+1","Headbutt"],"picked":"Armaments","floor":18},{"not_picked":["Pummel","Havoc","Iron Wave"],"picked":"SKIP","floor":19},{"not_picked":["Life Link","Abandon"],"picked":"Flame Barrier","floor":22},{"not_picked":["Armaments+1","Heavy Blade"],"picked":"True Grit","floor":23},{"not_picked":["Intimidate","Clothesline","Hemokinesis"],"picked":"SKIP","floor":25},{"not_picked":["Twin Strike","Run Through"],"picked":"Offering","floor":27},{"not_picked":["ReplayTheSpireMod:Limb From Limb","Thunderclap"],"picked":"Flex","floor":29},{"not_picked":["Body Slam","True Grit"],"picked":"ReplayTheSpireMod:Stacked+1","floor":30},{"not_picked":["Pommel Strike","Run Through"],"picked":"Power Through+1","floor":31}],"player_experience":574211,"relics_obtained":[{"floor":9.0,"key":"Gremlin Horn"},{"floor":10.0,"key":"FossilizedHelix"},{"floor":13.0,"key":"Replay:Rubber Ducky"},{"floor":15,"key":"Blue Doll"},{"floor":23,"key":"Red Mask"},{"floor":25,"key":"Girya"},{"floor":26,"key":"Happy Flower"},{"floor":30,"key":"ReplayTheSpireMod:TigerMarble"}],"event_choices":[{"damage_healed":0.0,"max_hp_gain":0.0,"max_hp_loss":0.0,"gold_gain":0.0,"event_name":"Golden Idol","player_choice":"Take Wound","floor":3.0,"gold_loss":0.0,"damage_taken":0.0,"relics_obtained":["Golden Idol"],"cards_obtained":["Injury"]},{"cards_removed":["Defend_R"],"damage_healed":0.0,"max_hp_gain":0.0,"max_hp_loss":0.0,"gold_gain":0.0,"event_name":"Bonfire Elementals","player_choice":"Offered Basic","floor":4.0,"gold_loss":0.0,"damage_taken":0.0},{"damage_healed":0,"gold_gain":0,"player_choice":"Fought Bandits","damage_taken":0,"max_hp_gain":0,"max_hp_loss":0,"event_name":"Masked Bandits","floor":23,"gold_loss":0}],"is_beta":false,"boss_relics":[{"not_picked":["Tiny House","Painkiller Herb"],"picked":"Sozu"}],"items_purged_floors":[21],"is_endless":false,"potions_floor_spawned":[1,7,10,13,16,22,27,31],"killed_by":"Pondfish","ascension_level":6}}