{"host":"egyxg9lnjq7g2hmw","time":1608437053,"event":{"mods":["AchievementEnabler","BaseMod","Block Reminder","Colored Map","Colored Powertips","Highlight Path","Minty Spire (QoL Compilation)","Rare Cards Sparkle","StSLib"],"gold_per_floor":[110,125,143,159,84,84,9,9,9,66,66,99,111,123,123,198,198,215,57,57,57,72,72,103,121,147,166,2,2,2,28,28,107,107,117,128,128,153,165,165,165,165],"floor_reached":41,"playtime":3238,"items_purged":["Strike_G"],"score":987,"play_id":"ef42451d-418d-4a06-8c77-9258caf3b449","local_time":"20201219200413","is_ascension_mode":true,"campfire_choices":[{"floor":11.0,"key":"REST"},{"data":"Acrobatics","floor":15.0,"key":"SMITH"},{"data":"Footwork","floor":23.0,"key":"SMITH"},{"data":"Neutralize","floor":29.0,"key":"SMITH"},{"data":"Neutralize","floor":32.0,"key":"SMITH"},{"floor":40.0,"key":"RECALL"}],"circlet_count":0,"master_deck":["AscendersBane","Strike_G","Strike_G","Strike_G","Defend_G","Defend_G","Defend_G","Defend_G","Defend_G","Survivor","Neutralize+1","Underhanded Strike","Acrobatics+1","Eviscerate+1","Backstab+1","Prepared+1","Underhanded Strike","Blur+1","Footwork+1","Burst+1","Blur+1","Tactician+1","Neutralize+1","Backflip+1","Dash+1","After Image+1","Underhanded Strike+1","Underhanded Strike+1","Jack Of All Trades+1","Forethought+1","Prepared+1"],"relics":["Ring of the Snake","Toxic Egg 2","White Beast Statue","Turnip","Blue Candle","Sozu","Lantern","Nilry\u0027s Codex","Oddly Smooth Stone","Whetstone","Lee\u0027s Waffle","Frozen Egg 2","Black Star","Torii"],"acts_visited":["Exordium","TheCity","TheBeyond"],"potions_floor_usage":[],"damage_taken":[{"damage":1.0,"enemies":"Small Slimes","floor":1.0,"turns":4.0},{"damage":0.0,"enemies":"2 Louse","floor":2.0,"turns":2.0},{"damage":1.0,"enemies":"Jaw Worm","floor":3.0,"turns":3.0},{"damage":10.0,"enemies":"Large Slime","floor":4.0,"turns":9.0},{"damage":24.0,"enemies":"3 Sentries","floor":10.0,"turns":9.0},{"damage":9.0,"enemies":"3 Sentries","floor":12.0,"turns":10.0},{"damage":4.0,"enemies":"Exordium Wildlife","floor":13.0,"turns":2.0},{"damage":0.0,"enemies":"Red Slaver","floor":14.0,"turns":1.0},{"damage":4.0,"enemies":"The Guardian","floor":16.0,"turns":14.0},{"damage":0.0,"enemies":"3 Byrds","floor":18.0,"turns":6.0},{"damage":1.0,"enemies":"Shell Parasite","floor":22.0,"turns":4.0},{"damage":12.0,"enemies":"Book of Stabbing","floor":24.0,"turns":7.0},{"damage":0.0,"enemies":"Snake Plant","floor":25.0,"turns":5.0},{"damage":0.0,"enemies":"Centurion and Healer","floor":27.0,"turns":6.0},{"damage":23.0,"enemies":"Slavers","floor":31.0,"turns":11.0},{"damage":0.0,"enemies":"Automaton","floor":33.0,"turns":23.0},{"damage":16.0,"enemies":"Orb Walker","floor":35.0,"turns":4.0},{"damage":0.0,"enemies":"3 Darklings","floor":36.0,"turns":6.0},{"damage":0.0,"enemies":"Mind Bloom Boss Battle","floor":38.0,"turns":8.0},{"damage":8.0,"enemies":"Jaw Worm Horde","floor":39.0,"turns":8.0},{"damage":72,"enemies":"Reptomancer","floor":41,"turns":7}],"seed_played":"-6449457603059785139","potions_obtained":[{"floor":2.0,"key":"Weak Potion"},{"floor":10.0,"key":"EssenceOfSteel"},{"floor":12.0,"key":"Block Potion"},{"floor":14.0,"key":"FairyPotion"},{"floor":16.0,"key":"BlessingOfTheForge"}],"is_trial":false,"path_per_floor":["M","M","M","M","?","?","$","$","T","?","R","E","M","M","R","B",null,"M","$","?","?","M","R","E","M","T","M","$","R","?","E","R","B",null,"M","M","?","?","M","R","E"],"character_chosen":"THE_SILENT","items_purchased":["Lantern","Lee\u0027s Waffle"],"campfire_rested":1,"item_purchase_floors":[19,28],"current_hp_per_floor":[64,64,63,53,53,42,42,42,42,18,39,30,26,26,26,22,60,60,60,39,39,38,38,26,26,26,26,79,79,79,56,56,56,73,57,57,52,52,44,44,0,0],"gold":165,"neow_bonus":"TEN_PERCENT_HP_BONUS","is_daily":false,"chose_seed":false,"campfire_upgraded":4,"win_rate":0.0,"timestamp":1608437053,"path_taken":["M","M","M","M","?","?","?","$","T","?","R","E","?","M","R","BOSS","M","?","?","?","M","R","E","M","T","?","?","R","?","E","R","BOSS","M","?","?","?","M","R","E"],"items_purchased_type":["Relic","Relic"],"build_version":"2020-12-13","purchased_purges":1,"victory":false,"max_hp_per_floor":[72,72,72,72,72,72,72,72,72,72,72,72,72,72,72,72,72,72,72,72,72,72,72,72,72,72,72,79,79,79,79,79,79,79,79,79,79,79,79,79,79,79],"card_choices":[{"not_picked":["Accuracy","PiercingWail"],"picked":"Underhanded Strike","floor":1.0},{"not_picked":["Dodge and Roll","PiercingWail"],"picked":"Acrobatics","floor":2.0},{"not_picked":["Slice","Poisoned Stab"],"picked":"Eviscerate","floor":3.0},{"not_picked":["Flying Knee","Prepared"],"picked":"Backstab","floor":4.0},{"not_picked":["Bane","Distraction+1"],"picked":"Prepared+1","floor":10.0},{"not_picked":["Outmaneuver+1","Backflip+1"],"picked":"Underhanded Strike","floor":12.0},{"not_picked":["Dodge and Roll+1","PiercingWail+1"],"picked":"Blur+1","floor":13.0},{"not_picked":["Poisoned Stab","Flying Knee"],"picked":"Footwork","floor":14.0},{"not_picked":["Corpse Explosion+1","Night Terror+1"],"picked":"Burst+1","floor":16.0},{"not_picked":["Slice","Quick Slash+1","Cloak And Dagger+1"],"picked":"SKIP","floor":18.0},{"not_picked":["Dagger Spray","Dodge and Roll+1"],"picked":"Blur+1","floor":22.0},{"not_picked":["Predator","Poisoned Stab","Die Die Die"],"picked":"SKIP","floor":24.0},{"not_picked":["Bane","Flechettes"],"picked":"Tactician+1","floor":25.0},{"not_picked":["Flechettes+1","Slice","Masterful Stab"],"picked":"SKIP","floor":27.0},{"not_picked":["Blur+1","Heel Hook"],"picked":"Dash+1","floor":31.0},{"not_picked":["Adrenaline+1","Unload"],"picked":"After Image+1","floor":33.0},{"not_picked":["All Out Attack+1","Poisoned Stab"],"picked":"Underhanded Strike+1","floor":35.0},{"not_picked":["Deadly Poison+1","Cloak And Dagger+1"],"picked":"Underhanded Strike+1","floor":36.0},{"not_picked":["PanicButton+1","Dramatic Entrance"],"picked":"Jack Of All Trades+1","floor":37.0},{"not_picked":["Magnetism+1","Enlightenment+1"],"picked":"Forethought+1","floor":37.0},{"not_picked":["Deadly Poison+1","Dagger Spray+1"],"picked":"Prepared+1","floor":39.0}],"player_experience":538177,"relics_obtained":[{"floor":9.0,"key":"White Beast Statue"},{"floor":10.0,"key":"Turnip"},{"floor":12.0,"key":"Blue Candle"},{"floor":20.0,"key":"Nilry\u0027s Codex"},{"floor":24.0,"key":"Oddly Smooth Stone"},{"floor":26.0,"key":"Whetstone"},{"floor":31.0,"key":"Frozen Egg 2"},{"floor":38.0,"key":"Torii"}],"event_choices":[{"cards_removed":["Strike_G"],"damage_healed":0.0,"max_hp_gain":0.0,"max_hp_loss":0.0,"gold_gain":0.0,"event_name":"The Cleric","player_choice":"Card Removal","floor":5.0,"gold_loss":75.0,"damage_taken":0.0},{"damage_healed":0.0,"max_hp_gain":0.0,"max_hp_loss":0.0,"gold_gain":0.0,"event_name":"Scrap Ooze","player_choice":"Success","floor":6.0,"gold_loss":0.0,"damage_taken":11.0,"relics_obtained":["Toxic Egg 2"]},{"damage_healed":0.0,"max_hp_gain":0.0,"max_hp_loss":0.0,"gold_gain":30.0,"event_name":"Dead Adventurer","player_choice":"Searched \u00272\u0027 times","floor":10.0,"gold_loss":0.0,"damage_taken":0.0},{"damage_healed":0.0,"max_hp_gain":0.0,"max_hp_loss":0.0,"gold_gain":0.0,"event_name":"Cursed Tome","player_choice":"Obtained Book","floor":20.0,"gold_loss":0.0,"damage_taken":21.0},{"damage_healed":0.0,"max_hp_gain":0.0,"max_hp_loss":0.0,"gold_gain":0.0,"event_name":"Ghosts","player_choice":"Ignored","floor":21.0,"gold_loss":0.0,"damage_taken":0.0},{"damage_healed":0.0,"max_hp_gain":0.0,"max_hp_loss":0.0,"gold_gain":0.0,"event_name":"Match and Keep!","player_choice":"2 cards matched","floor":30.0,"gold_loss":0.0,"damage_taken":0.0,"cards_obtained":["Neutralize","Backflip"]},{"damage_healed":0.0,"max_hp_gain":0.0,"max_hp_loss":0.0,"gold_gain":0.0,"event_name":"SensoryStone","player_choice":"Memory 2","floor":37.0,"gold_loss":0.0,"damage_taken":5.0},{"damage_healed":0.0,"max_hp_gain":0.0,"max_hp_loss":0.0,"gold_gain":0.0,"event_name":"MindBloom","player_choice":"Fight","floor":38.0,"gold_loss":0.0,"damage_taken":0.0}],"is_beta":false,"boss_relics":[{"not_picked":["Philosopher\u0027s Stone","Snecko Eye"],"picked":"Sozu"},{"not_picked":["Astrolabe","Runic Pyramid"],"picked":"Black Star"}],"items_purged_floors":[7],"is_endless":false,"potions_floor_spawned":[2,10,12,13,14,16,18,22,24,25,27,31,33,35,36,38,39],"killed_by":"Reptomancer","ascension_level":20}}