{"host":"ix2a18c4ohfsrslv","time":1608508364,"event":{"mods":["BaseMod","Better Third Choice","Downfall","Halation","Marisa????????","Minty Spire (QoL Compilation)","Replay The Spire","StSLib","The Bladedancer","The Blue Laboratory"],"gold_per_floor":[110,110,110,9,23,50,50,50,50],"floor_reached":8,"playtime":467,"items_purged":[],"score":57,"play_id":"85770112-a016-48ea-b88f-ce85a261f789","local_time":"20201220155244","is_ascension_mode":true,"campfire_choices":[{"floor":7,"key":"REST"}],"circlet_count":0,"master_deck":["blademaster:Strike","blademaster:Strike","blademaster:Strike","blademaster:Strike","blademaster:Defend","blademaster:Defend+1","blademaster:Defend+1","blademaster:Defend","blademaster:RagingBlow","blademaster:HighVoltage","blademaster:BloodyBlow","blademaster:Cut","blademaster:LeechingStrike","blademaster:WindSlash","blademaster:BloodyBlow"],"relics":["halation:SimulatedSpire","halation:TwoAmDonut"],"acts_visited":["Exordium"],"potions_floor_usage":[6],"damage_taken":[{"damage":0,"enemies":"2 Louse","floor":1,"turns":3},{"damage":3,"enemies":"Jaw Worm","floor":5,"turns":4},{"damage":22,"enemies":"Lagavulin","floor":6,"turns":6},{"damage":0,"enemies":"Replay:BlueRogue","floor":8,"turns":1}],"seed_played":"6833234473650864562","potions_obtained":[{"floor":1,"key":"SkillPotion"}],"is_trial":false,"path_per_floor":["M","?","?","$","M","E","R","E"],"character_chosen":"THE_BLADEMASTER","items_purchased":["blademaster:Cut","blademaster:LeechingStrike"],"campfire_rested":1,"item_purchase_floors":[4,4],"current_hp_per_floor":[75,60,65,65,62,43,67,67,67],"gold":50,"neow_bonus":"SIMULATED_SPIRE","is_daily":false,"chose_seed":false,"campfire_upgraded":0,"win_rate":0.0,"timestamp":1608508364,"path_taken":["M","?","?","?","M","E","R","E"],"items_purchased_type":["Card","Card"],"build_version":"2020-12-13","purchased_purges":0,"victory":false,"max_hp_per_floor":[75,75,80,80,80,80,80,80,80],"card_choices":[{"not_picked":["blademaster:Quickness","blademaster:Flurry"],"picked":"blademaster:BloodyBlow","floor":1},{"not_picked":["blademaster:Quickness","blademaster:AirSlash"],"picked":"blademaster:WindSlash","floor":5},{"not_picked":["blademaster:Frenzy","blademaster:ThreePointStrike"],"picked":"blademaster:BloodyBlow","floor":6}],"player_experience":95320,"relics_obtained":[{"floor":6,"key":"halation:TwoAmDonut"},{"floor":6,"key":"blademaster:BleedingMoreDamagePerk"}],"event_choices":[{"damage_healed":75,"gold_gain":0,"player_choice":"Upgrade","damage_taken":15,"max_hp_gain":0,"max_hp_loss":75,"event_name":"betterThird:BetterShining","floor":2,"gold_loss":0,"cards_upgraded":["blademaster:Defend","blademaster:Defend"]},{"damage_healed":0,"gold_gain":0,"player_choice":"Donut","damage_taken":0,"max_hp_gain":5,"max_hp_loss":0,"event_name":"Big Fish","floor":3,"gold_loss":0}],"is_beta":false,"boss_relics":[],"items_purged_floors":[],"is_endless":false,"potions_floor_spawned":[1],"killed_by":"Replay:BlueRogue","ascension_level":1}}