{"host":"djfsqftupta9xgss","time":1608460154,"event":{"mods":["Act Like it!","BaseMod","Gensokyo","Minty Spire (QoL Compilation)","MostiFishMod","Replay The Spire","Spicy Shops","StSLib","TestMod"],"gold_per_floor":[110,110,127,138,63,88,115,132,154,187,196,215,246,246,246,320,320,329,727,607,625,625,654,671,743,789,819,819,472,488,522,522,595,595,608,608,620,634,634,634,662,674,674,705,721,771,798,810,810,810,810,810,810,489,518,518],"floor_reached":57,"playtime":1038,"items_purged":["Strike_R","Defend_R","Defend_R","Gensokyo:TurboGranny"],"score":3589,"play_id":"cf2c07f6-475a-4f43-87a3-4f22d4577423","local_time":"20201220182914","is_ascension_mode":true,"campfire_choices":[{"floor":15,"key":"RECALL"},{"data":"Offering","floor":32,"key":"SMITH"},{"data":"Offering","floor":40,"key":"SMITH"},{"floor":49,"key":"REST"},{"floor":53,"key":"REST"}],"circlet_count":0,"master_deck":["AscendersBane","Strike_R","Strike_R","Strike_R","Strike_R","Defend_R","Defend_R","Bash","Shrug It Off","Whirlwind+1","Evolve","True Grit","Pommel Strike","Offering+1","Second Wind","Burning Pact","Pommel Strike","Feel No Pain","Dark Embrace","Offering+1","Pommel Strike+1"],"relics":["Burning Blood","DaveBox","testmod-TestBox","Civilization","testmod-Charity","WingedGreaves","Question Card","Happy Flower","Replay:Bottled Flurry","Boot","Replay:Rubber Ducky","Onion Ring","Gensokyo:Mercy","ImportantClient","PatriotShield","Old Coin","testmod-BlackFramedGlasses","Gensokyo:MaskOfHope","Eternal Feather","Toy Ornithopter","Bronze Scales","PreservedInsect","Toolbox","Medical Kit","Replay:Bandana","ShadowXiaoBlade","Replay:Mystery Machine","Quantum Egg","Singing Bowl","Replay:Arrowhead","Strawberry","Replay:Wax Seal","Pantograph"],"acts_visited":["Exordium","Gensokyo:Gensokyo","TheBeyond","TheEnding"],"potions_floor_usage":[21],"damage_taken":[{"damage":6,"enemies":"Gensokyo:2_Kodama","floor":1,"turns":4},{"damage":0,"enemies":"Gensokyo:3_Fairies","floor":3,"turns":4},{"damage":0,"enemies":"Gensokyo:Gryphon","floor":4,"turns":2},{"damage":13,"enemies":"Gensokyo:Cirno","floor":6,"turns":10},{"damage":0,"enemies":"Gensokyo:Aya","floor":7,"turns":2},{"damage":0,"enemies":"Gensokyo:Kitsune","floor":8,"turns":1},{"damage":0,"enemies":"Gensokyo:Mamizou","floor":10,"turns":3},{"damage":0,"enemies":"Gensokyo:Python_and_Kodama","floor":11,"turns":2},{"damage":0,"enemies":"Gensokyo:VengefulSpirit","floor":12,"turns":1},{"damage":0,"enemies":"Gensokyo:Aya","floor":13,"turns":1},{"damage":9,"enemies":"Gensokyo:Kokoro","floor":16,"turns":4},{"damage":0,"enemies":"Gensokyo:Chomper","floor":18,"turns":2},{"damage":6,"enemies":"Gensokyo:Chomper","floor":19,"turns":3},{"damage":0,"enemies":"Gensokyo:2_Gloops","floor":21,"turns":1},{"damage":0,"enemies":"Gensokyo:Tenshi","floor":23,"turns":1},{"damage":0,"enemies":"Gensokyo:Monolith_and_Dog","floor":24,"turns":1},{"damage":6,"enemies":"Gensokyo:Koishi","floor":27,"turns":1},{"damage":0,"enemies":"Gensokyo:Swordslinger","floor":30,"turns":1},{"damage":0,"enemies":"Gensokyo:Reisen","floor":31,"turns":1},{"damage":6,"enemies":"Gensokyo:Kaguya","floor":33,"turns":3},{"damage":6,"enemies":"3 Darklings","floor":35,"turns":2},{"damage":6,"enemies":"3 Shapes","floor":37,"turns":1},{"damage":6,"enemies":"Sphere and 2 Shapes","floor":38,"turns":1},{"damage":6,"enemies":"R_Hoarder","floor":41,"turns":1},{"damage":0,"enemies":"Maw","floor":42,"turns":1},{"damage":0,"enemies":"Nemesis","floor":44,"turns":1},{"damage":0,"enemies":"Jaw Worm Horde","floor":45,"turns":2},{"damage":0,"enemies":"2 Orb Walkers","floor":46,"turns":1},{"damage":0,"enemies":"Giant Head","floor":47,"turns":2},{"damage":0,"enemies":"Writhing Mass","floor":48,"turns":1},{"damage":4,"enemies":"Donu and Deca","floor":50,"turns":2},{"damage":6,"enemies":"Awakened One","floor":51,"turns":4},{"damage":6,"enemies":"Shield and Spear","floor":55,"turns":1},{"damage":41,"enemies":"The Heart","floor":56,"turns":3}],"seed_played":"1774460177709845059","potions_obtained":[{"floor":3,"key":"FearPotion"},{"floor":6,"key":"LifebloodPotion"},{"floor":13,"key":"BloodPotion"},{"floor":19,"key":"testmod-SpacePotion"},{"floor":24,"key":"FearPotion"},{"floor":25,"key":"SmokeBomb"}],"is_trial":false,"path_per_floor":["M","?","M","M","$","E","E","M","T","E","M","M","E","?","R","B",null,"M","?","?","M","?","E","M","?","T","E","?","$","M","E","R","B",null,"M","?","M","M","?","R","E","M","T","E","M","?","E","M","R","B","B",null,"R","$","E","B",null],"character_chosen":"IRONCLAD","items_purchased":["Toolbox","Medical Kit","Dark Embrace","Replay:Wax Seal"],"campfire_rested":2,"item_purchase_floors":[29,29,29,54],"current_hp_per_floor":[53,53,68,84,84,97,124,152,153,182,209,235,262,262,262,287,289,319,350,350,382,337,370,405,273,274,311,311,311,355,402,414,523,600,674,663,733,806,806,806,885,965,965,1038,1119,1207,1308,1388,1388,1492,1616,1616,1616,1616,1715,1809],"gold":518,"neow_bonus":"ONE_RARE_RELIC","is_daily":false,"chose_seed":false,"campfire_upgraded":2,"win_rate":0.0,"timestamp":1608460154,"path_taken":["M","?","M","?","$","E","E","M","T","E","M","M","E","?","R","BOSS","M","?","?","?","?","E","M","?","T","E","?","?","M","E","R","BOSS","M","?","M","M","?","R","E","M","T","E","?","?","E","M","R","BOSS","BOSS","R","$","E","BOSS"],"items_purchased_type":["Relic","Relic","Card","Relic"],"build_version":"2020-12-13","purchased_purges":4,"victory":true,"max_hp_per_floor":[78,78,87,97,97,117,138,160,161,184,209,235,262,262,262,290,290,319,350,350,382,337,370,405,406,407,443,443,443,480,520,520,626,626,698,663,733,806,806,806,885,965,965,1038,1119,1207,1308,1388,1388,1492,1616,1616,1616,1616,1715,1842],"card_choices":[{"not_picked":["Twin Strike","Havoc"],"picked":"Pommel Strike","floor":1},{"not_picked":["Rage","Wild Strike","Disarm"],"picked":"Shrug It Off","floor":3},{"not_picked":["Clothesline","Rampage","Carnage","Combust"],"picked":"SKIP","floor":4},{"not_picked":["Clash","Rupture","Evolve"],"picked":"Whirlwind","floor":6},{"not_picked":["Thunderclap","Flex","Berserk"],"picked":"Evolve","floor":7},{"not_picked":["Cleave","Thunderclap","Seeing Red"],"picked":"True Grit","floor":8},{"not_picked":["Sever Soul","Entrench","Armaments"],"picked":"Pommel Strike","floor":10},{"not_picked":["Cleave","MostiFishMod:HellRitual","Power Through"],"picked":"Body Slam","floor":11},{"not_picked":["Metallicize","Clothesline","Armaments","Body Slam"],"picked":"SKIP","floor":12},{"not_picked":["Armaments","Rage","Ghostly Armor","Headbutt"],"picked":"SKIP","floor":13},{"not_picked":["MostiFishMod:CullingBlade","MostiFishMod:Mania","Impervious"],"picked":"Offering","floor":16},{"not_picked":["Warcry","Wild Strike","Havoc"],"picked":"Second Wind","floor":18},{"not_picked":["Cleave","Havoc","Warcry","Thunderclap"],"picked":"SKIP","floor":21},{"not_picked":["Gensokyo:SpontaneousHumanCombustion","Gensokyo:LochNessMonster","Gensokyo:EightFeetTall"],"picked":"Gensokyo:TurboGranny","floor":22},{"not_picked":["Whirlwind","Rampage","Entrench","Havoc"],"picked":"SKIP","floor":23},{"not_picked":["Bloodletting+1","Body Slam","True Grit+1"],"picked":"Burning Pact","floor":24},{"not_picked":["Warcry+1","Sword Boomerang","Intimidate+1"],"picked":"Pommel Strike","floor":25},{"not_picked":["MostiFishMod:DarkDeal","Fiend Fire","Headbutt"],"picked":"Feel No Pain","floor":27},{"not_picked":["Warcry","Clash+1","Blood for Blood","Sever Soul"],"picked":"SKIP","floor":30},{"not_picked":["Inflame","MostiFishMod:BrandingRite+1","Warcry","Havoc"],"picked":"SKIP","floor":31},{"not_picked":["MostiFishMod:RacingGame","Limit Break","Brutality"],"picked":"Offering","floor":33},{"not_picked":["Body Slam+1","Ghostly Armor+1","Heavy Blade+1","Feel No Pain"],"picked":"SKIP","floor":35},{"not_picked":["Sword Boomerang","Searing Blow","Headbutt","True Grit"],"picked":"SKIP","floor":37},{"not_picked":["Evolve","True Grit+1","MostiFishMod:BrandingRite+1"],"picked":"Pommel Strike+1","floor":38},{"not_picked":["Feel No Pain","Warcry+1","Thunderclap","Dual Wield+1"],"picked":"SKIP","floor":41},{"not_picked":["Dropkick+1","Demon Form","Sentinel","Pommel Strike"],"picked":"SKIP","floor":42},{"not_picked":["Hemokinesis+1","MostiFishMod:ChineseTea","Anger","Twin Strike"],"picked":"Singing Bowl","floor":44},{"not_picked":["Cleave","Pommel Strike","Flex","Combust+1"],"picked":"Singing Bowl","floor":45},{"not_picked":["Clash","Armaments","Heavy Blade+1","Sentinel"],"picked":"Singing Bowl","floor":46},{"not_picked":["Warcry+1","Rage","Combust+1","Sentinel"],"picked":"Singing Bowl","floor":47},{"not_picked":["Pummel","Dropkick","Metallicize","Flex"],"picked":"Singing Bowl","floor":48},{"not_picked":["Twin Strike","Bludgeon","Combust","Sword Boomerang+1"],"picked":"Singing Bowl","floor":55}],"player_experience":321626,"relics_obtained":[{"floor":1,"key":"Question Card"},{"floor":6,"key":"Replay:Bottled Flurry"},{"floor":7,"key":"Boot"},{"floor":10,"key":"Replay:Rubber Ducky"},{"floor":13,"key":"Onion Ring"},{"floor":16,"key":"ImportantClient"},{"floor":19,"key":"Old Coin"},{"floor":19,"key":"testmod-BlackFramedGlasses"},{"floor":23,"key":"Eternal Feather"},{"floor":25,"key":"Toy Ornithopter"},{"floor":26,"key":"Bronze Scales"},{"floor":27,"key":"PreservedInsect"},{"floor":31,"key":"Replay:Bandana"},{"floor":41,"key":"Replay:Mystery Machine"},{"floor":43,"key":"Quantum Egg"},{"floor":44,"key":"Singing Bowl"},{"floor":46,"key":"Replay:Arrowhead"},{"floor":47,"key":"Strawberry"},{"floor":55,"key":"Pantograph"}],"event_choices":[{"damage_healed":0,"gold_gain":0,"player_choice":"Max HP","damage_taken":0,"max_hp_gain":0,"max_hp_loss":35,"event_name":"Winding Halls","floor":36,"gold_loss":0},{"damage_healed":0,"gold_gain":0,"player_choice":"Upgraded","damage_taken":0,"max_hp_gain":0,"max_hp_loss":0,"event_name":"Upgrade Shrine","floor":39,"gold_loss":0,"cards_upgraded":["Whirlwind"]},{"damage_healed":0,"gold_gain":0,"player_choice":"Fight","damage_taken":0,"max_hp_gain":0,"max_hp_loss":0,"event_name":"Mysterious Sphere","floor":46,"gold_loss":0}],"is_beta":false,"boss_relics":[{"not_picked":["ExusiaiGun","TimeKeys"],"picked":"PatriotShield"},{"not_picked":["Replay:Grab Bag","xbg"],"picked":"ShadowXiaoBlade"}],"items_purged_floors":[5,29,54,54],"is_endless":false,"potions_floor_spawned":[3,6,7,11,13,19,24,27,30,37,38,41,44,46],"ascension_level":20}}