{"host":"2n2g1vowfllvjtvi","time":1608472980,"event":{"mods":["AchievementEnabler","BaseMod","Custom Start","GifTheSpireLib","Keyboard Shortcuts","Minty Spire (QoL Compilation)","Quick Restart","Rare Cards Sparkle","StSLib","SuperFastMode"],"gold_per_floor":[109,109,109,109,34,65,80,80,155,155,80,80,117,134,134,220,220,242,102,102,117,117,117],"floor_reached":22,"playtime":272,"items_purged":["Strike_R","Strike_R"],"score":376,"play_id":"9de37265-7cbf-4175-bade-adcd7032f240","local_time":"20201220230300","is_ascension_mode":true,"campfire_choices":[{"data":"Searing Blow","floor":8.0,"key":"SMITH"},{"data":"Searing Blow+1","floor":10.0,"key":"SMITH"},{"data":"Searing Blow+2","floor":12.0,"key":"SMITH"},{"data":"Searing Blow+3","floor":15.0,"key":"SMITH"}],"circlet_count":0,"master_deck":["AscendersBane","Strike_R+1","Defend_R","Defend_R","Defend_R","Bash","Searing Blow+4","Headbutt","Immolate","Berserk","Armaments","Shrug It Off"],"relics":["Burning Blood","NeowsBlessing","Bird Faced Urn","CeramicFish","Empty Cage"],"acts_visited":["Exordium","TheCity"],"potions_floor_usage":[21,21,22],"damage_taken":[{"damage":0.0,"enemies":"Jaw Worm","floor":1.0,"turns":1.0},{"damage":0.0,"enemies":"3 Sentries","floor":6.0,"turns":2.0},{"damage":0.0,"enemies":"Small Slimes","floor":7.0,"turns":1.0},{"damage":5.0,"enemies":"Gremlin Nob","floor":13.0,"turns":3.0},{"damage":1.0,"enemies":"2 Louse","floor":14.0,"turns":2.0},{"damage":61.0,"enemies":"The Guardian","floor":16.0,"turns":11.0},{"damage":12.0,"enemies":"Chosen","floor":18.0,"turns":3.0},{"damage":11,"enemies":"2 Thieves","floor":21,"turns":2},{"damage":17,"enemies":"Cultist and Chosen","floor":22,"turns":4}],"seed_played":"4183456130624163287","potions_obtained":[{"floor":6.0,"key":"Explosive Potion"},{"floor":14.0,"key":"Energy Potion"},{"floor":16.0,"key":"Swift Potion"},{"floor":21,"key":"Energy Potion"}],"is_trial":false,"path_per_floor":["M","?","?","?","$","E","M","R","T","R","?","R","E","M","R","B",null,"M","$","?","M","M"],"character_chosen":"IRONCLAD","items_purchased":["Shrug It Off"],"campfire_rested":0,"item_purchase_floors":[19],"current_hp_per_floor":[74,74,51,44,44,50,56,56,56,56,56,56,57,62,62,7,58,52,52,31,26,9,9],"gold":117,"neow_bonus":"THREE_ENEMY_KILL","is_daily":false,"chose_seed":false,"campfire_upgraded":4,"win_rate":0.0,"timestamp":1608472980,"path_taken":["M","?","?","?","$","E","M","R","T","R","?","R","E","M","R","BOSS","M","$","?","M","M"],"items_purchased_type":["Card"],"build_version":"2020-12-13","purchased_purges":2,"victory":false,"max_hp_per_floor":[75,75,75,75,75,75,75,75,75,75,75,75,75,75,75,75,75,75,75,80,80,80,80],"card_choices":[{"not_picked":["Dropkick","Shockwave"],"picked":"Clash","floor":1.0},{"not_picked":["Rampage","Body Slam"],"picked":"Searing Blow","floor":6.0},{"not_picked":["Headbutt","Entrench","Sword Boomerang"],"picked":"SKIP","floor":7.0},{"not_picked":["Entrench","Sword Boomerang"],"picked":"Headbutt","floor":7.0},{"not_picked":["Iron Wave","Clash"],"picked":"Immolate","floor":13.0},{"not_picked":["Flex","Wild Strike","Pommel Strike"],"picked":"SKIP","floor":14.0},{"not_picked":["Barricade","Juggernaut"],"picked":"Berserk","floor":16.0},{"not_picked":["Anger","Havoc"],"picked":"Armaments","floor":18.0},{"not_picked":["Spot Weakness","Metallicize","Intimidate"],"picked":"SKIP","floor":21}],"player_experience":436655,"relics_obtained":[{"floor":6.0,"key":"Bird Faced Urn"},{"floor":13.0,"key":"CeramicFish"}],"event_choices":[{"damage_healed":0.0,"max_hp_gain":0.0,"max_hp_loss":0.0,"gold_gain":0.0,"event_name":"Liars Game","player_choice":"Ignored","floor":2.0,"gold_loss":0.0,"damage_taken":0.0},{"damage_healed":0.0,"max_hp_gain":0.0,"max_hp_loss":0.0,"gold_gain":0.0,"event_name":"Shining Light","player_choice":"Entered Light","floor":3.0,"gold_loss":0.0,"damage_taken":23.0,"cards_upgraded":["Clash","Strike_R"]},{"cards_removed":["Defend_R"],"damage_healed":0.0,"max_hp_gain":0.0,"max_hp_loss":0.0,"gold_gain":0.0,"event_name":"Golden Wing","player_choice":"Card Removal","floor":4.0,"gold_loss":0.0,"damage_taken":7.0},{"cards_removed":["Strike_R"],"damage_healed":0.0,"max_hp_gain":0.0,"max_hp_loss":0.0,"gold_gain":0.0,"event_name":"The Cleric","player_choice":"Card Removal","floor":11.0,"gold_loss":75.0,"damage_taken":0.0},{"damage_healed":0.0,"max_hp_gain":5.0,"max_hp_loss":0.0,"gold_gain":0.0,"event_name":"Forgotten Altar","player_choice":"Shed Blood","floor":20.0,"gold_loss":0.0,"damage_taken":26.0}],"is_beta":false,"boss_relics":[{"not_picked":["Runic Dome","Runic Cube"],"picked":"Empty Cage"}],"items_purged_floors":[5,19],"is_endless":false,"potions_floor_spawned":[6,14,16,21],"killed_by":"Cultist and Chosen","ascension_level":15}}