{"host":"utqe55yv0jihe4d6","time":1608436603,"event":{"mods":["2.2 Compatiblity","AchievementEnabler","BaseMod","Block Reminder","Colored Map","Colored Powertips","Minty Spire (QoL Compilation)","Quick Restart","Rare Cards Sparkle","Relic Stats","SuperFastMode"],"gold_per_floor":[115,115,130,143,143,143,159,159,184,184,201,226,237,266,266,338,338,350,381,381,381],"floor_reached":20,"playtime":591,"items_purged":[],"score":368,"play_id":"9dbd4d3c-14dc-44d8-a12b-917b28dec812","local_time":"20201219225643","is_ascension_mode":true,"campfire_choices":[{"floor":6,"key":"DIG"},{"floor":8,"key":"DIG"},{"data":"Blood for Blood","floor":10,"key":"SMITH"},{"floor":15,"key":"REST"}],"circlet_count":0,"master_deck":["AscendersBane","Strike_R","Strike_R","Strike_R","Strike_R","Strike_R","Defend_R","Defend_R","Defend_R","Defend_R","Bash","Blood for Blood+1","Shrug It Off","Hemokinesis","True Grit","Anger","Inflame","Uppercut","Juggernaut","Barricade","Burning Pact"],"relics":["Burning Blood","Shovel","CultistMask","Strawberry","Red Skull","Ancient Tea Set","Centennial Puzzle","Eternal Feather","Cursed Key","Red Mask"],"acts_visited":["Exordium","TheCity"],"potions_floor_usage":[12,14,19,20],"damage_taken":[{"damage":5,"enemies":"2 Louse","floor":1,"turns":3},{"damage":1,"enemies":"Cultist","floor":3,"turns":3},{"damage":20,"enemies":"Jaw Worm","floor":4,"turns":6},{"damage":14,"enemies":"Exordium Wildlife","floor":7,"turns":6},{"damage":16,"enemies":"Exordium Thugs","floor":11,"turns":3},{"damage":10,"enemies":"Gremlin Nob","floor":12,"turns":3},{"damage":4,"enemies":"Looter","floor":13,"turns":3},{"damage":28,"enemies":"3 Sentries","floor":14,"turns":8},{"damage":48,"enemies":"Slime Boss","floor":16,"turns":8},{"damage":33,"enemies":"Chosen","floor":18,"turns":4},{"damage":27,"enemies":"Masked Bandits","floor":19,"turns":4},{"damage":17,"enemies":"Shell Parasite","floor":20,"turns":2}],"seed_played":"-2491947042221931332","potions_obtained":[{"floor":3,"key":"SpeedPotion"},{"floor":4,"key":"BlessingOfTheForge"},{"floor":11,"key":"FearPotion"},{"floor":13,"key":"GamblersBrew"},{"floor":16,"key":"Weak Potion"},{"floor":18,"key":"Fruit Juice"}],"is_trial":false,"path_per_floor":["M","?","M","M","?","R","M","R","T","R","M","E","M","E","R","B",null,"M","?","M"],"character_chosen":"IRONCLAD","items_purchased":[],"campfire_rested":1,"item_purchase_floors":[],"current_hp_per_floor":[68,68,68,54,54,61,53,53,53,53,43,39,41,19,50,8,58,31,15,0,0],"gold":381,"neow_bonus":"ONE_RARE_RELIC","is_daily":false,"chose_seed":false,"campfire_upgraded":1,"win_rate":0.0,"timestamp":1608436603,"path_taken":["M","?","M","M","?","R","M","R","T","R","M","E","?","E","R","BOSS","M","?","M"],"items_purchased_type":[],"build_version":"2020-12-13","purchased_purges":0,"victory":false,"max_hp_per_floor":[68,68,68,68,68,75,75,75,75,75,75,75,75,75,75,75,75,75,80,80,80],"relic_stats":{"Centennial Puzzle":[18],"Shovel":2,"counters":[12,53],"Eternal Feather":9,"Cursed Key":0,"obtain_stats":[{"Centennial Puzzle":12,"Shovel":0,"Strawberry":6,"Eternal Feather":14,"CultistMask":5,"Red Mask":19,"Ancient Tea Set":9,"Cursed Key":17,"Burning Blood":0,"Red Skull":8},{"Centennial Puzzle":6,"Shovel":0,"Strawberry":3,"Eternal Feather":8,"CultistMask":3,"Red Mask":11,"Ancient Tea Set":4,"Cursed Key":9,"Burning Blood":0,"Red Skull":4},{"Centennial Puzzle":24,"Shovel":0,"Strawberry":12,"Eternal Feather":35,"CultistMask":12,"Red Mask":51,"Ancient Tea Set":18,"Cursed Key":43,"Burning Blood":0,"Red Skull":18}],"Burning Blood":60},"card_choices":[{"not_picked":["Wild Strike","Seeing Red"],"picked":"Blood for Blood","floor":1},{"not_picked":["Heavy Blade","Combust"],"picked":"Shrug It Off","floor":3},{"not_picked":["Thunderclap","Warcry"],"picked":"Hemokinesis","floor":4},{"not_picked":["Flex","Shrug It Off"],"picked":"True Grit","floor":7},{"not_picked":["Entrench","Pummel"],"picked":"Anger","floor":11},{"not_picked":["Perfected Strike","Heavy Blade"],"picked":"Inflame","floor":12},{"not_picked":["Perfected Strike","Clash"],"picked":"Uppercut","floor":13},{"not_picked":["Sever Soul","Clash"],"picked":"Juggernaut","floor":14},{"not_picked":["Double Tap","Bludgeon"],"picked":"Barricade","floor":16},{"not_picked":["Power Through","Blood for Blood","Iron Wave"],"picked":"SKIP","floor":18},{"not_picked":["Headbutt","Wild Strike"],"picked":"Burning Pact","floor":19}],"player_experience":2812300,"relics_obtained":[{"floor":6,"key":"Strawberry"},{"floor":8,"key":"Red Skull"},{"floor":9,"key":"Ancient Tea Set"},{"floor":12,"key":"Centennial Puzzle"},{"floor":14,"key":"Eternal Feather"},{"floor":19,"key":"Red Mask"}],"event_choices":[{"damage_healed":0,"gold_gain":0,"player_choice":"Ignored","damage_taken":0,"max_hp_gain":0,"max_hp_loss":0,"event_name":"Liars Game","floor":2,"gold_loss":0},{"damage_healed":0,"gold_gain":0,"player_choice":"Trade","damage_taken":0,"relics_obtained":["CultistMask"],"max_hp_gain":0,"max_hp_loss":0,"event_name":"FaceTrader","floor":5,"gold_loss":0},{"damage_healed":0,"gold_gain":0,"player_choice":"Fought Bandits","damage_taken":0,"max_hp_gain":0,"max_hp_loss":0,"event_name":"Masked Bandits","floor":19,"gold_loss":0}],"is_beta":false,"boss_relics":[{"not_picked":["Pandora\u0027s Box","Tiny House"],"picked":"Cursed Key"}],"items_purged_floors":[],"is_endless":false,"potions_floor_spawned":[3,4,11,13,16,18],"killed_by":"Shell Parasite","ascension_level":20}}