{"host":"ecaj4hn004xnnrw9","time":1608436284,"event":{"mods":["AchievementEnabler","BaseMod","Downfall","Minty Spire (QoL Compilation)","Quick Restart","Replay The Spire","StSLib"],"gold_per_floor":[99,99,99,128,128,128,128,128,128,128,143,158,173,199,212,312,362,362,381,381,400,400,414,438,438,438,438],"floor_reached":26,"playtime":1117,"items_purged":[],"score":229,"play_id":"72924b96-89f4-411f-9d62-c1b5fc311235","local_time":"20201220035124","is_ascension_mode":false,"campfire_choices":[{"data":"hexamod:Sear","floor":6,"key":"SMITH"},{"data":"hexamod:FlamesFromBeyond","floor":8,"key":"SMITH"},{"data":"hexamod:Defend","floor":10,"key":"SMITH"},{"data":"hexamod:Strike","floor":18,"key":"PURGE"},{"floor":25,"key":"REST"}],"circlet_count":0,"master_deck":["hexamod:Defend","hexamod:Defend+1","hexamod:Defend","hexamod:Defend","hexamod:Sear+1","hexamod:Float+1","hexamod:FastForward","hexamod:FlamesFromBeyond+1","hexamod:RecurringNightmare","hexamod:FirstSeal","hexamod:SkipABeat","hexamod:SearingWound","hexamod:AdvancingGuard","hexamod:RadiantFlame","hexamod:VolcanoVisage","hexamod:Hexaguard+1"],"relics":["hexamod:SpiritBrand","downfall:HeartsMalice","Replay:Bottled Steam","Gremlin Horn","Odd Mushroom","Tiny House","downfall:RedIOU","Lantern"],"acts_visited":["Exordium","TheCity"],"potions_floor_usage":[16,16,16,23,25,26],"damage_taken":[{"damage":0,"enemies":"2 Louse","floor":3,"turns":1},{"damage":0,"enemies":"Lagavulin","floor":4,"turns":1},{"damage":0,"enemies":"Jaw Worm","floor":9,"turns":1},{"damage":0,"enemies":"Small Slimes","floor":11,"turns":4},{"damage":3,"enemies":"Red Slaver","floor":12,"turns":4},{"damage":0,"enemies":"Exordium Thugs","floor":13,"turns":4},{"damage":1,"enemies":"The Mushroom Lair","floor":14,"turns":4},{"damage":13,"enemies":"Exordium Wildlife","floor":15,"turns":4},{"damage":17,"enemies":"downfall:Ironclad","floor":16,"turns":12},{"damage":2,"enemies":"Shell Parasite","floor":19,"turns":3},{"damage":24,"enemies":"Snecko","floor":21,"turns":7},{"damage":48,"enemies":"3 Cultists","floor":23,"turns":6},{"damage":44,"enemies":"Slavers","floor":26,"turns":4}],"seed_played":"4736811472320440515","potions_obtained":[{"floor":4,"key":"Milkshake"},{"floor":12,"key":"Fire Potion"},{"floor":13,"key":"Adrenaline Potion"},{"floor":14,"key":"EssenceOfSteel"},{"floor":15,"key":"Energy Potion"},{"floor":17,"key":"sneckomod:MuddlingPotion"},{"floor":19,"key":"AttackPotion"},{"floor":23,"key":"Fruit Juice"}],"is_trial":false,"path_per_floor":["R","?","M","E","T","R","T","R","M","R","M","M","M","?","M","B",null,"R","M","?","M","?","M","T","R","E"],"character_chosen":"THE_SPIRIT","items_purchased":[],"campfire_rested":1,"item_purchase_floors":[],"current_hp_per_floor":[70,70,70,70,70,70,70,70,70,70,70,67,70,69,56,46,75,75,73,73,49,49,8,8,35,0,0],"gold":438,"neow_bonus":"THREE_ENEMY_KILL","is_daily":false,"chose_seed":false,"campfire_upgraded":3,"win_rate":0.0,"timestamp":1608436284,"path_taken":["R","?","?","E","?","R","T","R","M","R","M","?","M","?","M","BOSS","R","M","?","M","?","M","T","R","E"],"items_purchased_type":[],"build_version":"2020-12-13","purchased_purges":0,"victory":false,"max_hp_per_floor":[70,70,70,70,70,70,70,70,70,70,70,70,70,70,70,70,75,75,75,75,75,75,75,75,80,80,80],"card_choices":[{"not_picked":["hexamod:HeatCrush","hexamod:BacktrackSmack"],"picked":"hexamod:FastForward","floor":3},{"not_picked":["hexamod:Haunt","hexamod:Incineration"],"picked":"hexamod:FlamesFromBeyond","floor":4},{"not_picked":["hexamod:SpectersWail","hexamod:HauntingEcho"],"picked":"hexamod:RecurringNightmare","floor":9},{"not_picked":["hexamod:GhostOfSpirePast","hexamod:HeatCrush"],"picked":"hexamod:FirstSeal","floor":11},{"not_picked":["hexamod:StepThrough","hexamod:BacktrackSmack","hexamod:SwordOfDarkness"],"picked":"SKIP","floor":12},{"not_picked":["hexamod:HauntingEcho","hexamod:RetreatToShadows"],"picked":"hexamod:SkipABeat","floor":13},{"not_picked":["hexamod:RecurringNightmare","hexamod:CrushingStance","hexamod:NightmareStrike"],"picked":"SKIP","floor":15},{"not_picked":["hexamod:EmpoweringStance","hexamod:TimeWarp"],"picked":"hexamod:SearingWound","floor":16},{"not_picked":["hexamod:HauntingEcho","hexamod:NecessarySacrifice"],"picked":"hexamod:AdvancingGuard","floor":17},{"not_picked":["hexamod:BacktrackSmack","hexamod:StepThrough"],"picked":"hexamod:RadiantFlame","floor":19},{"not_picked":["hexamod:SpectersWail","hexamod:HeatMetal","hexamod:GhostOfSpirePast+1"],"picked":"SKIP","floor":21},{"not_picked":["hexamod:BacktrackSmack","hexamod:Incineration+1"],"picked":"hexamod:Hexaguard+1","floor":23}],"player_experience":195693,"relics_obtained":[{"floor":4,"key":"Replay:Bottled Steam"},{"floor":5,"key":"Gremlin Horn"},{"floor":7,"key":"StrikeDummy"},{"floor":14,"key":"Odd Mushroom"},{"floor":24,"key":"Lantern"}],"event_choices":[{"cards_removed":["hexamod:Strike"],"damage_healed":0,"gold_gain":0,"player_choice":"Card Removal","damage_taken":0,"max_hp_gain":0,"max_hp_loss":0,"event_name":"The Cleric","floor":1,"gold_loss":0},{"cards_removed":["hexamod:Strike"],"damage_healed":0,"gold_gain":0,"player_choice":"Offered Basic","damage_taken":0,"max_hp_gain":0,"max_hp_loss":0,"event_name":"Bonfire Elementals","floor":2,"gold_loss":0},{"damage_healed":0,"gold_gain":0,"player_choice":"Fought Mushrooms","damage_taken":0,"max_hp_gain":0,"max_hp_loss":0,"event_name":"Mushrooms","floor":14,"gold_loss":0},{"damage_healed":0,"gold_gain":0,"cards_transformed":["hexamod:Strike"],"player_choice":"Transformed","damage_taken":0,"max_hp_gain":0,"max_hp_loss":0,"event_name":"Transmorgrifier","floor":22,"gold_loss":0,"cards_obtained":["hexamod:VolcanoVisage"]}],"is_beta":false,"boss_relics":[{"not_picked":["Abe\u0027s Treasure","Philosopher\u0027s Stone"],"picked":"Tiny House"}],"items_purged_floors":[],"is_endless":false,"potions_floor_spawned":[4,12,13,14,15,19,23],"killed_by":"Slavers","ascension_level":0}}