{"host":"egyxg9lnjq7g2hmw","time":1608450418,"event":{"mods":["AchievementEnabler","BaseMod","Block Reminder","Colored Map","Colored Powertips","Highlight Path","Minty Spire (QoL Compilation)","Rare Cards Sparkle","StSLib"],"gold_per_floor":[117,133,48,13,13,38,38,55,55,55,55,123,123,123],"floor_reached":13,"playtime":619,"items_purged":[],"score":162,"play_id":"09901847-496b-4782-a04f-1a6e9e27f5a8","local_time":"20201219234658","is_ascension_mode":true,"campfire_choices":[{"floor":7,"key":"REST"},{"floor":11,"key":"REST"}],"circlet_count":0,"master_deck":["AscendersBane","Strike_G","Strike_G","Strike_G","Strike_G+1","Defend_G","Defend_G","Defend_G","Defend_G","Defend_G","Survivor+1","Neutralize","Envenom","Flying Knee","Flying Knee","Backstab","Masterful Stab"],"relics":["Ring of the Snake","Letter Opener","Toxic Egg 2"],"acts_visited":["Exordium"],"potions_floor_usage":[13],"damage_taken":[{"damage":4,"enemies":"2 Louse","floor":1,"turns":4},{"damage":7,"enemies":"Cultist","floor":2,"turns":5},{"damage":55,"enemies":"Lagavulin","floor":6,"turns":9},{"damage":4,"enemies":"Small Slimes","floor":8,"turns":3},{"damage":26,"enemies":"Gremlin Nob","floor":13,"turns":3}],"seed_played":"-783204024850862499","potions_obtained":[{"floor":2,"key":"GamblersBrew"},{"floor":6,"key":"Dexterity Potion"},{"floor":8,"key":"CunningPotion"}],"is_trial":false,"path_per_floor":["M","M","$","?","?","E","R","M","T","?","R","?","E"],"character_chosen":"THE_SILENT","items_purchased":["Backstab"],"campfire_rested":2,"item_purchase_floors":[3],"current_hp_per_floor":[55,48,48,60,60,5,23,19,19,1,19,19,0,0],"gold":123,"neow_bonus":"THREE_RARE_CARDS","is_daily":false,"chose_seed":false,"campfire_upgraded":0,"win_rate":0.0,"timestamp":1608450418,"path_taken":["M","M","$","?","?","E","R","?","T","?","R","?","E"],"items_purchased_type":["Card"],"build_version":"2020-12-13","purchased_purges":0,"victory":false,"max_hp_per_floor":[60,60,60,60,60,60,60,60,60,60,60,60,60,60],"card_choices":[{"not_picked":["Bullet Time","Storm of Steel"],"picked":"Envenom","floor":0},{"not_picked":["Dagger Throw","Backflip"],"picked":"Flying Knee","floor":1},{"not_picked":["Dagger Throw","Caltrops"],"picked":"Flying Knee","floor":2},{"not_picked":["Reflex","Masterful Stab","Slice"],"picked":"SKIP","floor":6},{"not_picked":["Acrobatics","Concentrate"],"picked":"Masterful Stab","floor":8}],"player_experience":547607,"relics_obtained":[{"floor":6,"key":"Letter Opener"},{"floor":9,"key":"Toxic Egg 2"}],"event_choices":[{"damage_healed":15,"gold_gain":0,"player_choice":"Healed","damage_taken":0,"max_hp_gain":0,"max_hp_loss":0,"event_name":"The Cleric","floor":4,"gold_loss":35},{"cards_removed":["Strike_G"],"damage_healed":0,"gold_gain":0,"player_choice":"Offered Basic","damage_taken":0,"max_hp_gain":0,"max_hp_loss":0,"event_name":"Bonfire Elementals","floor":5,"gold_loss":0},{"damage_healed":0,"gold_gain":0,"player_choice":"Entered Light","damage_taken":18,"max_hp_gain":0,"max_hp_loss":0,"event_name":"Shining Light","floor":10,"gold_loss":0,"cards_upgraded":["Strike_G","Survivor"]},{"damage_healed":0,"gold_gain":68,"player_choice":"Gained Gold","damage_taken":0,"max_hp_gain":0,"max_hp_loss":0,"event_name":"Golden Wing","floor":12,"gold_loss":0}],"is_beta":false,"boss_relics":[],"items_purged_floors":[],"is_endless":false,"potions_floor_spawned":[2,6,8],"killed_by":"Gremlin Nob","ascension_level":20}}