{"host":"utqe55yv0jihe4d6","time":1608437573,"event":{"mods":["2.2 Compatiblity","AchievementEnabler","BaseMod","Block Reminder","Colored Map","Colored Powertips","Minty Spire (QoL Compilation)","Quick Restart","Rare Cards Sparkle","Relic Stats","SuperFastMode"],"gold_per_floor":[117,42,42,61,61,61,100,100,178,193,206,242,242,265,265,265,265],"floor_reached":16,"playtime":354,"items_purged":["Strike_R"],"score":270,"play_id":"abe90829-234e-4d4c-b182-725db2acdca9","local_time":"20201219231253","is_ascension_mode":true,"campfire_choices":[{"data":"Blood for Blood","floor":6.0,"key":"SMITH"},{"data":"Bash","floor":8.0,"key":"SMITH"},{"data":"True Grit","floor":13.0,"key":"SMITH"},{"data":"Cleave","floor":15.0,"key":"SMITH"}],"circlet_count":0,"master_deck":["AscendersBane","Strike_R","Strike_R","Strike_R","Strike_R","Defend_R","Defend_R","Defend_R","Defend_R","Bash+1","Blood for Blood+1","Shrug It Off","True Grit+1","Cleave+1"],"relics":["Burning Blood","NeowsBlessing","Golden Idol","InkBottle","Gremlin Horn","Unceasing Top"],"acts_visited":["Exordium"],"potions_floor_usage":[16],"damage_taken":[{"damage":0.0,"enemies":"Jaw Worm","floor":1.0,"turns":1.0},{"damage":0.0,"enemies":"Small Slimes","floor":4.0,"turns":1.0},{"damage":0.0,"enemies":"Lagavulin","floor":7.0,"turns":1.0},{"damage":0.0,"enemies":"Cultist","floor":10.0,"turns":3.0},{"damage":8.0,"enemies":"Large Slime","floor":11.0,"turns":6.0},{"damage":24.0,"enemies":"3 Sentries","floor":12.0,"turns":8.0},{"damage":3.0,"enemies":"3 Louse","floor":14.0,"turns":5.0},{"damage":60,"enemies":"Slime Boss","floor":16,"turns":10}],"seed_played":"4431174696955318337","potions_obtained":[{"floor":4.0,"key":"BlessingOfTheForge"},{"floor":7.0,"key":"Strength Potion"},{"floor":12.0,"key":"PowerPotion"}],"is_trial":false,"path_per_floor":["M","$","?","M","?","R","E","R","T","M","M","E","R","M","R","B"],"character_chosen":"IRONCLAD","items_purchased":[],"campfire_rested":0,"item_purchase_floors":[],"current_hp_per_floor":[74,74,68,68,73,73,73,73,73,73,71,53,53,56,56,0,0],"gold":265,"neow_bonus":"THREE_ENEMY_KILL","is_daily":false,"chose_seed":false,"campfire_upgraded":4,"win_rate":0.0,"timestamp":1608437573,"path_taken":["M","$","?","M","?","R","E","R","T","M","M","E","R","M","R","BOSS"],"items_purchased_type":[],"build_version":"2020-12-13","purchased_purges":1,"victory":false,"max_hp_per_floor":[75,75,68,68,73,73,73,73,73,73,73,73,73,73,73,73,73],"relic_stats":{"Gremlin Horn":[8,8],"counters":[8,35],"Golden Idol":30,"obtain_stats":[{"NeowsBlessing":0,"Gremlin Horn":9,"Golden Idol":3,"Burning Blood":0,"InkBottle":7,"Unceasing Top":12},{"NeowsBlessing":0,"Gremlin Horn":3,"Golden Idol":1,"Burning Blood":0,"InkBottle":3,"Unceasing Top":6},{"NeowsBlessing":0,"Gremlin Horn":3,"Golden Idol":1,"Burning Blood":0,"InkBottle":3,"Unceasing Top":20}],"Burning Blood":24,"InkBottle":[8],"Unceasing Top":[0]},"card_choices":[{"not_picked":["Thunderclap","Feel No Pain"],"picked":"Blood for Blood","floor":1.0},{"not_picked":["Body Slam","Sword Boomerang"],"picked":"Shrug It Off","floor":4.0},{"not_picked":["Ghostly Armor","Seeing Red","Perfected Strike"],"picked":"SKIP","floor":7.0},{"not_picked":["Thunderclap","Wild Strike","Iron Wave"],"picked":"SKIP","floor":10.0},{"not_picked":["Wild Strike","Perfected Strike","Warcry"],"picked":"SKIP","floor":11.0},{"not_picked":["Wild Strike","Headbutt"],"picked":"True Grit","floor":12.0},{"not_picked":["Exhume","True Grit"],"picked":"Cleave","floor":14.0}],"player_experience":2812300,"relics_obtained":[{"floor":7.0,"key":"InkBottle"},{"floor":9.0,"key":"Gremlin Horn"},{"floor":12.0,"key":"Unceasing Top"}],"event_choices":[{"damage_healed":0.0,"max_hp_gain":0.0,"max_hp_loss":7.0,"gold_gain":0.0,"event_name":"Golden Idol","player_choice":"Lose Max HP","floor":3.0,"gold_loss":0.0,"damage_taken":0.0,"relics_obtained":["Golden Idol"]},{"damage_healed":0.0,"max_hp_gain":5.0,"max_hp_loss":0.0,"gold_gain":0.0,"event_name":"Big Fish","player_choice":"Donut","floor":5.0,"gold_loss":0.0,"damage_taken":0.0}],"is_beta":false,"boss_relics":[],"items_purged_floors":[2],"is_endless":false,"potions_floor_spawned":[4,7,12],"killed_by":"Slime Boss","ascension_level":20}}