{"host":"jn2qdns2nxijvlnt","time":1608436200,"event":{"mods":["BaseMod","Minty Spire (QoL Compilation)","Quick Restart"],"gold_per_floor":[117,117,133,133,133,168,168,191,262,262,262,262,305,329,329,329,329],"floor_reached":16,"playtime":703,"items_purged":[],"score":266,"play_id":"edfef9d3-5014-4cda-890b-09d0814f5611","local_time":"20201219225000","is_ascension_mode":true,"campfire_choices":[{"data":"Bash","floor":7.0,"key":"SMITH"},{"floor":10.0,"key":"REST"},{"floor":15.0,"key":"REST"}],"circlet_count":0,"master_deck":["AscendersBane","Strike_R","Strike_R","Strike_R","Strike_R","Strike_R","Defend_R+1","Defend_R+1","Defend_R","Defend_R+1","Bash+1","Armaments+1"],"relics":["Burning Blood","NeowsBlessing","Golden Idol","Anchor","Singing Bowl","War Paint"],"acts_visited":["Exordium"],"potions_floor_usage":[],"damage_taken":[{"damage":0.0,"enemies":"Jaw Worm","floor":1.0,"turns":1.0},{"damage":0.0,"enemies":"2 Louse","floor":3.0,"turns":2.0},{"damage":0.0,"enemies":"Gremlin Nob","floor":6.0,"turns":1.0},{"damage":7.0,"enemies":"Small Slimes","floor":8.0,"turns":4.0},{"damage":30.0,"enemies":"Lagavulin","floor":13.0,"turns":5.0},{"damage":8.0,"enemies":"Blue Slaver","floor":14.0,"turns":3.0},{"damage":105,"enemies":"Slime Boss","floor":16,"turns":13}],"seed_played":"1816819708600865502","potions_obtained":[{"floor":3.0,"key":"Regen Potion"},{"floor":8.0,"key":"SkillPotion"},{"floor":13.0,"key":"FairyPotion"}],"is_trial":false,"path_per_floor":["M","?","M","?","?","E","R","M","T","R","?","?","E","M","R","B"],"character_chosen":"IRONCLAD","items_purchased":[],"campfire_rested":2,"item_purchase_floors":[],"current_hp_per_floor":[74,48,54,54,54,60,60,68,68,75,80,80,58,58,83,4,4],"gold":329,"neow_bonus":"THREE_ENEMY_KILL","is_daily":false,"chose_seed":false,"campfire_upgraded":1,"win_rate":0.0,"timestamp":1608436200,"path_taken":["M","?","M","?","?","E","R","?","T","R","?","?","E","M","R","BOSS"],"items_purchased_type":[],"build_version":"2020-12-13","purchased_purges":0,"victory":false,"max_hp_per_floor":[75,75,75,75,75,75,75,75,75,75,80,80,82,84,84,84,84],"card_choices":[{"not_picked":["Thunderclap","Iron Wave"],"picked":"Armaments","floor":1.0},{"not_picked":["True Grit","Anger","Clothesline"],"picked":"SKIP","floor":3.0},{"not_picked":["Evolve","Reckless Charge","Armaments"],"picked":"SKIP","floor":6.0},{"not_picked":["Body Slam","Warcry","Second Wind"],"picked":"SKIP","floor":8.0},{"not_picked":["Thunderclap","Evolve","Double Tap"],"picked":"Singing Bowl","floor":13.0},{"not_picked":["Battle Trance","Clash","Ghostly Armor"],"picked":"Singing Bowl","floor":14.0}],"player_experience":434073,"relics_obtained":[{"floor":6.0,"key":"Anchor"},{"floor":9.0,"key":"Singing Bowl"},{"floor":13.0,"key":"War Paint"}],"event_choices":[{"damage_healed":0.0,"max_hp_gain":0.0,"max_hp_loss":0.0,"gold_gain":0.0,"event_name":"Golden Idol","player_choice":"Take Damage","floor":2.0,"gold_loss":0.0,"damage_taken":26.0,"relics_obtained":["Golden Idol"]},{"damage_healed":0.0,"max_hp_gain":0.0,"max_hp_loss":0.0,"gold_gain":0.0,"event_name":"Living Wall","player_choice":"Grow","floor":4.0,"gold_loss":0.0,"damage_taken":0.0,"cards_upgraded":["Armaments"]},{"damage_healed":0.0,"max_hp_gain":0.0,"max_hp_loss":0.0,"gold_gain":0.0,"event_name":"The Cleric","player_choice":"Leave","floor":5.0,"gold_loss":0.0,"damage_taken":0.0},{"damage_healed":0.0,"max_hp_gain":5.0,"max_hp_loss":0.0,"gold_gain":0.0,"event_name":"Big Fish","player_choice":"Donut","floor":11.0,"gold_loss":0.0,"damage_taken":0.0},{"damage_healed":0.0,"max_hp_gain":0.0,"max_hp_loss":0.0,"gold_gain":0.0,"event_name":"Upgrade Shrine","player_choice":"Upgraded","floor":12.0,"gold_loss":0.0,"damage_taken":0.0,"cards_upgraded":["Defend_R"]}],"is_beta":false,"boss_relics":[],"items_purged_floors":[],"is_endless":false,"potions_floor_spawned":[3,8,13],"killed_by":"Slime Boss","ascension_level":20}}