{"host":"6pgtslebjnyv5xmi","time":1608464828,"event":{"mods":["AchievementEnabler","BaseMod","Colored Map","Minty Spire (QoL Compilation)","Rare Cards Sparkle","SuperFastMode","everything is the same but u backflip on backflip"],"gold_per_floor":[113,123,123,123,135,154,165,165,192,203,203,216,216,216,216,340,340,353,353,453,297,48,48,63,63,134,148,171,220,254,254,254,393,393,408,408,215,240,24,62,62,395,421,445,445,464,464,464,464,464],"floor_reached":51,"playtime":2522,"items_purged":["Defend_B","Defend_B","Defend_B","Defend_B"],"score":847,"play_id":"3e97ed38-441e-49a7-adb8-016068d13806","local_time":"20201220204708","is_ascension_mode":true,"campfire_choices":[{"data":"Dualcast","floor":8,"key":"SMITH"},{"data":"Defragment","floor":11,"key":"SMITH"},{"data":"Defragment","floor":13,"key":"SMITH"},{"data":"Turbo","floor":15,"key":"SMITH"},{"data":"Dramatic Entrance","floor":23,"key":"SMITH"},{"data":"Blizzard","floor":25,"key":"SMITH"},{"data":"Rebound","floor":32,"key":"SMITH"},{"data":"Machine Learning","floor":41,"key":"SMITH"},{"data":"Storm","floor":45,"key":"SMITH"},{"data":"Loop","floor":47,"key":"SMITH"},{"data":"Leap","floor":49,"key":"SMITH"}],"circlet_count":0,"master_deck":["Strike_B","Strike_B","Strike_B","Strike_B","Zap+1","Dualcast+1","Dramatic Entrance+1","Defragment+1","Leap+1","Defragment+1","Turbo+1","Rebound+1","Cold Snap","Ball Lightning+1","Melter+1","Blizzard+1","Glacier+1","Machine Learning+1","Loop+1","Storm+1","Force Field+1"],"relics":["FrozenCore","Anchor","Orichalcum","Runic Capacitor","StrikeDummy","CeramicFish","Red Mask","GremlinMask","Inserter","DataDisk","Akabeko","Lantern"],"acts_visited":["Exordium","TheCity","TheBeyond"],"potions_floor_usage":[10,16,16,16,33,46,50,50],"damage_taken":[{"damage":0,"enemies":"2 Louse","floor":1,"turns":2},{"damage":1,"enemies":"Cultist","floor":2,"turns":3},{"damage":0,"enemies":"Jaw Worm","floor":5,"turns":2},{"damage":0,"enemies":"3 Louse","floor":6,"turns":2},{"damage":0,"enemies":"Large Slime","floor":7,"turns":5},{"damage":3,"enemies":"Red Slaver","floor":10,"turns":2},{"damage":0,"enemies":"Lots of Slimes","floor":12,"turns":2},{"damage":6,"enemies":"The Guardian","floor":16,"turns":7},{"damage":0,"enemies":"3 Byrds","floor":18,"turns":8},{"damage":0,"enemies":"Shell Parasite","floor":24,"turns":4},{"damage":1,"enemies":"Snecko","floor":27,"turns":4},{"damage":0,"enemies":"3 Cultists","floor":28,"turns":4},{"damage":0,"enemies":"Book of Stabbing","floor":29,"turns":6},{"damage":11,"enemies":"Masked Bandits","floor":30,"turns":4},{"damage":6,"enemies":"Champ","floor":33,"turns":12},{"damage":0,"enemies":"Orb Walker","floor":35,"turns":6},{"damage":0,"enemies":"3 Darklings","floor":38,"turns":5},{"damage":0,"enemies":"Giant Head","floor":40,"turns":8},{"damage":0,"enemies":"Sphere and 2 Shapes","floor":44,"turns":3},{"damage":0,"enemies":"Transient","floor":46,"turns":5},{"damage":0,"enemies":"Donu and Deca","floor":50,"turns":9}],"seed_played":"-3985023030173575610","potions_obtained":[{"floor":1,"key":"SkillPotion"},{"floor":5,"key":"AttackPotion"},{"floor":7,"key":"SneckoOil"},{"floor":12,"key":"BlessingOfTheForge"},{"floor":18,"key":"FocusPotion"},{"floor":29,"key":"SpeedPotion"},{"floor":30,"key":"Block Potion"},{"floor":38,"key":"Swift Potion"},{"floor":44,"key":"SteroidPotion"}],"is_trial":false,"path_per_floor":["M","M","?","?","M","M","M","R","T","M","R","M","R","?","R","B",null,"M","$","?","$","$","R","M","R","T","M","M","E","?","?","R","B",null,"M","?","$","M","$","E","R","?","T","M","R","M","R","?","R","B",null],"character_chosen":"DEFECT","items_purchased":["Melter","Runic Capacitor","Loop","Storm"],"campfire_rested":0,"item_purchase_floors":[21,22,37,39],"current_hp_per_floor":[75,74,62,62,62,62,62,62,62,59,59,59,59,41,41,35,75,75,75,75,75,75,75,75,75,75,74,74,74,63,63,63,57,75,75,75,75,75,75,75,75,75,75,75,75,75,75,75,75,75],"gold":464,"neow_bonus":"RANDOM_COLORLESS","is_daily":false,"chose_seed":false,"campfire_upgraded":11,"win_rate":0.0,"timestamp":1608464828,"path_taken":["M","M","?","?","M","M","M","R","T","M","R","?","R","?","R","BOSS","M","$","?","?","$","R","M","R","T","?","M","E","?","?","R","BOSS","M","?","$","?","$","E","R","?","T","M","R","M","R","?","R","BOSS"],"items_purchased_type":["Card","Relic","Card","Card"],"build_version":"2020-12-13","purchased_purges":4,"victory":true,"max_hp_per_floor":[75,75,75,75,75,75,75,75,75,75,75,75,75,75,75,75,75,75,75,75,75,75,75,75,75,75,75,75,75,75,75,75,75,75,75,75,75,75,75,75,75,75,75,75,75,75,75,75,75,75],"card_choices":[{"not_picked":["Bandage Up","Dark Shackles"],"picked":"Dramatic Entrance","floor":0},{"not_picked":["Barrage","FTL"],"picked":"Defragment","floor":1},{"not_picked":["Doom and Gloom","Steam"],"picked":"Leap","floor":2},{"not_picked":["Leap","Undo"],"picked":"Defragment","floor":5},{"not_picked":["Ball Lightning","Melter"],"picked":"Turbo","floor":6},{"not_picked":["Steam Power","Compile Driver"],"picked":"Rebound","floor":7},{"not_picked":["Rebound","Gash"],"picked":"Cold Snap","floor":10},{"not_picked":["Coolheaded","Fission","Beam Cell"],"picked":"SKIP","floor":12},{"not_picked":["Go for the Eyes","Darkness+1"],"picked":"Ball Lightning+1","floor":18},{"not_picked":["Heatsinks","Reprogram"],"picked":"Blizzard","floor":24},{"not_picked":["Undo","Rebound","Conserve Battery+1"],"picked":"SKIP","floor":27},{"not_picked":["Compile Driver+1","Hello World","Sweeping Beam"],"picked":"SKIP","floor":28},{"not_picked":["Steam Power","Creative AI"],"picked":"Glacier+1","floor":29},{"not_picked":["Fission","All For One"],"picked":"Machine Learning","floor":33},{"not_picked":["Coolheaded","Glacier","Conserve Battery"],"picked":"SKIP","floor":35},{"not_picked":["Rip and Tear+1","FTL+1","Redo"],"picked":"SKIP","floor":38},{"not_picked":["Streamline+1","Rebound+1","Sweeping Beam+1"],"picked":"SKIP","floor":40},{"not_picked":["Reinforced Body","Coolheaded"],"picked":"Force Field+1","floor":44},{"not_picked":["Conserve Battery","Undo","Heatsinks"],"picked":"SKIP","floor":46}],"player_experience":287250,"relics_obtained":[{"floor":9,"key":"Orichalcum"},{"floor":26,"key":"StrikeDummy"},{"floor":29,"key":"CeramicFish"},{"floor":30,"key":"Red Mask"},{"floor":40,"key":"Akabeko"},{"floor":43,"key":"Lantern"}],"event_choices":[{"damage_healed":0,"gold_gain":0,"player_choice":"Success","damage_taken":12,"relics_obtained":["Anchor"],"max_hp_gain":0,"max_hp_loss":0,"event_name":"Scrap Ooze","floor":3,"gold_loss":0},{"damage_healed":0,"gold_gain":0,"player_choice":"Forge","damage_taken":0,"max_hp_gain":0,"max_hp_loss":0,"event_name":"Accursed Blacksmith","floor":4,"gold_loss":0,"cards_upgraded":["Zap"]},{"damage_healed":0,"gold_gain":0,"player_choice":"Take Damage","damage_taken":18,"relics_obtained":["Golden Idol"],"max_hp_gain":0,"max_hp_loss":0,"event_name":"Golden Idol","floor":14,"gold_loss":0},{"damage_healed":0,"gold_gain":100,"player_choice":"Pray","damage_taken":0,"max_hp_gain":0,"max_hp_loss":0,"event_name":"Golden Shrine","floor":20,"gold_loss":0},{"damage_healed":0,"gold_gain":0,"player_choice":"Fought Bandits","damage_taken":0,"max_hp_gain":0,"max_hp_loss":0,"event_name":"Masked Bandits","floor":30,"gold_loss":0},{"damage_healed":0,"gold_gain":0,"player_choice":"Trade","damage_taken":0,"relics_obtained":["GremlinMask"],"max_hp_gain":0,"max_hp_loss":0,"event_name":"FaceTrader","floor":31,"gold_loss":0},{"damage_healed":0,"gold_gain":0,"player_choice":"Gave Potion","damage_taken":0,"relics_obtained":["DataDisk"],"max_hp_gain":0,"max_hp_loss":0,"event_name":"WeMeetAgain","floor":36,"gold_loss":0},{"damage_healed":0,"gold_gain":333,"player_choice":"Gave Idol","damage_taken":0,"max_hp_gain":0,"max_hp_loss":0,"event_name":"The Moai Head","floor":42,"relics_lost":["Golden Idol"],"gold_loss":0},{"damage_healed":0,"gold_gain":0,"player_choice":"Upgraded","damage_taken":0,"max_hp_gain":0,"max_hp_loss":0,"event_name":"Upgrade Shrine","floor":48,"gold_loss":0,"cards_upgraded":["Melter"]}],"is_beta":false,"boss_relics":[{"not_picked":["Nuclear Battery","Snecko Eye"],"picked":"FrozenCore"},{"not_picked":["Fusion Hammer","Coffee Dripper"],"picked":"Inserter"}],"items_purged_floors":[21,22,37,39],"is_endless":false,"potions_floor_spawned":[1,5,7,12,18,29,30,38,44],"ascension_level":1}}