{"host":"6pgtslebjnyv5xmi","time":1608473957,"event":{"mods":["AchievementEnabler","BaseMod","Colored Map","Minty Spire (QoL Compilation)","Rare Cards Sparkle","SuperFastMode","everything is the same but u backflip on backflip"],"gold_per_floor":[20,37,55,70,70,70,80,5,5,5,21,68,68,85,85,186,186,202,222,238,250,21,21,21],"floor_reached":23,"playtime":1233,"items_purged":["Terror"],"score":206,"play_id":"dd72844a-5abc-4dfc-9f85-22b5bd8afaef","local_time":"20201220231917","is_ascension_mode":true,"campfire_choices":[{"data":"Noxious Fumes","floor":6.0,"key":"SMITH"},{"data":"Caltrops","floor":10.0,"key":"SMITH"},{"data":"Caltrops","floor":15.0,"key":"SMITH"}],"circlet_count":0,"master_deck":["Defend_G","Defend_G","Defend_G","Defend_G","Defend_G","Survivor","Neutralize","Caltrops+1","Deadly Poison","Noxious Fumes+1","Deadly Poison","Caltrops+1","A Thousand Cuts","Crippling Poison+1","PiercingWail","Wraith Form v2"],"relics":["Ring of the Snake","Blood Vial","Nunchaku","Empty Cage"],"acts_visited":["Exordium","TheCity"],"potions_floor_usage":[],"damage_taken":[{"damage":0.0,"enemies":"Small Slimes","floor":1.0,"turns":7.0},{"damage":1.0,"enemies":"Jaw Worm","floor":2.0,"turns":5.0},{"damage":0.0,"enemies":"Cultist","floor":3.0,"turns":4.0},{"damage":0.0,"enemies":"Looter","floor":4.0,"turns":4.0},{"damage":2.0,"enemies":"2 Fungi Beasts","floor":7.0,"turns":4.0},{"damage":3.0,"enemies":"Blue Slaver","floor":11.0,"turns":5.0},{"damage":0.0,"enemies":"Large Slime","floor":14.0,"turns":6.0},{"damage":29.0,"enemies":"Hexaghost","floor":16.0,"turns":7.0},{"damage":19.0,"enemies":"3 Byrds","floor":18.0,"turns":3.0},{"damage":9.0,"enemies":"Shell Parasite","floor":19.0,"turns":5.0},{"damage":9.0,"enemies":"Snake Plant","floor":20.0,"turns":5.0},{"damage":23.0,"enemies":"Centurion and Healer","floor":21.0,"turns":12.0},{"damage":20,"enemies":"Book of Stabbing","floor":23,"turns":4}],"seed_played":"-5561828093463070563","potions_obtained":[{"floor":2.0,"key":"SteroidPotion"},{"floor":3.0,"key":"Explosive Potion"},{"floor":7.0,"key":"Explosive Potion"},{"floor":14.0,"key":"Dexterity Potion"},{"floor":21.0,"key":"Ancient Potion"}],"is_trial":false,"path_per_floor":["M","M","M","M","?","R","M","$","T","R","M","T","$","M","R","B",null,"M","M","M","M","$","E"],"character_chosen":"THE_SILENT","items_purchased":["Caltrops","Wraith Form v2"],"campfire_rested":0,"item_purchase_floors":[8,22],"current_hp_per_floor":[70,69,69,69,62,62,60,60,60,60,59,59,59,61,61,34,70,51,44,37,16,16,0,0],"gold":21,"neow_bonus":"REMOVE_TWO","is_daily":false,"chose_seed":false,"campfire_upgraded":3,"win_rate":0.0,"timestamp":1608473957,"path_taken":["M","M","M","M","?","R","M","$","T","R","M","?","?","M","R","BOSS","M","M","?","M","$","E"],"items_purchased_type":["Card","Card"],"build_version":"2020-12-13","purchased_purges":1,"victory":false,"max_hp_per_floor":[70,70,70,70,70,70,70,70,70,70,70,70,70,70,70,70,70,70,70,70,70,70,70,70],"card_choices":[{"not_picked":["Backflip","Skewer"],"picked":"Terror","floor":1.0},{"not_picked":["Riddle With Holes","Dagger Throw"],"picked":"Caltrops","floor":2.0},{"not_picked":["Dagger Throw","Distraction"],"picked":"Deadly Poison","floor":3.0},{"not_picked":["Cloak And Dagger","Leg Sweep"],"picked":"Noxious Fumes","floor":4.0},{"not_picked":["Flying Knee","Dagger Throw"],"picked":"Deadly Poison","floor":7.0},{"not_picked":["Flying Knee","Backflip","Dodge and Roll"],"picked":"SKIP","floor":11.0},{"not_picked":["Prepared","Blade Dance","Concentrate"],"picked":"SKIP","floor":14.0},{"not_picked":["Tools of the Trade","Phantasmal Killer"],"picked":"A Thousand Cuts","floor":16.0},{"not_picked":["Slice+1","Flying Knee"],"picked":"Crippling Poison+1","floor":18.0},{"not_picked":["Deflect+1","Sucker Punch"],"picked":"PiercingWail","floor":19.0},{"not_picked":["Blade Dance+1","Slice","Choke+1"],"picked":"SKIP","floor":20.0},{"not_picked":["Bane+1","Leg Sweep","Poisoned Stab"],"picked":"SKIP","floor":21.0}],"player_experience":297476,"relics_obtained":[{"floor":9.0,"key":"Blood Vial"},{"floor":12.0,"key":"Nunchaku"}],"event_choices":[{"cards_removed":["Strike_G"],"damage_healed":0.0,"max_hp_gain":0.0,"max_hp_loss":0.0,"gold_gain":0.0,"event_name":"Golden Wing","player_choice":"Card Removal","floor":5.0,"gold_loss":0.0,"damage_taken":7.0}],"is_beta":false,"boss_relics":[{"not_picked":["Cursed Key","WristBlade"],"picked":"Empty Cage"}],"items_purged_floors":[22],"is_endless":false,"potions_floor_spawned":[2,3,7,14,21],"killed_by":"Book of Stabbing","ascension_level":2}}