{"host":"e1ezmaebp4k769tb","time":1608477359,"event":{"mods":["2.2 Compatiblity","AchievementEnabler","AlwaysNeverKeys","BaseMod","CapriCore","Card Filter","Colored Powertips","Curses Come First","DeckTracker","Friendly Minions","Highlight Path","HololiveMod","Keyboard Shortcuts","Koishi","Minty Spire (QoL Compilation)","Permanent Neow","Quick Restart","Red Circlet Mod","Replay The Spire","StSLib","WarShipGirlsR/??á´Ò³R mod"],"gold_per_floor":[16,28,47,47,47,81,6,25,25,35,35,47,47,60,60,137,137,156,173,186,3,3,3,3,3],"floor_reached":24,"playtime":984,"items_purged":["rmod:strick","rmod:strick"],"score":400,"play_id":"c895a8c9-875b-4be0-aed9-893a22c17f65","local_time":"20201221001559","is_ascension_mode":true,"campfire_choices":[{"floor":11.0,"key":"REST"},{"data":"rmod:openingtorpedo","floor":13.0,"key":"SMITH"},{"data":"rmod:ridicule","floor":15.0,"key":"SMITH"}],"circlet_count":0,"master_deck":["AscendersBane","rmod:strick","rmod:strick","rmod:defend","rmod:defend","rmod:defend","rmod:defend","rmod:basicallowance","rmod:maingunfire+1","Apotheosis+1","rmod:fletcherpendant","rmod:ammunitionsupply","rmod:openingtorpedo+1","rmod:ridicule+1","rmod:fletcher","rmod:overbreakdown","rmod:salvage","rmod:fletcher","rmod:fletcherpendant+1","rmod:steelsupply","rmod:concentratefire","rmod:fletcherpendant"],"relics":["rmod:firstchargereward","Blood Vial","Singing Bowl","Sozu"],"acts_visited":["Exordium","TheCity"],"potions_floor_usage":[],"damage_taken":[{"damage":0.0,"enemies":"Cultist","floor":1.0,"turns":3.0},{"damage":14.0,"enemies":"2 Louse","floor":2.0,"turns":3.0},{"damage":3.0,"enemies":"Jaw Worm","floor":3.0,"turns":3.0},{"damage":13.0,"enemies":"3 Sentries","floor":6.0,"turns":6.0},{"damage":2.0,"enemies":"Exordium Wildlife","floor":8.0,"turns":3.0},{"damage":10.0,"enemies":"Blue Slaver","floor":10.0,"turns":3.0},{"damage":0.0,"enemies":"Lots of Slimes","floor":12.0,"turns":2.0},{"damage":0.0,"enemies":"Large Slime","floor":14.0,"turns":2.0},{"damage":34.0,"enemies":"Fading Forest","floor":16.0,"turns":13.0},{"damage":15.0,"enemies":"Spheric Guardian","floor":18.0,"turns":4.0},{"damage":27.0,"enemies":"Shell Parasite","floor":19.0,"turns":4.0},{"damage":25.0,"enemies":"Shelled Parasite and Fungi","floor":20.0,"turns":4.0},{"damage":14,"enemies":"Sentry and Sphere","floor":24,"turns":3}],"seed_played":"1316968931601368754","potions_obtained":[{"floor":3.0,"key":"BlessingOfTheForge"},{"floor":8.0,"key":"PowerPotion"},{"floor":10.0,"key":"Milkshake"}],"is_trial":false,"path_per_floor":["M","M","M","?","?","E","$","M","T","M","R","M","R","M","R","B",null,"M","M","M","$","?","?","M"],"character_chosen":"PRAEFECT","items_purchased":["rmod:concentratefire"],"campfire_rested":1,"item_purchase_floors":[21],"current_hp_per_floor":[63,49,46,25,25,12,12,12,12,6,27,31,31,35,35,23,64,51,26,3,3,3,3,0,0],"gold":3,"neow_bonus":"RANDOM_COLORLESS_2","is_daily":false,"chose_seed":false,"campfire_upgraded":2,"win_rate":0.0,"timestamp":1608477359,"path_taken":["M","M","?","?","?","E","?","?","T","?","R","M","R","M","R","BOSS","M","M","M","$","?","?","M"],"items_purchased_type":["Card"],"build_version":"2020-12-13","purchased_purges":2,"victory":false,"max_hp_per_floor":[70,70,70,70,70,70,70,70,70,72,72,74,74,76,76,78,78,78,78,78,78,78,78,78,78],"card_choices":[{"not_picked":["Crow Ritual","ReplayUltimateDefense"],"picked":"Apotheosis","floor":0.0},{"not_picked":["rmod:fuelsupply","rmod:intelligenceanalysis"],"picked":"rmod:fletcherpendant","floor":1.0},{"not_picked":["rmod:chargemoney","rmod:combined"],"picked":"rmod:ammunitionsupply","floor":2.0},{"not_picked":["rmod:aluminumsupply","rmod:ammunitionsupply"],"picked":"rmod:openingtorpedo","floor":3.0},{"not_picked":[],"picked":"rmod:ridicule","floor":5.0},{"not_picked":["rmod:maintain","rmod:steelsupply"],"picked":"rmod:fletcher","floor":6.0},{"not_picked":["rmod:ammunitionsupply","rmod:luckystar","rmod:fuelsupply"],"picked":"SKIP","floor":8.0},{"not_picked":["rmod:victimresponsibility","rmod:goodsister","rmod:diamondstrike"],"picked":"Singing Bowl","floor":10.0},{"not_picked":["rmod:combined","rmod:supportescort","rmod:tearstotiara"],"picked":"Singing Bowl","floor":12.0},{"not_picked":["rmod:circuitoustactics","rmod:maintain","rmod:ammunitionsupply"],"picked":"Singing Bowl","floor":14.0},{"not_picked":["rmod:saltedfish","rmod:seals","rmod:stealaluminum"],"picked":"Singing Bowl","floor":16.0},{"not_picked":["rmod:tearstotiara","rmod:shuttlebombing"],"picked":"rmod:overbreakdown","floor":18.0},{"not_picked":["rmod:victimresponsibility","rmod:combined"],"picked":"rmod:salvage","floor":19.0},{"not_picked":["rmod:fuelsupply","rmod:victimresponsibility"],"picked":"rmod:steelsupply","floor":20.0}],"player_experience":148500,"relics_obtained":[{"floor":6.0,"key":"Blood Vial"},{"floor":9.0,"key":"Singing Bowl"}],"event_choices":[{"damage_healed":0.0,"max_hp_gain":0.0,"max_hp_loss":0.0,"gold_gain":0.0,"event_name":"Shining Light","player_choice":"Entered Light","floor":4.0,"gold_loss":0.0,"damage_taken":21.0,"cards_upgraded":["rmod:maingunfire","Apotheosis"]},{"damage_healed":0.0,"max_hp_gain":0.0,"max_hp_loss":0.0,"gold_gain":0.0,"event_name":"Ghosts","player_choice":"Ignored","floor":23.0,"gold_loss":0.0,"damage_taken":0.0}],"is_beta":false,"boss_relics":[{"not_picked":["Honey Jar","Cursed Key"],"picked":"Sozu"}],"items_purged_floors":[7,21],"is_endless":false,"potions_floor_spawned":[3,8,10,18,20],"killed_by":"Sentry and Sphere","ascension_level":20}}