{"host":"fne7yx97fnz7kq05","time":1608434239,"event":{"mods":["BaseMod","Colored Map","Colored Powertips","Highlight Path","Minty Spire (QoL Compilation)","Relic Stats"],"gold_per_floor":[112,112,131,149,149,178,178,193,193,217,227,40,59,69,69,164,214,227,227,240,240,290,325,341,366,420,435,187,187,207,122,122,225,225,237,1236,1236,1236,1236,1271,1271,1271,1271],"floor_reached":42,"playtime":2615,"items_purged":[],"score":821,"play_id":"db73209e-dec4-4ce0-a08b-91f02b9efb63","local_time":"20201219211719","is_ascension_mode":true,"campfire_choices":[{"data":"Clash","floor":7,"key":"SMITH"},{"data":"Corruption","floor":15,"key":"SMITH"},{"data":"Pommel Strike","floor":29,"key":"SMITH"},{"data":"Transmutation","floor":32,"key":"SMITH"},{"data":"Madness","floor":41,"key":"SMITH"}],"circlet_count":0,"master_deck":["AscendersBane","Defend_R+1","Defend_R+1","Defend_R+1","Defend_R+1","Bash","Clash+1","Clash+1","Inflame","Corruption+1","True Grit","Reaper","Clothesline","Pommel Strike+1","Shrug It Off","Bite","Bite","Bite","Bite","Bite","Seeing Red","Shrug It Off","Transmutation+1","Shrug It Off","Normality","Normality","Madness+1","Madness","Shrug It Off+1"],"relics":["Coffee Dripper","Blue Candle","Mummified Hand","PreservedInsect","Tiny House","Vajra","Boot","MealTicket","Anchor","Cursed Key","CaptainsWheel"],"acts_visited":["Exordium","TheCity","TheBeyond"],"potions_floor_usage":[14,16,16,23,25,30,40],"damage_taken":[{"damage":3,"enemies":"2 Louse","floor":1,"turns":3},{"damage":7,"enemies":"Jaw Worm","floor":3,"turns":3},{"damage":1,"enemies":"Cultist","floor":4,"turns":3},{"damage":40,"enemies":"3 Sentries","floor":6,"turns":10},{"damage":1,"enemies":"3 Louse","floor":8,"turns":2},{"damage":8,"enemies":"Blue Slaver","floor":11,"turns":2},{"damage":0,"enemies":"Large Slime","floor":13,"turns":3},{"damage":1,"enemies":"Gremlin Gang","floor":14,"turns":4},{"damage":29,"enemies":"The Guardian","floor":16,"turns":6},{"damage":15,"enemies":"Chosen","floor":18,"turns":4},{"damage":1,"enemies":"3 Byrds","floor":20,"turns":5},{"damage":24,"enemies":"Book of Stabbing","floor":23,"turns":4},{"damage":11,"enemies":"Snecko","floor":24,"turns":5},{"damage":26,"enemies":"Gremlin Leader","floor":25,"turns":6},{"damage":1,"enemies":"3 Cultists","floor":27,"turns":4},{"damage":36,"enemies":"Chosen and Byrds","floor":30,"turns":9},{"damage":75,"enemies":"Collector","floor":33,"turns":8},{"damage":55,"enemies":"3 Darklings","floor":35,"turns":8},{"damage":30,"enemies":"Reptomancer","floor":40,"turns":5},{"damage":68,"enemies":"Giant Head","floor":42,"turns":6}],"seed_played":"5069589703354947072","potions_obtained":[{"floor":3,"key":"CultistPotion"},{"floor":6,"key":"SpeedPotion"},{"floor":11,"key":"BloodPotion"},{"floor":14,"key":"SkillPotion"},{"floor":17,"key":"DistilledChaos"},{"floor":24,"key":"Explosive Potion"},{"floor":27,"key":"LiquidBronze"},{"floor":30,"key":"SkillPotion"}],"is_trial":false,"path_per_floor":["M","?","M","M","?","E","R","M","T","T","M","$","M","M","R","B",null,"M","?","M","?","?","E","M","E","T","M","$","R","M","?","R","B",null,"M","?","?","?","?","E","R","E"],"character_chosen":"IRONCLAD","items_purchased":["PreservedInsect","Inflame","Shrug It Off","Transmutation","Block Potion"],"campfire_rested":0,"item_purchase_floors":[12,12,28,28,28],"current_hp_per_floor":[69,69,62,61,61,21,21,20,20,20,14,14,16,33,33,6,67,60,60,67,67,67,55,65,72,72,85,85,85,62,62,62,24,70,58,58,47,47,47,38,38,0,0],"gold":1271,"neow_bonus":"BOSS_RELIC","is_daily":false,"chose_seed":false,"campfire_upgraded":5,"win_rate":0.0,"timestamp":1608434239,"path_taken":["M","?","M","M","?","E","R","M","T","?","M","$","?","M","R","BOSS","M","?","M","?","?","E","?","E","T","M","$","R","M","?","R","BOSS","M","?","?","?","?","E","R","E"],"items_purchased_type":["Relic","Card","Card","Card","Potion"],"build_version":"2020-12-13","purchased_purges":0,"victory":false,"max_hp_per_floor":[80,80,80,80,80,80,80,80,80,80,80,80,80,80,80,80,85,85,85,85,85,85,85,85,85,85,85,85,85,85,85,85,85,85,85,85,85,85,85,85,85,85,85],"relic_stats":{"counters":[20,100],"Mummified Hand":[32],"Blue Candle":[11],"MealTicket":0,"PreservedInsect":281,"Boot":[0],"Cursed Key":0,"obtain_stats":[{"Tiny House":17,"Blue Candle":6,"Vajra":23,"PreservedInsect":12,"Boot":25,"Cursed Key":34,"Burning Blood":0,"Blood Vial":10,"Anchor":31,"CaptainsWheel":40,"Mummified Hand":9,"MealTicket":26,"Coffee Dripper":0},{"Tiny House":9,"Blue Candle":4,"Vajra":12,"PreservedInsect":6,"Boot":14,"Cursed Key":17,"Burning Blood":0,"Blood Vial":5,"Anchor":16,"CaptainsWheel":19,"Mummified Hand":5,"MealTicket":14,"Coffee Dripper":0},{"Tiny House":36,"Blue Candle":19,"Vajra":49,"PreservedInsect":23,"Boot":60,"Cursed Key":81,"Burning Blood":0,"Blood Vial":21,"Anchor":73,"CaptainsWheel":94,"Mummified Hand":21,"MealTicket":60,"Coffee Dripper":0}]},"card_choices":[{"not_picked":["Havoc","Heavy Blade","Feel No Pain"],"picked":"SKIP","floor":1},{"not_picked":["Iron Wave","Thunderclap"],"picked":"Clash","floor":3},{"not_picked":["Warcry","Entrench"],"picked":"Clash","floor":4},{"not_picked":["Feel No Pain","Searing Blow"],"picked":"Battle Trance","floor":6},{"not_picked":["Twin Strike","Heavy Blade","Armaments"],"picked":"SKIP","floor":8},{"not_picked":["Clash","Wild Strike","Flex"],"picked":"SKIP","floor":11},{"not_picked":["Thunderclap","Clash"],"picked":"Corruption","floor":13},{"not_picked":["Twin Strike","Power Through"],"picked":"True Grit","floor":14},{"not_picked":["Juggernaut","Double Tap"],"picked":"Reaper","floor":16},{"not_picked":["Combust","Iron Wave"],"picked":"Clothesline","floor":17},{"not_picked":["Iron Wave","Reckless Charge"],"picked":"Pommel Strike","floor":18},{"not_picked":["Rupture+1","Dark Embrace"],"picked":"Shrug It Off","floor":20},{"not_picked":["Flex","Burning Pact","Pommel Strike"],"picked":"SKIP","floor":23},{"not_picked":["Perfected Strike","Intimidate","Rupture"],"picked":"SKIP","floor":24},{"not_picked":["Sever Soul","Pommel Strike"],"picked":"Seeing Red","floor":25},{"not_picked":["Second Wind","Flame Barrier","Evolve"],"picked":"SKIP","floor":27},{"not_picked":["Feel No Pain","Sword Boomerang"],"picked":"Shrug It Off","floor":30},{"not_picked":["Havoc","Flame Barrier+1","Rage"],"picked":"SKIP","floor":35},{"not_picked":["Pummel","Carnage"],"picked":"Shrug It Off+1","floor":40}],"player_experience":57948,"relics_obtained":[{"floor":6,"key":"Blue Candle"},{"floor":9,"key":"Mummified Hand"},{"floor":10,"key":"Blood Vial"},{"floor":23,"key":"Vajra"},{"floor":25,"key":"Boot"},{"floor":26,"key":"MealTicket"},{"floor":40,"key":"CaptainsWheel"}],"event_choices":[{"damage_healed":0,"gold_gain":0,"player_choice":"Ignored","damage_taken":0,"max_hp_gain":0,"max_hp_loss":0,"event_name":"Golden Wing","floor":2,"gold_loss":0},{"damage_healed":0,"gold_gain":0,"player_choice":"Grow","damage_taken":0,"max_hp_gain":0,"max_hp_loss":0,"event_name":"Living Wall","floor":5,"gold_loss":0,"cards_upgraded":["Clash"]},{"damage_healed":0,"gold_gain":0,"player_choice":"Simplicity","damage_taken":0,"max_hp_gain":0,"max_hp_loss":0,"event_name":"Back to Basics","floor":19,"gold_loss":0,"cards_upgraded":["Strike_R","Strike_R","Strike_R","Strike_R","Defend_R","Defend_R","Defend_R","Defend_R"]},{"damage_healed":0,"gold_gain":0,"player_choice":"Became a vampire (Vial)","damage_taken":0,"max_hp_gain":0,"max_hp_loss":0,"event_name":"Vampires","floor":21,"relics_lost":["Blood Vial"],"gold_loss":0,"cards_obtained":["Bite","Bite","Bite","Bite","Bite"]},{"damage_healed":0,"gold_gain":100,"player_choice":"Bet on Murderer","damage_taken":0,"max_hp_gain":0,"max_hp_loss":0,"event_name":"The Joust","floor":22,"gold_loss":50},{"damage_healed":0,"gold_gain":0,"player_choice":"Obtained Relic","damage_taken":0,"relics_obtained":["Anchor"],"max_hp_gain":0,"max_hp_loss":0,"event_name":"Addict","floor":31,"gold_loss":85},{"damage_healed":0,"gold_gain":999,"player_choice":"Gold","damage_taken":0,"max_hp_gain":0,"max_hp_loss":0,"event_name":"MindBloom","floor":36,"gold_loss":0,"cards_obtained":["Normality","Normality"]},{"damage_healed":0,"gold_gain":0,"player_choice":"Embrace Madness","damage_taken":11,"max_hp_gain":0,"max_hp_loss":0,"event_name":"Winding Halls","floor":37,"gold_loss":0,"cards_obtained":["Madness","Madness"]},{"cards_removed":["Battle Trance"],"damage_healed":0,"gold_gain":0,"player_choice":"Removed Skill","damage_taken":0,"max_hp_gain":0,"max_hp_loss":0,"event_name":"Falling","floor":38,"gold_loss":0},{"damage_healed":0,"gold_gain":0,"player_choice":"Ignored","damage_taken":0,"max_hp_gain":0,"max_hp_loss":0,"event_name":"Mysterious Sphere","floor":39,"gold_loss":0}],"is_beta":false,"boss_relics":[{"not_picked":["Velvet Choker","Runic Cube"],"picked":"Tiny House"},{"not_picked":["SlaversCollar","Empty Cage"],"picked":"Cursed Key"}],"items_purged_floors":[],"is_endless":false,"potions_floor_spawned":[3,6,11,13,14,24,27,30],"killed_by":"Giant Head","ascension_level":12}}