{"host":"o4z372p5czykeq21","time":1608496432,"event":{"mods":["AchievementEnabler","Aspiration","BaseMod","Bestiary","Better Third Choice","Colored Map","Conspire","Friendly Minions","Halation","Highlight Path","HololiveMod","Hubris","Infinite Spire","Keyboard Shortcuts","Minty Spire (QoL Compilation)","Replay The Spire","Shop Mod","StSLib"],"gold_per_floor":[117,117,46,57,76,76,103,118,118,152,152,24,47,47,47,177,177,202,202,202,202,221,254,279,315,362,362,375,300,300,425,425,425,425],"floor_reached":33,"playtime":1829,"items_purged":["Strike_R"],"score":446,"play_id":"c783029c-8ac7-4c83-844e-6746d9138d4a","local_time":"20201220213352","is_ascension_mode":true,"campfire_choices":[{"data":"Heavy Blade","floor":6,"key":"SMITH"},{"data":"Inflame","floor":15,"key":"SMITH"},{"floor":32,"key":"DIG"}],"circlet_count":0,"master_deck":["Strike_R","Strike_R","Strike_R","Strike_R","Defend_R","Defend_R","Defend_R","Defend_R","Bash","Heavy Blade+1","Inflame+1","hubris:ReadiedAction","Entrench+1","Body Slam","conspire:HitWhereItHurts","infinitespire:Collect","Replay:Undeath\u0027s Touch"],"relics":["Burning Blood","aspiration:Nostalgia","infinitespire:DarkRift","Replay:Wax Seal","hubris:ToyBattleship","Replay:Rubber Ducky","Golden Idol","Ice Cream","halation:SmartPhone","Chameleon Ring","Anchor","infinitespire:Lucky Rock","Ancient Tea Set","Toy Ornithopter","infinitespire:Eraser","aspiration:DSix","aspiration:SeaSaltIceCream","hubris:Backtick","infinitespire:BottledMercury","Onion Ring"],"acts_visited":["Exordium","TheCity"],"potions_floor_usage":[7,13,16,16,18,23,28,31],"damage_taken":[{"damage":0,"enemies":"Small Slimes","floor":1,"turns":3},{"damage":6,"enemies":"Cultist","floor":4,"turns":3},{"damage":4,"enemies":"2 Louse","floor":5,"turns":3},{"damage":29,"enemies":"Gremlin Nob","floor":7,"turns":4},{"damage":9,"enemies":"Large Slime","floor":8,"turns":7},{"damage":50,"enemies":"3 Sentries","floor":10,"turns":10},{"damage":0,"enemies":"3 Louse","floor":13,"turns":5},{"damage":10,"enemies":"Hexaghost","floor":16,"turns":10},{"damage":12,"enemies":"2 Thieves","floor":18,"turns":4},{"damage":10,"enemies":"3 Byrds","floor":22,"turns":5},{"damage":0,"enemies":"Gremlin Leader","floor":23,"turns":2},{"damage":11,"enemies":"Centurion and Healer","floor":24,"turns":5},{"damage":11,"enemies":"Book of Stabbing","floor":25,"turns":3},{"damage":13,"enemies":"conspire:HollyBat","floor":28,"turns":6},{"damage":7,"enemies":"Colosseum Slavers","floor":31,"turns":4},{"damage":34,"enemies":"Colosseum Nobs","floor":31,"turns":5},{"damage":56,"enemies":"conspire:MysteriousRune","floor":33,"turns":7}],"seed_played":"284313395659549431","potions_obtained":[{"floor":5,"key":"Energy Potion"},{"floor":10,"key":"Languid Potion"},{"floor":13,"key":"AttackPotion"},{"floor":16,"key":"Swift Potion"},{"floor":22,"key":"Weak Potion"},{"floor":25,"key":"Venom Potion"},{"floor":28,"key":"Reflective Coating"}],"is_trial":false,"path_per_floor":["M","?","$","M","M","R","E","M","T","E","?","$","M","?","R","B",null,"M","?","AVR","?","M","E","M","E","T","T","M","$","?","?","R_BF","B"],"character_chosen":"IRONCLAD","items_purchased":["Inflame","EssenceOfSteel","Entrench+1"],"campfire_rested":0,"item_purchase_floors":[3,12,12],"current_hp_per_floor":[78,78,78,78,80,80,57,54,54,10,10,10,16,16,16,12,59,46,46,46,70,59,65,60,55,55,55,67,67,67,43,43,0,0],"gold":425,"neow_bonus":"NOSTALGIA","is_daily":false,"chose_seed":false,"campfire_upgraded":2,"win_rate":0.0,"timestamp":1608496432,"path_taken":["M","?","?","M","M","R","E","M","T","E","?","$","M","?","R","BOSS","M","?","AVR","?","M","E","?","E","T","?","?","$","?","?","R_BF","BOSS"],"items_purchased_type":["Card","Potion","Card"],"build_version":"2020-12-13","purchased_purges":1,"victory":false,"max_hp_per_floor":[80,80,80,80,80,80,80,80,80,80,74,74,74,74,74,74,74,74,74,74,74,74,74,74,74,74,74,74,74,74,74,74,74,74],"card_choices":[{"not_picked":["Combust","Cleave"],"picked":"Heavy Blade","floor":1},{"not_picked":["Run Through","Anger","Heavy Blade"],"picked":"SKIP","floor":4},{"not_picked":["Life Link","Pommel Strike","Perfected Strike"],"picked":"SKIP","floor":5},{"not_picked":["Dropkick","Armaments"],"picked":"hubris:ReadiedAction","floor":7},{"not_picked":["Thunderclap","Blood for Blood","Warcry"],"picked":"SKIP","floor":8},{"not_picked":["Berserk","Run Through","Headbutt"],"picked":"SKIP","floor":10},{"not_picked":["Metallicize","Blood for Blood"],"picked":"Body Slam","floor":13},{"not_picked":["Offering","Fiend Fire"],"picked":"conspire:HitWhereItHurts","floor":16},{"not_picked":["ReplayTheSpireMod:Strike From Hell","Heavy Blade","ReplayTheSpireMod:Limb From Limb"],"picked":"SKIP","floor":18},{"not_picked":["Immolate","Anger"],"picked":"Replay:Undeath\u0027s Touch","floor":22},{"not_picked":["Dual Wield","Heavy Blade","Immolate"],"picked":"SKIP","floor":23},{"not_picked":["Pummel+1","Carnage","Perfected Strike"],"picked":"SKIP","floor":24},{"not_picked":["ReplayTheSpireMod:Stacked","Iron Wave","Sword Boomerang+1"],"picked":"SKIP","floor":25},{"not_picked":["Wild Strike","Armaments","Intimidate"],"picked":"SKIP","floor":28}],"player_experience":223410,"relics_obtained":[{"floor":7,"key":"Replay:Wax Seal"},{"floor":9,"key":"hubris:ToyBattleship"},{"floor":10,"key":"Replay:Rubber Ducky"},{"floor":14,"key":"Ice Cream"},{"floor":23,"key":"infinitespire:Lucky Rock"},{"floor":25,"key":"Ancient Tea Set"},{"floor":26,"key":"Toy Ornithopter"},{"floor":27,"key":"infinitespire:Eraser"},{"floor":31,"key":"aspiration:DSix"},{"floor":31,"key":"aspiration:SeaSaltIceCream"},{"floor":32,"key":"Onion Ring"}],"event_choices":[{"damage_healed":0,"gold_gain":0,"player_choice":"Ignored","damage_taken":0,"max_hp_gain":0,"max_hp_loss":0,"event_name":"Transmorgrifier","floor":2,"gold_loss":0},{"damage_healed":0,"gold_gain":0,"player_choice":"Lose Max HP","damage_taken":0,"relics_obtained":["Golden Idol"],"max_hp_gain":0,"max_hp_loss":6,"event_name":"Golden Idol","floor":11,"gold_loss":0},{"damage_healed":0,"gold_gain":0,"player_choice":"Relic","damage_taken":0,"max_hp_gain":0,"max_hp_loss":0,"event_name":"Wheel of Change","floor":14,"gold_loss":0},{"damage_healed":24,"gold_gain":0,"player_choice":"Heal","damage_taken":0,"max_hp_gain":0,"max_hp_loss":0,"event_name":"The Library","floor":21,"gold_loss":0},{"damage_healed":0,"gold_gain":0,"player_choice":"Ignored","damage_taken":0,"max_hp_gain":0,"max_hp_loss":0,"event_name":"Ghosts","floor":30,"gold_loss":0},{"damage_healed":0,"gold_gain":0,"player_choice":"Fight","damage_taken":0,"max_hp_gain":0,"max_hp_loss":0,"event_name":"Colosseum","floor":31,"gold_loss":0},{"damage_healed":0,"gold_gain":0,"player_choice":"Fought Nobs","damage_taken":0,"max_hp_gain":0,"max_hp_loss":0,"event_name":"Colosseum","floor":31,"gold_loss":0}],"is_beta":false,"boss_relics":[{"not_picked":["hubris:HollowSoul","ReplayTheSpireMod:SealedPack"],"picked":"halation:SmartPhone"}],"items_purged_floors":[29],"is_endless":false,"potions_floor_spawned":[5,10,13,16,22,25,28],"killed_by":"conspire:MysteriousRune","ascension_level":6}}