{"host":"cc187","time":1608475871,"event":{"mods":["AchievementEnabler","BaseMod","Bestiary","Colored Map","Colored Powertips","Highlight Path","Keyboard Shortcuts","Minty Spire (QoL Compilation)","Quick Restart","Rare Cards Sparkle","Relic Stats","StSLib","SuperFastMode","Synergy Search"],"gold_per_floor":[117,137,137,137,57,57,82,82,108,133,151,164,164,181,181,254,254,268,268,183,195,195,195,227,243,290,317,317,333,351,108,108,184,184,195,212,266,284,284,284,309,309,309,327,327,337,158,178,178,178,178,178,11,44,44,44],"floor_reached":55,"playtime":14381,"items_purged":["Predator","Quick Slash"],"score":1336,"play_id":"4c5f5aae-91c3-4574-8fa4-11a97495369c","local_time":"20201220145111","is_ascension_mode":true,"campfire_choices":[{"floor":6,"key":"REST"},{"data":"Underhanded Strike","floor":8,"key":"SMITH"},{"data":"Blade Dance","floor":13,"key":"SMITH"},{"data":"Footwork","floor":15,"key":"SMITH"},{"data":"Burst","floor":23,"key":"SMITH"},{"data":"Tools of the Trade","floor":28,"key":"SMITH"},{"floor":32,"key":"REST"},{"floor":40,"key":"REST"},{"floor":45,"key":"REST"},{"floor":49,"key":"RECALL"},{"floor":52,"key":"REST"}],"circlet_count":0,"master_deck":["AscendersBane","Survivor","Neutralize","Underhanded Strike+1","Footwork+1","PiercingWail","Deflect+1","Wraith Form v2","Blade Dance+1","Dodge and Roll","Tools of the Trade+1","Phantasmal Killer+1","Eviscerate","PiercingWail","Burst+1","Prepared","Eviscerate","Noxious Fumes","Deflect","Escape Plan","Acrobatics","Backstab","Cloak And Dagger","Night Terror","Backflip","Storm of Steel","Cloak And Dagger+1","After Image","Deflect","Accuracy","Bullet Time"],"relics":["Ring of the Snake","NeowsBlessing","Shuriken","Ancient Tea Set","Centennial Puzzle","Akabeko","Pandora\u0027s Box","Pear","Oddly Smooth Stone","Bag of Marbles","Bronze Scales","Fusion Hammer","Gambling Chip","Blood Vial","Question Card","War Paint"],"acts_visited":["Exordium","TheCity","TheBeyond","TheEnding"],"potions_floor_usage":[10,12,22,24,24,25,37,37,44,48,50,55],"damage_taken":[{"damage":0,"enemies":"2 Louse","floor":1,"turns":1},{"damage":0,"enemies":"Small Slimes","floor":2,"turns":1},{"damage":0,"enemies":"Gremlin Nob","floor":7,"turns":1},{"damage":3,"enemies":"3 Sentries","floor":10,"turns":18},{"damage":0,"enemies":"Cultist","floor":11,"turns":4},{"damage":1,"enemies":"Large Slime","floor":12,"turns":5},{"damage":2,"enemies":"Lots of Slimes","floor":14,"turns":6},{"damage":7,"enemies":"The Guardian","floor":16,"turns":14},{"damage":0,"enemies":"Shell Parasite","floor":18,"turns":2},{"damage":3,"enemies":"Chosen","floor":21,"turns":5},{"damage":6,"enemies":"Book of Stabbing","floor":24,"turns":5},{"damage":9,"enemies":"Snake Plant","floor":25,"turns":5},{"damage":7,"enemies":"Slavers","floor":27,"turns":6},{"damage":0,"enemies":"3 Cultists","floor":29,"turns":4},{"damage":0,"enemies":"Centurion and Healer","floor":30,"turns":6},{"damage":16,"enemies":"Collector","floor":33,"turns":9},{"damage":0,"enemies":"Orb Walker","floor":35,"turns":3},{"damage":7,"enemies":"3 Darklings","floor":36,"turns":3},{"damage":17,"enemies":"2 Orb Walkers","floor":37,"turns":5},{"damage":29,"enemies":"Sphere and 2 Shapes","floor":38,"turns":7},{"damage":9,"enemies":"Nemesis","floor":41,"turns":5},{"damage":4,"enemies":"Jaw Worm Horde","floor":44,"turns":4},{"damage":0,"enemies":"3 Darklings","floor":46,"turns":4},{"damage":19,"enemies":"Maw","floor":48,"turns":6},{"damage":22,"enemies":"Donu and Deca","floor":50,"turns":10},{"damage":34,"enemies":"Shield and Spear","floor":54,"turns":6},{"damage":51,"enemies":"The Heart","floor":55,"turns":3}],"seed_played":"-5616428578067538503","potions_obtained":[{"floor":7,"key":"SkillPotion"},{"floor":10,"key":"CunningPotion"},{"floor":22,"key":"Fruit Juice"},{"floor":22,"key":"LiquidBronze"},{"floor":24,"key":"Weak Potion"},{"floor":33,"key":"EssenceOfSteel"},{"floor":36,"key":"Swift Potion"},{"floor":38,"key":"LiquidBronze"},{"floor":41,"key":"CunningPotion"},{"floor":46,"key":"DuplicationPotion"},{"floor":54,"key":"Dexterity Potion"}],"is_trial":false,"path_per_floor":["M","M","?","?","$","R","E","R","T","E","M","M","R","M","R","B",null,"M","?","?","M","?","R","E","M","T","E","R","M","M","$","R","B",null,"M","M","?","M","?","R","E","?","T","M","R","M","$","M","R","B",null,"R","$","E","B"],"character_chosen":"THE_SILENT","items_purchased":["PiercingWail","Block Potion","Bronze Scales","Accuracy","Bullet Time"],"campfire_rested":5,"item_purchase_floors":[5,5,31,47,53],"current_hp_per_floor":[59,59,24,24,24,43,43,43,43,40,40,39,39,37,37,30,57,57,57,67,64,69,69,63,54,54,47,47,47,47,47,71,55,75,75,68,51,22,22,46,37,25,25,23,47,49,49,32,32,12,64,81,81,47,0,0],"gold":44,"neow_bonus":"THREE_ENEMY_KILL","is_daily":false,"chose_seed":false,"campfire_upgraded":5,"win_rate":0.0,"timestamp":1608475871,"path_taken":["M","M","?","?","$","R","E","R","T","E","?","M","R","M","R","BOSS","M","?","?","M","?","R","E","M","T","E","R","M","?","$","R","BOSS","M","M","?","M","?","R","E","?","T","M","R","?","$","M","R","BOSS","R","$","E","BOSS"],"items_purchased_type":["Card","Potion","Relic","Card","Card"],"build_version":"2020-12-18","purchased_purges":2,"victory":false,"max_hp_per_floor":[66,66,66,66,66,66,66,66,66,66,66,66,66,66,66,66,66,66,66,76,76,81,81,81,81,81,81,81,81,81,81,81,81,81,81,81,81,81,81,81,81,81,81,81,81,81,81,81,81,81,81,81,81,81,81,81],"relic_stats":{"Blood Vial":10,"Centennial Puzzle":[54],"counters":[27,148],"Shuriken":[83],"Bronze Scales":[216],"Gambling Chip":[8],"Pandora\u0027s Box":["Eviscerate","Predator","Quick Slash","PiercingWail","Burst","Prepared","Eviscerate","Noxious Fumes","Deflect"],"War Paint":["Deflect","Phantasmal Killer"],"Question Card":4,"obtain_stats":[{"Pear":20,"NeowsBlessing":0,"Oddly Smooth Stone":24,"War Paint":54,"Ancient Tea Set":7,"Question Card":43,"Akabeko":10,"Blood Vial":41,"Centennial Puzzle":9,"Shuriken":3,"Bronze Scales":31,"Gambling Chip":37,"Pandora\u0027s Box":17,"Fusion Hammer":34,"Bag of Marbles":27,"Ring of the Snake":0},{"Pear":9,"NeowsBlessing":0,"Oddly Smooth Stone":11,"War Paint":26,"Ancient Tea Set":3,"Question Card":21,"Akabeko":4,"Blood Vial":21,"Centennial Puzzle":3,"Shuriken":2,"Bronze Scales":15,"Gambling Chip":19,"Pandora\u0027s Box":8,"Fusion Hammer":16,"Bag of Marbles":13,"Ring of the Snake":0},{"Pear":52,"NeowsBlessing":0,"Oddly Smooth Stone":62,"War Paint":145,"Ancient Tea Set":3,"Question Card":115,"Akabeko":21,"Blood Vial":115,"Centennial Puzzle":3,"Shuriken":2,"Bronze Scales":83,"Gambling Chip":103,"Pandora\u0027s Box":50,"Fusion Hammer":92,"Bag of Marbles":73,"Ring of the Snake":0}],"Ring of the Snake":[54]},"card_choices":[{"not_picked":["Expertise","Accuracy"],"picked":"Underhanded Strike","floor":1},{"not_picked":["Expertise","Slice"],"picked":"Footwork","floor":2},{"not_picked":["Slice","PiercingWail"],"picked":"Deflect","floor":7},{"not_picked":["Deadly Poison","Prepared"],"picked":"Wraith Form v2","floor":10},{"not_picked":["Backflip","Accuracy"],"picked":"Blade Dance","floor":11},{"not_picked":["Noxious Fumes","Deflect"],"picked":"Dodge and Roll","floor":12},{"not_picked":["Underhanded Strike","Deadly Poison"],"picked":"Tools of the Trade","floor":14},{"not_picked":["Wraith Form v2","Unload"],"picked":"Phantasmal Killer","floor":16},{"not_picked":["Crippling Poison","Bane+1"],"picked":"Escape Plan","floor":18},{"not_picked":["Underhanded Strike","Predator"],"picked":"Acrobatics","floor":21},{"not_picked":["Deflect","Acrobatics"],"picked":"Backstab","floor":24},{"not_picked":["Setup","Quick Slash"],"picked":"Cloak And Dagger","floor":25},{"not_picked":["Sucker Punch+1","Concentrate","Slice"],"picked":"SKIP","floor":27},{"not_picked":["Dodge and Roll","Bane"],"picked":"Night Terror","floor":29},{"not_picked":["Noxious Fumes","Catalyst"],"picked":"Backflip","floor":30},{"not_picked":["Corpse Explosion","Unload"],"picked":"Storm of Steel","floor":33},{"not_picked":["Bane","Finisher+1","Backflip"],"picked":"SKIP","floor":35},{"not_picked":["Poisoned Stab","PiercingWail+1","Dodge and Roll"],"picked":"SKIP","floor":36},{"not_picked":["Bane","Outmaneuver"],"picked":"Cloak And Dagger+1","floor":37},{"not_picked":["All Out Attack","Backflip","Dagger Throw"],"picked":"SKIP","floor":38},{"not_picked":["Crippling Poison+1","Masterful Stab","Leg Sweep"],"picked":"SKIP","floor":41},{"not_picked":["Bouncing Flask+1","Reflex","Catalyst+1"],"picked":"After Image","floor":44},{"not_picked":["Sucker Punch+1","Bane","Dagger Throw+1"],"picked":"Deflect","floor":46},{"not_picked":["Dagger Throw+1","Blade Dance","Crippling Poison","Infinite Blades"],"picked":"SKIP","floor":48},{"not_picked":["Deadly Poison","Bane+1","Bouncing Flask","Unload"],"picked":"SKIP","floor":54}],"player_experience":799262,"relics_obtained":[{"floor":7,"key":"Ancient Tea Set"},{"floor":9,"key":"Centennial Puzzle"},{"floor":10,"key":"Akabeko"},{"floor":24,"key":"Oddly Smooth Stone"},{"floor":27,"key":"Bag of Marbles"},{"floor":37,"key":"Gambling Chip"},{"floor":41,"key":"Blood Vial"},{"floor":43,"key":"Question Card"},{"floor":54,"key":"War Paint"}],"event_choices":[{"damage_healed":0,"gold_gain":0,"player_choice":"Success","damage_taken":35,"relics_obtained":["Shuriken"],"max_hp_gain":0,"max_hp_loss":0,"event_name":"Scrap Ooze","floor":3,"gold_loss":0},{"cards_removed":["Strike_G"],"damage_healed":0,"gold_gain":0,"player_choice":"Offered Basic","damage_taken":0,"max_hp_gain":0,"max_hp_loss":0,"event_name":"Bonfire Elementals","floor":4,"gold_loss":0},{"damage_healed":0,"gold_gain":0,"player_choice":"Ignored","damage_taken":0,"max_hp_gain":0,"max_hp_loss":0,"event_name":"The Mausoleum","floor":19,"gold_loss":0},{"damage_healed":0,"gold_gain":0,"player_choice":"Obtained Relic","damage_taken":0,"relics_obtained":["Pear"],"max_hp_gain":0,"max_hp_loss":0,"event_name":"Addict","floor":20,"gold_loss":85},{"damage_healed":0,"gold_gain":0,"player_choice":"Got Potions","damage_taken":0,"max_hp_gain":0,"max_hp_loss":0,"event_name":"Lab","floor":22,"gold_loss":0},{"damage_healed":0,"gold_gain":0,"player_choice":"Fight","damage_taken":0,"max_hp_gain":0,"max_hp_loss":0,"event_name":"Mysterious Sphere","floor":37,"gold_loss":0},{"damage_healed":0,"gold_gain":0,"player_choice":"Ignored","damage_taken":0,"max_hp_gain":0,"max_hp_loss":0,"event_name":"Tomb of Lord Red Mask","floor":39,"gold_loss":0},{"damage_healed":0,"gold_gain":0,"player_choice":"Damaged","damage_taken":12,"max_hp_gain":0,"max_hp_loss":0,"event_name":"Wheel of Change","floor":42,"gold_loss":0}],"is_beta":true,"boss_relics":[{"not_picked":["Coffee Dripper","Black Star"],"picked":"Pandora\u0027s Box"},{"not_picked":["Velvet Choker","Empty Cage"],"picked":"Fusion Hammer"}],"items_purged_floors":[31,47],"is_endless":false,"potions_floor_spawned":[7,10,11,24,33,36,38,41,46,54],"killed_by":"The Heart","ascension_level":17}}