{"host":"bq4pt811tk9yrmjl","time":1608495693,"event":{"mods":["AchievementEnabler","BaseMod","Colored Map","Colored Powertips","Defuse TimeMaze Blight","Minty Spire (QoL Compilation)","StSLib","SuperFastMode","UnlockEverythingMod"],"gold_per_floor":[113,113,113,38,38,63,63,78,102,102,102,130,1,31,31,135,135,148,148,148,166,11,11,37,48,73,73,73,89,89,109,109,204,204,216,68,118,137,137,170,185,195,219,231,231,231,331,344,344,344,344,344,90,122,122,122],"floor_reached":55,"playtime":1417,"items_purged":["Regret"],"score":759,"play_id":"8d50d96d-c5c8-4118-8bf5-f361eb65a494","local_time":"20201220182133","is_ascension_mode":true,"campfire_choices":[{"data":"Whirlwind","floor":7,"key":"SMITH"},{"data":"Shrug It Off","floor":10,"key":"SMITH"},{"data":"Metallicize","floor":15,"key":"SMITH"},{"data":"Inflame","floor":23,"key":"SMITH"},{"floor":28,"key":"REST"},{"floor":30,"key":"RECALL"},{"data":"Disarm","floor":32,"key":"SMITH"},{"data":"Limit Break","floor":46,"key":"SMITH"},{"data":"Infernal Blade","floor":49,"key":"SMITH"},{"data":"Reaper","floor":52,"key":"SMITH"}],"circlet_count":0,"master_deck":["Strike_R","Strike_R","Strike_R","Strike_R","Strike_R","Defend_R","Defend_R","Defend_R","Defend_R","Bash","Whirlwind+1","Shrug It Off+1","Iron Wave","Infernal Blade+1","Metallicize+1","Reaper+1","Inflame+1","Metallicize+1","Shrug It Off+1","Clash","Disarm+1","Limit Break+1","Armaments+1","Spot Weakness+1","Ghostly Armor+1"],"relics":["Burning Blood","NeowsBlessing","Dead Branch","Red Skull","MawBank","Ornamental Fan","SlaversCollar","MutagenicStrength","DollysMirror","Bottled Lightning","Akabeko","Busted Crown","PreservedInsect","Champion Belt","Lizard Tail","Toy Ornithopter","StrikeDummy","Thread and Needle"],"acts_visited":["Exordium","TheCity","TheBeyond","TheEnding"],"potions_floor_usage":[14,24,25,31,33,50,54,55],"damage_taken":[{"damage":0,"enemies":"2 Louse","floor":1,"turns":1},{"damage":0,"enemies":"Gremlin Nob","floor":6,"turns":1},{"damage":0,"enemies":"Small Slimes","floor":8,"turns":1},{"damage":1,"enemies":"Cultist","floor":12,"turns":3},{"damage":13,"enemies":"3 Sentries","floor":14,"turns":5},{"damage":46,"enemies":"Slime Boss","floor":16,"turns":11},{"damage":10,"enemies":"Shell Parasite","floor":18,"turns":9},{"damage":22,"enemies":"Spheric Guardian","floor":21,"turns":5},{"damage":30,"enemies":"Slavers","floor":24,"turns":3},{"damage":10,"enemies":"Shelled Parasite and Fungi","floor":25,"turns":6},{"damage":6,"enemies":"Cultist and Chosen","floor":29,"turns":9},{"damage":10,"enemies":"Centurion and Healer","floor":31,"turns":9},{"damage":41,"enemies":"Champ","floor":33,"turns":13},{"damage":9,"enemies":"3 Shapes","floor":35,"turns":7},{"damage":22,"enemies":"Mind Bloom Boss Battle","floor":37,"turns":7},{"damage":21,"enemies":"3 Darklings","floor":38,"turns":11},{"damage":21,"enemies":"Nemesis","floor":40,"turns":7},{"damage":22,"enemies":"Spire Growth","floor":41,"turns":5},{"damage":21,"enemies":"Sphere and 2 Shapes","floor":42,"turns":4},{"damage":41,"enemies":"Transient","floor":44,"turns":5},{"damage":10,"enemies":"Spire Growth","floor":48,"turns":5},{"damage":57,"enemies":"Awakened One","floor":50,"turns":12},{"damage":38,"enemies":"Shield and Spear","floor":54,"turns":6},{"damage":145,"enemies":"The Heart","floor":55,"turns":9}],"seed_played":"-6752885206207689182","potions_obtained":[{"floor":1,"key":"Fire Potion"},{"floor":6,"key":"Swift Potion"},{"floor":14,"key":"FairyPotion"},{"floor":29,"key":"Explosive Potion"},{"floor":31,"key":"DistilledChaos"},{"floor":35,"key":"Ancient Potion"},{"floor":37,"key":"SpeedPotion"},{"floor":54,"key":"AttackPotion"}],"is_trial":false,"path_per_floor":["M","$","?","$","?","E","R","M","T","R","?","M","$","E","R","B",null,"M","?","?","M","$","R","E","M","T","$","R","M","R","M","R","B",null,"M","$","?","M","?","E","M","M","T","M","?","R","?","M","R","B",null,"R","$","E","B"],"character_chosen":"IRONCLAD","items_purchased":["Metallicize","Ancient Potion","DollysMirror","PreservedInsect","StrikeDummy"],"campfire_rested":1,"item_purchase_floors":[13,13,22,36,53],"current_hp_per_floor":[80,80,80,80,80,80,80,80,80,80,77,80,80,73,73,33,80,80,80,80,64,64,64,40,36,36,36,60,62,62,78,78,45,80,77,77,61,57,57,52,36,41,41,31,70,70,70,66,66,37,70,70,70,39,0,0],"gold":122,"neow_bonus":"THREE_ENEMY_KILL","is_daily":false,"chose_seed":false,"campfire_upgraded":8,"win_rate":0.0,"timestamp":1608495693,"path_taken":["M","$","?","$","?","E","R","M","T","R","?","M","$","E","R","BOSS","M","?","?","?","?","R","E","M","T","$","R","M","R","M","R","BOSS","M","$","?","M","?","E","?","M","T","M","?","R","?","M","R","BOSS","R","$","E","BOSS"],"items_purchased_type":["Card","Potion","Relic","Relic","Relic"],"build_version":"2020-12-13","purchased_purges":1,"victory":false,"max_hp_per_floor":[80,80,80,80,80,80,80,80,80,80,80,80,80,80,80,80,80,80,80,80,80,80,80,80,80,80,80,80,80,80,80,80,80,80,80,80,80,80,80,80,80,80,80,80,70,70,70,70,70,70,70,70,70,70,70,70],"card_choices":[{"not_picked":["Inflame","Blood for Blood"],"picked":"Whirlwind","floor":1},{"not_picked":["Dropkick","Thunderclap"],"picked":"Shrug It Off","floor":6},{"not_picked":["Pommel Strike","Searing Blow"],"picked":"Iron Wave","floor":8},{"not_picked":["Blood for Blood","Seeing Red"],"picked":"Infernal Blade","floor":12},{"not_picked":["Shrug It Off","Shockwave","Wild Strike"],"picked":"SKIP","floor":14},{"not_picked":["Corruption","Offering"],"picked":"Reaper","floor":16},{"not_picked":["Carnage+1","Twin Strike"],"picked":"Inflame","floor":18},{"not_picked":["Clothesline","Combust","Headbutt"],"picked":"SKIP","floor":21},{"not_picked":["Carnage","Rampage+1"],"picked":"Shrug It Off+1","floor":24},{"not_picked":["Anger","Heavy Blade"],"picked":"Clash","floor":25},{"not_picked":["Flame Barrier","Pommel Strike+1"],"picked":"Disarm","floor":29},{"not_picked":["Cleave","Clothesline","Burning Pact+1"],"picked":"SKIP","floor":31},{"not_picked":["Reaper","Fiend Fire"],"picked":"Limit Break","floor":33},{"not_picked":[],"picked":"Armaments+1","floor":35},{"not_picked":[],"picked":"Spot Weakness+1","floor":37},{"not_picked":["Armaments"],"picked":"SKIP","floor":38},{"not_picked":["Uppercut+1"],"picked":"SKIP","floor":40},{"not_picked":["Armaments"],"picked":"SKIP","floor":41},{"not_picked":["Warcry+1"],"picked":"SKIP","floor":42},{"not_picked":["Combust+1"],"picked":"SKIP","floor":44},{"not_picked":["Headbutt+1"],"picked":"SKIP","floor":48},{"not_picked":[],"picked":"Ghostly Armor+1","floor":54}],"player_experience":86836,"relics_obtained":[{"floor":6,"key":"Red Skull"},{"floor":14,"key":"Ornamental Fan"},{"floor":24,"key":"Bottled Lightning"},{"floor":26,"key":"Akabeko"},{"floor":37,"key":"Champion Belt"},{"floor":40,"key":"Lizard Tail"},{"floor":43,"key":"Toy Ornithopter"},{"floor":54,"key":"Thread and Needle"}],"event_choices":[{"damage_healed":0,"gold_gain":0,"player_choice":"Box","damage_taken":0,"relics_obtained":["Dead Branch"],"max_hp_gain":0,"max_hp_loss":0,"event_name":"Big Fish","floor":3,"gold_loss":0,"cards_obtained":["Regret"]},{"damage_healed":0,"gold_gain":0,"player_choice":"Leave","damage_taken":0,"max_hp_gain":0,"max_hp_loss":0,"event_name":"The Cleric","floor":5,"gold_loss":0},{"damage_healed":0,"gold_gain":0,"player_choice":"Success","damage_taken":3,"relics_obtained":["MawBank"],"max_hp_gain":0,"max_hp_loss":0,"event_name":"Scrap Ooze","floor":11,"gold_loss":0},{"damage_healed":0,"gold_gain":0,"player_choice":"Inject Mutagens","damage_taken":0,"relics_obtained":["MutagenicStrength"],"max_hp_gain":0,"max_hp_loss":0,"event_name":"Drug Dealer","floor":19,"gold_loss":0},{"damage_healed":0,"gold_gain":0,"player_choice":"Ignored","damage_taken":0,"max_hp_gain":0,"max_hp_loss":0,"event_name":"Transmorgrifier","floor":20,"gold_loss":0},{"damage_healed":0,"gold_gain":0,"player_choice":"Fight","damage_taken":0,"max_hp_gain":0,"max_hp_loss":0,"event_name":"MindBloom","floor":37,"gold_loss":0},{"damage_healed":0,"gold_gain":0,"player_choice":"Bought 0 Potions","damage_taken":0,"max_hp_gain":0,"max_hp_loss":0,"event_name":"The Woman in Blue","floor":39,"gold_loss":0},{"damage_healed":70,"gold_gain":0,"player_choice":"Heal","damage_taken":0,"max_hp_gain":0,"max_hp_loss":10,"event_name":"The Moai Head","floor":45,"gold_loss":0},{"damage_healed":0,"gold_gain":100,"player_choice":"Pray","damage_taken":0,"max_hp_gain":0,"max_hp_loss":0,"event_name":"Golden Shrine","floor":47,"gold_loss":0}],"is_beta":false,"boss_relics":[{"not_picked":["Coffee Dripper","Philosopher\u0027s Stone"],"picked":"SlaversCollar"},{"not_picked":["Calling Bell","Runic Dome"],"picked":"Busted Crown"}],"items_purged_floors":[4],"is_endless":false,"potions_floor_spawned":[1,6,14,16,18,29,31,35,37,41,54],"killed_by":"The Heart","ascension_level":1}}