{"host":"r2b8ojg4o4pyvjvq","time":1608486753,"event":{"mods":["BaseMod","Colored Map","Downfall","Highlight Path","Hubris","Marisa????????","Minty Spire (QoL Compilation)","Quick Restart","Replay The Spire","StSLib","SuperFastMode"],"gold_per_floor":[99,124,138,138,138,171,240,240,260,289,300,317,334,334,50,60,157,157,157,170,170,170,184,210,210,210,228,78,97,234,249,272,272,375,375,400,419,453,453,487,487,511,76,76,110,128,128,144,159,176,190,190,215,17,17,17],"floor_reached":57,"playtime":3420,"items_purged":["sneckomod:Strike","sneckomod:Strike","sneckomod:Defend"],"score":1481,"play_id":"e5083f7a-931b-40dd-b1e0-0108554fdb2a","local_time":"20201220185233","is_ascension_mode":true,"campfire_choices":[{"data":"sneckomod:TailWhip","floor":1.0,"key":"SMITH"},{"data":"sneckomod:SnekBite","floor":5.0,"key":"SMITH"},{"floor":8.0,"key":"REST"},{"floor":19.0,"key":"REST"},{"data":"sneckomod:QuickBite","floor":21.0,"key":"SMITH"},{"floor":28.0,"key":"RECALL"},{"floor":39.0,"key":"REST"},{"data":"sneckomod:MasterEye","floor":44.0,"key":"SMITH"},{"data":"sneckomod:DiceBlock","floor":55.0,"key":"SMITH"}],"circlet_count":0,"master_deck":["sneckomod:Defend","sneckomod:Defend","sneckomod:TailWhip+1","sneckomod:SnekBite+1","sneckomod:Unknown","sneckomod:ImprovisedGuard+1","sneckomod:UnknownCommonSkill","sneckomod:UnknownRareSkill+1","sneckomod:SoulDraw","sneckomod:QuickBite+1","sneckomod:DiceBoulder+1","sneckomod:DiceBlock+1","sneckomod:MasterEye+1","sneckomod:MorePower+1","sneckomod:IronFang+1","sneckomod:UnknownClassRED+1","sneckomod:UnknownBlock","sneckomod:UnknownRareSkill+1","sneckomod:Restock+1","sneckomod:IronFang+1","sneckomod:UnknownClassMARISA_COLOR+1","sneckomod:UnknownUncommonPower+1","sneckomod:UnknownRareAttack+1","sneckomod:UnknownClassMARISA_DERIVATIONS+1","sneckomod:QuickBite+1","sneckomod:DiceBlock","sneckomod:UnknownClassTHE_CHAMP_GRAY+1","sneckomod:UnknownRareSkill+1","sneckomod:UnknownClassMARISA_DERIVATIONS+1","sneckomod:Unknown3Cost+1","sneckomod:UnknownRareSkill+1","sneckomod:Transmogrify+1","sneckomod:UnknownRareAttack+1","sneckomod:TrashToTreasure+1","sneckomod:UnknownColorless+1","sneckomod:UnknownRareSkill+1","Parasite","sneckomod:Unknown3Cost+1"],"relics":["ChewingGum","hubris:SphereOfDissonance","Sundial","Golden Egg","hubris:TinFlute","hubris:Backtick","Prayer Wheel","downfall:HeartBlessingGreen","downfall:HeartBlessingBlue","hubris:TenFootPole","Replay:Bronze Core","downfall:HeartBlessingRed","hubris:ToyBattleship","Happy Flower","Membership Card","hexamod:BolsterEngine","Counterbalance","Singing Bowl","Ice Cream","Guide Book","Replay:Bottled Steam","Bottled Lightning","TheAbacus"],"acts_visited":[],"potions_floor_usage":[56,56],"damage_taken":[{"damage":18.0,"enemies":"Replay:BlueRogue","floor":2.0,"turns":7.0},{"damage":0.0,"enemies":"Jaw Worm","floor":3.0,"turns":2.0},{"damage":25.0,"enemies":"Lagavulin","floor":6.0,"turns":6.0},{"damage":0.0,"enemies":"Cultist","floor":9.0,"turns":3.0},{"damage":45.0,"enemies":"3 Sentries","floor":10.0,"turns":14.0},{"damage":0.0,"enemies":"2 Louse","floor":11.0,"turns":2.0},{"damage":4.0,"enemies":"Lots of Slimes","floor":12.0,"turns":2.0},{"damage":11.0,"enemies":"Exordium Thugs","floor":13.0,"turns":3.0},{"damage":0.0,"enemies":"downfall:FleeingMerchant","floor":15.0,"turns":4.0},{"damage":0.0,"enemies":"Large Slime","floor":16.0,"turns":4.0},{"damage":6.0,"enemies":"downfall:Watcher","floor":17.0,"turns":8.0},{"damage":9.0,"enemies":"Chosen","floor":20.0,"turns":4.0},{"damage":5.0,"enemies":"Centurion and Healer","floor":23.0,"turns":6.0},{"damage":5.0,"enemies":"Replay:Snechameleon","floor":24.0,"turns":7.0},{"damage":0.0,"enemies":"Shelled Parasite and Fungi","floor":26.0,"turns":3.0},{"damage":15.0,"enemies":"Snake Plant","floor":27.0,"turns":3.0},{"damage":14.0,"enemies":"Centurion and Healer","floor":29.0,"turns":5.0},{"damage":0.0,"enemies":"downfall:FleeingMerchant","floor":30.0,"turns":4.0},{"damage":1.0,"enemies":"Snecko","floor":31.0,"turns":4.0},{"damage":18.0,"enemies":"Snake Plant","floor":33.0,"turns":6.0},{"damage":23.0,"enemies":"downfall:Silent","floor":34.0,"turns":9.0},{"damage":16.0,"enemies":"3 Darklings","floor":37.0,"turns":7.0},{"damage":22.0,"enemies":"Orb Walker","floor":38.0,"turns":4.0},{"damage":26.0,"enemies":"Giant Head","floor":40.0,"turns":5.0},{"damage":9.0,"enemies":"Nemesis","floor":45.0,"turns":5.0},{"damage":0.0,"enemies":"Writhing Mass","floor":46.0,"turns":3.0},{"damage":12.0,"enemies":"3 Darklings","floor":48.0,"turns":5.0},{"damage":0.0,"enemies":"Maw","floor":49.0,"turns":5.0},{"damage":0.0,"enemies":"Spire Growth","floor":50.0,"turns":3.0},{"damage":30.0,"enemies":"downfall:Defect","floor":51.0,"turns":7.0},{"damage":19.0,"enemies":"downfall:CharBossMerchant","floor":53.0,"turns":9.0},{"damage":16,"enemies":"downfall:NeowBoss","floor":56,"turns":13}],"seed_played":"-8320609861153085099","potions_obtained":[{"floor":2.0,"key":"Regen Potion"},{"floor":6.0,"key":"sneckomod:CheatPotion"},{"floor":10.0,"key":"Block Potion"},{"floor":17.0,"key":"Explosive Potion"},{"floor":20.0,"key":"Death Potion"},{"floor":29.0,"key":"LifebloodPotion"},{"floor":38.0,"key":"PowerPotion"},{"floor":40.0,"key":"FairyPotion"}],"is_trial":false,"path_per_floor":["R","E","M","?","R","E","T","R","M","E","M","M","M","M","$","M","B",null,"R_BF","M","R","?","M","E","T","M","M","R","M","$","M","T","M","B",null,"R_BF","M","M","R","E","?","T","$","R","E","M","?","M","M","M","B",null,"E","$","R","B",null],"character_chosen":"THE_SNECKO","items_purchased":["sneckomod:IronFang","Guide Book","Regen Potion","Membership Card","hexamod:BolsterEngine","Counterbalance","Bottled Lightning","TheAbacus"],"campfire_rested":3,"item_purchase_floors":[15,15,30,43,43,43,54,54],"current_hp_per_floor":[90,72,72,72,72,47,47,74,74,29,29,29,18,18,18,30,24,90,90,81,81,81,76,71,71,79,64,74,64,64,72,72,54,31,100,100,84,62,92,81,81,81,81,81,74,78,78,70,76,80,57,120,105,105,105,105],"gold":17,"neow_bonus":"BOSS_RELIC","is_daily":false,"chose_seed":false,"campfire_upgraded":5,"win_rate":0.0,"timestamp":1608486753,"path_taken":["R","E","M","?","R","E","T","R","M","E","M","M","M","M","$","M","BOSS","R_BF","M","R","?","M","E","T","M","?","R","M","$","M","?","M","BOSS","R_BF","M","M","R","E","?","T","$","R","E","?","?","M","?","M","BOSS","E","$","R","BOSS"],"items_purchased_type":["Card","Relic","Potion","Relic","Relic","Relic","Relic","Relic"],"build_version":"2020-12-13","purchased_purges":3,"victory":true,"max_hp_per_floor":[90,90,90,90,90,90,90,90,90,90,90,90,90,90,90,90,90,90,90,90,90,90,90,90,90,90,90,100,100,100,100,100,100,100,100,100,100,100,100,100,100,100,100,100,102,106,106,110,116,120,120,120,124,124,124,124],"card_choices":[{"not_picked":["sneckomod:SerpentIdol","sneckomod:SoulDraw"],"picked":"sneckomod:ImprovisedGuard","floor":2.0},{"not_picked":["sneckomod:Nope","sneckomod:WideSting"],"picked":"sneckomod:UnknownCommonSkill","floor":3.0},{"not_picked":["sneckomod:QuickMove","sneckomod:UnknownClassTHE_CHAMP_GRAY"],"picked":"sneckomod:UnknownRareSkill","floor":6.0},{"not_picked":["sneckomod:SerpentIdol","sneckomod:UnknownEthereal"],"picked":"sneckomod:SoulDraw","floor":9.0},{"not_picked":["sneckomod:DiceCrush","sneckomod:QuickMove"],"picked":"sneckomod:QuickBite","floor":10.0},{"not_picked":["sneckomod:UnknownVulnerable","sneckomod:QuickMove"],"picked":"sneckomod:DiceBoulder","floor":11.0},{"not_picked":["sneckomod:UnknownUncommonAttack","sneckomod:UnknownStrength"],"picked":"sneckomod:DiceBlock","floor":12.0},{"not_picked":["sneckomod:WideSting","sneckomod:QuickBite"],"picked":"sneckomod:MasterEye","floor":13.0},{"not_picked":["sneckomod:UnknownWeak","sneckomod:DiceBlock"],"picked":"sneckomod:MorePower","floor":15.0},{"not_picked":["sneckomod:UnknownCommonAttack+1","sneckomod:UnknownUncommonSkill+1"],"picked":"sneckomod:UnknownClassRED+1","floor":16.0},{"not_picked":["sneckomod:UnknownClassBLUE","sneckomod:MixItUp"],"picked":"sneckomod:UnknownBlock","floor":16.0},{"not_picked":["sneckomod:UnknownClassRED+1","sneckomod:UnknownDexterity+1"],"picked":"sneckomod:UnknownRareSkill+1","floor":17.0},{"not_picked":["sneckomod:GlitteringGambit","sneckomod:SerpentMind"],"picked":"sneckomod:Restock","floor":17.0},{"not_picked":["sneckomod:DiceCrush","sneckomod:UnknownBlock+1"],"picked":"sneckomod:IronFang+1","floor":20.0},{"not_picked":["sneckomod:UnknownX+1","sneckomod:UnknownCommonSkill"],"picked":"sneckomod:UnknownClassMARISA_COLOR","floor":20.0},{"not_picked":["sneckomod:Unknown+1","sneckomod:UnknownX+1","sneckomod:UnknownEthereal+1"],"picked":"SKIP","floor":20.0},{"not_picked":["sneckomod:UnknownWeak+1","sneckomod:UnknownClassRED+1"],"picked":"sneckomod:UnknownUncommonPower+1","floor":23.0},{"not_picked":["sneckomod:UnknownStrength","sneckomod:WideSting+1","sneckomod:Unknown0Cost+1"],"picked":"SKIP","floor":23.0},{"not_picked":["sneckomod:Nope","sneckomod:DiceCrush","sneckomod:UnknownStrike"],"picked":"SKIP","floor":23.0},{"not_picked":["sneckomod:UnknownClassTHE_CHAMP_GRAY+1","sneckomod:IronFang"],"picked":"sneckomod:UnknownRareAttack","floor":24.0},{"not_picked":["sneckomod:UnknownClassBLUE+1","sneckomod:UnknownWeak+1","sneckomod:UnknownExhaust+1"],"picked":"SKIP","floor":24.0},{"not_picked":["sneckomod:UnknownUncommonSkill+1","sneckomod:UnknownClassGREEN+1"],"picked":"sneckomod:UnknownClassMARISA_DERIVATIONS+1","floor":26.0},{"not_picked":["sneckomod:Nope","sneckomod:DefensiveFlair"],"picked":"sneckomod:QuickBite+1","floor":26.0},{"not_picked":["sneckomod:UnknownClassMARISA_COLOR","sneckomod:UnknownUncommonPower"],"picked":"sneckomod:DiceBlock","floor":26.0},{"not_picked":["sneckomod:UnknownDexterity+1","sneckomod:UnknownClassPURPLE+1"],"picked":"sneckomod:UnknownClassTHE_CHAMP_GRAY+1","floor":27.0},{"not_picked":["sneckomod:UnknownClassPURPLE+1","sneckomod:SoulExchange","sneckomod:ImprovisedGuard"],"picked":"SKIP","floor":27.0},{"not_picked":["sneckomod:WideSting+1","sneckomod:Nope","sneckomod:DiceCrush"],"picked":"SKIP","floor":27.0},{"not_picked":["sneckomod:Unknown1Cost+1","sneckomod:Unknown0Cost+1"],"picked":"sneckomod:UnknownRareSkill+1","floor":29.0},{"not_picked":["sneckomod:UnknownStrength+1","sneckomod:Nope+1","sneckomod:UnknownBlock"],"picked":"SKIP","floor":29.0},{"not_picked":["sneckomod:DiceCrush","sneckomod:DiceBlock","sneckomod:WideSting+1"],"picked":"SKIP","floor":29.0},{"not_picked":["sneckomod:UnknownCommonAttack+1","sneckomod:Unknown0Cost+1"],"picked":"sneckomod:UnknownClassMARISA_DERIVATIONS+1","floor":30.0},{"not_picked":["sneckomod:WideSting+1","sneckomod:UnknownCommonAttack","sneckomod:UnknownVulnerable"],"picked":"SKIP","floor":30.0},{"not_picked":["sneckomod:Unknown0Cost+1","sneckomod:Unknown+1","sneckomod:Unknown2Cost+1"],"picked":"SKIP","floor":31.0},{"not_picked":["sneckomod:DiceBlock","sneckomod:UnknownUncommonPower","sneckomod:SoulDraw"],"picked":"SKIP","floor":31.0},{"not_picked":["sneckomod:UnknownVulnerable","sneckomod:Unknown0Cost","sneckomod:CheapStock"],"picked":"SKIP","floor":31.0},{"not_picked":["sneckomod:UnknownEthereal+1","sneckomod:Unknown0Cost+1"],"picked":"sneckomod:Unknown3Cost+1","floor":33.0},{"not_picked":["sneckomod:UnknownUncommonAttack","sneckomod:UnknownCommonSkill","sneckomod:UnknownStrike"],"picked":"SKIP","floor":33.0},{"not_picked":["sneckomod:UnknownCommonSkill","sneckomod:SlitherStrike","sneckomod:Unknown1Cost"],"picked":"SKIP","floor":33.0},{"not_picked":["sneckomod:Unknown1Cost+1","sneckomod:UnknownUncommonAttack+1"],"picked":"sneckomod:UnknownRareSkill+1","floor":34.0},{"not_picked":["sneckomod:DangerNoodle","sneckomod:SerpentMind"],"picked":"sneckomod:Transmogrify","floor":34.0},{"not_picked":["sneckomod:UnknownWeak+1","sneckomod:UnknownClassMARISA_COLOR+1"],"picked":"sneckomod:UnknownRareAttack+1","floor":37.0},{"not_picked":["sneckomod:UnknownBlock+1","sneckomod:UnknownCommonSkill","sneckomod:Unknown2Cost+1"],"picked":"SKIP","floor":37.0},{"not_picked":["sneckomod:UnknownVulnerable","sneckomod:UnknownClassGUARDIAN","sneckomod:QuickBite"],"picked":"SKIP","floor":37.0},{"not_picked":["sneckomod:DefensiveFlair","sneckomod:QuickBite+1"],"picked":"sneckomod:TrashToTreasure+1","floor":38.0},{"not_picked":["sneckomod:UnknownStrength+1","sneckomod:UnknownClassBLUE+1","sneckomod:UnknownClassPURPLE+1"],"picked":"SKIP","floor":38.0},{"not_picked":["sneckomod:UnknownClassMARISA_COLOR+1","sneckomod:UnknownVulnerable+1","sneckomod:UnknownBlock+1"],"picked":"SKIP","floor":38.0},{"not_picked":["sneckomod:UnknownClassGREEN+1","sneckomod:UnknownClassSLIMEBOUND+1"],"picked":"sneckomod:UnknownColorless+1","floor":40.0},{"not_picked":["sneckomod:UnknownClassGREEN","sneckomod:SoulDraw+1","sneckomod:Unknown2Cost"],"picked":"SKIP","floor":40.0},{"not_picked":["sneckomod:UnknownCommonSkill+1","sneckomod:UnknownX+1"],"picked":"sneckomod:UnknownRareSkill+1","floor":45.0},{"not_picked":["sneckomod:UnknownVulnerable+1","sneckomod:RainOfDice+1","sneckomod:UnknownCommonAttack+1"],"picked":"Singing Bowl","floor":45.0},{"not_picked":["sneckomod:UnknownUncommonSkill+1","sneckomod:UnknownClassSLIMEBOUND+1","sneckomod:UnknownWeak+1"],"picked":"Singing Bowl","floor":46.0},{"not_picked":["sneckomod:IronFang+1","sneckomod:UnknownStrike","sneckomod:TrashToTreasure"],"picked":"Singing Bowl","floor":46.0},{"not_picked":["sneckomod:UnknownClassPURPLE+1","sneckomod:UnknownCommonSkill+1"],"picked":"sneckomod:Unknown3Cost+1","floor":48.0},{"not_picked":["sneckomod:SerpentMind","sneckomod:Nope","sneckomod:UnknownClassMARISA_COLOR"],"picked":"Singing Bowl","floor":48.0},{"not_picked":["sneckomod:MixItUp","sneckomod:UnknownWeak","sneckomod:UnknownClassMARISA_COLOR+1"],"picked":"Singing Bowl","floor":48.0},{"not_picked":["sneckomod:UnknownCommonAttack+1","sneckomod:UnknownCommonSkill+1","sneckomod:UnknownBlock+1"],"picked":"Singing Bowl","floor":49.0},{"not_picked":["sneckomod:MorePower","sneckomod:QuickMove","sneckomod:CheapStock"],"picked":"Singing Bowl","floor":49.0},{"not_picked":["sneckomod:UnknownUncommonAttack","sneckomod:RainOfDice","sneckomod:QuickMove+1"],"picked":"Singing Bowl","floor":49.0},{"not_picked":["sneckomod:WideSting+1","sneckomod:SerpentIdol","sneckomod:SoulDraw"],"picked":"Singing Bowl","floor":50.0},{"not_picked":["sneckomod:Unknown2Cost+1","sneckomod:RainOfDice","sneckomod:UnknownBlock"],"picked":"Singing Bowl","floor":50.0},{"not_picked":["sneckomod:Unknown2Cost+1","sneckomod:UnknownExhaust+1","sneckomod:UnknownEthereal+1"],"picked":"Singing Bowl","floor":53.0},{"not_picked":["sneckomod:UnknownExhaust+1","sneckomod:Unknown1Cost","sneckomod:SoulDraw+1"],"picked":"Singing Bowl","floor":53.0}],"player_experience":470261,"relics_obtained":[{"floor":2.0,"key":"hubris:SphereOfDissonance"},{"floor":6.0,"key":"Sundial"},{"floor":7.0,"key":"Golden Egg"},{"floor":10.0,"key":"hubris:TinFlute"},{"floor":24.0,"key":"hubris:Potato"},{"floor":32.0,"key":"hubris:TenFootPole"},{"floor":37.0,"key":"hubris:Potato"},{"floor":40.0,"key":"hubris:ToyBattleship"},{"floor":42.0,"key":"Happy Flower"},{"floor":45.0,"key":"Singing Bowl"},{"floor":48.0,"key":"Ice Cream"},{"floor":49.0,"key":"Guide Book"},{"floor":53.0,"key":"Replay:Bottled Steam"}],"event_choices":[{"cards_removed":["sneckomod:Unknown"],"damage_healed":0.0,"max_hp_gain":0.0,"max_hp_loss":0.0,"gold_gain":0.0,"event_name":"Bonfire Elementals","player_choice":"Offered Basic","floor":4.0,"gold_loss":0.0,"damage_taken":0.0},{"cards_removed":["sneckomod:Strike"],"damage_healed":0.0,"max_hp_gain":0.0,"max_hp_loss":0.0,"gold_gain":0.0,"event_name":"Wheel of Change","player_choice":"Card Removal","floor":41.0,"gold_loss":0.0,"damage_taken":0.0}],"is_beta":false,"boss_relics":[{"not_picked":["Velvet Choker","Ectoplasm"],"picked":"hubris:Backtick"},{"not_picked":["Honey Jar","Ring of Chaos"],"picked":"Replay:Bronze Core"}],"items_purged_floors":[15,30,43],"is_endless":false,"potions_floor_spawned":[2,6,10,11,17,20,29,38,40,46,50,53],"ascension_level":2}}