{"host":"81h68oe4mr04pk3r","time":1608454157,"event":{"mods":["Act Like it!","Aspiration","BaseMod","BetterRewards","Colored Map","Colored Powertips","Conspire","Downfall","Hermit","Hubris","Infinite Spire","Jorbs\u0027s Wanderer Trilogy","Koishi","Lobotomy","LobotomyExtend","Marisa????????","Minty Spire (QoL Compilation)","Quick Restart","Reimu??????","Remilia??????","Replay The Spire","StSLib","The Bug Knight","The Construct","The Cursed","The Disciple","The Servant 0.9.4"],"gold_per_floor":[112,126,142,58,74,74,90,108,154,154,164,164,176,4,4,103,103,122,122,122,22,22,22,22,22,22,22,34,44,71,84,84,179,179,196,206,219,46,46,46,46,46,46,46,46,56,56,56,56,152,152,162,12,15,17,15,32,39,45,71,71,21,21,41,50,50,128,128,128,125,125,125,125,125,125,146,191,191,191,197,197,197,197,268,268,273,273,273,305,314,330,330,307,307],"floor_reached":93,"playtime":3557,"items_purged":["Injury","Koishi:ReleaseOfTheId","Koishi:BasicStrike","Koishi:Whimsy","Koishi:RacingHeart+1"],"score":1736,"play_id":"2e59762c-cbad-4d87-b3d4-1a747de7129a","local_time":"20201220004917","is_ascension_mode":false,"campfire_choices":[{"floor":6,"key":"REST"},{"floor":15,"key":"REST"},{"data":"Koishi:HeartStoppingHorror","floor":23,"key":"SMITH"},{"data":"Koishi:EmbryosDream","floor":25,"key":"SMITH"},{"data":"hubris:InfiniteBlow+1","floor":32,"key":"SMITH"},{"floor":40,"key":"REST"},{"data":"hubris:InfiniteBlow+2","floor":42,"key":"SMITH"},{"data":"hubris:InfiniteBlow+3","floor":45,"key":"SMITH"},{"data":"hubris:InfiniteBlow+4","floor":49,"key":"SMITH"},{"data":"hubris:InfiniteBlow+5","floor":61,"key":"SMITH"},{"floor":66,"key":"DIG"},{"data":"hubris:InfiniteBlow+7","floor":74,"key":"SMITH"},{"data":"hubris:InfiniteBlow+9","floor":81,"key":"SMITH"},{"data":"hubris:InfiniteBlow+10","floor":83,"key":"SMITH"}],"circlet_count":0,"master_deck":["Koishi:BasicDefend+1","Koishi:BasicDefend+1","Koishi:BasicDefend+1","Koishi:BasicDefend+1","Koishi:Provoke+1","Koishi:HauntingSlash","Koishi:BloodcurdlingScream","Koishi:EmbryosDream+1","Koishi:ParalyzingFear+1","Koishi:StingingMind","Koishi:DreadfulBlow","Koishi:RacingHeart","Koishi:TremblingHands+1","Koishi:RacingHeart+1","Koishi:StingingMind+1","Koishi:HeartStoppingHorror+1","Koishi:BramblyRoseGarden","Koishi:JumpScare","hubris:Fate+1","hubris:InfiniteBlow+11","Koishi:HeartfeltFancy","Koishi:ParalyzingFear+1","Koishi:Catatonia+1","Koishi:TremblingHands+1","Koishi:JumpScare","infinitespire:DeathsTouch+1","Koishi:Catatonia+1","Koishi:TerrifyingSpectre","Koishi:ParalyzingFear+1","Koishi:RacingHeart+1","Koishi:BloodcurdlingScream+1","Koishi:PerfectMindControl","hubris:Fate","Koishi:StingingMind+1","Koishi:RacingHeart+1","Bite+1","Bite+1","Bite+1","Bite+1","Bite+1","Koishi:BloodcurdlingScream+1"],"relics":["Koishi:ImaginaryFriend","LetterFromLob","MealTicket","Molten Egg 2","aspiration:PoetsPen_weak","Juzu Bracelet","FossilizedHelix","construct:ClawGrip","Omamori","Empty Cage","Meat on the Bone","hubris:Towel","conspire:SlowCooker","aspiration:HatOfInfinitePower","Replay:Rubber Ducky","Mastiff:ReiMu","Bottled Flame","Black Star","Regal Pillow","StoneCalendar","hubris:TenFootPole","Replay:Bronze Core","Question Card","Calling Bell","aspiration:Lifesprig","infinitespire:EmpoweringShard","Calipers","hubris:PeanutButter","ReplayTheSpireMod:Ninjato","infinitespire:CheckeredPen","HollowMod:StagPassRelic"],"acts_visited":["Exordium","TheCity","TheBeyond","Exordium","TheCity","TheBeyond"],"potions_floor_usage":[16,16,33,33,50,76,86,91,91,93],"damage_taken":[{"damage":10,"enemies":"infinitespire:Voidling","floor":1,"turns":5},{"damage":6,"enemies":"Jaw Worm","floor":2,"turns":4},{"damage":4,"enemies":"conspire:RoseBush","floor":3,"turns":2},{"damage":15,"enemies":"Exordium Wildlife","floor":5,"turns":2},{"damage":9,"enemies":"Blue Slaver","floor":7,"turns":4},{"damage":12,"enemies":"2 Fungi Beasts","floor":8,"turns":3},{"damage":0,"enemies":"Large Slime","floor":11,"turns":4},{"damage":10,"enemies":"Lots of Slimes","floor":13,"turns":4},{"damage":59,"enemies":"The Guardian","floor":16,"turns":14},{"damage":22,"enemies":"3 Byrds","floor":18,"turns":5},{"damage":0,"enemies":"Shell Parasite","floor":28,"turns":2},{"damage":0,"enemies":"conspire:HollyBat","floor":29,"turns":9},{"damage":11,"enemies":"Nightmare","floor":30,"turns":6},{"damage":26,"enemies":"Centurion and Healer","floor":31,"turns":4},{"damage":0,"enemies":"Collector","floor":33,"turns":6},{"damage":30,"enemies":"3 Shapes","floor":35,"turns":4},{"damage":13,"enemies":"Orb Walker","floor":36,"turns":3},{"damage":6,"enemies":"Maw","floor":37,"turns":5},{"damage":20,"enemies":"3 Darklings","floor":46,"turns":4},{"damage":24,"enemies":"hubris:GrandSnecko","floor":50,"turns":4},{"damage":0,"enemies":"Cultist","floor":52,"turns":2},{"damage":0,"enemies":"Jaw Worm","floor":54,"turns":2},{"damage":0,"enemies":"2 Louse","floor":55,"turns":2},{"damage":0,"enemies":"Exordium Thugs","floor":56,"turns":3},{"damage":0,"enemies":"3 Sentries","floor":57,"turns":2},{"damage":0,"enemies":"Blue Slaver","floor":58,"turns":2},{"damage":0,"enemies":"Large Slime","floor":59,"turns":2},{"damage":0,"enemies":"Replay:BlueRogue","floor":64,"turns":3},{"damage":0,"enemies":"2 Fungi Beasts","floor":65,"turns":2},{"damage":36,"enemies":"Hexaghost","floor":67,"turns":4},{"damage":0,"enemies":"Spheric Guardian","floor":69,"turns":2},{"damage":24,"enemies":"Shell Parasite","floor":70,"turns":3},{"damage":13,"enemies":"Book of Stabbing","floor":76,"turns":3},{"damage":0,"enemies":"Snake Plant","floor":80,"turns":3},{"damage":0,"enemies":"Collector","floor":84,"turns":4},{"damage":40,"enemies":"3 Shapes","floor":86,"turns":2},{"damage":0,"enemies":"conspire:MimicChest","floor":89,"turns":1},{"damage":0,"enemies":"Orb Walker","floor":90,"turns":2},{"damage":28,"enemies":"Reptomancer","floor":91,"turns":3},{"damage":40,"enemies":"Nightmare","floor":93,"turns":4}],"seed_played":"-6081188928774950234","potions_obtained":[{"floor":2,"key":"Fire Potion"},{"floor":5,"key":"Reflective Coating"},{"floor":16,"key":"CultistPotion"},{"floor":28,"key":"SneckoOil"},{"floor":30,"key":"conspire:TimeTravelPotion"},{"floor":33,"key":"PowerPotion"},{"floor":37,"key":"infinitespire:BlackPotion"},{"floor":55,"key":"Toxic Potion"},{"floor":80,"key":"SteroidPotion"},{"floor":90,"key":"Strength Potion"}],"is_trial":false,"path_per_floor":["M","M","M","$","M","R","M","M","T","?","M","?","M","$","R","B",null,"M","?","?","$","M","R","$","R","T","AVR","M","M","NM","M","R","B",null,"M","M","M","$","?","R","$","R","T","?","R","M","?","?","R","B",null,"M","$","M","M","M","E","M","M","T","R","?","?","E","M","R_BF","B",null,"M","M","$","?","?","R","$","E","T","?","?","M","R","AVR","R","B",null,"M","?","AVR","?","M","E","?","NM"],"character_chosen":"KOISHI","items_purchased":["Koishi:ParalyzingFear+1","Koishi:SubconsciousSweep","Koishi:StingingMind+1","Koishi:UnconsciousUprising","Koishi:JumpScare"],"campfire_rested":3,"item_purchase_floors":[4,4,14,14,38],"current_hp_per_floor":[57,53,50,50,36,54,46,35,35,35,36,36,27,42,60,20,60,45,45,45,60,60,60,60,60,60,60,60,60,60,46,46,57,60,35,28,39,54,38,56,60,60,60,60,60,59,59,59,59,52,60,60,60,60,60,60,60,60,60,60,60,60,60,60,60,60,37,60,60,48,60,60,60,60,60,58,58,58,42,42,42,42,42,42,42,14,14,14,26,42,42,40,0,0],"gold":307,"neow_bonus":"UPGRADE_CARD","is_daily":false,"chose_seed":false,"campfire_upgraded":10,"win_rate":0.0,"timestamp":1608454157,"path_taken":["M","?","M","$","M","R","M","M","T","?","M","?","M","?","R","BOSS","M","?","?","$","?","R","?","R","T","AVR","M","M","NM","M","R","BOSS","M","M","M","$","?","R","?","R","T","?","R","M","?","?","R","BOSS","M","$","M","M","M","E","M","M","T","R","?","?","E","M","R_BF","BOSS","M","M","$","?","?","R","$","E","T","?","?","M","R","AVR","R","BOSS","M","?","AVR","?","M","E","?","NM"],"items_purchased_type":["Card","Card","Card","Card","Card"],"build_version":"2020-12-13","purchased_purges":5,"victory":false,"max_hp_per_floor":[60,60,60,60,60,60,60,60,60,60,60,60,60,60,60,60,60,60,60,60,60,60,60,60,60,60,60,60,60,60,60,60,60,60,60,60,60,60,60,60,60,60,60,60,60,60,60,60,60,60,60,60,60,60,60,60,60,60,60,60,60,60,60,60,60,60,60,60,60,60,60,60,60,60,60,60,60,60,42,42,42,42,42,42,42,42,42,42,42,42,42,40,40,40],"card_choices":[{"not_picked":["Koishi:StrangeCloudFist","Koishi:SpiritedAway"],"picked":"Koishi:BloodcurdlingScream","floor":1},{"not_picked":["Koishi:Jaunt","Koishi:UnconsciousUrges"],"picked":"Koishi:EmbryosDream","floor":2},{"not_picked":["Koishi:VengefulSpirit","Koishi:HeartfeltFancy"],"picked":"Koishi:EmbersOfLove","floor":3},{"not_picked":["Koishi:FleetingPhantom","Koishi:SubconsciousSweep"],"picked":"Koishi:StingingMind","floor":5},{"not_picked":["Koishi:SubterraneanRose","Koishi:Untouchable"],"picked":"Koishi:DreadfulBlow","floor":7},{"not_picked":["Koishi:BloodcurdlingScream","Koishi:StingingMind"],"picked":"Koishi:RacingHeart","floor":8},{"not_picked":["Koishi:CatchAndRose","Koishi:Heartbroken"],"picked":"Koishi:ReleaseOfTheId","floor":11},{"not_picked":["Koishi:CatchAndRose","Koishi:HeartfeltFancy"],"picked":"Koishi:RacingHeart+1","floor":13},{"not_picked":["Koishi:SuperEgo+1","Koishi:FadingMemory"],"picked":"Koishi:HeartStoppingHorror","floor":16},{"not_picked":["Koishi:PhantomStrike+1","Koishi:Prune+1"],"picked":"Koishi:BramblyRoseGarden","floor":18},{"not_picked":["Koishi:RacingHeart+1","Koishi:BloodcurdlingScream+1"],"picked":"Koishi:HeartfeltFancy","floor":28},{"not_picked":["Koishi:UnconsciousUrges","Koishi:SubterraneanRose"],"picked":"Koishi:ParalyzingFear+1","floor":29},{"not_picked":["Koishi:UnansweredLove","Koishi:RorschachInDanmaku","Koishi:Heartbroken"],"picked":"SKIP","floor":30},{"not_picked":["Koishi:MassHysteria","Koishi:StrangeCloudFist+1"],"picked":"Koishi:Whimsy","floor":31},{"not_picked":["Koishi:SpiritedAway+1","Koishi:FleetingPhantom"],"picked":"Koishi:Catatonia+1","floor":35},{"not_picked":["Koishi:ReleaseOfTheId+1","Koishi:PhantomStrike+1"],"picked":"Koishi:TremblingHands+1","floor":36},{"not_picked":["Koishi:UnconsciousUprising","Koishi:BramblyRoseGarden+1","Koishi:CatchAndRose"],"picked":"SKIP","floor":37},{"not_picked":["infinitespire:Execution","ReplayTheSpireMod:??????????????????????"],"picked":"infinitespire:DeathsTouch","floor":39},{"not_picked":["Koishi:Jaunt+1","Koishi:UnansweredLove"],"picked":"Koishi:Catatonia+1","floor":46},{"not_picked":["Koishi:FormlessExistence","Koishi:RuptureMind+1"],"picked":"Koishi:TerrifyingSpectre","floor":50},{"not_picked":["Koishi:ParalyzingFear+1","Koishi:PhantomStrike+1","Koishi:Vanish"],"picked":"SKIP","floor":52},{"not_picked":["Koishi:GhostParty","Koishi:JumpScare"],"picked":"Koishi:ParalyzingFear+1","floor":54},{"not_picked":["Koishi:ParalyzingFear+1","Koishi:Jaunt+1","Koishi:DreadfulBlow+1"],"picked":"SKIP","floor":55},{"not_picked":["Koishi:FidgetySnatcher","Koishi:StrangeCloudFist+1"],"picked":"Koishi:RacingHeart+1","floor":56},{"not_picked":["Koishi:DNAsFlaw","Koishi:BramblyRoseGarden","Koishi:LastRemote+1"],"picked":"SKIP","floor":57},{"not_picked":["Koishi:HeartfeltFancy","Koishi:UnansweredLove","Koishi:ReflexRadar"],"picked":"SKIP","floor":58},{"not_picked":["Koishi:Bloodlust","Koishi:TremblingHands+1"],"picked":"Koishi:BloodcurdlingScream+1","floor":59},{"not_picked":["Koishi:JumpScare","Koishi:CatchAndRose","Koishi:GhostParty"],"picked":"SKIP","floor":64},{"not_picked":["Koishi:SpiritedAway+1","Koishi:SubterraneanRose","Koishi:FreudianInstinct"],"picked":"SKIP","floor":65},{"not_picked":["Koishi:ConfinedInnocent","Koishi:MentalBreakdown+1"],"picked":"Koishi:PerfectMindControl","floor":67},{"not_picked":["hubris:InfiniteBlow","infinitespire:FinalStrike"],"picked":"hubris:Fate","floor":67},{"not_picked":["Koishi:SubconsciousSweep+1","Koishi:SpiritedAway+1"],"picked":"Koishi:StingingMind+1","floor":69},{"not_picked":["Koishi:IdleWhim","Koishi:CatchAndRose"],"picked":"Koishi:RacingHeart+1","floor":70},{"not_picked":["Koishi:ReflexRadar","Koishi:GhostParty+1"],"picked":"Koishi:RacingHeart+1","floor":76},{"not_picked":["Koishi:Vanish+1","Koishi:SubterraneanRose","Koishi:ReflexRadar"],"picked":"SKIP","floor":80},{"not_picked":["Koishi:FormlessExistence","Koishi:CatchAndRose+1","Koishi:PhantomBarrier"],"picked":"Koishi:BloodcurdlingScream+1","floor":86},{"not_picked":["Koishi:MindNumbingTerror+1","Koishi:Prune+1","Koishi:TremblingHands+1","Koishi:SprinkleStarAndHeart+1"],"picked":"SKIP","floor":90},{"not_picked":["Koishi:PhantomBarrier+1","Koishi:ReflexRadar","Koishi:DNAsFlaw","Koishi:UnconsciousUprising"],"picked":"SKIP","floor":91}],"player_experience":125338,"relics_obtained":[{"floor":1,"key":"LetterFromLob"},{"floor":9,"key":"MealTicket"},{"floor":26,"key":"Juzu Bracelet"},{"floor":30,"key":"Omamori"},{"floor":43,"key":"Meat on the Bone"},{"floor":57,"key":"aspiration:HatOfInfinitePower"},{"floor":60,"key":"Replay:Rubber Ducky"},{"floor":64,"key":"Mastiff:ReiMu"},{"floor":66,"key":"Bottled Flame"},{"floor":76,"key":"Regal Pillow"},{"floor":76,"key":"StoneCalendar"},{"floor":77,"key":"hubris:TenFootPole"},{"floor":85,"key":"aspiration:Lifesprig"},{"floor":85,"key":"infinitespire:EmpoweringShard"},{"floor":85,"key":"Calipers"},{"floor":89,"key":"ReplayTheSpireMod:Ninjato"},{"floor":91,"key":"infinitespire:CheckeredPen"},{"floor":91,"key":"HollowMod:StagPassRelic"}],"event_choices":[{"damage_healed":0,"gold_gain":0,"cards_transformed":["Koishi:SubconsciousSweep","Koishi:UnconsciousUprising"],"player_choice":"Became Test Subject","damage_taken":0,"max_hp_gain":0,"max_hp_loss":0,"event_name":"Drug Dealer","floor":19,"gold_loss":0,"cards_obtained":["Koishi:JumpScare","Koishi:ReleaseOfTheId"]},{"damage_healed":0,"gold_gain":0,"cards_transformed":["Koishi:ReleaseOfTheId"],"player_choice":"Transformed","damage_taken":0,"max_hp_gain":0,"max_hp_loss":0,"event_name":"Transmorgrifier","floor":20,"gold_loss":0,"cards_obtained":["Koishi:FidgetySnatcher"]},{"damage_healed":0,"gold_gain":0,"player_choice":"Leave","damage_taken":0,"max_hp_gain":0,"max_hp_loss":0,"event_name":"conspire:Investor","floor":47,"gold_loss":0},{"cards_removed":["Koishi:EmbersOfLove"],"damage_healed":0,"gold_gain":0,"player_choice":"Card Removal","damage_taken":0,"max_hp_gain":0,"max_hp_loss":0,"event_name":"The Cleric","floor":62,"gold_loss":50},{"damage_healed":0,"gold_gain":0,"player_choice":"Forge","damage_taken":0,"max_hp_gain":0,"max_hp_loss":0,"event_name":"Accursed Blacksmith","floor":63,"gold_loss":0,"cards_upgraded":["hubris:InfiniteBlow"]},{"damage_healed":0,"gold_gain":0,"player_choice":"Simplicity","damage_taken":0,"max_hp_gain":0,"max_hp_loss":0,"event_name":"Back to Basics","floor":72,"gold_loss":0,"cards_upgraded":["Koishi:BasicStrike","Koishi:BasicStrike","Koishi:BasicDefend","Koishi:BasicDefend","Koishi:BasicDefend","Koishi:BasicDefend"]},{"damage_healed":0,"gold_gain":0,"player_choice":"Leave","damage_taken":0,"max_hp_gain":0,"max_hp_loss":0,"event_name":"FaceTrader","floor":73,"gold_loss":0},{"damage_healed":0,"gold_gain":0,"player_choice":"Became a vampire","damage_taken":0,"max_hp_gain":0,"max_hp_loss":18,"event_name":"Vampires","floor":79,"gold_loss":0,"cards_obtained":["Bite","Bite","Bite","Bite","Bite"]},{"damage_healed":0,"gold_gain":0,"player_choice":"0 cards matched","damage_taken":0,"max_hp_gain":0,"max_hp_loss":0,"event_name":"Match and Keep!","floor":87,"gold_loss":0,"cards_obtained":[]},{"damage_healed":0,"gold_gain":0,"player_choice":"Max HP","damage_taken":0,"max_hp_gain":0,"max_hp_loss":2,"event_name":"Winding Halls","floor":92,"gold_loss":0}],"is_beta":false,"boss_relics":[{"not_picked":["ReplayTheSpireMod:DimensionalGlitch","Runic Pyramid"],"picked":"aspiration:PoetsPen_weak"},{"not_picked":["Runic Dome","SacredBark"],"picked":"Empty Cage"},{"not_picked":["Cursed Key","aspiration:MarisaSkillbook"],"picked":"conspire:SlowCooker"},{"not_picked":["Snecko Eye","hubris:HollowSoul"],"picked":"Black Star"},{"not_picked":["ReplayTheSpireMod:DimensionalGlitch","hubris:RunicObelisk"],"picked":"Calling Bell"}],"items_purged_floors":[14,21,38,53,88],"is_endless":true,"potions_floor_spawned":[2,5,16,28,30,33,37,55,56,59,64,80,89,90],"killed_by":"Nightmare","ascension_level":0}}