{"host":"cgaibh95wzkurumv","time":1608428773,"event":{"mods":["BaseMod","Minty Spire (QoL Compilation)","Replay The Spire","StSLib","The Runesmith"],"gold_per_floor":[117,131,131,131,155,155,171,192,260,40,40,125,165,188,188,319,319,335,335,349,372,140,176,209,259,259,259,280,296,296,316,316,436,436,452,1,24,51,51,51,114,114,114,147,165,190,65,65,65,65],"floor_reached":51,"playtime":3045,"items_purged":["Normality","Normality","Spreading Infection"],"score":922,"play_id":"b67fffa1-a6fa-4f04-b68c-f8dfb154d524","local_time":"20201219224613","daily_mods":["Cursed Run","Green Cards","Lethality"],"is_ascension_mode":false,"campfire_choices":[{"data":"Runesmith:HeatedChisel","floor":6,"key":"SMITH"},{"data":"Runesmith:EarthShield","floor":15,"key":"SMITH"},{"data":"Runesmith:FieryHammer+1","floor":27,"key":"SMITH"},{"data":"Runesmith:FieryHammer+2","floor":30,"key":"SMITH"},{"floor":32,"key":"REST"},{"data":"Runesmith:HammerTime","floor":40,"key":"SMITH"},{"data":"Runesmith:FieryHammer+3","floor":42,"key":"SMITH"},{"data":"Runesmith:FieryHammer+4","floor":49,"key":"SMITH"}],"circlet_count":0,"master_deck":["Runesmith:Strike_RS","Runesmith:Strike_RS","Runesmith:Strike_RS","Runesmith:Strike_RS","Runesmith:Defend_RS","Runesmith:Defend_RS","Runesmith:Defend_RS","Runesmith:CraftFirestone","Runesmith:Fortify","Runesmith:Accelerate","Injury","Parasite","Runesmith:HeatedChisel+1","Runesmith:EarthShield+1","Runesmith:ShiftingStrike","Writhe","Runesmith:Empowerment+1","Runesmith:CraftMedicinae+1","Decay","Runesmith:MetallurgicalResearch+1","Runesmith:CraftProtectio+1","Runesmith:HeatedChisel+1","Runesmith:FieryHammer+5","Runesmith:Firewall+1","Runesmith:HammerAndChisel+1","Runesmith:EarthShield+1","Runesmith:CraftObretio+1","Runesmith:LightningRod+1","Injury","Sickly","Injury","Runesmith:Grindstone+1","Runesmith:HammerTime+1","ReplayTheSpireMod:Restless Dread","ReplayTheSpireMod:IOU","Decay","Sickly"],"relics":["Cursed Key","Darkstone Periapt","Du-Vu Doll","Golden Idol","Toxic Egg 2","HandDrill","Torii","Velvet Choker","Runesmith:MiniCore","Vajra","Red Mask","Iron Hammer","Replay:Ancient Bell","Juzu Bracelet","Garlic","Lizard Tail","Turnip","Nunchaku","Replay:PocketPolymizer","InkBottle","Counterbalance"],"acts_visited":["Exordium","TheCity","TheBeyond"],"potions_floor_usage":[14,23,23,24,33,33,50,50,50],"damage_taken":[{"damage":5,"enemies":"Small Slimes","floor":1,"turns":3},{"damage":0,"enemies":"Cultist","floor":2,"turns":3},{"damage":1,"enemies":"Jaw Worm","floor":5,"turns":3},{"damage":13,"enemies":"2 Fungi Beasts","floor":7,"turns":3},{"damage":0,"enemies":"Red Slaver","floor":8,"turns":1},{"damage":0,"enemies":"Lagavulin","floor":13,"turns":5},{"damage":1,"enemies":"Gremlin Gang","floor":14,"turns":3},{"damage":36,"enemies":"Slime Boss","floor":16,"turns":8},{"damage":26,"enemies":"Shell Parasite","floor":18,"turns":4},{"damage":0,"enemies":"Spheric Guardian","floor":20,"turns":3},{"damage":7,"enemies":"Snecko","floor":21,"turns":4},{"damage":32,"enemies":"Slavers","floor":23,"turns":4},{"damage":2,"enemies":"Masked Bandits","floor":24,"turns":3},{"damage":6,"enemies":"3 Cultists","floor":28,"turns":3},{"damage":1,"enemies":"Snake Plant","floor":29,"turns":2},{"damage":20,"enemies":"Shelled Parasite and Fungi","floor":31,"turns":4},{"damage":17,"enemies":"Collector","floor":33,"turns":8},{"damage":14,"enemies":"Orb Walker","floor":35,"turns":3},{"damage":27,"enemies":"3 Darklings","floor":37,"turns":4},{"damage":0,"enemies":"Mind Bloom Boss Battle","floor":41,"turns":3},{"damage":8,"enemies":"R_Hoarder","floor":44,"turns":5},{"damage":0,"enemies":"Jaw Worm Horde","floor":45,"turns":1},{"damage":16,"enemies":"Writhing Mass","floor":46,"turns":3},{"damage":52,"enemies":"Awakened One","floor":50,"turns":7}],"seed_played":"7829201571925112230","potions_obtained":[{"floor":1,"key":"SmokeBomb"},{"floor":7,"key":"Cursed Concoction"},{"floor":8,"key":"SteroidPotion"},{"floor":12,"key":"LiquidBronze"},{"floor":12,"key":"Flashbang"},{"floor":18,"key":"Reflective Coating"},{"floor":24,"key":"PowerPotion"},{"floor":28,"key":"Weak Potion"},{"floor":33,"key":"Venom Potion"},{"floor":44,"key":"Weak Potion"},{"floor":46,"key":"FearPotion"}],"is_trial":true,"path_per_floor":["M","M","?","?","M","R","M","M","T","$","?","?","E","M","R","B",null,"M","?","M","M","$","E","?","?","T","R","M","M","R","M","R","B",null,"M","$","M","T","$","R","?","R","T","E","M","M","$","?","R","B",null],"character_chosen":"RUNESMITH_CLASS","items_purchased":["HandDrill","Runesmith:Firewall+1","Runesmith:MiniCore","Turnip","Strength Potion"],"campfire_rested":1,"item_purchase_floors":[10,22,22,36,36],"current_hp_per_floor":[65,65,71,77,76,76,63,63,69,69,74,80,80,79,79,49,105,79,79,79,72,72,42,40,40,46,46,40,39,39,19,52,44,135,121,121,94,100,100,100,100,106,112,107,107,94,94,100,100,54],"gold":65,"neow_bonus":"","is_daily":false,"chose_seed":false,"campfire_upgraded":7,"win_rate":0.0,"timestamp":1608428773,"path_taken":["M","M","?","?","?","R","M","M","T","?","?","?","E","M","R","BOSS","M","?","?","M","$","E","?","?","T","R","M","M","R","M","R","BOSS","M","$","M","?","?","R","?","R","T","E","M","M","$","?","R","BOSS"],"items_purchased_type":["Relic","Card","Relic","Relic","Potion"],"build_version":"2020-12-13","purchased_purges":3,"victory":true,"max_hp_per_floor":[70,70,76,82,82,82,82,82,88,88,93,99,99,99,99,105,105,105,105,105,105,105,105,105,105,111,111,111,111,111,111,111,117,135,135,135,135,141,141,141,141,147,153,153,153,153,153,159,159,165],"card_choices":[{"not_picked":["Runesmith:Refine","Runesmith:UnstableHammer","Runesmith:Repurpose"],"picked":"SKIP","floor":1},{"not_picked":["Runesmith:Repurpose","Runesmith:BackupBattery"],"picked":"Runesmith:Accelerate","floor":2},{"not_picked":["Runesmith:Discharge","Runesmith:PerfectChisel"],"picked":"Runesmith:HeatedChisel","floor":5},{"not_picked":["Runesmith:RuneHurl","Runesmith:EnergizedChisel"],"picked":"Runesmith:EarthShield","floor":7},{"not_picked":["Runesmith:Grindstone","Runesmith:BackupBattery"],"picked":"Runesmith:ShiftingStrike","floor":8},{"not_picked":["Runesmith:OneForEveryone","Runesmith:Attraction+1"],"picked":"Runesmith:Empowerment+1","floor":12},{"not_picked":["Runesmith:Prism+1","Runesmith:Terraform+1","Runesmith:WhiteBalance"],"picked":"SKIP","floor":13},{"not_picked":["Runesmith:Accelerate+1","Runesmith:Terraform+1"],"picked":"Runesmith:CraftMedicinae+1","floor":14},{"not_picked":["Runesmith:LastStand+1","Runesmith:CraftIndustria+1"],"picked":"Runesmith:MetallurgicalResearch+1","floor":16},{"not_picked":["Runesmith:Attraction+1","Runesmith:EarthShield+1"],"picked":"Runesmith:CraftProtectio+1","floor":18},{"not_picked":["Runesmith:UnstableHammer","Runesmith:Repurpose+1"],"picked":"Runesmith:HeatedChisel+1","floor":20},{"not_picked":["Runesmith:ChaoticBlast+1","Runesmith:EarthShield+1"],"picked":"Runesmith:FieryHammer+1","floor":21},{"not_picked":["Runesmith:CraftSpiculum+1","Runesmith:Discharge","Runesmith:NegativeSpace+1"],"picked":"SKIP","floor":23},{"not_picked":["Runesmith:LithiumIon","Runesmith:BackupBattery+1"],"picked":"Runesmith:HammerAndChisel+1","floor":24},{"not_picked":["Runesmith:ShiftingStrike","Runesmith:StaticCage+1","Runesmith:Repurpose+1"],"picked":"SKIP","floor":28},{"not_picked":["Runesmith:RuneHurl","Runesmith:UnstableHammer"],"picked":"Runesmith:EarthShield+1","floor":29},{"not_picked":["Runesmith:BackupBattery+1","Runesmith:EarthShield+1"],"picked":"Runesmith:CraftObretio+1","floor":31},{"not_picked":["Runesmith:CraftPrismatica+1","Runesmith:ArcReactor"],"picked":"Runesmith:LightningRod+1","floor":33},{"not_picked":["Sickly","Delirium"],"picked":"Injury","floor":34},{"not_picked":["CommonCold","Looming Evil"],"picked":"Sickly","floor":34},{"not_picked":["Normality","Voices"],"picked":"Injury","floor":34},{"not_picked":["Runesmith:HammerThrow+1","Runesmith:Electrocute"],"picked":"Runesmith:Grindstone+1","floor":35},{"not_picked":["Runesmith:Empowerment+1","Runesmith:PerfectChisel"],"picked":"Runesmith:HammerTime","floor":37},{"not_picked":["Runesmith:Firestorm","Runesmith:StaticCage+1","Runesmith:ElementalConversion+1"],"picked":"SKIP","floor":44},{"not_picked":["Runesmith:EnergizedChisel+1","Runesmith:ChargedHammer","Runesmith:HammerTime+1"],"picked":"SKIP","floor":45},{"not_picked":["Runesmith:ShiftingStrike","Runesmith:LastStand+1","Runesmith:Prism+1"],"picked":"SKIP","floor":46}],"player_experience":235476,"relics_obtained":[{"floor":9,"key":"Toxic Egg 2"},{"floor":13,"key":"Torii"},{"floor":23,"key":"Vajra"},{"floor":24,"key":"Red Mask"},{"floor":26,"key":"Iron Hammer"},{"floor":38,"key":"Nunchaku"},{"floor":41,"key":"Replay:PocketPolymizer"},{"floor":43,"key":"InkBottle"},{"floor":44,"key":"Counterbalance"}],"event_choices":[{"damage_healed":0,"gold_gain":0,"player_choice":"Take Wound","damage_taken":0,"relics_obtained":["Golden Idol"],"max_hp_gain":0,"max_hp_loss":0,"event_name":"Golden Idol","floor":3,"gold_loss":0,"cards_obtained":["Injury"]},{"cards_removed":["Runesmith:Defend_RS"],"damage_healed":0,"gold_gain":0,"player_choice":"Took Card","damage_taken":0,"max_hp_gain":0,"max_hp_loss":0,"event_name":"NoteForYourself","floor":4,"gold_loss":0,"cards_obtained":["Parasite"]},{"damage_healed":0,"gold_gain":0,"player_choice":"Donut","damage_taken":0,"max_hp_gain":5,"max_hp_loss":0,"event_name":"Big Fish","floor":11,"gold_loss":0},{"damage_healed":0,"gold_gain":0,"player_choice":"Bought 0 Potions","damage_taken":0,"max_hp_gain":0,"max_hp_loss":0,"event_name":"The Woman in Blue","floor":19,"gold_loss":0},{"damage_healed":0,"gold_gain":0,"player_choice":"Fought Bandits","damage_taken":0,"max_hp_gain":0,"max_hp_loss":0,"event_name":"Masked Bandits","floor":24,"gold_loss":0},{"damage_healed":0,"gold_gain":100,"player_choice":"Bet on Murderer","damage_taken":0,"max_hp_gain":0,"max_hp_loss":0,"event_name":"The Joust","floor":25,"gold_loss":50},{"damage_healed":0,"gold_gain":0,"player_choice":"Fight","damage_taken":0,"max_hp_gain":0,"max_hp_loss":0,"event_name":"MindBloom","floor":41,"gold_loss":0},{"damage_healed":0,"gold_gain":0,"player_choice":"Cursed","damage_taken":0,"max_hp_gain":0,"max_hp_loss":0,"event_name":"Wheel of Change","floor":48,"gold_loss":0,"cards_obtained":["Decay"]}],"is_beta":false,"boss_relics":[{"not_picked":["Astrolabe","Pandora\u0027s Box"],"picked":"Velvet Choker"},{"not_picked":["Kintsugi","Fusion Hammer"],"picked":"Replay:Ancient Bell"},{"not_picked":["Replay:Wax Seal","Simple Rune"],"picked":"Juzu Bracelet"},{"not_picked":["Replay:WaspNest","Pear"],"picked":"Garlic"},{"not_picked":["Peace Pipe","Old Coin"],"picked":"Lizard Tail"}],"items_purged_floors":[10,36,47],"is_endless":false,"potions_floor_spawned":[1,7,8,18,20,24,28,33,44,46],"ascension_level":0}}