{"host":"o3b7ow6d1xe49css","time":1608467753,"event":{"mods":["Act Like it!","Aspiration","BaseMod","Bestiary","Better Altar","Better Match","Better Note","Better Sensory Stone","Better Skull","Better Third Choice","Colored Powertips","Conspire","Energized Spire","Force Act Four","GifTheSpireLib","Halation","Hermit","Hubris","Infinite Spire","Lobotomy","Minty Spire (QoL Compilation)","Quick Restart","Replay The Spire","Spicy Shops","Spikes Relics","StSLib","Stuff the Spire","The Blue Laboratory","Wandering Minibosses","vexMod"],"gold_per_floor":[116,132,149,149,149,176,211,211,211,239,239,274,199,6,6,105,105,120,120,130,30,30,58,58,86,111,111,137,147,147,147,147,248,248,262,274,274,274,118,118,153,153,153,153,153],"floor_reached":44,"playtime":1740,"items_purged":["Regret","FairyFestival","BigBadWolf"],"score":733,"play_id":"13318216-d5de-4ff4-bc8c-5c1ae0c0c28a","local_time":"20201220033553","daily_mods":["Heirloom","Flight"],"is_ascension_mode":true,"campfire_choices":[{"data":"1","floor":8,"key":"LIFT"},{"data":"2","floor":11,"key":"LIFT"},{"data":"3","floor":15,"key":"LIFT"},{"data":"Limit Break","floor":24,"key":"SMITH"},{"floor":27,"key":"RECALL"},{"floor":30,"key":"REST"},{"data":"Flame Barrier","floor":32,"key":"SMITH"},{"data":"Feed","floor":40,"key":"SMITH"},{"data":"Sword Boomerang","floor":42,"key":"SMITH"}],"circlet_count":0,"master_deck":["Strike_R+1","Strike_R","Strike_R","Strike_R+1","Defend_R","Defend_R","Defend_R","Bash","Replay:Undeath\u0027s Touch","BarbarianYell","SingingMachine","True Grit","ReplayTheSpireMod:Trickstab","Scarecrow","Battle Trance","SnowQueen","ReplayTheSpireMod:Muscle Training","Sword Boomerang+1","Trip","Cleave","Cleave","Flame Barrier+1","MHz","Limit Break+1","NakedNest","Replay:Undeath\u0027s Touch","Pommel Strike","WhitesApple","QueenOfHatred","LaLuna","Rudolta","GreedKing","Feed+1","BlackSwan","DreamingCurrent","Anger+1","FieryBird","Impervious"],"relics":["Burning Blood","Ring of Chaos","Girya","CogitoBucket","CherryCoatedStake","infinitespire:Joker Card","Lantern","Another Sword","Simple Rune","energizedSpire:DeadBattery","TreeSap","LugNut","Snack Pack","StuffTheSpire:OldFever","infinitespire:Satchel","aspiration:Stabinomicon","BackwardClock","hubris:TerracottaHorce","halation:EternalFortune","ClockworkSouvenir","StuffTheSpire:RubySignet","Kunai"],"acts_visited":["Exordium","TheCity","TheBeyond"],"potions_floor_usage":[23],"damage_taken":[{"damage":0,"enemies":"Small Slimes","floor":1,"turns":3},{"damage":7,"enemies":"Jaw Worm","floor":2,"turns":4},{"damage":64,"enemies":"2 Louse","floor":3,"turns":11},{"damage":24,"enemies":"Lagavulin","floor":6,"turns":6},{"damage":26,"enemies":"3 Sentries","floor":7,"turns":7},{"damage":41,"enemies":"Gremlin Nob","floor":10,"turns":3},{"damage":18,"enemies":"3 Sentries","floor":12,"turns":4},{"damage":1,"enemies":"Slime Boss","floor":16,"turns":3},{"damage":11,"enemies":"2 Thieves","floor":18,"turns":2},{"damage":9,"enemies":"conspire:FuzzyDice","floor":20,"turns":4},{"damage":26,"enemies":"conspire:SneckoGhost","floor":23,"turns":4},{"damage":8,"enemies":"Gremlin Leader","floor":25,"turns":4},{"damage":9,"enemies":"Book of Stabbing","floor":28,"turns":2},{"damage":37,"enemies":"Snake Plant","floor":29,"turns":4},{"damage":35,"enemies":"Champ","floor":33,"turns":4},{"damage":0,"enemies":"Orb Walker","floor":35,"turns":2},{"damage":28,"enemies":"3 Shapes","floor":36,"turns":3},{"damage":13,"enemies":"R_Hoarder","floor":41,"turns":4},{"damage":123,"enemies":"Nightmare","floor":44,"turns":6}],"seed_played":"2971392428433231833","potions_obtained":[{"floor":2,"key":"Ancient Potion"},{"floor":20,"key":"ColorlessPotion"},{"floor":33,"key":"blueLaboratory:BottleOfVodka"},{"floor":36,"key":"blueLaboratory:CorrosionFlask"}],"is_trial":true,"path_per_floor":["M","M","M","?","?","E","E","R","T","E","R","E","?","$","R","B",null,"M","AVR","M","$","?","E","R","E","T","R","E","M","R","?","R","B",null,"M","M","?","?","$","R","E","R","T","NM"],"character_chosen":"IRONCLAD","items_purchased":["Cleave","Flame Barrier","ClockworkSouvenir"],"campfire_rested":1,"item_purchase_floors":[14,14,39],"current_hp_per_floor":[80,79,79,79,79,61,49,49,49,17,17,10,10,10,10,18,65,64,64,64,64,64,44,44,53,53,53,60,44,68,80,80,61,75,82,68,68,71,71,71,88,88,88,0,0],"gold":153,"neow_bonus":"","is_daily":false,"chose_seed":false,"campfire_upgraded":4,"win_rate":0.0,"timestamp":1608467753,"path_taken":["M","M","M","?","?","E","E","R","T","E","R","E","?","$","R","BOSS","M","AVR","M","$","?","E","R","E","T","R","E","M","R","?","R","BOSS","M","?","?","?","$","R","E","R","T","NM"],"items_purchased_type":["Card","Card","Relic"],"build_version":"2020-12-13","purchased_purges":3,"victory":false,"max_hp_per_floor":[80,80,80,80,80,80,80,80,80,80,80,80,80,80,80,80,80,80,80,80,80,80,80,80,80,80,80,80,80,80,80,80,80,80,82,82,82,85,85,85,88,88,88,88,88],"card_choices":[{"not_picked":["CherryBlossoms","CrumblingArmor"],"picked":"Yin","floor":1},{"not_picked":["ReplayTheSpireMod:Corrosion Curse","StuffTheSpire:RockThrow"],"picked":"Replay:Undeath\u0027s Touch","floor":1},{"not_picked":["Havoc","Sword Boomerang"],"picked":"BarbarianYell","floor":2},{"not_picked":["UniverseFragment","SpiderBud"],"picked":"SingingMachine","floor":3},{"not_picked":["Thunderclap","Demonic Infusion"],"picked":"True Grit","floor":3},{"not_picked":["Panache","Sadistic Nature"],"picked":"ReplayTheSpireMod:Trickstab","floor":5},{"not_picked":["CherryBlossoms","Wellcheers"],"picked":"Scarecrow","floor":6},{"not_picked":["ReplayTheSpireMod:Limb From Limb","Anger","StuffTheSpire:RockThrow"],"picked":"SKIP","floor":6},{"not_picked":["ReplayTheSpireMod:Limb From Limb","Anger","StuffTheSpire:RockThrow"],"picked":"SKIP","floor":6},{"not_picked":["UniverseFragment","SpiderBud"],"picked":"FairyFestival","floor":7},{"not_picked":["Iron Wave","Cleave"],"picked":"Battle Trance","floor":7},{"not_picked":["HeroicMonk","BlackArmy"],"picked":"BigBadWolf","floor":10},{"not_picked":["Power Through","Dropkick","Wild Strike"],"picked":"SKIP","floor":10},{"not_picked":["OSAHOGD","CherryBlossoms"],"picked":"SnowQueen","floor":12},{"not_picked":["StuffTheSpire:RagingBull","Replay:Undeath\u0027s Touch"],"picked":"ReplayTheSpireMod:Muscle Training","floor":12},{"not_picked":["StuffTheSpire:RockThrow","Body Slam"],"picked":"Sword Boomerang","floor":13},{"not_picked":["hubris:Ssssneak","ReplayTheSpireMod:Trickstab"],"picked":"Trip","floor":13},{"not_picked":["BeautyBeast","MeatLantern"],"picked":"MHz","floor":16},{"not_picked":["Exhume","Double Tap"],"picked":"Limit Break","floor":16},{"not_picked":["OldLady","CherryBlossoms","RedShoes"],"picked":"Singing Bowl","floor":18},{"not_picked":["Bloodbath","UniverseFragment"],"picked":"NakedNest","floor":18},{"not_picked":["Replay:Undeath\u0027s Touch","Thunderclap","Armaments"],"picked":"SKIP","floor":18},{"not_picked":["Thunderclap","Armaments"],"picked":"Replay:Undeath\u0027s Touch","floor":18},{"not_picked":["OldLady","GreedKing"],"picked":"Laetitia","floor":20},{"not_picked":["Iron Wave+1","Inflame"],"picked":"Pommel Strike","floor":20},{"not_picked":["LongBird","BeautyBeast","GalaxyChild"],"picked":"Singing Bowl","floor":23},{"not_picked":["Funeral","MeatLantern"],"picked":"WhitesApple","floor":23},{"not_picked":["Iron Wave+1","Absolvement+1","StuffTheSpire:TitanForm"],"picked":"SKIP","floor":23},{"not_picked":["ShyLook","WallGazer"],"picked":"QueenOfHatred","floor":25},{"not_picked":["Life Link","Uppercut","Wild Strike"],"picked":"SKIP","floor":25},{"not_picked":["Life Link","Uppercut","Wild Strike"],"picked":"SKIP","floor":25},{"not_picked":["LongBird","HeroicMonk"],"picked":"LaLuna","floor":28},{"not_picked":["StuffTheSpire:Resist+1","Clothesline","Spot Weakness"],"picked":"SKIP","floor":28},{"not_picked":["LittlePrince","BlueStar"],"picked":"Rudolta","floor":29},{"not_picked":["Combust+1","Armaments+1","Thunderclap"],"picked":"SKIP","floor":29},{"not_picked":["BigBadWolf","OSAHOGD"],"picked":"GreedKing","floor":33},{"not_picked":["Double Tap","Demon Form"],"picked":"Feed","floor":33},{"not_picked":["QueenBee","MeltingLove"],"picked":"BlackSwan","floor":35},{"not_picked":["Warcry","Combust+1","Pommel Strike"],"picked":"SKIP","floor":35},{"not_picked":["Wellcheers","Mercenary"],"picked":"DreamingCurrent","floor":36},{"not_picked":["Clash+1","Replay:Undeath\u0027s Touch"],"picked":"Anger+1","floor":36},{"not_picked":["Alriune","Porccubus"],"picked":"FieryBird","floor":41},{"not_picked":["Pummel+1","Perfected Strike"],"picked":"Impervious","floor":41}],"player_experience":1769008,"relics_obtained":[{"floor":6,"key":"infinitespire:Joker Card"},{"floor":7,"key":"Lantern"},{"floor":10,"key":"Another Sword"},{"floor":12,"key":"Simple Rune"},{"floor":23,"key":"Snack Pack"},{"floor":25,"key":"StuffTheSpire:OldFever"},{"floor":26,"key":"infinitespire:Satchel"},{"floor":28,"key":"aspiration:Stabinomicon"},{"floor":41,"key":"StuffTheSpire:RubySignet"},{"floor":43,"key":"Kunai"}],"event_choices":[{"damage_healed":0,"gold_gain":0,"player_choice":"Box","damage_taken":0,"relics_obtained":["CherryCoatedStake"],"max_hp_gain":0,"max_hp_loss":0,"event_name":"Big Fish","floor":4,"gold_loss":0,"cards_obtained":["Regret"]},{"damage_healed":0,"gold_gain":1,"player_choice":"1","damage_taken":0,"max_hp_gain":0,"max_hp_loss":0,"event_name":"betterStone:BetterStone","floor":5,"gold_loss":0},{"damage_healed":0,"gold_gain":0,"player_choice":"1","damage_taken":0,"max_hp_gain":0,"max_hp_loss":0,"event_name":"betterMatch:BetterMatch","floor":13,"gold_loss":0,"cards_obtained":["betterMatch:ColorlessUncommonCard","betterMatch:CommonCard","betterMatch:ColorlessUncommonCard"]},{"cards_removed":["Strike_R"],"damage_healed":0,"gold_gain":0,"player_choice":"Give","damage_taken":0,"max_hp_gain":0,"max_hp_loss":0,"event_name":"betterNote:BetterNote","floor":22,"gold_loss":0,"cards_obtained":["Strike_P"]},{"cards_removed":["Laetitia"],"damage_healed":12,"gold_gain":0,"player_choice":"Offered Uncommon","damage_taken":0,"max_hp_gain":0,"max_hp_loss":0,"event_name":"Bonfire Elementals","floor":31,"gold_loss":0}],"is_beta":false,"boss_relics":[{"not_picked":["aspiration:FutureDiary","infinitespire:Cupcake"],"picked":"energizedSpire:DeadBattery"},{"not_picked":["halation:Risk","halation:Yufonium"],"picked":"hubris:TerracottaHorce"}],"items_purged_floors":[14,19,21],"is_endless":false,"potions_floor_spawned":[2,20,33,36,41],"killed_by":"Nightmare","ascension_level":5}}