{"host":"zfnu5d67tubaf2bu","time":1608490232,"event":{"mods":["BaseMod","Hermit","Minty Spire (QoL Compilation)","Relic Stats","Shade Mod","StSLib"],"gold_per_floor":[119,18,118,132,151,185,185,214,265,265,190,205,205,205,205,303,303,319,319,338,338,348,348,378,378,378,408,323,323,335,346,346,441,441,456,476,476,496,508,508,518,518,518,534,138,168,178,178,178,178],"floor_reached":51,"playtime":2718,"items_purged":["Strike_B","Defend_B"],"score":777,"play_id":"c5cc9f13-51f6-4e78-8c50-776e20e34bd2","local_time":"20201220135032","is_ascension_mode":false,"campfire_choices":[{"floor":10.0,"key":"REST"},{"data":"Dualcast","floor":13.0,"key":"SMITH"},{"data":"Zap","floor":15.0,"key":"SMITH"},{"data":"Electrodynamics","floor":23.0,"key":"SMITH"},{"data":"Defragment","floor":25.0,"key":"SMITH"},{"floor":32,"key":"REST"},{"data":"Capacitor","floor":40,"key":"SMITH"},{"data":"Rainbow","floor":42,"key":"SMITH"},{"data":"Echo Form","floor":49,"key":"SMITH"}],"circlet_count":0,"master_deck":["Defend_B","Defend_B","Defend_B","Zap+1","Dualcast+1","Double Energy","Ball Lightning+1","Ball Lightning","Rainbow+1","Lockon+1","Hologram","Leap","Electrodynamics+1","Cold Snap","Defragment+1","Defragment+1","Consume+1","Capacitor+1","Chill+1","Self Repair","Echo Form+1","All For One"],"relics":["FrozenCore","Question Card","DataDisk","Anchor","Singing Bowl","Du-Vu Doll","Toxic Egg 2","StoneCalendar","Busted Crown","Pear","Whetstone","Lee\u0027s Waffle","Orichalcum"],"acts_visited":["Exordium","TheCity","TheBeyond"],"potions_floor_usage":[33,46,50,50,50],"damage_taken":[{"damage":1.0,"enemies":"Jaw Worm","floor":1.0,"turns":3.0},{"damage":0.0,"enemies":"Cultist","floor":4.0,"turns":3.0},{"damage":0.0,"enemies":"2 Louse","floor":5.0,"turns":2.0},{"damage":3.0,"enemies":"Gremlin Nob","floor":6.0,"turns":3.0},{"damage":24.0,"enemies":"Lagavulin","floor":8.0,"turns":4.0},{"damage":4.0,"enemies":"Exordium Thugs","floor":12.0,"turns":3.0},{"damage":23.0,"enemies":"The Guardian","floor":16.0,"turns":9.0},{"damage":1.0,"enemies":"Spheric Guardian","floor":18.0,"turns":3.0},{"damage":0.0,"enemies":"3 Byrds","floor":20.0,"turns":1.0},{"damage":7.0,"enemies":"Shelled Parasite and Fungi","floor":22.0,"turns":6.0},{"damage":16.0,"enemies":"Book of Stabbing","floor":24.0,"turns":5.0},{"damage":34.0,"enemies":"Slavers","floor":27.0,"turns":4.0},{"damage":13,"enemies":"Snake Plant","floor":30,"turns":4},{"damage":0,"enemies":"3 Cultists","floor":31,"turns":2},{"damage":3,"enemies":"Collector","floor":33,"turns":7},{"damage":0,"enemies":"3 Shapes","floor":35,"turns":4},{"damage":14,"enemies":"3 Darklings","floor":36,"turns":4},{"damage":0,"enemies":"Sphere and 2 Shapes","floor":38,"turns":3},{"damage":0,"enemies":"Spire Growth","floor":39,"turns":5},{"damage":0,"enemies":"3 Darklings","floor":41,"turns":4},{"damage":0,"enemies":"Writhing Mass","floor":44,"turns":7},{"damage":18,"enemies":"Nemesis","floor":46,"turns":5},{"damage":0,"enemies":"Transient","floor":47,"turns":5},{"damage":54,"enemies":"Awakened One","floor":50,"turns":9}],"seed_played":"7170623033809255783","potions_obtained":[{"floor":1.0,"key":"Swift Potion"},{"floor":5.0,"key":"FairyPotion"},{"floor":6.0,"key":"Explosive Potion"},{"floor":22.0,"key":"LiquidBronze"},{"floor":24.0,"key":"SpeedPotion"},{"floor":36,"key":"Ancient Potion"},{"floor":44,"key":"Ancient Potion"},{"floor":47,"key":"Fire Potion"}],"is_trial":false,"path_per_floor":["M","$","?","M","M","E","?","E","T","R","$","M","R","?","R","B",null,"M","?","M","?","M","R","E","R","T","E","?","?","M","M","R","B",null,"M","M","?","M","M","R","M","R","T","M","$","E","M","?","R","B",null],"character_chosen":"DEFECT","items_purchased":["EntropicBrew","Whetstone","Lee\u0027s Waffle"],"campfire_rested":2,"item_purchase_floors":[2,45,45],"current_hp_per_floor":[74,74,74,74,74,71,64,40,40,62,62,58,58,58,58,35,75,74,74,74,74,67,67,53,53,53,19,19,19,6,6,29,26,77,79,74,74,76,78,78,87,87,97,99,106,97,106,108,108,54],"gold":178,"neow_bonus":"TRANSFORM_CARD","is_daily":false,"chose_seed":false,"campfire_upgraded":7,"win_rate":0.0,"timestamp":1608490232,"path_taken":["M","$","?","?","M","E","?","E","T","R","?","?","R","?","R","BOSS","M","?","M","?","?","R","E","R","T","E","?","?","?","M","R","BOSS","M","M","?","?","M","R","M","R","T","M","$","E","?","?","R","BOSS"],"items_purchased_type":["Potion","Relic","Relic"],"build_version":"2020-12-13","purchased_purges":2,"victory":true,"max_hp_per_floor":[75,75,75,75,75,75,75,75,75,75,75,75,75,75,75,75,75,75,75,75,75,75,75,77,77,77,77,77,77,77,77,77,77,77,79,81,81,83,85,85,87,87,97,99,106,108,110,112,112,112],"relic_stats":{"Lee\u0027s Waffle":7,"Busted Crown":18,"Singing Bowl":20,"counters":[24,105],"StoneCalendar":[53],"Whetstone":["Ball Lightning","Lockon"],"Orichalcum":[6],"Question Card":20,"obtain_stats":[{"Lee\u0027s Waffle":45,"Pear":43,"Singing Bowl":24,"StoneCalendar":28,"Whetstone":45,"Orichalcum":46,"Question Card":6,"FrozenCore":17,"Du-Vu Doll":26,"DataDisk":8,"Anchor":9,"Busted Crown":34,"Toxic Egg 2":27,"Cracked Core":0},{"Lee\u0027s Waffle":21,"Pear":20,"Singing Bowl":11,"StoneCalendar":12,"Whetstone":21,"Orichalcum":22,"Question Card":4,"FrozenCore":7,"Du-Vu Doll":11,"DataDisk":5,"Anchor":5,"Busted Crown":15,"Toxic Egg 2":12,"Cracked Core":0},{"Lee\u0027s Waffle":86,"Pear":79,"Singing Bowl":42,"StoneCalendar":46,"Whetstone":86,"Orichalcum":91,"Question Card":11,"FrozenCore":27,"Du-Vu Doll":42,"DataDisk":15,"Anchor":15,"Busted Crown":59,"Toxic Egg 2":46,"Cracked Core":0}],"FrozenCore":[16]},"card_choices":[{"not_picked":["White Noise","Hologram"],"picked":"Ball Lightning","floor":1.0},{"not_picked":["Redo","Go for the Eyes"],"picked":"Ball Lightning","floor":4.0},{"not_picked":["Reprogram","Beam Cell"],"picked":"Rainbow","floor":5.0},{"not_picked":["Gash","Redo"],"picked":"Lockon","floor":6.0},{"not_picked":["Double Energy","Streamline","Coolheaded"],"picked":"Hologram","floor":8.0},{"not_picked":["Coolheaded","Rip and Tear","Heatsinks"],"picked":"Leap","floor":12.0},{"not_picked":["Creative AI","Amplify","Multi-Cast"],"picked":"Electrodynamics","floor":16.0},{"not_picked":["Redo+1","Conserve Battery+1","Barrage+1"],"picked":"Cold Snap","floor":18.0},{"not_picked":["Barrage","Sweeping Beam+1","Go for the Eyes"],"picked":"Defragment+1","floor":20.0},{"not_picked":["Hologram","Ball Lightning+1","Leap"],"picked":"Consume+1","floor":22.0},{"not_picked":["Conserve Battery","Rebound","Compile Driver","Electrodynamics"],"picked":"Singing Bowl","floor":24.0},{"not_picked":["Streamline+1","Reinforced Body+1","Reprogram+1"],"picked":"Capacitor","floor":27.0},{"not_picked":["Ball Lightning","Sweeping Beam","Darkness+1"],"picked":"Chill+1","floor":30},{"not_picked":["Go for the Eyes+1","Hello World","Beam Cell"],"picked":"Self Repair","floor":31},{"not_picked":["Buffer","Multi-Cast+1","Reboot+1"],"picked":"Echo Form","floor":33},{"not_picked":["Doom and Gloom+1","Redo+1"],"picked":"Singing Bowl","floor":35},{"not_picked":["Stack+1","Gash+1"],"picked":"Singing Bowl","floor":36},{"not_picked":["Hologram+1","Steam+1"],"picked":"Singing Bowl","floor":38},{"not_picked":["Redo+1","Double Energy+1"],"picked":"Singing Bowl","floor":39},{"not_picked":["Scrape","Chill+1"],"picked":"Singing Bowl","floor":41},{"not_picked":["Chill+1","Consume+1"],"picked":"Singing Bowl","floor":44},{"not_picked":["Compile Driver","Melter"],"picked":"Singing Bowl","floor":46},{"not_picked":["Gash+1","Beam Cell+1"],"picked":"Singing Bowl","floor":47},{"not_picked":["Flash of Steel","Metamorphosis+1"],"picked":"Singing Bowl","floor":48}],"player_experience":1434771,"relics_obtained":[{"floor":6.0,"key":"Question Card"},{"floor":8.0,"key":"DataDisk"},{"floor":9.0,"key":"Anchor"},{"floor":24.0,"key":"Singing Bowl"},{"floor":26.0,"key":"Du-Vu Doll"},{"floor":27.0,"key":"Toxic Egg 2"},{"floor":43,"key":"Pear"},{"floor":46,"key":"Orichalcum"}],"event_choices":[{"damage_healed":0.0,"max_hp_gain":0.0,"max_hp_loss":0.0,"gold_gain":100.0,"event_name":"Golden Shrine","player_choice":"Pray","floor":3.0,"gold_loss":0.0,"damage_taken":0.0},{"cards_removed":["Strike_B"],"damage_healed":0.0,"max_hp_gain":0.0,"max_hp_loss":0.0,"gold_gain":0.0,"event_name":"Golden Wing","player_choice":"Card Removal","floor":7.0,"gold_loss":0.0,"damage_taken":7.0},{"damage_healed":0.0,"max_hp_gain":0.0,"max_hp_loss":0.0,"gold_gain":0.0,"event_name":"Liars Game","player_choice":"Ignored","floor":14.0,"gold_loss":0.0,"damage_taken":0.0},{"damage_healed":0.0,"max_hp_gain":0.0,"max_hp_loss":0.0,"gold_gain":0.0,"event_name":"The Library","player_choice":"Read","floor":19.0,"gold_loss":0.0,"damage_taken":0.0,"cards_obtained":["Defragment"]},{"damage_healed":0.0,"max_hp_gain":0.0,"max_hp_loss":0.0,"gold_gain":0.0,"event_name":"Ghosts","player_choice":"Ignored","floor":21.0,"gold_loss":0.0,"damage_taken":0.0},{"damage_healed":0.0,"max_hp_gain":0.0,"max_hp_loss":0.0,"gold_gain":0.0,"event_name":"Addict","player_choice":"Obtained Relic","floor":28.0,"gold_loss":85.0,"damage_taken":0.0,"relics_obtained":["StoneCalendar"]},{"damage_healed":0.0,"max_hp_gain":0.0,"max_hp_loss":0.0,"gold_gain":0.0,"event_name":"NoteForYourself","player_choice":"Ignored","floor":29.0,"gold_loss":0.0,"damage_taken":0.0},{"damage_healed":0,"gold_gain":0,"cards_transformed":["Strike_B"],"player_choice":"Transformed","damage_taken":0,"max_hp_gain":0,"max_hp_loss":0,"event_name":"Transmorgrifier","floor":37,"gold_loss":0,"cards_obtained":["All For One"]},{"damage_healed":0,"gold_gain":0,"player_choice":"Memory 1","damage_taken":0,"max_hp_gain":0,"max_hp_loss":0,"event_name":"SensoryStone","floor":48,"gold_loss":0}],"is_beta":false,"boss_relics":[{"not_picked":["Sozu","Coffee Dripper"],"picked":"FrozenCore"},{"not_picked":["Cursed Key","Calling Bell"],"picked":"Busted Crown"}],"items_purged_floors":[11,45],"is_endless":false,"potions_floor_spawned":[1,5,6,12,16,22,24,33,36,39,41,44,47],"ascension_level":0}}