{"host":"4id8injl4bo2b6ih","time":1608450187,"event":{"mods":["Act Like it!","BaseMod","Better Third Choice","Colored Map","Downfall","Friendly Minions","Highlight Path","Minty Spire (QoL Compilation)","Robot Space Explorer","Shop Mod","Spicy Shops","StSLib"],"gold_per_floor":[99,112,142,142,160,260,260,260,295,220,35,57,98,116,133,232,232,232,250,267,267,301,333,402,413,413,442,460,460,460],"floor_reached":29,"playtime":2843,"items_purged":["Regret"],"score":317,"play_id":"24999972-b4d5-4243-926a-b06dd247da97","local_time":"20201220084307","is_ascension_mode":false,"campfire_choices":[{"data":"sneckomod:Unknown3Cost","floor":1.0,"key":"SMITH"},{"data":"sneckomod:SoulCleanse","floor":4.0,"key":"SMITH"},{"floor":10.0,"key":"REST"},{"data":"sneckomod:Nope","floor":18.0,"key":"SMITH"},{"data":"sneckomod:UnknownDexterity","floor":21.0,"key":"SMITH"},{"floor":26.0,"key":"REST"}],"circlet_count":0,"master_deck":["sneckomod:TailWhip+1","sneckomod:SnekBite+1","sneckomod:Unknown","sneckomod:Unknown+2","sneckomod:Unknown3Cost+1","sneckomod:SoulCleanse+1","sneckomod:UnknownUncommonSkill+1","sneckomod:UnknownColorless+1","sneckomod:UnknownUncommonSkill+2","sneckomod:Unknown2Cost","sneckomod:UnknownClassPURPLE","sneckomod:UnknownRarePower+1","sneckomod:UnknownClassGUARDIAN","sneckomod:Unknown3Cost+2","sneckomod:Nope+1","sneckomod:Restock","hexamod:SixthSeal","sneckomod:UnknownRarePower+1","sneckomod:UnknownRareAttack","sneckomod:DefensiveFlair+1","sneckomod:SerpentIdol","sneckomod:PureSnecko","sneckomod:DiceBoulder","sneckomod:Nope+1","sneckomod:UnknownDexterity+1","sneckomod:UnknownClassTHE_CHAMP_GRAY+1","sneckomod:UnknownDexterity","sneckomod:UnknownRarePower+1","sneckomod:UnknownClassSLIMEBOUND+1","sneckomod:ImprovisedGuard","sneckomod:UnknownUncommonSkill","sneckomod:Nope+1","sneckomod:CheapStock+1","sneckomod:ImprovisedGuard+1","sneckomod:UnknownDexterity"],"relics":["sneckomod:SneckoSoul","Dream Catcher","Frozen Egg 2","Gremlin Horn","Bag of Preparation","downfall:HeartBlessingGreen","Prayer Wheel","Pandora\u0027s Box","Pantograph","Question Card","Blue Candle","Potion Belt"],"acts_visited":["Exordium","TheCity"],"potions_floor_usage":[29],"damage_taken":[{"damage":0.0,"enemies":"2 Louse","floor":2.0,"turns":1.0},{"damage":0.0,"enemies":"Small Slimes","floor":5.0,"turns":3.0},{"damage":29.0,"enemies":"downfall:Heads","floor":6.0,"turns":7.0},{"damage":50.0,"enemies":"3 Sentries","floor":9.0,"turns":6.0},{"damage":6.0,"enemies":"downfall:FleeingMerchant","floor":11.0,"turns":4.0},{"damage":0.0,"enemies":"Jaw Worm","floor":12.0,"turns":4.0},{"damage":0.0,"enemies":"Gremlin Gang","floor":13.0,"turns":3.0},{"damage":1.0,"enemies":"Exordium Thugs","floor":14.0,"turns":5.0},{"damage":18.0,"enemies":"Exordium Wildlife","floor":15.0,"turns":2.0},{"damage":12.0,"enemies":"downfall:Watcher","floor":16.0,"turns":13.0},{"damage":18.0,"enemies":"3 Byrds","floor":19.0,"turns":3.0},{"damage":2.0,"enemies":"Chosen","floor":20.0,"turns":2.0},{"damage":27.0,"enemies":"Gremlin Leader","floor":22.0,"turns":5.0},{"damage":3.0,"enemies":"Snake Plant","floor":23.0,"turns":6.0},{"damage":0.0,"enemies":"Snecko","floor":25.0,"turns":4.0},{"damage":56.0,"enemies":"Book of Stabbing","floor":27.0,"turns":7.0},{"damage":11.0,"enemies":"Sentry and Sphere","floor":28.0,"turns":4.0},{"damage":42,"enemies":"Snake Plant","floor":29,"turns":4}],"seed_played":"-4772902765200914546","potions_obtained":[{"floor":13.0,"key":"champ:CounterPotion"},{"floor":14.0,"key":"champ:CounterPotion"},{"floor":22.0,"key":"ColorlessPotion"},{"floor":25.0,"key":"CultistPotion"}],"is_trial":false,"path_per_floor":["R","M","?","R","M","?","T","?","E","R","$","M","M","M","M","B",null,"R","M","M","R","E","M","T","M","R","E","M","M"],"character_chosen":"THE_SNECKO","items_purchased":["Prayer Wheel"],"campfire_rested":2,"item_purchase_floors":[11],"current_hp_per_floor":[91,91,91,91,92,64,64,64,15,44,39,40,41,41,23,12,101,101,84,84,84,58,56,56,57,89,48,38,0,0],"gold":460,"neow_bonus":"ONE_RANDOM_RARE_CARD","is_daily":false,"chose_seed":false,"campfire_upgraded":4,"win_rate":0.0,"timestamp":1608450187,"path_taken":["R","M","?","R","M","?","T","?","E","R","?","M","M","M","M","BOSS","R","M","M","R","E","M","T","M","R","E","M","?"],"items_purchased_type":["Relic"],"build_version":"2020-12-13","purchased_purges":1,"victory":false,"max_hp_per_floor":[91,91,91,91,92,93,93,93,94,95,96,97,98,99,99,100,101,101,102,104,104,105,106,106,107,107,107,108,108,108],"card_choices":[{"not_picked":["sneckomod:QuickMove","sneckomod:UnknownUncommonAttack"],"picked":"sneckomod:SoulCleanse","floor":2.0},{"not_picked":["sneckomod:QuickBite","sneckomod:QuickMove"],"picked":"sneckomod:UnknownUncommonSkill","floor":5.0},{"not_picked":["sneckomod:QuickMove","sneckomod:DiceBoulder"],"picked":"sneckomod:Rotation","floor":6.0},{"not_picked":["sneckomod:UnknownStrike","sneckomod:IronFang"],"picked":"sneckomod:UnknownUncommonSkill","floor":9.0},{"not_picked":["sneckomod:QuickMove","sneckomod:SoulRoll"],"picked":"sneckomod:Unknown2Cost","floor":10.0},{"not_picked":["sneckomod:Unknown1Cost","sneckomod:RainOfDice"],"picked":"sneckomod:UnknownClassPURPLE","floor":11.0},{"not_picked":["sneckomod:DiceCrush","sneckomod:QuickBite"],"picked":"sneckomod:UnknownRarePower+1","floor":12.0},{"not_picked":["sneckomod:IronFang","sneckomod:RainOfDice","sneckomod:UnknownStrike"],"picked":"SKIP","floor":12.0},{"not_picked":["sneckomod:ImprovisedAttack","sneckomod:DiceCrush"],"picked":"sneckomod:UnknownClassGUARDIAN","floor":13.0},{"not_picked":["sneckomod:QuickBite","sneckomod:DiceCrush","sneckomod:UnknownVulnerable"],"picked":"SKIP","floor":13.0},{"not_picked":["sneckomod:UnknownCommonSkill","sneckomod:IronFang"],"picked":"sneckomod:Unknown3Cost","floor":14.0},{"not_picked":["sneckomod:IronFang","sneckomod:UnknownBlock"],"picked":"sneckomod:Nope","floor":14.0},{"not_picked":["sneckomod:UnknownCommonSkill","sneckomod:QuickMove"],"picked":"sneckomod:Restock","floor":15.0},{"not_picked":["sneckomod:QuickBite","sneckomod:UnknownBlock","sneckomod:SoulRoll"],"picked":"SKIP","floor":15.0},{"not_picked":["hexamod:ThirdSeal","hexamod:FourthSeal"],"picked":"hexamod:SixthSeal","floor":16.0},{"not_picked":["sneckomod:Restock","sneckomod:UnknownRareAttack"],"picked":"sneckomod:UnknownRarePower+1","floor":16.0},{"not_picked":["sneckomod:UnknownWeak+1","sneckomod:UnknownStrike"],"picked":"sneckomod:Nope+1","floor":19.0},{"not_picked":["sneckomod:RainOfDice","sneckomod:UnknownClassBLUE"],"picked":"sneckomod:UnknownDexterity","floor":19.0},{"not_picked":["sneckomod:WideSting+1","sneckomod:RainOfDice"],"picked":"sneckomod:UnknownClassTHE_CHAMP_GRAY+1","floor":20.0},{"not_picked":["sneckomod:RainOfDice+1","sneckomod:DiceBlock"],"picked":"sneckomod:UnknownDexterity","floor":20.0},{"not_picked":["sneckomod:UnknownWeak+1","sneckomod:UnknownClassBLUE"],"picked":"sneckomod:UnknownRarePower+1","floor":22.0},{"not_picked":["sneckomod:UnknownCommonAttack","sneckomod:UnknownStrike"],"picked":"sneckomod:UnknownClassSLIMEBOUND+1","floor":23.0},{"not_picked":["sneckomod:UnknownCommonSkill","sneckomod:RainOfDice"],"picked":"sneckomod:ImprovisedGuard","floor":23.0},{"not_picked":["sneckomod:RainOfDice","sneckomod:DiceBlock","sneckomod:UnknownCommonSkill"],"picked":"sneckomod:UnknownUncommonSkill","floor":25.0},{"not_picked":["sneckomod:DefensiveFlair","sneckomod:DiceBoulder","sneckomod:UnknownUncommonAttack"],"picked":"sneckomod:Nope","floor":25.0},{"not_picked":["sneckomod:UnknownClassBLUE","sneckomod:DiceBoulder","sneckomod:RainOfDice"],"picked":"sneckomod:CheapStock+1","floor":26.0},{"not_picked":["sneckomod:UnknownClassGREEN+1","sneckomod:SerpentIdol","sneckomod:UnknownClassTHE_CHAMP_GRAY+1"],"picked":"sneckomod:ImprovisedGuard+1","floor":27.0},{"not_picked":["sneckomod:CheapStock+1","sneckomod:WideSting","sneckomod:Unknown0Cost"],"picked":"sneckomod:UnknownDexterity","floor":28.0},{"not_picked":["sneckomod:SoulRoll","sneckomod:DiceCrush","sneckomod:SoulCleanse","sneckomod:UnknownUncommonAttack+1"],"picked":"SKIP","floor":28.0}],"player_experience":362857,"relics_obtained":[{"floor":7.0,"key":"Frozen Egg 2"},{"floor":9.0,"key":"Gremlin Horn"},{"floor":9.0,"key":"Bag of Preparation"},{"floor":22.0,"key":"Pantograph"},{"floor":24.0,"key":"Question Card"},{"floor":27.0,"key":"Blue Candle"},{"floor":28.0,"key":"Potion Belt"}],"event_choices":[],"is_beta":false,"boss_relics":[{"not_picked":["Runic Dome","Philosopher\u0027s Stone"],"picked":"Pandora\u0027s Box"}],"items_purged_floors":[11],"is_endless":false,"potions_floor_spawned":[13,14,15,22,25],"killed_by":"Snake Plant","ascension_level":0}}