{"host":"x039aayur7qovk2d","time":1608449551,"event":{"mods":["BaseMod","Colored Map","Minty Spire (QoL Compilation)"],"gold_per_floor":[109,128,148,148,172,172,206,35,35,35,71,86,86,102,102,228,228,251,176,176,197,221,257,257,280,280,300,320,320,339,378,378,378,378],"floor_reached":33,"playtime":2175,"items_purged":[],"score":301,"play_id":"ba0074e4-65a2-4509-8dca-0798b8bd78cd","local_time":"20201219233231","is_ascension_mode":false,"campfire_choices":[{"floor":6,"key":"RECALL"},{"floor":10,"key":"REST"},{"data":"Armaments","floor":15,"key":"SMITH"},{"floor":24,"key":"REST"},{"data":"Metallicize","floor":32,"key":"SMITH"}],"circlet_count":0,"master_deck":["Strike_R","Strike_R","Strike_R","Strike_R","Strike_R","Defend_R","Defend_R","Defend_R","Bash","Clothesline","Twin Strike","Injury","Twin Strike","Armaments+1","Cleave","Blood for Blood","Iron Wave","Anger","Bludgeon","Metallicize+1","Writhe","Spot Weakness","Wild Strike+1","Pommel Strike+1","Clothesline+1","Pummel+1","Reaper+1","Pain","Twin Strike+1","Wild Strike+1"],"relics":["Burning Blood","Golden Idol","CaptainsWheel","HandDrill","Eternal Feather","Velvet Choker","Molten Egg 2","Pen Nib","Orichalcum","WarpedTongs","PreservedInsect"],"acts_visited":["Exordium","TheCity"],"potions_floor_usage":[7,16,16,16,23,25,28,33],"damage_taken":[{"damage":11,"enemies":"Jaw Worm","floor":1,"turns":5},{"damage":1,"enemies":"Cultist","floor":2,"turns":4},{"damage":0,"enemies":"2 Louse","floor":3,"turns":3},{"damage":11,"enemies":"Looter","floor":5,"turns":4},{"damage":44,"enemies":"3 Sentries","floor":7,"turns":8},{"damage":3,"enemies":"Gremlin Nob","floor":11,"turns":4},{"damage":11,"enemies":"Lots of Slimes","floor":12,"turns":4},{"damage":2,"enemies":"Blue Slaver","floor":14,"turns":4},{"damage":16,"enemies":"Slime Boss","floor":16,"turns":8},{"damage":5,"enemies":"Shell Parasite","floor":18,"turns":3},{"damage":25,"enemies":"3 Byrds","floor":21,"turns":5},{"damage":0,"enemies":"Snecko","floor":22,"turns":4},{"damage":46,"enemies":"Slavers","floor":23,"turns":5},{"damage":15,"enemies":"Centurion and Healer","floor":25,"turns":4},{"damage":10,"enemies":"Snake Plant","floor":27,"turns":2},{"damage":0,"enemies":"3 Cultists","floor":28,"turns":5},{"damage":25,"enemies":"Chosen and Byrds","floor":30,"turns":6},{"damage":13,"enemies":"Book of Stabbing","floor":31,"turns":4},{"damage":90,"enemies":"Collector","floor":33,"turns":7}],"seed_played":"-1931610307293642585","potions_obtained":[{"floor":5,"key":"SkillPotion"},{"floor":7,"key":"BlessingOfTheForge"},{"floor":12,"key":"GamblersBrew"},{"floor":14,"key":"AttackPotion"},{"floor":22,"key":"Fruit Juice"},{"floor":23,"key":"FearPotion"},{"floor":27,"key":"Block Potion"},{"floor":30,"key":"PowerPotion"}],"is_trial":false,"path_per_floor":["M","M","M","?","M","R","E","$","T","R","E","M","?","M","R","B",null,"M","?","?","M","M","E","R","M","T","M","M","?","M","E","R","B"],"character_chosen":"IRONCLAD","items_purchased":["HandDrill","Cleave"],"campfire_rested":2,"item_purchase_floors":[8,8],"current_hp_per_floor":[83,88,88,88,83,83,45,45,45,71,74,69,88,88,88,78,88,88,88,88,69,75,40,79,70,70,66,72,72,63,64,82,0,0],"gold":378,"neow_bonus":"TEN_PERCENT_HP_BONUS","is_daily":false,"chose_seed":false,"campfire_upgraded":2,"win_rate":0.0,"timestamp":1608449551,"path_taken":["M","M","M","?","M","R","E","$","T","R","E","M","?","?","R","BOSS","M","?","?","M","M","E","R","M","T","M","M","?","?","E","R","BOSS"],"items_purchased_type":["Relic","Card"],"build_version":"2020-12-13","purchased_purges":0,"victory":false,"max_hp_per_floor":[88,88,88,88,88,88,88,88,88,88,88,88,88,88,88,88,88,88,88,88,88,88,93,93,93,93,93,93,93,93,93,93,93,93],"card_choices":[{"not_picked":["True Grit","Body Slam","Sword Boomerang"],"picked":"SKIP","floor":1},{"not_picked":["Dual Wield","Thunderclap"],"picked":"Clothesline","floor":2},{"not_picked":["Body Slam","Cleave"],"picked":"Twin Strike","floor":3},{"not_picked":["Shrug It Off","Corruption"],"picked":"Twin Strike","floor":5},{"not_picked":["Shrug It Off","Combust"],"picked":"Armaments","floor":7},{"not_picked":["Sentinel","Bludgeon"],"picked":"Blood for Blood","floor":11},{"not_picked":["Thunderclap","Pommel Strike"],"picked":"Iron Wave","floor":12},{"not_picked":["Rage","Shockwave"],"picked":"Anger","floor":14},{"not_picked":["Immolate","Brutality"],"picked":"Bludgeon","floor":16},{"not_picked":["Armaments","Feel No Pain+1"],"picked":"Metallicize","floor":18},{"not_picked":["Perfected Strike+1","Flex+1"],"picked":"Spot Weakness","floor":21},{"not_picked":["Combust","Armaments"],"picked":"Wild Strike+1","floor":22},{"not_picked":["Battle Trance","Heavy Blade+1"],"picked":"Pommel Strike+1","floor":23},{"not_picked":["Thunderclap+1","True Grit"],"picked":"Clothesline+1","floor":25},{"not_picked":["True Grit","Warcry"],"picked":"Pummel+1","floor":27},{"not_picked":["Flex","Intimidate+1"],"picked":"Reaper+1","floor":28},{"not_picked":["Thunderclap+1","Entrench"],"picked":"Twin Strike+1","floor":30},{"not_picked":["Whirlwind+1","True Grit"],"picked":"Wild Strike+1","floor":31}],"player_experience":168938,"relics_obtained":[{"floor":7,"key":"CaptainsWheel"},{"floor":11,"key":"Eternal Feather"},{"floor":23,"key":"Pen Nib"},{"floor":26,"key":"Orichalcum"},{"floor":31,"key":"PreservedInsect"}],"event_choices":[{"damage_healed":0,"gold_gain":0,"player_choice":"Take Wound","damage_taken":0,"relics_obtained":["Golden Idol"],"max_hp_gain":0,"max_hp_loss":0,"event_name":"Golden Idol","floor":4,"gold_loss":0,"cards_obtained":["Injury"]},{"damage_healed":19,"gold_gain":0,"player_choice":"Full Heal","damage_taken":0,"max_hp_gain":0,"max_hp_loss":0,"event_name":"Wheel of Change","floor":13,"gold_loss":0},{"cards_removed":["Defend_R"],"damage_healed":0,"gold_gain":0,"player_choice":"Gave Gold","damage_taken":0,"max_hp_gain":0,"max_hp_loss":0,"event_name":"Beggar","floor":19,"gold_loss":75},{"damage_healed":0,"gold_gain":0,"player_choice":"Opened","damage_taken":0,"relics_obtained":["Molten Egg 2"],"max_hp_gain":0,"max_hp_loss":0,"event_name":"The Mausoleum","floor":20,"gold_loss":0,"cards_obtained":["Writhe"]},{"damage_healed":0,"gold_gain":0,"player_choice":"Rummage","damage_taken":0,"relics_obtained":["WarpedTongs"],"max_hp_gain":0,"max_hp_loss":0,"event_name":"Accursed Blacksmith","floor":29,"gold_loss":0,"cards_obtained":["Pain"]}],"is_beta":false,"boss_relics":[{"not_picked":["Black Blood","Tiny House"],"picked":"Velvet Choker"}],"items_purged_floors":[],"is_endless":false,"potions_floor_spawned":[5,7,12,14,22,23,27,30],"killed_by":"Collector","ascension_level":0}}