{"host":"baymyijz6sxaqj5s","time":1608479393,"event":{"mods":["AchievementEnabler","BaseMod","Colored Map","Colored Powertips","DeckTracker","KOR Keyword Fix","Keyboard Shortcuts","Minty Spire (QoL Compilation)","StSLib","SuperFastMode"],"gold_per_floor":[118,128,147,147,147,147,127,139,139,157,167,167,177,177,177,278,278,291,50,140,151,169,169,185,185,212,212,311,226,237,237,237,237,237],"floor_reached":33,"playtime":1021,"items_purged":[],"score":239,"play_id":"8caa6c0e-8f7b-41cc-a1e2-eb2c27216039","local_time":"20201221004953","is_ascension_mode":false,"campfire_choices":[{"data":"Body Slam","floor":6,"key":"SMITH"},{"floor":12,"key":"REST"},{"data":"Double Tap","floor":15,"key":"SMITH"},{"floor":23,"key":"REST"},{"floor":25,"key":"REST"},{"floor":27,"key":"REST"},{"floor":32,"key":"REST"}],"circlet_count":0,"master_deck":["Strike_R+1","Strike_R","Strike_R","Strike_R+1","Defend_R","Defend_R","Defend_R","Defend_R","Bash","Body Slam+1","Double Tap+1","Impervious+1","Spot Weakness","Heavy Blade","Limit Break"],"relics":["Burning Blood","InkBottle","Black Star","Mercury Hourglass","Bag of Marbles","Kunai"],"acts_visited":["Exordium","TheCity"],"potions_floor_usage":[8,13,16,22,24,30],"damage_taken":[{"damage":2,"enemies":"Small Slimes","floor":1,"turns":4},{"damage":3,"enemies":"Cultist","floor":2,"turns":5},{"damage":8,"enemies":"Jaw Worm","floor":3,"turns":8},{"damage":14,"enemies":"Gremlin Gang","floor":8,"turns":6},{"damage":4,"enemies":"3 Louse","floor":10,"turns":4},{"damage":23,"enemies":"Exordium Thugs","floor":11,"turns":5},{"damage":10,"enemies":"Red Slaver","floor":13,"turns":4},{"damage":105,"enemies":"Slime Boss","floor":16,"turns":20},{"damage":33,"enemies":"Chosen","floor":18,"turns":7},{"damage":0,"enemies":"Spheric Guardian","floor":21,"turns":3},{"damage":64,"enemies":"Centurion and Healer","floor":22,"turns":10},{"damage":26,"enemies":"Cultist and Chosen","floor":24,"turns":7},{"damage":21,"enemies":"Snake Plant","floor":30,"turns":5},{"damage":73,"enemies":"Collector","floor":33,"turns":6}],"seed_played":"3641559593865115799","potions_obtained":[{"floor":1,"key":"SkillPotion"},{"floor":7,"key":"FairyPotion"},{"floor":10,"key":"Ancient Potion"},{"floor":11,"key":"Regen Potion"},{"floor":21,"key":"Regen Potion"},{"floor":22,"key":"Energy Potion"},{"floor":24,"key":"Block Potion"}],"is_trial":false,"path_per_floor":["M","M","M","?","?","R","?","M","T","M","M","R","M","?","R","B",null,"M","$","?","M","M","R","M","R","T","R","?","?","M","?","R","B"],"character_chosen":"IRONCLAD","items_purchased":["Mercury Hourglass"],"campfire_rested":5,"item_purchase_floors":[19],"current_hp_per_floor":[88,88,86,86,68,68,68,60,60,62,45,71,79,79,79,9,88,61,61,49,55,12,38,18,44,44,70,70,70,55,55,81,8,8],"gold":237,"neow_bonus":"TEN_PERCENT_HP_BONUS","is_daily":false,"chose_seed":false,"campfire_upgraded":2,"win_rate":0.0,"timestamp":1608479393,"path_taken":["M","M","M","?","?","R","?","M","T","M","M","R","?","?","R","BOSS","M","$","?","M","?","R","M","R","T","R","?","?","M","?","R","BOSS"],"items_purchased_type":["Relic"],"build_version":"2020-12-13","purchased_purges":0,"victory":false,"max_hp_per_floor":[88,88,88,88,88,88,88,88,88,88,88,88,88,88,88,88,88,88,88,88,88,88,88,88,88,88,88,88,88,88,88,88,88,88],"card_choices":[{"not_picked":["Headbutt","Heavy Blade"],"picked":"Body Slam","floor":1},{"not_picked":["Clothesline","Combust","Battle Trance"],"picked":"SKIP","floor":2},{"not_picked":["Twin Strike","Metallicize"],"picked":"Double Tap","floor":3},{"not_picked":["Sentinel","Dropkick","Clash"],"picked":"SKIP","floor":8},{"not_picked":["Warcry","Body Slam","Anger"],"picked":"SKIP","floor":10},{"not_picked":["Iron Wave","Juggernaut","Sentinel"],"picked":"SKIP","floor":11},{"not_picked":["Warcry","Havoc","Rupture"],"picked":"SKIP","floor":13},{"not_picked":["Juggernaut","Berserk"],"picked":"Impervious","floor":16},{"not_picked":["Warcry+1","Havoc","Infernal Blade"],"picked":"SKIP","floor":18},{"not_picked":["True Grit","Sword Boomerang"],"picked":"Spot Weakness","floor":21},{"not_picked":["Dual Wield","Pommel Strike"],"picked":"Heavy Blade","floor":22},{"not_picked":["Hemokinesis","True Grit","Fire Breathing"],"picked":"SKIP","floor":24},{"not_picked":["Infernal Blade+1","Warcry"],"picked":"Limit Break","floor":30}],"player_experience":151309,"relics_obtained":[{"floor":9,"key":"InkBottle"},{"floor":26,"key":"Bag of Marbles"}],"event_choices":[{"damage_healed":0,"gold_gain":0,"player_choice":"Ignored","damage_taken":0,"max_hp_gain":0,"max_hp_loss":0,"event_name":"Golden Idol","floor":4,"gold_loss":0},{"damage_healed":0,"gold_gain":0,"player_choice":"Entered Light","damage_taken":18,"max_hp_gain":0,"max_hp_loss":0,"event_name":"Shining Light","floor":5,"gold_loss":0,"cards_upgraded":["Strike_R","Strike_R"]},{"damage_healed":0,"gold_gain":0,"player_choice":"Bought 1 Potion","damage_taken":0,"max_hp_gain":0,"max_hp_loss":0,"event_name":"The Woman in Blue","floor":7,"gold_loss":0},{"cards_removed":["Strike_R"],"damage_healed":0,"gold_gain":0,"player_choice":"Forget","damage_taken":0,"max_hp_gain":0,"max_hp_loss":0,"event_name":"Living Wall","floor":14,"gold_loss":0},{"damage_healed":0,"gold_gain":90,"player_choice":"GOLD ","damage_taken":12,"max_hp_gain":0,"max_hp_loss":0,"event_name":"Knowing Skull","floor":20,"potions_obtained":[],"gold_loss":0,"cards_obtained":[]},{"damage_healed":0,"gold_gain":99,"player_choice":"Stole From Cult","damage_taken":0,"max_hp_gain":0,"max_hp_loss":0,"event_name":"Nest","floor":28,"gold_loss":0},{"damage_healed":0,"gold_gain":0,"player_choice":"Obtained Relic","damage_taken":0,"relics_obtained":["Kunai"],"max_hp_gain":0,"max_hp_loss":0,"event_name":"Addict","floor":29,"gold_loss":85},{"damage_healed":0,"gold_gain":0,"player_choice":"Forge","damage_taken":0,"max_hp_gain":0,"max_hp_loss":0,"event_name":"Accursed Blacksmith","floor":31,"gold_loss":0,"cards_upgraded":["Impervious"]}],"is_beta":false,"boss_relics":[{"not_picked":["Runic Cube","Cursed Key"],"picked":"Black Star"}],"items_purged_floors":[],"is_endless":false,"potions_floor_spawned":[1,10,11,21,22,24],"killed_by":"Collector","ascension_level":0}}