{"host":"t5h83eruwt5lxl3o","time":1608426689,"event":{"mods":["AchievementEnabler","Act Like it!","BaseMod","CapriCore","Colored Map","DeckTracker","Hermit","Highlight Path","Koishi","Marisa£¨Ùöéë¡¡Øª×âÞÞ£©","Minty Spire (QoL Compilation)","Permanent Neow","Quick Restart","StSLib","SuperFastMode","The Cursed","The Immortal","everything is the same but u backflip on backflip"],"gold_per_floor":[111,130,147,147,165,165,197,215,240,260,295,295,295,295,295,396,396,384,384,384],"floor_reached":19,"playtime":679,"items_purged":[],"score":286,"play_id":"ca57080c-a5d5-4cdc-ae1f-bd691ec7d729","local_time":"20201220101129","is_ascension_mode":true,"campfire_choices":[{"data":"Zap","floor":6.0,"key":"SMITH"},{"floor":15,"key":"REST"}],"circlet_count":0,"master_deck":["AscendersBane","Strike_B","Strike_B","Defend_B","Defend_B","Defend_B","Defend_B","Zap+1","Dualcast+1","Multi-Cast","Lockon","Streamline","Barrage","White Noise","Rebound","Auto Shields","Tempest","White Noise","Compile Driver","Static Discharge","Amplify","Hologram"],"relics":["FrozenCore","Vajra","Nunchaku","Regal Pillow"],"acts_visited":["Exordium","TheCity"],"potions_floor_usage":[7,11,16],"damage_taken":[{"damage":0.0,"enemies":"Cultist","floor":1.0,"turns":3.0},{"damage":0.0,"enemies":"2 Louse","floor":2.0,"turns":4.0},{"damage":7.0,"enemies":"Small Slimes","floor":3.0,"turns":3.0},{"damage":0.0,"enemies":"2 Fungi Beasts","floor":5.0,"turns":1.0},{"damage":15,"enemies":"Lagavulin","floor":7,"turns":3},{"damage":7,"enemies":"Looter","floor":8,"turns":3},{"damage":13,"enemies":"Blue Slaver","floor":10,"turns":2},{"damage":10,"enemies":"3 Sentries","floor":11,"turns":3},{"damage":12,"enemies":"Slime Boss","floor":16,"turns":6},{"damage":21,"enemies":"2 Thieves","floor":18,"turns":4},{"damage":37,"enemies":"3 Byrds","floor":19,"turns":3}],"seed_played":"-4556733334818687419","potions_obtained":[{"floor":1.0,"key":"Regen Potion"},{"floor":2.0,"key":"FocusPotion"},{"floor":3.0,"key":"Fire Potion"},{"floor":5.0,"key":"EssenceOfDarkness"},{"floor":11,"key":"FocusPotion"}],"is_trial":false,"path_per_floor":["M","M","M","?","M","R","E","M","T","M","E","?","?","?","R","B",null,"M","M"],"character_chosen":"DEFECT","items_purchased":[],"campfire_rested":1,"item_purchase_floors":[],"current_hp_per_floor":[68,68,61,61,61,61,46,39,39,26,16,16,16,16,53,41,67,46,9,9],"gold":384,"neow_bonus":"ONE_RANDOM_RARE_CARD","is_daily":false,"chose_seed":false,"campfire_upgraded":1,"win_rate":0.0,"timestamp":1608426689,"path_taken":["M","M","M","?","M","R","E","M","T","?","E","?","?","?","R","BOSS","M","?"],"items_purchased_type":[],"build_version":"2020-12-13","purchased_purges":0,"victory":false,"max_hp_per_floor":[75,75,75,75,75,75,75,75,75,75,75,75,75,75,75,75,75,75,75,75],"card_choices":[{"not_picked":["Reprogram","Hello World"],"picked":"Lockon","floor":1.0},{"not_picked":["Sweeping Beam","Rebound"],"picked":"Streamline","floor":2.0},{"not_picked":["Force Field","Ball Lightning"],"picked":"Barrage","floor":3.0},{"not_picked":["Coolheaded","Conserve Battery"],"picked":"Rebound","floor":5.0},{"not_picked":["Steam Power","Steam"],"picked":"Auto Shields","floor":7},{"not_picked":["Rebound","Reprogram"],"picked":"Tempest","floor":8},{"not_picked":["Steam","Chaos"],"picked":"White Noise","floor":10},{"not_picked":["Hyperbeam","Gash"],"picked":"Compile Driver","floor":11},{"not_picked":["Rainbow","Seek"],"picked":"Amplify","floor":16},{"not_picked":["Gash","Conserve Battery"],"picked":"Hologram","floor":18}],"player_experience":620221,"relics_obtained":[{"floor":7,"key":"Vajra"},{"floor":9,"key":"Nunchaku"},{"floor":11,"key":"Regal Pillow"}],"event_choices":[{"damage_healed":0.0,"max_hp_gain":0.0,"max_hp_loss":0.0,"gold_gain":0.0,"cards_transformed":["Strike_B"],"event_name":"Transmorgrifier","player_choice":"Transformed","floor":4.0,"gold_loss":0.0,"damage_taken":0.0,"cards_obtained":["White Noise"]},{"damage_healed":0,"gold_gain":0,"cards_transformed":["Strike_B"],"player_choice":"Change","damage_taken":0,"max_hp_gain":0,"max_hp_loss":0,"event_name":"Living Wall","floor":12,"gold_loss":0,"cards_obtained":["Static Discharge"]},{"damage_healed":0,"gold_gain":0,"player_choice":"Ignored","damage_taken":0,"max_hp_gain":0,"max_hp_loss":0,"event_name":"Shining Light","floor":13,"gold_loss":0},{"damage_healed":0,"gold_gain":0,"player_choice":"Forge","damage_taken":0,"max_hp_gain":0,"max_hp_loss":0,"event_name":"Accursed Blacksmith","floor":14,"gold_loss":0,"cards_upgraded":["Dualcast"]}],"is_beta":false,"boss_relics":[{"not_picked":["Busted Crown","Velvet Choker"],"picked":"FrozenCore"}],"items_purged_floors":[],"is_endless":false,"potions_floor_spawned":[1,2,3,5,11],"killed_by":"3 Byrds","ascension_level":12}}