{"host":"4ia4wmtvbzfrqeuq","time":1608497560,"event":{"mods":["A Magickal Journey","Aspiration","BaseMod","Beaked The Cultist","Better Skull","Better Third Choice","BetterRewards","Card Forge","Conspire","Dio Mod","Downfall","Halation","Hermit","Hubris","Infinite Spire","Lobotomy","LobotomyExtend","Luminous","Mimic Mod","Minty Spire (QoL Compilation)","Replay The Spire","Shop Mod","Spicy Shops","StSLib","The Animator","The Cursed","The Disciple","The Elementalist","The Hierophant","The Necromancer","The Runesmith","Wandering Minibosses","vexMod"],"gold_per_floor":[99,5815,5846,5846,5746,5842,5842,5867,5878,5878,5978,6038,6050,6068,6082,6177,6177,6113,6128,6145,6145,6177,6177,6211,6240,5464,5389,4238,4288,4338,4399,4410,4506,4506,4506,4517,4542,4555,4605,4616,4646,4696,4728,4728,4738,4751,4763,4259,4279,4279,4279,4314,3206,3206,3206],"floor_reached":56,"playtime":6670,"items_purged":["Luminous:Light_Flash_Shower","Luminous:Defend_Luminous","Luminous:Defend_Luminous","Luminous:Defend_Luminous","Parasite","Luminous:Accumulation_Luminous"],"score":1567,"play_id":"1320b2d2-324a-4b03-ae61-314950635668","local_time":"20201220125240","is_ascension_mode":false,"campfire_choices":[{"floor":1,"key":"RECALL"},{"data":"Luminous:Dark_Crescendo_Luminous","floor":4,"key":"SMITH"},{"data":"Luminous:Armageddon_Luminous","floor":21,"key":"SMITH"},{"data":"Luminous:Phantom_Treasure_Luminous","floor":23,"key":"SMITH"},{"data":"Luminous:Phantom_Treasure_Luminous","floor":27,"key":"SMITH"},{"data":"Luminous:Lights_Protection_Luminous","floor":44,"key":"PURGE"},{"data":"Luminous:Arcane_Rage_Luminous","floor":54,"key":"SMITH"}],"circlet_count":0,"master_deck":["Luminous:Light_Flash_Shower+1","Luminous:Light_Flash_Shower","Luminous:Dark_Abyssal_Drop","Luminous:Dark_Abyssal_Drop+1","Luminous:Defend_Luminous","Luminous:Switch_Luminous","Luminous:Dark_Crescendo_Luminous+1","Luminous:Dusk_Guard_Luminous+1","Luminous:Light_Gather","Ghostly","Luminous:Balance_Ender+1","Luminous:Sympathy_Luminous","Luminous:Phantom_Treasure_Luminous+1","Luminous:Light_Ray_of_Redemption","Luminous:Light_Wash_Luminous+1","Luminous:Dark_Raid","Luminous:Balance_Ender+1","Luminous:Dark_Dim_Erosion","Luminous:Light_Track","Luminous:Armageddon_Luminous+1","Luminous:Dark_Arcane_Pitch+1","Luminous:Phantom_Treasure_Luminous+1","Luminous:Armageddon_Luminous+1","Luminous:Lania_Blessing_Luminous+1","Luminous:Balance_Aether_Conduit+1","Luminous:Light_Track+1","Luminous:Arcane_Rage_Luminous+1","Luminous:Photic_Meditation_Luminous+1","Luminous:Erosion_Luminous","Mayhem+1","Mayhem+1","Luminous:Light_Gather","Luminous:Light_Gather","expansioncontent:DashGenerateEvil"],"relics":["Luminous:MirrorRelic","Hammer of Thor","Seething Fire","Anvil of the Gods","Snack Pack","vexMod:Cooldron","Frozen Egg 2","Whetstone","LetterFromLob","vexMod:BarristanHead","downfall:CloakOfManyFaces","CultistMask","FaceOfCleric","NlothsMask","GremlinMask","SsserpentHead","aspiration:RitualDagger","downfall:HeartBlessingRed","downfall:HeartBlessingBlue","Singing Bowl","Blood Vial","HandDrill","Eternal Feather","downfall:HeartBlessingGreen","Strange Spoon","Happy Flower","Orichalcum","vexMod:PaidLearning","infinitespire:WardingShard","halation:PrussianBluePaint","Philosopher\u0027s Stone","hubris:Icosahedron","Sizzling Blood","Runesmith:Locket","hubris:SlimyHat","aspiration:ChemicalBlood","infinitespire:Lucky Rock","Replay:Multitool","halation:NonexistentMirror","Replay:Mystery Machine","Dead Branch","ReplayTheSpireMod:ShopPack","ReplayFunnel","Bronze Scales"],"acts_visited":["Exordium","TheCity","TheBeyond","TheEnding"],"potions_floor_usage":[11,11,13,14,16,16,16,16,16,16,16,19,19,19,20,20,20,22,24,24,24,25,28,28,28,28,31,31,31,31,31,31,33,33,33,33,40,40,40,41,41,41,41,41,41,43,43,43,46,46,46,46,46,49,49,49,49,49,50,50,50,50,50,50,50,50,50,50,50,52,52,52,52,52,52,52,52,55,55,55,55,55,55,55],"damage_taken":[{"damage":5,"enemies":"downfall:FleeingMerchant","floor":2,"turns":4},{"damage":0,"enemies":"Lagavulin","floor":3,"turns":8},{"damage":14,"enemies":"conspire:MimicChest","floor":8,"turns":5},{"damage":10,"enemies":"conspire:RoseBush","floor":9,"turns":3},{"damage":16,"enemies":"downfall:FaceTrader","floor":11,"turns":6},{"damage":0,"enemies":"2 Louse","floor":12,"turns":3},{"damage":13,"enemies":"Small Slimes","floor":13,"turns":3},{"damage":13,"enemies":"conspire:2 RoseBushes","floor":14,"turns":6},{"damage":10,"enemies":"3 Louse","floor":15,"turns":4},{"damage":12,"enemies":"downfall:Ironclad","floor":16,"turns":6},{"damage":32,"enemies":"conspire:FuzzyDice","floor":19,"turns":7},{"damage":29,"enemies":"3 Byrds","floor":20,"turns":5},{"damage":47,"enemies":"conspire:SneckoGhost","floor":22,"turns":9},{"damage":21,"enemies":"Cultist and Chosen","floor":24,"turns":7},{"damage":36,"enemies":"Replay:Snechameleon","floor":25,"turns":8},{"damage":23,"enemies":"downfall:FleeingMerchant","floor":26,"turns":6},{"damage":18,"enemies":"downfall:FleeingMerchant","floor":28,"turns":6},{"damage":22,"enemies":"Cultist and Chosen","floor":31,"turns":6},{"damage":30,"enemies":"Snake Plant","floor":32,"turns":5},{"damage":27,"enemies":"downfall:Defect","floor":33,"turns":9},{"damage":31,"enemies":"3 Shapes","floor":36,"turns":5},{"damage":20,"enemies":"Orb Walker","floor":38,"turns":4},{"damage":21,"enemies":"Maw","floor":40,"turns":7},{"damage":9,"enemies":"Writhing Mass","floor":41,"turns":5},{"damage":21,"enemies":"R_Hoarder","floor":43,"turns":6},{"damage":15,"enemies":"Writhing Mass","floor":45,"turns":5},{"damage":20,"enemies":"3 Darklings","floor":46,"turns":4},{"damage":27,"enemies":"4 Shapes","floor":47,"turns":6},{"damage":17,"enemies":"Spire Growth","floor":49,"turns":5},{"damage":94,"enemies":"downfall:Silent","floor":50,"turns":5},{"damage":68,"enemies":"downfall:CharBossMerchant","floor":52,"turns":6},{"damage":40,"enemies":"downfall:NeowBoss","floor":55,"turns":14}],"seed_played":"5264669056349065491","potions_obtained":[{"floor":3,"key":"EntropicBrew"},{"floor":11,"key":"EntropicBrew"},{"floor":14,"key":"EntropicBrew"},{"floor":16,"key":"EntropicBrew"},{"floor":22,"key":"EntropicBrew"},{"floor":25,"key":"EntropicBrew"},{"floor":31,"key":"EntropicBrew"},{"floor":33,"key":"EntropicBrew"},{"floor":38,"key":"EntropicBrew"},{"floor":40,"key":"EntropicBrew"},{"floor":47,"key":"EntropicBrew"},{"floor":49,"key":"EntropicBrew"},{"floor":52,"key":"EntropicBrew"}],"is_trial":false,"path_per_floor":["R","$","E","R","?","?","T","?","M","E","?","M","M","M","M","B",null,"R","M","M","R","E","R","MIM","E","$","R","$","?","?","M","M","B",null,"R","M","?","M","?","M","MIM","?","E","R","M","M","M","$","M","B",null,"E","$","R","B",null],"character_chosen":"LuminousClass","items_purchased":["Snack Pack","vexMod:Cooldron","Frozen Egg 2","Luminous:Dusk_Guard_Luminous+1","HandDrill","Luminous:Armageddon_Luminous+1","Luminous:Lania_Blessing_Luminous+1","Eternal Feather","Strange Spoon","Luminous:Balance_Aether_Conduit+1","Happy Flower","Orichalcum","vexMod:PaidLearning","infinitespire:WardingShard","halation:PrussianBluePaint","EntropicBrew","halation:NonexistentMirror","Mayhem+1","Dead Branch","ReplayTheSpireMod:ShopPack","ReplayFunnel","Bronze Scales","expansioncontent:DashGenerateEvil"],"campfire_rested":0,"item_purchase_floors":[2,2,2,2,26,26,26,26,28,28,28,28,28,28,28,28,48,48,53,53,53,53,53],"current_hp_per_floor":[82,77,82,82,82,62,62,50,40,14,70,75,65,58,49,44,87,97,68,48,48,14,14,6,103,105,105,108,108,108,109,100,113,113,113,111,115,113,113,124,127,42,69,87,128,134,137,134,135,95,136,119,125,143,146],"gold":3206,"neow_bonus":"TEN_PERCENT_HP_BONUS","is_daily":false,"chose_seed":false,"campfire_upgraded":5,"win_rate":0.0,"timestamp":1608497560,"path_taken":["R","$","E","R","?","?","T","?","M","E","?","?","M","M","M","BOSS","R","M","M","R","E","R","MIM","E","?","R","$","?","?","?","M","BOSS","R","M","?","M","?","M","MIM","?","E","R","M","M","M","$","M","BOSS","E","$","R","BOSS"],"items_purchased_type":["Relic","Relic","Relic","Card","Relic","Card","Card","Relic","Relic","Card","Relic","Relic","Relic","Relic","Relic","Potion","Relic","Card","Relic","Relic","Relic","Relic","Card"],"build_version":"2020-12-13","purchased_purges":6,"victory":true,"max_hp_per_floor":[82,82,82,82,82,82,82,82,82,82,82,83,84,85,86,87,87,97,98,99,99,100,100,103,104,105,105,108,108,108,109,112,113,113,113,116,120,121,121,124,127,127,128,128,131,134,137,134,135,136,136,139,145,145,146],"card_choices":[{"not_picked":["Luminous:Light_Gather","Luminous:Dark_Dim_Erosion"],"picked":"Luminous:Dark_Crescendo_Luminous","floor":2},{"not_picked":["Luminous:Light_Sylvan_Lance","Luminous:Dark_Raid"],"picked":"Luminous:Light_Gather","floor":3},{"not_picked":["Luminous:Hero_Will_Luminous","Luminous:Light_Disperse"],"picked":"Luminous:Balance_Ender","floor":6},{"not_picked":["Luminous:Light_Wash_Luminous+1","Luminous:Dark_Dim_Erosion"],"picked":"Luminous:Sympathy_Luminous","floor":6},{"not_picked":["Luminous:Mana_Overload_Luminous+1","Luminous:Balance_Ender"],"picked":"Luminous:Phantom_Treasure_Luminous","floor":6},{"not_picked":["Luminous:Accumulation_Luminous","Luminous:Light_Wash_Luminous+1"],"picked":"Luminous:Light_Ray_of_Redemption","floor":8},{"not_picked":["Luminous:Dark_Moonlight_Spear","Luminous:Dark_Dim_Erosion"],"picked":"Luminous:Light_Wash_Luminous+1","floor":9},{"not_picked":["Luminous:Flash_Blink_Luminous","Luminous:Phantom_Treasure_Luminous"],"picked":"Luminous:Dark_Raid","floor":11},{"not_picked":["Luminous:Magic_Guard_Luminous","Luminous:Concentrate_Luminous"],"picked":"Luminous:Balance_Ender","floor":12},{"not_picked":["Luminous:Light_Sylvan_Lance","Luminous:Shadow_Shell_Luminous"],"picked":"Luminous:Dark_Dim_Erosion","floor":13},{"not_picked":["Luminous:Tune_Luminous","Luminous:Light_Spectral_Light","Luminous:Balance_Ender"],"picked":"SKIP","floor":14},{"not_picked":["Luminous:Balance_Ender","Luminous:Accumulation_Luminous"],"picked":"Luminous:Light_Track","floor":15},{"not_picked":["Luminous:Balance_Baptism","Luminous:Dark_Crescendo_Luminous+1"],"picked":"Luminous:Armageddon_Luminous","floor":16},{"not_picked":["Luminous:Light_Wash_Luminous+1","Luminous:Blinding_Pillar_Luminous","Luminous:Concentrate_Luminous"],"picked":"SKIP","floor":19},{"not_picked":["Luminous:Light_Wash_Luminous+1","Luminous:Blinding_Pillar_Luminous","Luminous:Concentrate_Luminous"],"picked":"SKIP","floor":19},{"not_picked":["Luminous:Light_Disperse","Luminous:Dark_Raid"],"picked":"Luminous:Lights_Protection_Luminous","floor":20},{"not_picked":["Luminous:Darkness_Mastery_Luminous+1","Luminous:Concentrate_Luminous"],"picked":"Luminous:Dark_Arcane_Pitch+1","floor":22},{"not_picked":["Luminous:Dark_Pressure_Void","Luminous:Dark_Extract+1","Luminous:Dark_Dim_Erosion"],"picked":"Singing Bowl","floor":24},{"not_picked":["Luminous:Blinding_Pillar_Luminous","Luminous:Fast_Spell_Luminous"],"picked":"Luminous:Phantom_Treasure_Luminous","floor":25},{"not_picked":["Luminous:Blinding_Pillar_Luminous","Luminous:Sympathy_Luminous"],"picked":"Luminous:Accumulation_Luminous","floor":26},{"not_picked":["Luminous:Erosion_Luminous","Luminous:Light_Wash_Luminous+1","Luminous:Dark_Raid"],"picked":"Singing Bowl","floor":28},{"not_picked":["Luminous:Abyss_Heart_Luminous+1","Luminous:Dark_Raid+1"],"picked":"Luminous:Light_Track+1","floor":31},{"not_picked":["Luminous:Dark_Dim_Erosion+1","Luminous:Blinding_Pillar_Luminous","Luminous:Chase_Spell_Luminous"],"picked":"Singing Bowl","floor":32},{"not_picked":["Luminous:Dark_Crescendo_Luminous+1","Luminous:Erosion_Luminous"],"picked":"Luminous:Arcane_Rage_Luminous","floor":33},{"not_picked":["Luminous:Dark_Pressure_Void","Luminous:Dark_Raid+1","Luminous:Accumulation_Luminous"],"picked":"Singing Bowl","floor":36},{"not_picked":["Luminous:Dark_Pressure_Void","Luminous:Darkness_Mastery_Luminous+1"],"picked":"Luminous:Photic_Meditation_Luminous+1","floor":38},{"not_picked":["Luminous:Light_Track","Luminous:Dark_Dim_Erosion+1","Luminous:Dark_Raid"],"picked":"Singing Bowl","floor":40},{"not_picked":["Luminous:Dark_Dim_Erosion","Luminous:Dark_Arcane_Pitch","Luminous:Blinding_Pillar_Luminous+1"],"picked":"Singing Bowl","floor":41},{"not_picked":["Luminous:Light_Sylvan_Lance+1","Luminous:Dark_Raid"],"picked":"Luminous:Erosion_Luminous","floor":43},{"not_picked":["Luminous:Darks_Surge_Luminous","Luminous:Blinding_Pillar_Luminous","Luminous:Dark_Pressure_Void"],"picked":"Singing Bowl","floor":45},{"not_picked":["Luminous:Light_Glare","Luminous:Flash_Blink_Luminous","Luminous:Light_Spectral_Light+1"],"picked":"Singing Bowl","floor":46},{"not_picked":["Luminous:Light_Sylvan_Lance","Luminous:Dark_Dim_Erosion+1","Luminous:Concentrate_Luminous+1"],"picked":"Singing Bowl","floor":47},{"not_picked":["Luminous:Mana_Overload_Luminous+1","Luminous:Tune_Luminous"],"picked":"Luminous:Light_Gather","floor":49},{"not_picked":["Luminous:Magic_Guard_Luminous+1","Luminous:Light_Wash_Luminous+1","Luminous:Reverse_Spell_Luminous+1"],"picked":"Singing Bowl","floor":52},{"not_picked":["Transmutation","Metamorphosis","Magnetism"],"picked":"Singing Bowl","floor":53},{"not_picked":["Replay:Parry","Replay:Sssssssssstrike","Jack Of All Trades"],"picked":"Singing Bowl","floor":53},{"not_picked":["expansioncontent:AwakenDeath","expansioncontent:TimeRipple","expansioncontent:PrepareCrush"],"picked":"Singing Bowl","floor":53}],"player_experience":632447,"relics_obtained":[{"floor":3,"key":"Whetstone"},{"floor":3,"key":"LetterFromLob"},{"floor":8,"key":"vexMod:BarristanHead"},{"floor":11,"key":"downfall:CloakOfManyFaces"},{"floor":22,"key":"Singing Bowl"},{"floor":25,"key":"Blood Vial"},{"floor":41,"key":"Runesmith:Locket"},{"floor":43,"key":"Replay:Multitool"},{"floor":52,"key":"Replay:Mystery Machine"}],"event_choices":[{"damage_healed":0,"gold_gain":0,"player_choice":"Argue","damage_taken":0,"max_hp_gain":0,"max_hp_loss":0,"event_name":"conspire:LoneGhost","floor":5,"gold_loss":0},{"damage_healed":0,"gold_gain":0,"player_choice":"Ignored","damage_taken":0,"max_hp_gain":0,"max_hp_loss":0,"event_name":"NoteForYourself","floor":30,"gold_loss":0},{"cards_removed":["Luminous:Dark_Abyssal_Drop"],"damage_healed":0,"gold_gain":0,"player_choice":"Removed Attack","damage_taken":0,"max_hp_gain":0,"max_hp_loss":0,"event_name":"Falling","floor":39,"gold_loss":0},{"damage_healed":0,"gold_gain":0,"player_choice":"RE RE RE ","damage_taken":91,"relics_obtained":["hubris:SlimyHat","aspiration:ChemicalBlood","infinitespire:Lucky Rock"],"max_hp_gain":0,"max_hp_loss":0,"event_name":"betterSkull:BetterSkull","floor":42,"gold_loss":0,"cards_upgraded":[]}],"is_beta":false,"boss_relics":[{"not_picked":["aspiration:IroncladSkillbook","ReplayTheSpireMod:SealedPack"],"picked":"aspiration:RitualDagger"},{"not_picked":["hubris:RunicObelisk","Ring of Chaos"],"picked":"Philosopher\u0027s Stone"}],"items_purged_floors":[2,26,28,28,48,53],"is_endless":false,"potions_floor_spawned":[3,11,14,16,22,25,31,33,38,40,47,49,52],"ascension_level":0}}