{"host":"j4nfyhit1dl35m08","time":1608444738,"event":{"mods":["BaseMod","Highlight Path","Minty Spire (QoL Compilation)","StSLib"],"gold_per_floor":[112,132,148,159,159,159,194,194,218,32,32,47,59,86,86,191,191,207,6,6,21,91,91,119,169,193,193,211,211,30,170,170,272,272,282,299,22,72,83,109,109,136,136,136,146,146,196,196],"floor_reached":47,"playtime":3944,"items_purged":["Strike_B"],"score":701,"play_id":"d2d245d3-0625-450c-9de8-00491f901377","local_time":"20201220001218","is_ascension_mode":true,"campfire_choices":[{"data":"Dualcast","floor":6,"key":"SMITH"},{"data":"Seek","floor":8,"key":"SMITH"},{"data":"Consume","floor":15,"key":"SMITH"},{"data":"Chaos","floor":23,"key":"SMITH"},{"data":"Coolheaded","floor":27,"key":"SMITH"},{"data":"Coolheaded","floor":29,"key":"SMITH"},{"data":"Loop","floor":32,"key":"SMITH"},{"data":"Storm","floor":41,"key":"SMITH"},{"data":"Undo","floor":44,"key":"SMITH"},{"data":"Reinforced Body","floor":46,"key":"SMITH"}],"circlet_count":0,"master_deck":["Strike_B","Strike_B","Defend_B","Defend_B","Defend_B","Defend_B","Zap","Dualcast+1","Ball Lightning","Hologram","Streamline","Seek+1","Consume+1","Rebound","Chaos+1","Creative AI+1","Force Field","Coolheaded+1","Streamline+1","Coolheaded+1","Undo+1","Loop+1","Echo Form","Hologram+1","Storm+1","Capacitor","Reinforced Body+1"],"relics":["Velvet Choker","Bronze Scales","Art of War","Lee\u0027s Waffle","MealTicket","White Beast Statue","Coffee Dripper","Happy Flower","SsserpentHead","Anchor","Bottled Lightning","Orichalcum","OrangePellets","Nuclear Battery","Pantograph","Blue Candle","Mercury Hourglass"],"acts_visited":["Exordium","TheCity","TheBeyond"],"potions_floor_usage":[16,22,24,28,33,39,42,42,47,47],"damage_taken":[{"damage":1,"enemies":"Cultist","floor":1,"turns":4},{"damage":0,"enemies":"2 Louse","floor":2,"turns":2},{"damage":2,"enemies":"Jaw Worm","floor":3,"turns":3},{"damage":11,"enemies":"Lots of Slimes","floor":4,"turns":3},{"damage":17,"enemies":"Gremlin Nob","floor":7,"turns":3},{"damage":8,"enemies":"2 Fungi Beasts","floor":12,"turns":3},{"damage":9,"enemies":"Exordium Thugs","floor":13,"turns":3},{"damage":12,"enemies":"Lagavulin","floor":14,"turns":5},{"damage":8,"enemies":"Slime Boss","floor":16,"turns":7},{"damage":8,"enemies":"3 Byrds","floor":18,"turns":3},{"damage":12,"enemies":"Chosen","floor":21,"turns":4},{"damage":28,"enemies":"Snecko","floor":22,"turns":4},{"damage":28,"enemies":"Book of Stabbing","floor":24,"turns":5},{"damage":10,"enemies":"Cultist and Chosen","floor":28,"turns":5},{"damage":0,"enemies":"Champ","floor":33,"turns":7},{"damage":5,"enemies":"3 Shapes","floor":35,"turns":4},{"damage":9,"enemies":"3 Darklings","floor":36,"turns":5},{"damage":3,"enemies":"Writhing Mass","floor":39,"turns":5},{"damage":41,"enemies":"Giant Head","floor":40,"turns":12},{"damage":12,"enemies":"Nemesis","floor":42,"turns":5},{"damage":21,"enemies":"Jaw Worm Horde","floor":45,"turns":4},{"damage":6,"enemies":"3 Darklings","floor":47,"turns":1}],"seed_played":"7373932898246516089","potions_obtained":[{"floor":7,"key":"FearPotion"},{"floor":12,"key":"BlessingOfTheForge"},{"floor":13,"key":"SteroidPotion"},{"floor":16,"key":"LiquidMemories"},{"floor":18,"key":"Regen Potion"},{"floor":22,"key":"Ancient Potion"},{"floor":24,"key":"Weak Potion"},{"floor":28,"key":"LiquidBronze"},{"floor":33,"key":"DistilledChaos"},{"floor":39,"key":"DistilledChaos"},{"floor":40,"key":"Block Potion"},{"floor":42,"key":"AttackPotion"},{"floor":45,"key":"Energy Potion"}],"is_trial":false,"path_per_floor":["M","M","M","M","?","R","E","R","T","$","?","M","M","E","R","B",null,"M","$","?","M","M","R","E","T","T","R","M","R","$","?","R","B",null,"M","M","$","?","M","E","R","E","T","R","M","R","M"],"character_chosen":"DEFECT","items_purchased":["Lee\u0027s Waffle","Consume","Happy Flower","Coolheaded","OrangePellets","Loop","Pantograph"],"campfire_rested":0,"item_purchase_floors":[10,10,19,19,30,30,37],"current_hp_per_floor":[74,74,72,61,54,54,37,37,37,82,82,74,65,53,53,45,82,74,82,82,70,42,42,28,28,28,28,18,18,33,21,21,21,82,77,68,82,82,79,38,38,26,26,26,5,5,0,0],"gold":196,"neow_bonus":"BOSS_RELIC","is_daily":false,"chose_seed":false,"campfire_upgraded":10,"win_rate":0.0,"timestamp":1608444738,"path_taken":["M","?","M","M","?","R","E","R","T","$","?","M","M","E","R","BOSS","M","?","?","M","?","R","E","?","T","R","M","R","$","?","R","BOSS","M","M","?","?","M","E","R","E","T","R","M","R","?"],"items_purchased_type":["Relic","Card","Relic","Card","Relic","Card","Relic"],"build_version":"2020-12-13","purchased_purges":1,"victory":false,"max_hp_per_floor":[75,75,75,75,75,75,75,75,75,82,82,82,82,82,82,82,82,82,82,82,82,82,82,82,82,82,82,82,82,82,82,82,82,82,82,82,82,82,82,82,82,82,82,82,82,82,82,82],"card_choices":[{"not_picked":["Gash","Redo","Steam"],"picked":"SKIP","floor":1},{"not_picked":["Barrage","Turbo"],"picked":"Ball Lightning","floor":2},{"not_picked":["Turbo","Rebound"],"picked":"Hologram","floor":3},{"not_picked":["Redo","Steam"],"picked":"Streamline","floor":4},{"not_picked":["Storm","Coolheaded"],"picked":"Seek","floor":7},{"not_picked":["Darkness","Turbo"],"picked":"Rebound","floor":12},{"not_picked":["Redo","Hologram","Steam"],"picked":"SKIP","floor":13},{"not_picked":["Reprogram","BootSequence"],"picked":"Chaos","floor":14},{"not_picked":["Buffer","Multi-Cast"],"picked":"Creative AI","floor":16},{"not_picked":["Barrage","Sweeping Beam"],"picked":"Force Field","floor":18},{"not_picked":["Hello World","Leap","Compile Driver"],"picked":"SKIP","floor":21},{"not_picked":["Blizzard","Conserve Battery"],"picked":"Streamline+1","floor":22},{"not_picked":["Gash","Steam"],"picked":"Coolheaded","floor":24},{"not_picked":["Scrape","Reprogram+1"],"picked":"Undo","floor":28},{"not_picked":["Rainbow","Machine Learning"],"picked":"Echo Form","floor":33},{"not_picked":["Double Energy","Coolheaded+1","Beam Cell+1"],"picked":"SKIP","floor":35},{"not_picked":["Leap","Go for the Eyes+1","Defragment"],"picked":"SKIP","floor":36},{"not_picked":["Coolheaded","Aggregate+1"],"picked":"Hologram+1","floor":39},{"not_picked":["Ball Lightning+1","Sweeping Beam+1"],"picked":"Storm","floor":40},{"not_picked":["Go for the Eyes","Redo"],"picked":"Capacitor","floor":42},{"not_picked":["Streamline","Blizzard+1"],"picked":"Reinforced Body","floor":45}],"player_experience":295968,"relics_obtained":[{"floor":7,"key":"Bronze Scales"},{"floor":9,"key":"Art of War"},{"floor":14,"key":"White Beast Statue"},{"floor":24,"key":"Anchor"},{"floor":25,"key":"Bottled Lightning"},{"floor":26,"key":"Orichalcum"},{"floor":40,"key":"Blue Candle"},{"floor":42,"key":"Mercury Hourglass"}],"event_choices":[{"cards_removed":["Strike_B"],"damage_healed":0,"gold_gain":0,"player_choice":"Card Removal","damage_taken":7,"max_hp_gain":0,"max_hp_loss":0,"event_name":"Golden Wing","floor":5,"gold_loss":0},{"damage_healed":0,"gold_gain":0,"player_choice":"Gave Potion","damage_taken":0,"relics_obtained":["MealTicket"],"max_hp_gain":0,"max_hp_loss":0,"event_name":"WeMeetAgain","floor":11,"gold_loss":0},{"damage_healed":0,"gold_gain":0,"player_choice":"Trade","damage_taken":0,"relics_obtained":["SsserpentHead"],"max_hp_gain":0,"max_hp_loss":0,"event_name":"FaceTrader","floor":20,"gold_loss":0},{"damage_healed":0,"gold_gain":90,"player_choice":"GOLD ","damage_taken":12,"max_hp_gain":0,"max_hp_loss":0,"event_name":"Knowing Skull","floor":31,"potions_obtained":[],"gold_loss":0,"cards_obtained":[]},{"damage_healed":0,"gold_gain":0,"player_choice":"Forge","damage_taken":0,"max_hp_gain":0,"max_hp_loss":0,"event_name":"Accursed Blacksmith","floor":38,"gold_loss":0,"cards_upgraded":["Creative AI"]}],"is_beta":false,"boss_relics":[{"not_picked":["Astrolabe","Snecko Eye"],"picked":"Coffee Dripper"},{"not_picked":["Runic Dome","SacredBark"],"picked":"Nuclear Battery"}],"items_purged_floors":[37],"is_endless":false,"potions_floor_spawned":[7,12,13,16,18,21,22,24,28,33,35,36,39,40,42,45],"killed_by":"3 Darklings","ascension_level":4}}