{"host":"3j2m8n0ywf988fwb","time":1608458469,"event":{"mods":["2.2 Compatiblity","Act Like it!","Aspiration","BaseMod","Beaked The Cultist","Better Altar","Better Match","Better Note","Better Sensory Stone","Better Skull","Better Third Choice","CCEM","Colored Map","Colored Powertips","Conspire","Energized Spire","GifTheSpireLib","Googly Eyes","Halation","Hallownest","Highlight Path","Hubris","Infinite Spire","Jedi Mod","Marisa????????","Marked Mod","Mimic Mod","Minty Spire (QoL Compilation)","Random Character Button","Relic Stats","Replay The Spire","Robot Space Explorer","Shop Mod","Somnambulant","StSLib","Stuff the Spire","The Bug Knight","The Hierophant","The Runesmith","TheFirefly","Unceasing Turn Reminder","everything is the same but u backflip on backflip"],"gold_per_floor":[119,119,137,137,177,210,230,240,272,197,224,319,319,339,339,339,339],"floor_reached":16,"playtime":1278,"items_purged":[],"score":155,"play_id":"72975ee3-849f-4aee-be34-36cf091e6b12","local_time":"20201220040109","is_ascension_mode":true,"campfire_choices":[{"floor":13,"key":"REST"},{"floor":15,"key":"REST"}],"circlet_count":0,"master_deck":["AscendersBane","Strike_G","Strike_G","Strike_G","Strike_G","Strike_G","Defend_G","Defend_G","Defend_G","Defend_G","Defend_G","Survivor","Neutralize","Atom Bomb","All Out Attack","Amnesia","Distraction","Slice","Backflip","StuffTheSpire:BrimstoneBlast","conspire:PoisonWeapons","Quick Slash","Deflect","ReplayTheSpireMod:Splinters","Bouncing Flask","Poisoned Stab"],"relics":["Ring of the Snake","ReplayTheSpireMod:Ring of Exchange","ReplayTheSpireMod:Ring of Addiction","White Beast Statue","Toy Ornithopter","Hallownest:SheosBrushRelic","Dream Catcher","aspiration:TomeofQuesting","Orichalcum","Hallownest:BankAccountRelic","Basket Of Snakes","Blood Vial"],"acts_visited":["Exordium"],"potions_floor_usage":[5,7,9],"damage_taken":[{"damage":0,"enemies":"Hallownest:monsterHuskWarrior","floor":1,"turns":8},{"damage":0,"enemies":"Hallownest:2_MossCreeps","floor":3,"turns":6},{"damage":13,"enemies":"Hallownest:monsterHuskGuard","floor":5,"turns":12},{"damage":20,"enemies":"Hallownest:eliteMossKnight","floor":6,"turns":16},{"damage":0,"enemies":"Hallownest:monsterHuskGuard","floor":7,"turns":3},{"damage":0,"enemies":"Hallownest:monsterMossCharger","floor":8,"turns":9},{"damage":0,"enemies":"Hallownest:Wandering_and_Horned","floor":9,"turns":8},{"damage":34,"enemies":"Hallownest:eliteCrystalGuardian","floor":11,"turns":8},{"damage":6,"enemies":"Hallownest:Wandering_and_Horned","floor":14,"turns":5},{"damage":51,"enemies":"Hallownest:BossBrokenVessel","floor":16,"turns":11}],"seed_played":"1179942764683189320","potions_obtained":[{"floor":2,"key":"Venom Potion"},{"floor":2,"key":"Elixir"},{"floor":2,"key":"infinitespire:BlackPotion"},{"floor":3,"key":"LiquidBronze"},{"floor":5,"key":"AttackPotion"},{"floor":7,"key":"Poison Potion"},{"floor":9,"key":"jedi:wingpotion"}],"is_trial":false,"path_per_floor":["M","?","M","?","MIM","E","M","M","MIM","?","E","?","R","M","R","B"],"character_chosen":"THE_SILENT","items_purchased":[],"campfire_rested":2,"item_purchase_floors":[],"current_hp_per_floor":[63,63,63,63,55,35,40,40,45,45,11,11,31,27,47,0,0],"gold":339,"neow_bonus":"ONE_RANDOM_RARE_CARD","is_daily":false,"chose_seed":false,"campfire_upgraded":0,"win_rate":0.0,"timestamp":1608458469,"path_taken":["M","?","M","?","?","E","M","?","MIM","?","E","?","R","M","R","BOSS"],"items_purchased_type":[],"build_version":"2020-12-13","purchased_purges":0,"victory":false,"max_hp_per_floor":[70,70,70,70,70,70,70,70,70,70,70,70,68,68,68,66,66],"relic_stats":{"Blood Vial":4,"Dream Catcher":2,"counters":[10,86],"Orichalcum":[24],"obtain_stats":[{"Blood Vial":12,"ReplayTheSpireMod:Ring of Exchange":2,"Dream Catcher":5,"Hallownest:BankAccountRelic":10,"ReplayTheSpireMod:Ring of Addiction":2,"Basket Of Snakes":11,"aspiration:TomeofQuesting":6,"Orichalcum":9,"White Beast Statue":2,"Toy Ornithopter":2,"Ring of the Snake":0,"Hallownest:SheosBrushRelic":4},{"Blood Vial":8,"ReplayTheSpireMod:Ring of Exchange":1,"Dream Catcher":3,"Hallownest:BankAccountRelic":7,"ReplayTheSpireMod:Ring of Addiction":1,"Basket Of Snakes":8,"aspiration:TomeofQuesting":4,"Orichalcum":7,"White Beast Statue":1,"Toy Ornithopter":1,"Ring of the Snake":0,"Hallownest:SheosBrushRelic":2},{"Blood Vial":70,"ReplayTheSpireMod:Ring of Exchange":8,"Dream Catcher":26,"Hallownest:BankAccountRelic":62,"ReplayTheSpireMod:Ring of Addiction":8,"Basket Of Snakes":70,"aspiration:TomeofQuesting":42,"Orichalcum":62,"White Beast Statue":8,"Toy Ornithopter":8,"Ring of the Snake":0,"Hallownest:SheosBrushRelic":14}],"Toy Ornithopter":15,"Ring of the Snake":[20]},"card_choices":[{"not_picked":["Hidden Blade","StuffTheSpire:Incantation"],"picked":"All Out Attack","floor":1},{"not_picked":["ReplayTheSpireMod:Speed Training","PiercingWail"],"picked":"Distraction","floor":3},{"not_picked":["Quick Slash","Bane"],"picked":"Slice","floor":5},{"not_picked":["Finisher","Phantasmal Killer"],"picked":"Backflip","floor":6},{"not_picked":["ReplayTheSpireMod:Shiv Toss","StuffTheSpire:BumpUp"],"picked":"StuffTheSpire:BrimstoneBlast","floor":7},{"not_picked":["Flechettes","Cloak And Dagger"],"picked":"conspire:PoisonWeapons","floor":8},{"not_picked":["Acrobatics","Caltrops"],"picked":"Quick Slash","floor":9},{"not_picked":["Malaise","Blade Dance"],"picked":"Deflect","floor":11},{"not_picked":["Hidden Blade","Flying Knee"],"picked":"Bouncing Flask","floor":12},{"not_picked":["Fluid Movement","Setup"],"picked":"Poisoned Stab","floor":12},{"not_picked":["Accuracy","Outmaneuver","ReplayTheSpireMod:Exploit Weakness"],"picked":"SKIP","floor":14}],"player_experience":988857,"relics_obtained":[{"floor":2,"key":"ReplayTheSpireMod:Ring of Exchange"},{"floor":2,"key":"ReplayTheSpireMod:Ring of Addiction"},{"floor":2,"key":"White Beast Statue"},{"floor":2,"key":"Toy Ornithopter"},{"floor":5,"key":"Dream Catcher"},{"floor":6,"key":"aspiration:TomeofQuesting"},{"floor":9,"key":"Orichalcum"},{"floor":11,"key":"Basket Of Snakes"},{"floor":12,"key":"Blood Vial"}],"event_choices":[],"is_beta":false,"boss_relics":[],"items_purged_floors":[],"is_endless":false,"potions_floor_spawned":[3,5,6,7,8,9,11,14],"killed_by":"Hallownest:BossBrokenVessel","ascension_level":10}}