{"host":"zuc5xqvlhed5q6ad","time":1608494166,"event":{"mods":["BaseMod","Block Reminder","Colored Powertips","Halation","Highlight Path","Mimic Mod","Minty Spire (QoL Compilation)","Permanent Neow","Practice Mode","Quick Restart","Spikes Relics","StSLib","UnlockEverythingMod"],"gold_per_floor":[111,111,286,304,304,304,334,334,334,334,35,67,81,81,81,81,81],"floor_reached":16,"playtime":499,"items_purged":[],"score":121,"play_id":"d521af23-dff2-4700-aded-40fa699a710f","local_time":"20201220225606","is_ascension_mode":false,"campfire_choices":[{"data":"Vigilance","floor":6,"key":"SMITH"},{"data":"Eruption","floor":8,"key":"SMITH"},{"data":"Prostrate","floor":15,"key":"SMITH"}],"circlet_count":0,"master_deck":["Strike_P","Strike_P","Strike_P","Strike_P","Defend_P+1","Defend_P","Defend_P+1","Defend_P","Eruption+1","Vigilance+1","Doubt","Prostrate+1","ThirdEye","Injury"],"relics":["PureWater","NeowsBlessing","Strawberry","War Paint","LugNut","halation:LettersToHer","Golden Idol"],"acts_visited":["Exordium"],"potions_floor_usage":[13],"damage_taken":[{"damage":0,"enemies":"2 Louse","floor":1,"turns":1},{"damage":0,"enemies":"Small Slimes","floor":4,"turns":1},{"damage":0,"enemies":"Gremlin Nob","floor":12,"turns":1},{"damage":0,"enemies":"Jaw Worm","floor":13,"turns":1},{"damage":42,"enemies":"Hexaghost","floor":16,"turns":12}],"seed_played":"-8408326462140934112","potions_obtained":[{"floor":4,"key":"Strength Potion"}],"is_trial":false,"path_per_floor":["M","?","?","M","?","R","?","R","T","MIM","$","E","M","?","R","B"],"character_chosen":"WATCHER","items_purchased":["Prostrate","LugNut"],"campfire_rested":0,"item_purchase_floors":[11,11],"current_hp_per_floor":[72,76,76,76,76,76,76,76,76,76,76,76,76,76,76,34,34],"gold":81,"neow_bonus":"THREE_ENEMY_KILL","is_daily":false,"chose_seed":true,"campfire_upgraded":3,"win_rate":0.0,"timestamp":1608494166,"path_taken":["M","?","?","M","?","R","?","R","T","?","$","E","?","?","R","BOSS"],"items_purchased_type":["Card","Relic"],"build_version":"2020-12-13","purchased_purges":0,"victory":false,"max_hp_per_floor":[72,79,79,79,79,79,79,79,79,79,79,79,79,79,79,79,79],"card_choices":[{"not_picked":["ClearTheMind","WreathOfFlame","Vengeance"],"picked":"SKIP","floor":1},{"not_picked":["ClearTheMind","FollowUp","BowlingBash"],"picked":"SKIP","floor":4},{"not_picked":["Vault","EmptyBody"],"picked":"ThirdEye","floor":12},{"not_picked":["ClearTheMind","JustLucky","CarveReality"],"picked":"SKIP","floor":13}],"player_experience":132011,"relics_obtained":[{"floor":9,"key":"War Paint"},{"floor":12,"key":"halation:LettersToHer"}],"event_choices":[{"damage_healed":0,"gold_gain":0,"player_choice":"Success","damage_taken":3,"relics_obtained":["Strawberry"],"max_hp_gain":0,"max_hp_loss":0,"event_name":"Scrap Ooze","floor":2,"gold_loss":0},{"damage_healed":0,"gold_gain":175,"player_choice":"AGREE","damage_taken":0,"max_hp_gain":0,"max_hp_loss":0,"event_name":"Liars Game","floor":3,"gold_loss":0,"cards_obtained":["Doubt"]},{"damage_healed":0,"gold_gain":0,"player_choice":"Leave","damage_taken":0,"max_hp_gain":0,"max_hp_loss":0,"event_name":"The Cleric","floor":5,"gold_loss":0},{"damage_healed":0,"gold_gain":30,"player_choice":"Searched \u00271\u0027 times","damage_taken":0,"max_hp_gain":0,"max_hp_loss":0,"event_name":"Dead Adventurer","floor":7,"gold_loss":0},{"damage_healed":0,"gold_gain":0,"player_choice":"Take Wound","damage_taken":0,"relics_obtained":["Golden Idol"],"max_hp_gain":0,"max_hp_loss":0,"event_name":"Golden Idol","floor":14,"gold_loss":0,"cards_obtained":["Injury"]}],"is_beta":false,"boss_relics":[],"items_purged_floors":[],"is_endless":false,"potions_floor_spawned":[4],"killed_by":"Hexaghost","ascension_level":0}}