{"host":"8k8yej65nd5c5wcn","time":1608425530,"event":{"mods":["BaseMod","Colored Map","Colored Powertips","Curses Come First","Downfall","Googly Eyes","Highlight Path","Hubris","Minty Spire (QoL Compilation)","Rare Cards Sparkle","Replay The Spire","StSLib","The Necromancer"],"gold_per_floor":[117,87,100,113,113,140,140,155,179,196,13,29,29,44,44,146,146,163,180,180,180,180],"floor_reached":21,"playtime":1752,"items_purged":[],"score":226,"play_id":"07c7e257-1906-4000-9386-b228068a6464","local_time":"20201220005210","is_ascension_mode":true,"campfire_choices":[{"floor":7,"key":"RECALL"},{"floor":13,"key":"REST"},{"data":"Armaments","floor":15,"key":"SMITH"}],"circlet_count":0,"master_deck":["Defend_R","Defend_R","Defend_R","Defend_R","Bash+1","Armaments+1","Thunderclap","Sword Boomerang","Reaper","Run Through","Uppercut","Pommel Strike+1","Armaments","Twin Strike","Whirlwind","Immolate","Shrug It Off+1","Power Through+1","Bite","Bite","Bite","Bite","Bite"],"relics":["Burning Blood","hubris:TenFootPole","Membership Card","Black Star"],"acts_visited":["Exordium","TheCity"],"potions_floor_usage":[6,6,10,14,16,16,18,21],"damage_taken":[{"damage":14,"enemies":"Jaw Worm","floor":1,"turns":3},{"damage":1,"enemies":"Cultist","floor":3,"turns":3},{"damage":0,"enemies":"Small Slimes","floor":4,"turns":3},{"damage":29,"enemies":"Lagavulin","floor":6,"turns":6},{"damage":50,"enemies":"Gremlin Gang","floor":8,"turns":5},{"damage":13,"enemies":"Lots of Slimes","floor":10,"turns":4},{"damage":15,"enemies":"Large Slime","floor":12,"turns":7},{"damage":0,"enemies":"3 Louse","floor":14,"turns":1},{"damage":50,"enemies":"Hexaghost","floor":16,"turns":13},{"damage":26,"enemies":"Shell Parasite","floor":18,"turns":5},{"damage":43,"enemies":"Chosen","floor":19,"turns":6},{"damage":44,"enemies":"Shelled Parasite and Fungi","floor":21,"turns":6}],"seed_played":"-3235790412169530403","potions_obtained":[{"floor":1,"key":"Block Potion"},{"floor":2,"key":"Weak Potion"},{"floor":2,"key":"Guardian:BlockOnCardUsePotion"},{"floor":8,"key":"Weak Potion"},{"floor":10,"key":"Explosive Potion"},{"floor":12,"key":"Block Potion"},{"floor":16,"key":"Dexterity Potion"},{"floor":18,"key":"FearPotion"}],"is_trial":false,"path_per_floor":["M","?","M","M","?","E","R","M","T","M","$","M","R","M","R","B",null,"M","M","?","M"],"character_chosen":"IRONCLAD","items_purchased":["Membership Card","Pommel Strike+1","Armaments"],"campfire_rested":1,"item_purchase_floors":[11,11,11],"current_hp_per_floor":[72,72,77,80,80,57,57,25,25,26,26,21,45,51,51,12,80,60,29,29,0,0],"gold":180,"neow_bonus":"UPGRADE_CARD","is_daily":false,"chose_seed":false,"campfire_upgraded":1,"win_rate":0.0,"timestamp":1608425530,"path_taken":["M","?","?","M","?","E","R","M","T","?","$","M","R","M","R","BOSS","M","?","?","M"],"items_purchased_type":["Relic","Card","Card"],"build_version":"2020-12-13","purchased_purges":0,"victory":false,"max_hp_per_floor":[80,80,80,80,80,80,80,80,80,80,80,80,80,80,80,80,80,80,80,56,56,56],"card_choices":[{"not_picked":["ReplayTheSpireMod:Corrosion Curse","hubris:SharpeningStone"],"picked":"Armaments","floor":1},{"not_picked":["True Grit","Blood for Blood"],"picked":"Thunderclap","floor":3},{"not_picked":["ReplayTheSpireMod:Strike From Hell","hubris:SharpeningStone"],"picked":"Sword Boomerang","floor":4},{"not_picked":["Run Through","Carnage"],"picked":"Reaper","floor":6},{"not_picked":["Ghostly Armor","Heavy Blade"],"picked":"Run Through","floor":8},{"not_picked":["Warcry","Defy Death"],"picked":"Uppercut","floor":10},{"not_picked":["True Grit","Wild Strike"],"picked":"Twin Strike","floor":12},{"not_picked":["Sword Boomerang","Heavy Blade"],"picked":"Whirlwind","floor":14},{"not_picked":["Offering","Eclipse"],"picked":"Immolate","floor":16},{"not_picked":["Sword Boomerang","Abandon"],"picked":"Shrug It Off+1","floor":18},{"not_picked":["Clash","Eclipse"],"picked":"Power Through+1","floor":19}],"player_experience":181299,"relics_obtained":[{"floor":6,"key":"hubris:TenFootPole"}],"event_choices":[{"damage_healed":0,"gold_gain":0,"player_choice":"Bought 2 Potions","damage_taken":0,"max_hp_gain":0,"max_hp_loss":0,"event_name":"The Woman in Blue","floor":2,"gold_loss":0},{"damage_healed":0,"gold_gain":0,"player_choice":"Full Heal","damage_taken":0,"max_hp_gain":0,"max_hp_loss":0,"event_name":"Wheel of Change","floor":5,"gold_loss":0},{"damage_healed":0,"gold_gain":0,"player_choice":"Became a vampire","damage_taken":0,"max_hp_gain":0,"max_hp_loss":24,"event_name":"Vampires","floor":20,"gold_loss":0,"cards_obtained":["Bite","Bite","Bite","Bite","Bite"]}],"is_beta":false,"boss_relics":[{"not_picked":["hubris:RunicObelisk","Runic Pyramid"],"picked":"Black Star"}],"items_purged_floors":[],"is_endless":false,"potions_floor_spawned":[1,8,10,12,16,18],"killed_by":"Shelled Parasite and Fungi","ascension_level":2}}