{"host":"8fjsnt81u6xsmhji","time":1608463251,"event":{"mods":["BaseMod","Colored Powertips","Downfall","Glutton Mod","Minty Spire (QoL Compilation)","Quick Restart","Somnambulant","StSLib","The Bug Knight","The Construct","The Forsaken","The Hierophant","The Mystic"],"gold_per_floor":[109,129,129,145,158,186,186,198,198,198,218,250,266,282,282,379,379,398,408,408,408],"floor_reached":20,"playtime":1346,"items_purged":[],"score":264,"play_id":"2a17b06d-e288-4d06-8718-7202f4be4d9c","local_time":"20201220052051","is_ascension_mode":true,"campfire_choices":[{"floor":7.0,"key":"RECALL"},{"floor":10.0,"key":"REST"},{"floor":15.0,"key":"REST"}],"circlet_count":0,"master_deck":["Strike_P","Strike_P","Strike_P","Strike_P","Defend_P","Defend_P","Defend_P","Defend_P","Eruption","Vigilance","Protect","FlurryOfBlows","Worship","Eruption","Study","ClearTheMind","EmptyFist","DeceiveReality","TalkToTheHand","WindmillStrike","DevaForm","Establishment","CurseOfTheBell","WindmillStrike"],"relics":["PureWater","PreservedInsect","Yang","theForsaken:ScaryMask","Blue Candle","Calling Bell","Omamori","Toxic Egg 2","Ginger"],"acts_visited":["Exordium","TheCity"],"potions_floor_usage":[],"damage_taken":[{"damage":0.0,"enemies":"2 Louse","floor":1.0,"turns":2.0},{"damage":0.0,"enemies":"Cultist","floor":2.0,"turns":3.0},{"damage":1.0,"enemies":"Small Slimes","floor":4.0,"turns":3.0},{"damage":8.0,"enemies":"Blue Slaver","floor":5.0,"turns":4.0},{"damage":8.0,"enemies":"3 Sentries","floor":6.0,"turns":8.0},{"damage":44.0,"enemies":"Gremlin Gang","floor":8.0,"turns":11.0},{"damage":3.0,"enemies":"Looter","floor":11.0,"turns":4.0},{"damage":4.0,"enemies":"Gremlin Nob","floor":12.0,"turns":3.0},{"damage":0.0,"enemies":"Large Slime","floor":13.0,"turns":3.0},{"damage":11.0,"enemies":"3 Louse","floor":14.0,"turns":3.0},{"damage":1.0,"enemies":"The Guardian","floor":16.0,"turns":8.0},{"damage":19.0,"enemies":"3 Byrds","floor":18.0,"turns":6.0},{"damage":19.0,"enemies":"2 Thieves","floor":19.0,"turns":5.0},{"damage":36,"enemies":"Chosen and Byrds","floor":20,"turns":6}],"seed_played":"2811855134902857383","potions_obtained":[{"floor":5.0,"key":"CultistPotion"},{"floor":6.0,"key":"SteroidPotion"},{"floor":12.0,"key":"Guardian:BlockOnCardUsePotion"},{"floor":16.0,"key":"Block Potion"},{"floor":18.0,"key":"SkillPotion"},{"floor":19.0,"key":"SteroidPotion"}],"is_trial":false,"path_per_floor":["M","M","?","M","M","E","R","M","T","R","M","E","M","M","R","B",null,"M","M","M"],"character_chosen":"WATCHER","items_purchased":[],"campfire_rested":2,"item_purchase_floors":[],"current_hp_per_floor":[72,72,72,71,63,55,55,11,11,32,29,25,25,14,35,34,72,53,34,0,0],"gold":408,"neow_bonus":"RANDOM_COMMON_RELIC","is_daily":false,"chose_seed":false,"campfire_upgraded":0,"win_rate":0.0,"timestamp":1608463251,"path_taken":["M","M","?","?","M","E","R","M","T","R","?","E","M","M","R","BOSS","M","?","M"],"items_purchased_type":[],"build_version":"2020-12-13","purchased_purges":0,"victory":false,"max_hp_per_floor":[72,72,72,72,72,72,72,72,72,72,72,72,72,72,72,72,72,72,72,72,72],"card_choices":[{"not_picked":["FlurryOfBlows","Prostrate"],"picked":"Protect","floor":1.0},{"not_picked":["CrushJoints","Protect"],"picked":"FlurryOfBlows","floor":2.0},{"not_picked":["ClearTheMind","Evaluate"],"picked":"Study","floor":4.0},{"not_picked":["ThirdEye","Adaptation"],"picked":"ClearTheMind","floor":5.0},{"not_picked":["Indignation","BowlingBash"],"picked":"EmptyFist","floor":6.0},{"not_picked":["MentalFortress","Wireheading"],"picked":"DeceiveReality","floor":8.0},{"not_picked":["ThirdEye","MentalFortress"],"picked":"TalkToTheHand","floor":11.0},{"not_picked":["FearNoEvil","PathToVictory"],"picked":"WindmillStrike","floor":12.0},{"not_picked":["CrushJoints","BowlingBash","Swivel"],"picked":"SKIP","floor":13.0},{"not_picked":["WaveOfTheHand","PathToVictory"],"picked":"DevaForm","floor":14.0},{"not_picked":["Omniscience","DeusExMachina"],"picked":"Establishment","floor":16.0},{"not_picked":["EmptyBody+1","CarveReality"],"picked":"WindmillStrike","floor":18.0},{"not_picked":["EmptyFist","BowlingBash+1","Consecrate"],"picked":"SKIP","floor":19.0}],"player_experience":609534,"relics_obtained":[{"floor":6.0,"key":"Yang"},{"floor":9.0,"key":"theForsaken:ScaryMask"},{"floor":12.0,"key":"Blue Candle"},{"floor":17.0,"key":"Omamori"},{"floor":17.0,"key":"Toxic Egg 2"},{"floor":17.0,"key":"Ginger"}],"event_choices":[{"damage_healed":0.0,"max_hp_gain":0.0,"max_hp_loss":0.0,"gold_gain":0.0,"event_name":"Match and Keep!","player_choice":"2 cards matched","floor":3.0,"gold_loss":0.0,"damage_taken":0.0,"cards_obtained":["Worship","Eruption"]}],"is_beta":false,"boss_relics":[{"not_picked":["Empty Cage","Coffee Dripper"],"picked":"Calling Bell"}],"items_purged_floors":[],"is_endless":false,"potions_floor_spawned":[5,6,12,16,18,19],"killed_by":"Chosen and Byrds","ascension_level":2}}