{"host":"Ian","time":1608447852,"event":{"mods":["BaseMod","Bestiary","Block Reminder","Colored Map","Highlight Path","Key Reminder","Minty Spire (QoL Compilation)","Relic Stats"],"gold_per_floor":[359,359,375,390,7,37,37,64,145,157,157,171,171,199,199,277,277,289,75,87,101,101,101,131,131,131,159,159,40,59,71,71,146,146,156,156,174,73,123,123,155,155,155,181,201,201,138,163,163,163,163,163,163,47,74,74],"floor_reached":57,"playtime":3865,"items_purged":["Strike_R","Perfected Strike","Defend_R","Defend_R"],"score":2857,"play_id":"322869ca-f9ad-4741-b922-35d3874b879f","local_time":"20201220070412","is_ascension_mode":true,"campfire_choices":[{"data":"Brutality","floor":7.0,"key":"SMITH"},{"data":"Rupture","floor":13.0,"key":"SMITH"},{"data":"Metallicize","floor":15.0,"key":"SMITH"},{"data":"Armaments","floor":23.0,"key":"SMITH"},{"data":"Ghostly","floor":25.0,"key":"SMITH"},{"data":"Dark Embrace","floor":32.0,"key":"SMITH"},{"data":"Ghostly","floor":40.0,"key":"SMITH"},{"data":"Ghostly","floor":42.0,"key":"SMITH"},{"floor":49.0,"key":"RECALL"},{"data":"Limit Break","floor":53.0,"key":"SMITH"}],"circlet_count":0,"master_deck":["AscendersBane","Strike_R","Strike_R","Strike_R","Defend_R","Defend_R","Bash+1","Perfected Strike","Pommel Strike","Brutality+1","Metallicize+1","Twin Strike","Rupture+1","Limit Break+1","Intimidate+1","Twin Strike","Armaments+1","Heavy Blade","Ghostly+1","Ghostly+1","Ghostly+1","Flame Barrier","Dark Embrace+1","Fiend Fire","Bandage Up","Dark Shackles","Disarm"],"relics":["Burning Blood","Self Forming Clay","WingedGreaves","MealTicket","Mummified Hand","Art of War","Mark of Pain","Membership Card","Mercury Hourglass","Singing Bowl","Vajra","Orichalcum","Runic Pyramid","Incense Burner","Juzu Bracelet","CaptainsWheel","Ginger","Bottled Tornado"],"acts_visited":["Exordium","TheCity","TheBeyond","TheEnding"],"potions_floor_usage":[56],"damage_taken":[{"damage":4.0,"enemies":"Small Slimes","floor":1.0,"turns":4.0},{"damage":9.0,"enemies":"Jaw Worm","floor":3.0,"turns":4.0},{"damage":1.0,"enemies":"Cultist","floor":4.0,"turns":3.0},{"damage":13.0,"enemies":"3 Sentries","floor":6.0,"turns":7.0},{"damage":26.0,"enemies":"Lagavulin","floor":8.0,"turns":6.0},{"damage":2.0,"enemies":"Exordium Wildlife","floor":10.0,"turns":3.0},{"damage":5.0,"enemies":"Blue Slaver","floor":12.0,"turns":3.0},{"damage":8.0,"enemies":"Gremlin Nob","floor":14.0,"turns":3.0},{"damage":32.0,"enemies":"Slime Boss","floor":16.0,"turns":8.0},{"damage":12.0,"enemies":"3 Byrds","floor":18.0,"turns":6.0},{"damage":18.0,"enemies":"2 Thieves","floor":20.0,"turns":3.0},{"damage":12.0,"enemies":"Snecko","floor":21.0,"turns":4.0},{"damage":20.0,"enemies":"Gremlin Leader","floor":24.0,"turns":6.0},{"damage":7.0,"enemies":"Slavers","floor":27.0,"turns":5.0},{"damage":8.0,"enemies":"Chosen and Byrds","floor":30.0,"turns":7.0},{"damage":7.0,"enemies":"Centurion and Healer","floor":31.0,"turns":4.0},{"damage":29.0,"enemies":"Champ","floor":33.0,"turns":8.0},{"damage":31.0,"enemies":"3 Darklings","floor":35.0,"turns":5.0},{"damage":3.0,"enemies":"3 Shapes","floor":37.0,"turns":4.0},{"damage":35.0,"enemies":"2 Orb Walkers","floor":39.0,"turns":4.0},{"damage":15.0,"enemies":"Reptomancer","floor":41.0,"turns":8.0},{"damage":3.0,"enemies":"Giant Head","floor":44.0,"turns":8.0},{"damage":8.0,"enemies":"Jaw Worm Horde","floor":45.0,"turns":7.0},{"damage":7.0,"enemies":"Mind Bloom Boss Battle","floor":48.0,"turns":12.0},{"damage":52.0,"enemies":"Donu and Deca","floor":50.0,"turns":10.0},{"damage":4.0,"enemies":"Time Eater","floor":51.0,"turns":7.0},{"damage":25.0,"enemies":"Shield and Spear","floor":55.0,"turns":8.0},{"damage":79,"enemies":"The Heart","floor":56,"turns":10}],"seed_played":"8995115172339584082","potions_obtained":[{"floor":3.0,"key":"SteroidPotion"},{"floor":8.0,"key":"BloodPotion"},{"floor":12.0,"key":"Weak Potion"},{"floor":16.0,"key":"FairyPotion"},{"floor":20.0,"key":"SmokeBomb"},{"floor":31.0,"key":"Fruit Juice"},{"floor":33.0,"key":"BloodPotion"},{"floor":37.0,"key":"DistilledChaos"},{"floor":39.0,"key":"EssenceOfSteel"},{"floor":45.0,"key":"Regen Potion"}],"is_trial":false,"path_per_floor":["M","?","M","M","$","E","R","E","T","M","?","M","R","E","R","B",null,"M","$","M","M","?","R","E","R","T","E","?","$","M","M","R","B",null,"M","?","M","$","?","R","E","R","T","E","M","?","$","?","R","B","B",null,"R","$","E","B",null],"character_chosen":"IRONCLAD","items_purchased":["Self Forming Clay","HeartOfIron","Membership Card","Twin Strike","Armaments","Orichalcum","Dark Shackles","ElixirPotion"],"campfire_rested":0,"item_purchase_floors":[5,5,19,19,19,29,38,54],"current_hp_per_floor":[68,61,58,63,63,56,56,36,36,40,40,54,54,52,52,26,58,52,67,55,49,34,34,20,20,20,21,21,36,36,35,35,17,37,14,14,28,43,20,20,17,17,17,26,30,30,45,48,48,23,29,49,49,55,44,22],"gold":74,"neow_bonus":"TWO_FIFTY_GOLD","is_daily":false,"chose_seed":false,"campfire_upgraded":9,"win_rate":0.0,"timestamp":1608447852,"path_taken":["M","?","M","M","$","E","R","E","T","M","?","M","R","E","R","BOSS","M","$","M","?","?","R","E","R","T","E","?","$","M","M","R","BOSS","M","?","M","$","?","R","E","R","T","E","M","?","$","?","R","BOSS","BOSS","R","$","E","BOSS"],"items_purchased_type":["Relic","Potion","Relic","Card","Card","Relic","Card","Potion"],"build_version":"2020-12-18","purchased_purges":4,"victory":true,"max_hp_per_floor":[68,68,68,68,68,68,68,68,68,68,68,68,68,68,68,68,68,68,68,68,68,34,34,34,34,34,36,36,36,38,38,38,43,43,45,45,47,47,49,49,51,51,51,53,55,55,55,55,55,55,55,55,55,55,57,57],"relic_stats":{"Singing Bowl":18,"counters":[28,167],"Self Forming Clay":[459],"Mummified Hand":[91],"MealTicket":66,"Art of War":[17],"Juzu Bracelet":1,"Ginger":[5],"Orichalcum":[114],"obtain_stats":[{"Singing Bowl":26,"Self Forming Clay":5,"Vajra":27,"Incense Burner":39,"Juzu Bracelet":41,"Ginger":48,"Orichalcum":29,"Bottled Tornado":55,"Burning Blood":0,"Mercury Hourglass":24,"keyreminder:keyreminder":43,"CaptainsWheel":44,"Mummified Hand":9,"MealTicket":8,"WingedGreaves":6,"Mark of Pain":17,"Art of War":14,"Membership Card":19,"Runic Pyramid":34},{"Singing Bowl":13,"Self Forming Clay":3,"Vajra":14,"Incense Burner":20,"Juzu Bracelet":21,"Ginger":24,"Orichalcum":14,"Bottled Tornado":27,"Burning Blood":0,"Mercury Hourglass":13,"keyreminder:keyreminder":21,"CaptainsWheel":22,"Mummified Hand":5,"MealTicket":5,"WingedGreaves":4,"Mark of Pain":9,"Art of War":8,"Membership Card":10,"Runic Pyramid":17},{"Singing Bowl":60,"Self Forming Clay":11,"Vajra":65,"Incense Burner":97,"Juzu Bracelet":105,"Ginger":132,"Orichalcum":65,"Bottled Tornado":157,"Burning Blood":0,"Mercury Hourglass":60,"keyreminder:keyreminder":105,"CaptainsWheel":113,"Mummified Hand":24,"MealTicket":24,"WingedGreaves":18,"Mark of Pain":41,"Art of War":33,"Membership Card":47,"Runic Pyramid":84}],"Burning Blood":166,"Mercury Hourglass":[355]},"card_choices":[{"not_picked":["Clash","Rupture"],"picked":"Perfected Strike","floor":1.0},{"not_picked":["Sword Boomerang","Reckless Charge"],"picked":"Perfected Strike","floor":3.0},{"not_picked":["Shockwave","Inflame"],"picked":"Pommel Strike","floor":4.0},{"not_picked":["Ghostly Armor","Heavy Blade"],"picked":"Brutality","floor":6.0},{"not_picked":["Inflame","Dual Wield"],"picked":"Metallicize","floor":8.0},{"not_picked":["Feel No Pain","Heavy Blade"],"picked":"Twin Strike","floor":10.0},{"not_picked":["Whirlwind","Sentinel"],"picked":"Rupture","floor":12.0},{"not_picked":["Uppercut","Clothesline","Headbutt"],"picked":"SKIP","floor":14.0},{"not_picked":["Demon Form","Brutality"],"picked":"Limit Break","floor":16.0},{"not_picked":["Iron Wave","Havoc"],"picked":"Intimidate+1","floor":18.0},{"not_picked":["Cleave","Dropkick+1"],"picked":"Heavy Blade","floor":20.0},{"not_picked":["Heavy Blade","Clash","Twin Strike"],"picked":"SKIP","floor":21.0},{"not_picked":["Infernal Blade","Iron Wave"],"picked":"Flame Barrier","floor":24.0},{"not_picked":["Armaments","Body Slam","Havoc"],"picked":"Singing Bowl","floor":27.0},{"not_picked":["Reckless Charge","Feel No Pain","Perfected Strike"],"picked":"Singing Bowl","floor":30.0},{"not_picked":["Shrug It Off","Perfected Strike"],"picked":"Dark Embrace","floor":31.0},{"not_picked":["Juggernaut","Berserk"],"picked":"Fiend Fire","floor":33.0},{"not_picked":["Clothesline","Body Slam","Reckless Charge"],"picked":"Singing Bowl","floor":35.0},{"not_picked":["HandOfGreed","Discovery"],"picked":"Bandage Up","floor":36.0},{"not_picked":["Seeing Red+1","Armaments","Cleave"],"picked":"Singing Bowl","floor":37.0},{"not_picked":["Wild Strike","Pummel","Havoc"],"picked":"Singing Bowl","floor":39.0},{"not_picked":["Body Slam","Clash","Perfected Strike"],"picked":"Singing Bowl","floor":41.0},{"not_picked":["Rampage","Double Tap","Blood for Blood"],"picked":"Singing Bowl","floor":44.0},{"not_picked":["Headbutt","Flex+1","Armaments"],"picked":"Singing Bowl","floor":45.0},{"not_picked":["Armaments","Flex"],"picked":"Disarm","floor":48.0},{"not_picked":["Flame Barrier+1","Cleave","Sever Soul"],"picked":"Singing Bowl","floor":55.0}],"player_experience":2570885,"relics_obtained":[{"floor":6.0,"key":"WingedGreaves"},{"floor":8.0,"key":"MealTicket"},{"floor":9.0,"key":"Mummified Hand"},{"floor":14.0,"key":"Art of War"},{"floor":24.0,"key":"Mercury Hourglass"},{"floor":26.0,"key":"Singing Bowl"},{"floor":27.0,"key":"Vajra"},{"floor":39.0,"key":"Incense Burner"},{"floor":41.0,"key":"Juzu Bracelet"},{"floor":44.0,"key":"CaptainsWheel"},{"floor":48.0,"key":"Ginger"},{"floor":55.0,"key":"Bottled Tornado"}],"event_choices":[{"cards_removed":["Strike_R"],"damage_healed":0.0,"max_hp_gain":0.0,"max_hp_loss":0.0,"gold_gain":0.0,"event_name":"Golden Wing","player_choice":"Card Removal","floor":2.0,"gold_loss":0.0,"damage_taken":7.0},{"damage_healed":0.0,"max_hp_gain":0.0,"max_hp_loss":0.0,"gold_gain":0.0,"event_name":"Upgrade Shrine","player_choice":"Upgraded","floor":11.0,"gold_loss":0.0,"damage_taken":0.0,"cards_upgraded":["Bash"]},{"damage_healed":0.0,"max_hp_gain":0.0,"max_hp_loss":34.0,"gold_gain":0.0,"event_name":"Ghosts","player_choice":"Became a Ghost","floor":22.0,"gold_loss":0.0,"damage_taken":0.0,"cards_obtained":["Ghostly","Ghostly","Ghostly"]},{"damage_healed":0.0,"max_hp_gain":0.0,"max_hp_loss":0.0,"gold_gain":0.0,"event_name":"Cursed Tome","player_choice":"Ignored","floor":28.0,"gold_loss":0.0,"damage_taken":0.0},{"damage_healed":0.0,"max_hp_gain":0.0,"max_hp_loss":0.0,"gold_gain":0.0,"event_name":"SensoryStone","player_choice":"Memory 1","floor":36.0,"gold_loss":0.0,"damage_taken":0.0},{"damage_healed":0.0,"max_hp_gain":0.0,"max_hp_loss":0.0,"gold_gain":0.0,"event_name":"Mysterious Sphere","player_choice":"Fight","floor":39.0,"gold_loss":0.0,"damage_taken":0.0},{"damage_healed":0.0,"max_hp_gain":0.0,"max_hp_loss":0.0,"gold_gain":0.0,"event_name":"Tomb of Lord Red Mask","player_choice":"Ignored","floor":46.0,"gold_loss":0.0,"damage_taken":0.0},{"damage_healed":0.0,"max_hp_gain":0.0,"max_hp_loss":0.0,"gold_gain":0.0,"event_name":"MindBloom","player_choice":"Fight","floor":48.0,"gold_loss":0.0,"damage_taken":0.0}],"is_beta":true,"boss_relics":[{"not_picked":["Black Blood","Coffee Dripper"],"picked":"Mark of Pain"},{"not_picked":["SlaversCollar","Runic Dome"],"picked":"Runic Pyramid"}],"items_purged_floors":[29,38,47,54],"is_endless":false,"potions_floor_spawned":[3,8,12,16,20,24,30,31,33,37,39,41,45],"ascension_level":20}}