{"host":"ssbj2e5691x5ub3h","time":1608435370,"event":{"mods":["BaseMod","Duelist Mod","Minty Spire (QoL Compilation)","StSLib"],"gold_per_floor":[243,243,243,263,274,274,301,313,313,340,82,94,110,97,97,201,201,211,211,230,246,246,246,96,96,119,131,131,166,181,198,198,302,302,318,331,331,347,361,361,361,361],"floor_reached":41,"playtime":2961,"items_purged":[],"score":503,"play_id":"a5ac3ea1-e967-4cac-8d15-6d2dc43ea5fb","local_time":"20201220013610","is_ascension_mode":true,"campfire_choices":[{"data":"theDuelist:GoblinSecret","floor":6,"key":"SMITH"},{"floor":15,"key":"REST"},{"floor":23,"key":"REST"},{"floor":32,"key":"REST"},{"data":"theDuelist:Yami","floor":40,"key":"SMITH"}],"circlet_count":0,"master_deck":["theDuelist:DarkMagician","theDuelist:MysticalElf","theDuelist:MysticalElf","theDuelist:NeoMagic","theDuelist:NeoMagic","theDuelist:FairyBox+1","theDuelist:FutureFusion","theDuelist:GoblinSecret+1","theDuelist:WitchBlackRose","theDuelist:FogKing","theDuelist:BlueDragonSummoner","theDuelist:Yami","theDuelist:DarkMagicianGirl","theDuelist:DarkPaladin","theDuelist:AncientElf+1","theDuelist:Yami+1","theDuelist:SpiritHarp","theDuelist:PowerKaishin","theDuelist:DarkPaladin","theDuelist:SangaEarth","theDuelist:IrisEarthMother","theDuelist:InfernoFireBlast","theDuelist:FairyBox","theDuelist:InvitationDarkSleep","theDuelist:WhiteMagicalHat","theDuelist:GuardianAngel","theDuelist:PowerKaishin+1","theDuelist:DarkHorizon"],"relics":["theDuelist:MillenniumPuzzle","theDuelist:CardPoolRelic","theDuelist:CardPoolBasicRelic","theDuelist:BoosterPackPoolRelic","theDuelist:CardPoolAddRelic","theDuelist:CardPoolMinusRelic","theDuelist:CardPoolSaveRelic","theDuelist:CardPoolOptionsRelic","theDuelist:MonsterEggRelic","Incense Burner","Turnip","Toy Ornithopter","Busted Crown","Anchor","Enchiridion","Bag of Marbles","theDuelist:StoneExxod","Pandora\u0027s Box"],"acts_visited":["Exordium","TheCity","TheBeyond"],"potions_floor_usage":[16,29,33,33,41],"damage_taken":[{"damage":0,"enemies":"Small Slimes","floor":1,"turns":3},{"damage":0,"enemies":"Cultist","floor":4,"turns":4},{"damage":3,"enemies":"Jaw Worm","floor":5,"turns":3},{"damage":8,"enemies":"3 Sentries","floor":7,"turns":9},{"damage":2,"enemies":"Looter","floor":8,"turns":3},{"damage":4,"enemies":"Lagavulin","floor":10,"turns":8},{"damage":12,"enemies":"Blue Slaver","floor":12,"turns":5},{"damage":14,"enemies":"Red Slaver","floor":13,"turns":6},{"damage":6,"enemies":"Exordium Thugs","floor":14,"turns":4},{"damage":0,"enemies":"Slime Boss","floor":16,"turns":8},{"damage":0,"enemies":"Shell Parasite","floor":18,"turns":2},{"damage":24,"enemies":"3 Byrds","floor":20,"turns":6},{"damage":20,"enemies":"Centurion and Healer","floor":21,"turns":5},{"damage":0,"enemies":"Chosen and Byrds","floor":27,"turns":4},{"damage":47,"enemies":"Book of Stabbing","floor":29,"turns":8},{"damage":0,"enemies":"Snake Plant","floor":30,"turns":5},{"damage":0,"enemies":"Shelled Parasite and Fungi","floor":31,"turns":6},{"damage":18,"enemies":"Champ","floor":33,"turns":8},{"damage":0,"enemies":"3 Shapes","floor":35,"turns":4},{"damage":11,"enemies":"Orb Walker","floor":36,"turns":4},{"damage":0,"enemies":"4 Shapes","floor":38,"turns":4},{"damage":11,"enemies":"Transient","floor":39,"turns":5},{"damage":75,"enemies":"Reptomancer","floor":41,"turns":3}],"seed_played":"2096110020871007727","potions_obtained":[{"floor":1,"key":"theDuelist:BottledKuriboh"},{"floor":4,"key":"theDuelist:FusionPotion"},{"floor":5,"key":"PowerPotion"},{"floor":10,"key":"theDuelist:StunPotion"},{"floor":16,"key":"theDuelist:StunPotion"},{"floor":31,"key":"BlessingOfTheForge"},{"floor":33,"key":"BlessingOfTheForge"},{"floor":39,"key":"theDuelist:EarthBottle"}],"is_trial":false,"path_per_floor":["M","?","?","M","M","R","E","M","T","E","$","M","M","M","R","B",null,"M","?","M","M","?","R","$","?","T","M","$","E","M","M","R","B",null,"M","M","?","M","M","R","E"],"character_chosen":"THE_DUELIST","items_purchased":["Toy Ornithopter","theDuelist:WitchBlackRose","theDuelist:FogKing","Anchor"],"campfire_rested":3,"item_purchase_floors":[11,11,11,24],"current_hp_per_floor":[80,80,80,80,77,77,69,67,67,63,63,51,37,31,55,60,80,80,80,56,36,36,60,60,44,44,44,44,13,13,13,37,29,80,80,69,69,69,58,58,0,0],"gold":361,"neow_bonus":"HUNDRED_GOLD","is_daily":false,"chose_seed":false,"campfire_upgraded":2,"win_rate":0.0,"timestamp":1608435370,"path_taken":["M","?","?","M","M","R","E","M","T","E","$","M","M","M","R","BOSS","M","?","?","M","?","R","$","?","T","M","?","E","?","M","R","BOSS","M","M","?","M","M","R","E"],"items_purchased_type":["Relic","Card","Card","Relic"],"build_version":"2020-12-13","purchased_purges":0,"victory":false,"max_hp_per_floor":[80,80,80,80,80,80,80,80,80,80,80,80,80,80,80,80,80,80,80,80,80,80,80,80,80,80,80,80,80,80,80,80,80,80,80,80,80,80,80,80,80,80],"card_choices":[{"not_picked":["theDuelist:StatueAnguishPattern","theDuelist:Graverobber","theDuelist:DarkHorizon","theDuelist:BadReaction"],"picked":"theDuelist:FairyBox","floor":1},{"not_picked":["theDuelist:GaiaMidNightSun","theDuelist:Wiseman","theDuelist:SphereKuriboh","theDuelist:RainbowLife"],"picked":"theDuelist:FutureFusion","floor":4},{"not_picked":["theDuelist:SpellShatteringArrow","theDuelist:BookSecret","theDuelist:WonderWand","theDuelist:DiffusionWaveMotion"],"picked":"theDuelist:GoblinSecret","floor":5},{"not_picked":["theDuelist:DummyGolem","theDuelist:EarthEffigy","theDuelist:GemElephant","theDuelist:PowerGiant","theDuelist:WeepingIdol"],"picked":"SKIP","floor":7},{"not_picked":["theDuelist:GauntletWarrior","theDuelist:GilfordLegend","theDuelist:HammerShot","theDuelist:LightningVortex","theDuelist:PowerGiant"],"picked":"SKIP","floor":8},{"not_picked":["theDuelist:BattleOx","theDuelist:DestroyerGolem","theDuelist:EvilswarmHeliotrope","theDuelist:WormKing","theDuelist:ClearKuriboh"],"picked":"SKIP","floor":10},{"not_picked":["theDuelist:NeoMagic","theDuelist:LordD","theDuelist:Mudballman","theDuelist:SpellShatteringArrow"],"picked":"theDuelist:BlueDragonSummoner","floor":12},{"not_picked":["theDuelist:SpellShatteringArrow","theDuelist:OnslaughtFireKings","theDuelist:GoblinSecret","theDuelist:MagicalBlast"],"picked":"theDuelist:Yami","floor":13},{"not_picked":["theDuelist:NeoMagic","theDuelist:WhiteMagicalHat","theDuelist:SangaThunder","theDuelist:InfernoFireBlast"],"picked":"theDuelist:DarkMagicianGirl","floor":14},{"not_picked":["theDuelist:ExodiaNecross","theDuelist:ExodiaHead","theDuelist:Wildfire","theDuelist:QueenDragunDjinn"],"picked":"theDuelist:DarkPaladin","floor":16},{"not_picked":["theDuelist:Relinquished","theDuelist:LegendaryExodia"],"picked":"theDuelist:AncientElf+1","floor":18},{"not_picked":["theDuelist:MagiciansRod","theDuelist:MindAir"],"picked":"theDuelist:Yami","floor":20},{"not_picked":["theDuelist:NeoMagic","theDuelist:OnslaughtFireKings"],"picked":"theDuelist:SpiritHarp","floor":21},{"not_picked":["theDuelist:BattleOx","theDuelist:Mausoleum"],"picked":"theDuelist:DianKeto","floor":27},{"not_picked":["theDuelist:SpellShatteringArrow","theDuelist:MagicalBlast"],"picked":"theDuelist:PowerKaishin","floor":29},{"not_picked":["theDuelist:WitchBlackRose","theDuelist:DarkMagician"],"picked":"theDuelist:DarkPaladin","floor":30},{"not_picked":["theDuelist:SpellShatteringArrow","theDuelist:BlizzardWarrior+1"],"picked":"theDuelist:SangaEarth","floor":31},{"not_picked":["theDuelist:RainbowDarkDragon","theDuelist:RainbowOverdragon"],"picked":"theDuelist:IrisEarthMother","floor":33},{"not_picked":["theDuelist:SpellShatteringArrow+1","theDuelist:GiantTrunade"],"picked":"theDuelist:PowerKaishin+1","floor":35},{"not_picked":["theDuelist:SangaThunder+1","theDuelist:FlyingSaucer"],"picked":"theDuelist:DarkHorizon","floor":36},{"not_picked":["theDuelist:SpellShatteringArrow","theDuelist:CallAtlanteans+1","theDuelist:ContractExodia+1"],"picked":"SKIP","floor":38},{"not_picked":["theDuelist:NeoMagic+1","theDuelist:DarkMagician+1","theDuelist:SpellShatteringArrow"],"picked":"SKIP","floor":39}],"player_experience":148329,"relics_obtained":[{"floor":7,"key":"theDuelist:MonsterEggRelic"},{"floor":9,"key":"Incense Burner"},{"floor":10,"key":"Turnip"},{"floor":25,"key":"Enchiridion"},{"floor":26,"key":"Bag of Marbles"},{"floor":29,"key":"theDuelist:StoneExxod"}],"event_choices":[{"damage_healed":0,"gold_gain":0,"player_choice":"Grow","damage_taken":0,"max_hp_gain":0,"max_hp_loss":0,"event_name":"Living Wall","floor":2,"gold_loss":0,"cards_upgraded":["theDuelist:FairyBox"]},{"damage_healed":0,"gold_gain":0,"player_choice":"Leave","duelist":true,"damage_taken":0,"max_hp_gain":0,"max_hp_loss":0,"event_name":"Tomb of the Nameless","floor":3,"gold_loss":0},{"damage_healed":0,"gold_gain":0,"player_choice":"Got Potions","damage_taken":0,"max_hp_gain":0,"max_hp_loss":0,"event_name":"Lab","floor":19,"gold_loss":0},{"damage_healed":0,"gold_gain":0,"player_choice":"Leave","duelist":true,"damage_taken":0,"max_hp_gain":0,"max_hp_loss":0,"event_name":"Egyptian Village","floor":22,"gold_loss":0},{"damage_healed":0,"gold_gain":0,"player_choice":"Obtained Book","damage_taken":16,"max_hp_gain":0,"max_hp_loss":0,"event_name":"Cursed Tome","floor":25,"gold_loss":0},{"total_magic_score":82,"gold_gain":0,"duelist":true,"damage_taken":0,"relics_obtained":[],"points":2,"max_hp_gain":0,"max_hp_loss":0,"spent_points":{"magic":1,"greed":0,"war":0,"power":1,"hunger":0},"event_name":"Nameless Tomb","floor":37,"gold_loss":0,"cards_obtained":[]}],"is_beta":false,"boss_relics":[{"not_picked":["Calling Bell","theDuelist:ElectricKey"],"picked":"Busted Crown"},{"not_picked":["theDuelist:GamblerChip","Coffee Dripper"],"picked":"Pandora\u0027s Box"}],"items_purged_floors":[],"is_endless":false,"potions_floor_spawned":[1,4,5,10,16,21,27,31,33,35,39],"killed_by":"Reptomancer","ascension_level":1}}