{"host":"nvwxkcurnqq848ao","time":1608438161,"event":{"mods":["BaseMod","Block Reminder","Downfall","Infinite Spire","Minty Spire (QoL Compilation)","Relic Sorter","Replay The Spire","StSLib"],"gold_per_floor":[99,99,99,99,99,99,176,208,219,248,248,261,261,261,274,274,274],"floor_reached":16,"playtime":1208,"items_purged":[],"score":131,"play_id":"57260827-6633-482e-806f-9abce8a9951e","local_time":"20201219222241","is_ascension_mode":false,"campfire_choices":[{"data":"champ:Taunt","floor":1,"key":"SMITH"},{"data":"champ:DefensiveShout","floor":5,"key":"SMITH"}],"circlet_count":0,"master_deck":["champ:Strike","champ:Strike","champ:Defend","champ:Defend","champ:Defend","champ:Defend","champ:Execute","champ:Taunt+1","champ:DefensiveShout+1","champ:Shatter+1","champ:PerfectForm","champ:DefensiveShout","champ:Duel","champ:AdrenalArmor","champ:ArenaPreparation","champ:FalseCounter"],"relics":["champ:ChampionCrown","downfall:HeartsMalice","Juzu Bracelet","Happy Flower","Singing Bowl"],"acts_visited":["Exordium"],"potions_floor_usage":[10,16,16],"damage_taken":[{"damage":0,"enemies":"Jaw Worm","floor":3,"turns":1},{"damage":0,"enemies":"Cultist","floor":6,"turns":1},{"damage":0,"enemies":"Replay:BlueRogue","floor":8,"turns":1},{"damage":7,"enemies":"2 Louse","floor":9,"turns":2},{"damage":66,"enemies":"Gremlin Nob","floor":10,"turns":4},{"damage":22,"enemies":"Lots of Slimes","floor":12,"turns":6},{"damage":13,"enemies":"Large Slime","floor":15,"turns":3},{"damage":14,"enemies":"downfall:Watcher","floor":16,"turns":4}],"seed_played":"-3165819251144466637","potions_obtained":[{"floor":9,"key":"LiquidMemories"},{"floor":12,"key":"Toxic Potion"},{"floor":15,"key":"champ:CounterPotion"}],"is_trial":false,"path_per_floor":["R","?","M","T","R","M","T","E","M","E","?","M","?","?","M","B"],"character_chosen":"THE_CHAMP","items_purchased":[],"campfire_rested":0,"item_purchase_floors":[],"current_hp_per_floor":[90,90,90,90,90,90,90,90,83,22,22,16,16,16,10,0,0],"gold":274,"neow_bonus":"THREE_ENEMY_KILL","is_daily":false,"chose_seed":false,"campfire_upgraded":2,"win_rate":0.0,"timestamp":1608438161,"path_taken":["R","?","M","?","R","M","T","E","M","E","?","M","?","?","M","BOSS"],"items_purchased_type":[],"build_version":"2020-12-13","purchased_purges":0,"victory":false,"max_hp_per_floor":[90,90,90,90,90,90,90,90,90,90,90,90,90,90,90,90,90],"card_choices":[{"not_picked":["champ:CrookedStrike","champ:Encircle"],"picked":"champ:DefensiveShout","floor":3},{"not_picked":["champ:PerfectedStrike","champ:FanOfKnives"],"picked":"champ:Shatter","floor":6},{"not_picked":["champ:FanOfKnives","champ:CrookedStrike"],"picked":"champ:PerfectForm","floor":8},{"not_picked":["champ:GladiatorStyle","champ:FanOfKnives"],"picked":"champ:DefensiveShout","floor":9},{"not_picked":["champ:AdrenalArmor","champ:GladiatorsShout"],"picked":"champ:Duel","floor":10},{"not_picked":["champ:PreciseThrust","champ:Circumvent"],"picked":"champ:ArenaPreparation","floor":12},{"not_picked":["champ:BerserkerStyle","champ:ArenaPreparation"],"picked":"champ:FalseCounter","floor":15}],"player_experience":538189,"relics_obtained":[{"floor":4,"key":"Juzu Bracelet"},{"floor":8,"key":"Happy Flower"},{"floor":10,"key":"Singing Bowl"}],"event_choices":[{"damage_healed":0,"gold_gain":0,"cards_transformed":["champ:Strike"],"player_choice":"Transformed","damage_taken":0,"max_hp_gain":0,"max_hp_loss":0,"event_name":"Transmorgrifier","floor":11,"gold_loss":0,"cards_obtained":["champ:AdrenalArmor"]}],"is_beta":false,"boss_relics":[],"items_purged_floors":[],"is_endless":false,"potions_floor_spawned":[9,12,15],"killed_by":"downfall:Watcher","ascension_level":0}}