{"host":"d50bw6kybq14xu1u","time":1608461980,"event":{"mods":["BaseMod","Colored Map","Colored Powertips","Minty Spire (QoL Compilation)","Quick Restart"],"gold_per_floor":[109,60,60,60,74,74,85,117,117,117,149,162,195,210,210,308,308,323,339,339,254,254,254,254],"floor_reached":23,"playtime":769,"items_purged":[],"score":209,"play_id":"80cdf6d5-4b27-4337-b4cf-cc3e7882b76c","local_time":"20201220185940","is_ascension_mode":false,"campfire_choices":[{"data":"Armaments","floor":6,"key":"SMITH"},{"data":"Blood for Blood","floor":10,"key":"SMITH"},{"floor":15,"key":"REST"}],"circlet_count":0,"master_deck":["Strike_R+1","Strike_R","Strike_R","Strike_R+1","Strike_R","Defend_R","Defend_R","Defend_R","Defend_R","Bash","Blood for Blood+1","Armaments+1","Infernal Blade","Metallicize","Metallicize","Infernal Blade","Dark Embrace","Bloodletting","Pommel Strike","Offering","Clothesline+1"],"relics":["Black Blood","WingedGreaves","Bottled Lightning","Lizard Tail","Regal Pillow","Bronze Scales","Meat on the Bone","Calipers"],"acts_visited":["Exordium","TheCity"],"potions_floor_usage":[],"damage_taken":[{"damage":0,"enemies":"Small Slimes","floor":1,"turns":3},{"damage":3,"enemies":"Jaw Worm","floor":5,"turns":3},{"damage":0,"enemies":"2 Louse","floor":7,"turns":2},{"damage":19,"enemies":"Gremlin Nob","floor":8,"turns":5},{"damage":17,"enemies":"Lagavulin","floor":11,"turns":6},{"damage":5,"enemies":"Large Slime","floor":12,"turns":4},{"damage":24,"enemies":"Gremlin Nob","floor":13,"turns":4},{"damage":15,"enemies":"Red Slaver","floor":14,"turns":4},{"damage":60,"enemies":"The Guardian","floor":16,"turns":9},{"damage":20,"enemies":"Spheric Guardian","floor":18,"turns":5},{"damage":16,"enemies":"Chosen","floor":19,"turns":5},{"damage":69,"enemies":"Gremlin Leader","floor":23,"turns":4}],"seed_played":"-8035779824909763287","potions_obtained":[{"floor":1,"key":"SneckoOil"},{"floor":7,"key":"CultistPotion"},{"floor":11,"key":"BlessingOfTheForge"},{"floor":12,"key":"SteroidPotion"}],"is_trial":false,"path_per_floor":["M","$","?","?","M","R","M","E","T","R","E","M","E","M","R","B",null,"M","M","?","?","?","E"],"character_chosen":"IRONCLAD","items_purchased":["Armaments"],"campfire_rested":1,"item_purchase_floors":[2],"current_hp_per_floor":[80,80,73,57,60,60,66,53,53,53,42,43,25,16,55,46,80,72,68,68,68,68,0,0],"gold":254,"neow_bonus":"","is_daily":false,"chose_seed":false,"campfire_upgraded":2,"win_rate":0.0,"timestamp":1608461980,"path_taken":["M","$","?","?","M","R","M","E","T","R","E","M","E","M","R","BOSS","M","M","?","?","?","E"],"items_purchased_type":["Card"],"build_version":"2020-12-13","purchased_purges":0,"victory":false,"max_hp_per_floor":[80,80,80,80,80,80,80,80,80,80,80,80,80,80,80,80,80,80,80,80,80,80,80,80],"card_choices":[{"not_picked":["Reckless Charge","True Grit"],"picked":"Blood for Blood","floor":1},{"not_picked":["Cleave","Body Slam"],"picked":"Infernal Blade","floor":5},{"not_picked":["Second Wind","Sword Boomerang"],"picked":"Metallicize","floor":7},{"not_picked":["Warcry","Clash"],"picked":"Metallicize","floor":8},{"not_picked":["True Grit","Sword Boomerang"],"picked":"Infernal Blade","floor":11},{"not_picked":["Ghostly Armor","Clothesline"],"picked":"Dark Embrace","floor":12},{"not_picked":["Clothesline","Headbutt"],"picked":"Bloodletting","floor":13},{"not_picked":["Whirlwind","Impervious"],"picked":"Pommel Strike","floor":14},{"not_picked":["Barricade","Berserk"],"picked":"Offering","floor":16},{"not_picked":["Dropkick","Carnage"],"picked":"Clothesline+1","floor":18},{"not_picked":["Headbutt","Sword Boomerang","Body Slam"],"picked":"SKIP","floor":19}],"player_experience":0,"relics_obtained":[{"floor":8,"key":"Bottled Lightning"},{"floor":9,"key":"Lizard Tail"},{"floor":11,"key":"Regal Pillow"},{"floor":13,"key":"Bronze Scales"}],"event_choices":[{"damage_healed":0,"gold_gain":0,"player_choice":"Success","damage_taken":7,"relics_obtained":["WingedGreaves"],"max_hp_gain":0,"max_hp_loss":0,"event_name":"Scrap Ooze","floor":3,"gold_loss":0},{"damage_healed":0,"gold_gain":0,"player_choice":"Entered Light","damage_taken":16,"max_hp_gain":0,"max_hp_loss":0,"event_name":"Shining Light","floor":4,"gold_loss":0,"cards_upgraded":["Strike_R","Strike_R"]},{"damage_healed":0,"gold_gain":0,"player_choice":"Opened","damage_taken":0,"relics_obtained":["Meat on the Bone"],"max_hp_gain":0,"max_hp_loss":0,"event_name":"The Mausoleum","floor":20,"gold_loss":0,"cards_obtained":["Writhe"]},{"damage_healed":0,"gold_gain":0,"player_choice":"Obtained Relic","damage_taken":0,"relics_obtained":["Calipers"],"max_hp_gain":0,"max_hp_loss":0,"event_name":"Addict","floor":21,"gold_loss":85},{"cards_removed":["Writhe"],"damage_healed":0,"gold_gain":0,"player_choice":"Elegance","damage_taken":0,"max_hp_gain":0,"max_hp_loss":0,"event_name":"Back to Basics","floor":22,"gold_loss":0}],"is_beta":false,"boss_relics":[{"not_picked":["Tiny House","Ectoplasm"],"picked":"Black Blood"}],"items_purged_floors":[],"is_endless":false,"potions_floor_spawned":[1,7,11,12,16],"killed_by":"Gremlin Leader","ascension_level":0}}