{"host":"fjnjuohsz43l8o15","time":1608487931,"event":{"mods":["2.2 Compatiblity","Act Like it!","BaseMod","Downfall","Friendly Minions","Minty Spire (QoL Compilation)","StSLib"],"gold_per_floor":[99,125,125,50,66,76,101,11,43,43,28,128,89,114,136,235,235,235],"floor_reached":17,"playtime":1281,"items_purged":[],"score":188,"play_id":"ea004e88-95da-4f6f-b135-755b51243162","local_time":"20201220181211","is_ascension_mode":false,"campfire_choices":[{"floor":1.0,"key":"RECALL"},{"data":"hexamod:Float","floor":4.0,"key":"SMITH"},{"floor":10.0,"key":"REST"}],"circlet_count":0,"master_deck":["hexamod:Strike","hexamod:Strike","hexamod:Strike","hexamod:Strike","hexamod:Defend","hexamod:Defend","hexamod:Defend","hexamod:Defend","hexamod:Sear","hexamod:Float+1","hexamod:CatchUp","hexamod:ShieldOfDarkness","hexamod:HeatMetal","hexamod:Again","hexamod:ThirdSeal","hexamod:FourthSeal","hexamod:HexaLevel","hexamod:SecondSeal","hexamod:ParanormalForm","hexamod:SpectersWail","hexamod:StepThrough","hexamod:BurningTouch","hexamod:HeatShield","hexamod:GhostLash","hexamod:HexaLevel","hexamod:ParanormalForm"],"relics":["hexamod:SpiritBrand","downfall:HeartsMalice","Lizard Tail","downfall:HeartBlessingRed","MealTicket","Tiny Chest","Potion Belt","SlaversCollar"],"acts_visited":["TheCity"],"potions_floor_usage":[],"damage_taken":[{"damage":0.0,"enemies":"Gremlin Nob","floor":2.0,"turns":1.0},{"damage":0.0,"enemies":"Cultist","floor":3.0,"turns":1.0},{"damage":0.0,"enemies":"Small Slimes","floor":5.0,"turns":3.0},{"damage":0.0,"enemies":"2 Louse","floor":6.0,"turns":2.0},{"damage":0.0,"enemies":"downfall:FleeingMerchant","floor":8.0,"turns":4.0},{"damage":42.0,"enemies":"Lagavulin","floor":9.0,"turns":8.0},{"damage":4.0,"enemies":"downfall:FleeingMerchant","floor":11.0,"turns":4.0},{"damage":24.0,"enemies":"downfall:WomanInBlue","floor":12.0,"turns":10.0},{"damage":9.0,"enemies":"downfall:FleeingMerchant","floor":13.0,"turns":4.0},{"damage":14.0,"enemies":"Lots of Slimes","floor":14.0,"turns":5.0},{"damage":2.0,"enemies":"Blue Slaver","floor":15.0,"turns":4.0},{"damage":51.0,"enemies":"downfall:CharBossSilent","floor":16.0,"turns":9.0}],"seed_played":"-3748347451830731778","potions_obtained":[{"floor":2.0,"key":"Weak Potion"},{"floor":6.0,"key":"EntropicBrew"},{"floor":12.0,"key":"Energy Potion"},{"floor":12.0,"key":"BlessingOfTheForge"},{"floor":12.0,"key":"DistilledChaos"},{"floor":14.0,"key":"FairyPotion"},{"floor":14.0,"key":"hexamod:DoubleChargePotion"},{"floor":16.0,"key":"SkillPotion"}],"is_trial":false,"path_per_floor":["R","E","M","R","M","M","T","$","E","R","$","?","$","M","M","B",null],"character_chosen":"THE_SPIRIT","items_purchased":["hexamod:ThirdSeal","hexamod:SpectersWail"],"campfire_rested":1,"item_purchase_floors":[8,13],"current_hp_per_floor":[70,70,70,70,70,70,70,70,28,49,60,50,56,42,40,12,70,70],"gold":235,"neow_bonus":"THREE_ENEMY_KILL","is_daily":false,"chose_seed":false,"campfire_upgraded":1,"win_rate":0.0,"timestamp":1608487931,"path_taken":["R","E","M","R","?","M","T","$","E","R","$","?","$","M","M","BOSS"],"items_purchased_type":["Card","Card"],"build_version":"2020-12-13","purchased_purges":0,"victory":false,"max_hp_per_floor":[70,70,70,70,70,70,70,70,70,70,70,70,70,70,70,70,70,70],"card_choices":[{"not_picked":["hexamod:RetreatToShadows","hexamod:GhostOfSpireFuture"],"picked":"hexamod:CatchUp","floor":2.0},{"not_picked":["hexamod:ThermalTransfer","hexamod:GhostOfSpirePresent"],"picked":"hexamod:ShieldOfDarkness","floor":3.0},{"not_picked":["hexamod:RetreatToShadows","hexamod:NightmareStrike"],"picked":"hexamod:HeatMetal","floor":5.0},{"not_picked":["hexamod:AdvancingGuard","hexamod:NightmareStrike"],"picked":"hexamod:Again","floor":6.0},{"not_picked":["hexamod:ThirdSeal","hexamod:TurnItUp"],"picked":"hexamod:FourthSeal","floor":9.0},{"not_picked":["hexamod:GhostflameBarrier","hexamod:FastForward"],"picked":"hexamod:HexaLevel","floor":9.0},{"not_picked":["hexamod:PhantomFireball","hexamod:ExtraCrispy"],"picked":"hexamod:SecondSeal","floor":12.0},{"not_picked":["hexamod:Firestarter","hexamod:SpectersWail"],"picked":"hexamod:ParanormalForm","floor":12.0},{"not_picked":["hexamod:Hexaguard","hexamod:InspiringFlames"],"picked":"hexamod:StepThrough","floor":14.0},{"not_picked":["hexamod:CatchUp","hexamod:Haunt"],"picked":"hexamod:BurningTouch","floor":14.0},{"not_picked":["hexamod:BacktrackSmack","hexamod:FastForward"],"picked":"hexamod:HeatShield","floor":15.0},{"not_picked":["hexamod:RainOfEmbers","hexamod:FastForward"],"picked":"hexamod:GhostLash","floor":15.0},{"not_picked":["hexamod:SearingWound","hexamod:CrushingStance"],"picked":"hexamod:HexaLevel","floor":16.0},{"not_picked":["hexamod:GhostflameInferno","hexamod:TurnItUp"],"picked":"hexamod:ParanormalForm","floor":16.0}],"player_experience":118018,"relics_obtained":[{"floor":2.0,"key":"Lizard Tail"},{"floor":7.0,"key":"MealTicket"},{"floor":9.0,"key":"Tiny Chest"},{"floor":12.0,"key":"Potion Belt"}],"event_choices":[],"is_beta":false,"boss_relics":[{"not_picked":["Empty Cage","Runic Dome"],"picked":"SlaversCollar"}],"items_purged_floors":[],"is_endless":false,"potions_floor_spawned":[2,6,14,15,16],"ascension_level":0}}