{"host":"Jedit","time":1608498669,"event":{"mods":["BaseMod","Minty Spire (QoL Compilation)","Relic Stats","StSLib"],"gold_per_floor":[115,115,134,134,152,152,195,195,195,195,47,86,261,107,107,231,231,251,42,56,56,70,70,103,103,155,198,223,223,302,321,321,441,441,459,478,478,478,173,173,189,202,202,226,249,582,429,429,429,429,429,429,125,159,159],"floor_reached":56,"playtime":2318,"items_purged":["Doubt","Blade Dance"],"score":1608,"play_id":"75a8987d-38ee-4fb2-97db-7db409347c02","local_time":"20201220211109","is_ascension_mode":true,"campfire_choices":[{"data":"Terror","floor":6.0,"key":"SMITH"},{"data":"Dagger Spray","floor":8.0,"key":"SMITH"},{"data":"Deadly Poison","floor":10.0,"key":"SMITH"},{"data":"Footwork","floor":15.0,"key":"SMITH"},{"floor":23.0,"key":"REST"},{"floor":25.0,"key":"REST"},{"floor":32,"key":"REST"},{"floor":40,"key":"RECALL"},{"floor":49,"key":"REST"},{"floor":52,"key":"REST"}],"circlet_count":0,"master_deck":["Strike_G+1","Strike_G+1","Defend_G+1","Defend_G+1","Defend_G+1","Survivor","Neutralize","Night Terror+1","Predator+1","Dash+1","Deadly Poison+1","Dagger Spray+1","Terror+1","Footwork+1","Footwork","Corpse Explosion","Dagger Spray+1","Noxious Fumes","Crippling Poison","Dash+1","Leg Sweep+1","Deadly Poison+1","Corpse Explosion","PiercingWail","Adrenaline","Deadly Poison","Dagger Spray+1","Blind","Reflex+1","Acrobatics","Adrenaline","PiercingWail","Well Laid Plans+1","Blur","Dodge and Roll+1","Acrobatics+1","PiercingWail","Malaise","Catalyst+1"],"relics":["Astrolabe","Shuriken","Letter Opener","ClockworkSouvenir","TungstenRod","SlaversCollar","Membership Card","Paper Crane","Tough Bandages","Sundial","Fusion Hammer","Strawberry","StoneCalendar","Orrery","Bird Faced Urn","Regal Pillow","DollysMirror","Snake Skull","Lee\u0027s Waffle","Turnip"],"acts_visited":["Exordium","TheCity","TheBeyond","TheEnding"],"potions_floor_usage":[41,42,44,50,55,55,55],"damage_taken":[{"damage":0.0,"enemies":"Cultist","floor":1.0,"turns":4.0},{"damage":0.0,"enemies":"2 Louse","floor":3.0,"turns":3.0},{"damage":0.0,"enemies":"Jaw Worm","floor":5.0,"turns":3.0},{"damage":0.0,"enemies":"Gremlin Nob","floor":7.0,"turns":3.0},{"damage":17.0,"enemies":"Lagavulin","floor":12.0,"turns":4.0},{"damage":0.0,"enemies":"Slime Boss","floor":16.0,"turns":4.0},{"damage":9.0,"enemies":"Spheric Guardian","floor":18.0,"turns":6.0},{"damage":11.0,"enemies":"Chosen","floor":20.0,"turns":5.0},{"damage":27.0,"enemies":"Snecko","floor":22.0,"turns":5.0},{"damage":31.0,"enemies":"Slavers","floor":24.0,"turns":4.0},{"damage":2.0,"enemies":"Book of Stabbing","floor":27.0,"turns":5.0},{"damage":5.0,"enemies":"Sentry and Sphere","floor":28.0,"turns":6.0},{"damage":0,"enemies":"Cultist and Chosen","floor":31,"turns":6},{"damage":41,"enemies":"Champ","floor":33,"turns":12},{"damage":9,"enemies":"3 Darklings","floor":35,"turns":3},{"damage":2,"enemies":"3 Shapes","floor":36,"turns":3},{"damage":0,"enemies":"3 Darklings","floor":41,"turns":4},{"damage":22,"enemies":"Transient","floor":42,"turns":5},{"damage":5,"enemies":"Jaw Worm Horde","floor":44,"turns":3},{"damage":11,"enemies":"Sphere and 2 Shapes","floor":45,"turns":6},{"damage":25,"enemies":"Awakened One","floor":50,"turns":14},{"damage":41,"enemies":"Shield and Spear","floor":54,"turns":6},{"damage":10,"enemies":"The Heart","floor":55,"turns":7}],"seed_played":"-4639668033201250924","potions_obtained":[{"floor":5.0,"key":"Strength Potion"},{"floor":12.0,"key":"EntropicBrew"},{"floor":16.0,"key":"DuplicationPotion"},{"floor":24.0,"key":"AttackPotion"},{"floor":27.0,"key":"GhostInAJar"},{"floor":31,"key":"Explosive Potion"},{"floor":33,"key":"Explosive Potion"},{"floor":35,"key":"SteroidPotion"},{"floor":41,"key":"AttackPotion"},{"floor":42,"key":"CultistPotion"},{"floor":44,"key":"BlessingOfTheForge"},{"floor":54,"key":"Dexterity Potion"}],"is_trial":false,"path_per_floor":["M","?","M","?","M","R","E","R","T","R","$","E","?","$","R","B",null,"M","$","M","?","M","R","E","R","T","E","M","?","T","M","R","B",null,"M","M","?","?","$","R","M","M","T","M","M","?","$","?","R","B",null,"R","$","E","B",null],"character_chosen":"THE_SILENT","items_purchased":["ClockworkSouvenir","Footwork","Membership Card","Noxious Fumes","Crippling Poison","Strawberry","StoneCalendar","Orrery","Regal Pillow","DollysMirror","Snake Skull","Lee\u0027s Waffle","Malaise","PowerPotion"],"campfire_rested":5,"item_purchase_floors":[11,14,19,19,19,39,39,39,47,47,53,53,53,53],"current_hp_per_floor":[63,63,63,63,63,63,63,63,63,63,63,46,46,46,46,46,60,51,51,40,40,13,32,15,34,34,32,27,27,27,27,46,5,50,41,39,39,39,46,46,46,24,24,19,14,14,14,14,50,33,62,72,79,42,42],"gold":159,"neow_bonus":"BOSS_RELIC","is_daily":false,"chose_seed":false,"campfire_upgraded":4,"win_rate":0.0,"timestamp":1608498669,"path_taken":["M","?","M","?","M","R","E","R","T","R","$","E","?","$","R","BOSS","M","$","M","?","M","R","E","R","T","E","?","?","?","M","R","BOSS","M","M","?","?","?","R","M","M","T","M","?","?","$","?","R","BOSS","R","$","E","BOSS"],"items_purchased_type":["Relic","Card","Relic","Card","Card","Relic","Relic","Relic","Relic","Relic","Relic","Relic","Card","Potion"],"build_version":"2020-12-18","purchased_purges":2,"victory":true,"max_hp_per_floor":[70,70,70,65,65,65,65,65,65,65,65,65,65,65,65,65,65,65,65,65,65,65,65,65,65,65,65,65,65,65,65,65,65,65,65,65,65,65,72,72,72,72,72,72,72,72,72,72,72,72,72,72,79,79,79],"relic_stats":{"Regal Pillow":15,"Lee\u0027s Waffle":7,"counters":[23,121],"Astrolabe":["Night Terror","Predator","Dash"],"StoneCalendar":[52],"Snake Skull":[20],"Letter Opener":[270],"Tough Bandages":[81],"Shuriken":[19],"Sundial":[6],"Bird Faced Urn":[28],"Turnip":[2],"obtain_stats":[{"Regal Pillow":47,"Lee\u0027s Waffle":53,"Golden Idol":4,"Astrolabe":0,"StoneCalendar":39,"Snake Skull":53,"Letter Opener":9,"Paper Crane":24,"ClockworkSouvenir":11,"SlaversCollar":17,"Tough Bandages":27,"Shuriken":7,"Sundial":30,"DollysMirror":47,"Strawberry":39,"Bird Faced Urn":43,"Orrery":39,"Fusion Hammer":34,"Turnip":54,"Membership Card":19,"TungstenRod":12,"Ring of the Snake":0},{"Regal Pillow":20,"Lee\u0027s Waffle":21,"Golden Idol":2,"Astrolabe":0,"StoneCalendar":16,"Snake Skull":21,"Letter Opener":4,"Paper Crane":10,"ClockworkSouvenir":4,"SlaversCollar":6,"Tough Bandages":11,"Shuriken":4,"Sundial":12,"DollysMirror":20,"Strawberry":16,"Bird Faced Urn":18,"Orrery":16,"Fusion Hammer":14,"Turnip":22,"Membership Card":7,"TungstenRod":5,"Ring of the Snake":0},{"Regal Pillow":94,"Lee\u0027s Waffle":108,"Golden Idol":7,"Astrolabe":0,"StoneCalendar":76,"Snake Skull":108,"Letter Opener":13,"Paper Crane":41,"ClockworkSouvenir":13,"SlaversCollar":21,"Tough Bandages":46,"Shuriken":13,"Sundial":52,"DollysMirror":94,"Strawberry":76,"Bird Faced Urn":85,"Orrery":76,"Fusion Hammer":70,"Turnip":114,"Membership Card":27,"TungstenRod":17,"Ring of the Snake":0}],"TungstenRod":43},"card_choices":[{"not_picked":["Slice","Dash"],"picked":"Deadly Poison","floor":1.0},{"not_picked":["Prepared","Deflect"],"picked":"Dagger Spray","floor":3.0},{"not_picked":["Deadly Poison","Acrobatics"],"picked":"Terror","floor":5.0},{"not_picked":["Flechettes","Underhanded Strike","Night Terror"],"picked":"SKIP","floor":7.0},{"not_picked":["Dagger Throw","Leg Sweep"],"picked":"Footwork","floor":12.0},{"not_picked":["Wraith Form v2","Night Terror"],"picked":"Corpse Explosion","floor":16.0},{"not_picked":["Setup","Leg Sweep"],"picked":"Dagger Spray+1","floor":18.0},{"not_picked":["Prepared","Expertise","Distraction"],"picked":"SKIP","floor":20.0},{"not_picked":["Slice","Deadly Poison"],"picked":"Leg Sweep+1","floor":22.0},{"not_picked":["Infinite Blades","Expertise+1"],"picked":"Deadly Poison+1","floor":24.0},{"not_picked":["Sucker Punch+1","Predator+1"],"picked":"Corpse Explosion","floor":27.0},{"not_picked":["Crippling Poison","Concentrate"],"picked":"Blade Dance","floor":28.0},{"not_picked":["Setup","Accuracy+1"],"picked":"PiercingWail","floor":31},{"not_picked":["After Image","Doppelganger"],"picked":"Adrenaline","floor":33},{"not_picked":["Riddle With Holes+1","Finisher"],"picked":"Deadly Poison","floor":35},{"not_picked":["Flying Knee+1","Flechettes"],"picked":"Dagger Spray+1","floor":36},{"not_picked":["Mayhem","Magnetism"],"picked":"Blind","floor":37},{"not_picked":["Calculated Gamble","Die Die Die"],"picked":"Reflex+1","floor":39},{"not_picked":["Deadly Poison","Sucker Punch"],"picked":"Acrobatics","floor":39},{"not_picked":["Blade Dance","Flying Knee"],"picked":"Adrenaline","floor":39},{"not_picked":["Finisher","Infinite Blades"],"picked":"PiercingWail","floor":39},{"not_picked":["Backflip","Dagger Throw+1"],"picked":"Well Laid Plans+1","floor":41},{"not_picked":["Skewer+1","Prepared+1"],"picked":"Blur","floor":42},{"not_picked":["Concentrate","Slice+1"],"picked":"Dodge and Roll+1","floor":44},{"not_picked":["Bane+1","Predator"],"picked":"Acrobatics+1","floor":45},{"not_picked":["Bane","Dash+1"],"picked":"Catalyst+1","floor":54}],"player_experience":3389097,"relics_obtained":[{"floor":7.0,"key":"Shuriken"},{"floor":9.0,"key":"Letter Opener"},{"floor":12.0,"key":"TungstenRod"},{"floor":24.0,"key":"Paper Crane"},{"floor":27.0,"key":"Tough Bandages"},{"floor":30.0,"key":"Sundial"},{"floor":43,"key":"Bird Faced Urn"},{"floor":54,"key":"Turnip"}],"event_choices":[{"cards_removed":["Strike_G"],"damage_healed":0.0,"max_hp_gain":0.0,"max_hp_loss":0.0,"gold_gain":0.0,"event_name":"Living Wall","player_choice":"Forget","floor":2.0,"gold_loss":0.0,"damage_taken":0.0},{"damage_healed":0.0,"max_hp_gain":0.0,"max_hp_loss":5.0,"gold_gain":0.0,"event_name":"Golden Idol","player_choice":"Lose Max HP","floor":4.0,"gold_loss":0.0,"damage_taken":0.0,"relics_obtained":["Golden Idol"]},{"damage_healed":0.0,"max_hp_gain":0.0,"max_hp_loss":0.0,"gold_gain":175.0,"event_name":"Liars Game","player_choice":"AGREE","floor":13.0,"gold_loss":0.0,"damage_taken":0.0,"cards_obtained":["Doubt"]},{"damage_healed":0.0,"max_hp_gain":0.0,"max_hp_loss":0.0,"gold_gain":0.0,"event_name":"Duplicator","player_choice":"Copied","floor":21.0,"gold_loss":0.0,"damage_taken":0.0,"cards_obtained":["Dash"]},{"damage_healed":0.0,"max_hp_gain":0.0,"max_hp_loss":0.0,"gold_gain":0.0,"event_name":"Back to Basics","player_choice":"Simplicity","floor":29.0,"gold_loss":0.0,"damage_taken":0.0,"cards_upgraded":["Strike_G","Strike_G","Strike_G","Defend_G","Defend_G","Defend_G"]},{"damage_healed":0,"gold_gain":0,"player_choice":"Memory 1","damage_taken":0,"max_hp_gain":0,"max_hp_loss":0,"event_name":"SensoryStone","floor":37,"gold_loss":0},{"cards_removed":["Strike_G"],"damage_healed":0,"gold_gain":0,"player_choice":"Removed Attack","damage_taken":0,"max_hp_gain":0,"max_hp_loss":0,"event_name":"Falling","floor":38,"gold_loss":0},{"damage_healed":0,"gold_gain":333,"player_choice":"Gave Idol","damage_taken":0,"max_hp_gain":0,"max_hp_loss":0,"event_name":"The Moai Head","floor":46,"relics_lost":["Golden Idol"],"gold_loss":0},{"damage_healed":0,"gold_gain":0,"player_choice":"Ignored","damage_taken":0,"max_hp_gain":0,"max_hp_loss":0,"event_name":"Tomb of Lord Red Mask","floor":48,"gold_loss":0}],"is_beta":true,"boss_relics":[{"not_picked":["SacredBark","Sozu"],"picked":"SlaversCollar"},{"not_picked":["Pandora\u0027s Box","Velvet Choker"],"picked":"Fusion Hammer"}],"items_purged_floors":[14,53],"is_endless":false,"potions_floor_spawned":[5,12,16,20,24,27,31,33,35,41,42,44,54],"ascension_level":6}}