{"host":"2461dio7vetlq1z3","time":1608424439,"event":{"mods":["2.2 Compatiblity","AchievementEnabler","BaseMod","Better Third Choice","Hermit","Marisa????????","Minty Spire (QoL Compilation)","Relic Stats","Spicy Shops","StSLib","Waifu the Spire"],"gold_per_floor":[109,109,109,129,35,35,63,63,87,87,87],"floor_reached":10,"playtime":232,"items_purged":[],"score":128,"play_id":"43feffd0-ea36-44e3-85fb-2fbb5fbbbbe1","local_time":"20201220013359","is_ascension_mode":true,"campfire_choices":[{"data":"Bash","floor":6,"key":"SMITH"},{"floor":8,"key":"REST"}],"circlet_count":0,"master_deck":["AscendersBane","Strike_R","Strike_R","Strike_R","Strike_R","Defend_R","Defend_R","Defend_R","Defend_R","Bash+1","Dropkick","Burn+1","Flame Barrier","Flash of Steel","Combust"],"relics":["Runic Cube","Boot","Red Skull"],"acts_visited":["Exordium"],"potions_floor_usage":[7],"damage_taken":[{"damage":1,"enemies":"Cultist","floor":1,"turns":3},{"damage":7,"enemies":"2 Louse","floor":4,"turns":3},{"damage":41,"enemies":"Lagavulin","floor":7,"turns":10},{"damage":34,"enemies":"Gremlin Nob","floor":10,"turns":3}],"seed_played":"-5264810053656946717","potions_obtained":[{"floor":1,"key":"EssenceOfSteel"}],"is_trial":false,"path_per_floor":["M","?","?","M","$","R","E","R","T","E"],"character_chosen":"IRONCLAD","items_purchased":["Flash of Steel"],"campfire_rested":1,"item_purchase_floors":[5],"current_hp_per_floor":[67,60,60,53,53,53,12,34,34,0,0],"gold":87,"neow_bonus":"BOSS_RELIC","is_daily":false,"chose_seed":false,"campfire_upgraded":1,"win_rate":0.0,"timestamp":1608424439,"path_taken":["M","?","?","M","$","R","E","R","T","E"],"items_purchased_type":["Card"],"build_version":"2020-12-13","purchased_purges":0,"victory":false,"max_hp_per_floor":[75,75,75,75,75,75,75,75,75,75,75],"relic_stats":{"counters":[4,19],"Boot":[0],"obtain_stats":[{"Boot":7,"Burning Blood":0,"Red Skull":9,"Runic Cube":0},{"Boot":3,"Burning Blood":0,"Red Skull":3,"Runic Cube":0},{"Boot":16,"Burning Blood":0,"Red Skull":16,"Runic Cube":0}],"Runic Cube":[9]},"card_choices":[{"not_picked":["Heavy Blade","Clash"],"picked":"Dropkick","floor":1},{"not_picked":["Dual Wield","Sword Boomerang"],"picked":"Flame Barrier","floor":4},{"not_picked":["Body Slam","Seeing Red"],"picked":"Combust","floor":7}],"player_experience":867536,"relics_obtained":[{"floor":7,"key":"Boot"},{"floor":9,"key":"Red Skull"}],"event_choices":[{"cards_removed":["Strike_R"],"damage_healed":0,"gold_gain":0,"player_choice":"Card Removal","damage_taken":7,"max_hp_gain":0,"max_hp_loss":0,"event_name":"Golden Wing","floor":2,"gold_loss":0},{"damage_healed":60,"gold_gain":0,"player_choice":"Embrace Burn","damage_taken":0,"max_hp_gain":0,"max_hp_loss":75,"event_name":"betterThird:BetterShining","floor":3,"gold_loss":0}],"is_beta":false,"boss_relics":[],"items_purged_floors":[],"is_endless":false,"potions_floor_spawned":[1],"killed_by":"Gremlin Nob","ascension_level":20}}