{"host":"o7j6aatxjwpw1421","time":1608453860,"event":{"mods":["2.2 Compatiblity","BaseMod","Colored Map","DeckTracker","Highlight Path","Keyboard Shortcuts","Minty Spire (QoL Compilation)","Permanent Neow","Quick Restart","StSLib","SuperFastMode","everything is the same but u backflip on backflip"],"gold_per_floor":[119,130,90,107,123,123,157,174,201,201,231,241,65,65,65,166,166,182,182,182,195,195,195,195,195],"floor_reached":24,"playtime":1001,"items_purged":["Strike_R"],"score":258,"play_id":"6e0c3fd3-b364-4d77-8898-5926ddfc611a","local_time":"20201220174420","is_ascension_mode":true,"campfire_choices":[{"data":"Hemokinesis","floor":6.0,"key":"SMITH"},{"data":"Seeing Red","floor":10.0,"key":"SMITH"},{"data":"Bloodletting","floor":15.0,"key":"SMITH"},{"data":"Heavy Blade","floor":23.0,"key":"SMITH"}],"circlet_count":0,"master_deck":["Defend_R","Defend_R","Defend_R","Defend_R","Bash","Hemokinesis+1","Battle Trance","Seeing Red+1","Demon Form","Pommel Strike","Bloodletting+1","Heavy Blade+1","Reaper","Armaments+1","Shrug It Off"],"relics":["Burning Blood","Omamori","Juzu Bracelet","Regal Pillow","Empty Cage"],"acts_visited":["Exordium","TheCity"],"potions_floor_usage":[24,24],"damage_taken":[{"damage":5.0,"enemies":"Cultist","floor":1.0,"turns":5.0},{"damage":9.0,"enemies":"Small Slimes","floor":2.0,"turns":3.0},{"damage":2.0,"enemies":"2 Louse","floor":4.0,"turns":4.0},{"damage":11.0,"enemies":"Looter","floor":5.0,"turns":3.0},{"damage":38.0,"enemies":"3 Sentries","floor":7.0,"turns":10.0},{"damage":14.0,"enemies":"Gremlin Gang","floor":8.0,"turns":6.0},{"damage":10.0,"enemies":"Gremlin Nob","floor":11.0,"turns":3.0},{"damage":4.0,"enemies":"Blue Slaver","floor":12.0,"turns":4.0},{"damage":16.0,"enemies":"Slime Boss","floor":16.0,"turns":7.0},{"damage":25.0,"enemies":"2 Thieves","floor":18.0,"turns":4.0},{"damage":7.0,"enemies":"Chosen","floor":21.0,"turns":4.0},{"damage":29,"enemies":"Slavers","floor":24,"turns":4}],"seed_played":"7639150800686596663","potions_obtained":[{"floor":3.0,"key":"SneckoOil"},{"floor":3.0,"key":"SpeedPotion"},{"floor":3.0,"key":"Swift Potion"},{"floor":5.0,"key":"ColorlessPotion"},{"floor":18.0,"key":"ColorlessPotion"}],"is_trial":false,"path_per_floor":["M","M","?","M","M","R","E","M","T","R","E","M","$","?","R","B",null,"M","?","?","M","?","R","E"],"character_chosen":"IRONCLAD","items_purchased":["Bloodletting","Heavy Blade"],"campfire_rested":0,"item_purchase_floors":[13,13],"current_hp_per_floor":[80,77,77,80,75,75,43,35,35,35,31,33,33,33,33,23,66,57,51,51,60,45,45,16,16],"gold":195,"neow_bonus":"REMOVE_CARD","is_daily":false,"chose_seed":false,"campfire_upgraded":4,"win_rate":0.0,"timestamp":1608453860,"path_taken":["M","?","?","M","?","R","E","M","T","R","E","M","$","?","R","BOSS","M","?","?","M","?","R","E"],"items_purchased_type":["Card","Card"],"build_version":"2020-12-13","purchased_purges":1,"victory":false,"max_hp_per_floor":[80,80,80,80,80,80,80,80,80,80,80,80,80,80,80,80,80,80,80,80,80,85,85,85,85],"card_choices":[{"not_picked":["Anger","Entrench"],"picked":"Hemokinesis","floor":1.0},{"not_picked":["Carnage","Metallicize"],"picked":"Battle Trance","floor":2.0},{"not_picked":["Iron Wave","Metallicize","Uppercut"],"picked":"SKIP","floor":4.0},{"not_picked":["Clothesline","Infernal Blade"],"picked":"Seeing Red","floor":5.0},{"not_picked":["Warcry","Anger"],"picked":"Demon Form","floor":7.0},{"not_picked":["Clothesline","Wild Strike","Warcry"],"picked":"SKIP","floor":8.0},{"not_picked":["Anger","Perfected Strike"],"picked":"Pommel Strike","floor":11.0},{"not_picked":["Inflame","Anger","Cleave"],"picked":"SKIP","floor":12.0},{"not_picked":["Demon Form","Berserk"],"picked":"Reaper","floor":16.0},{"not_picked":["Iron Wave","True Grit+1"],"picked":"Armaments+1","floor":18.0},{"not_picked":["Headbutt+1","Wild Strike+1","Perfected Strike+1"],"picked":"SKIP","floor":21.0}],"player_experience":278948,"relics_obtained":[{"floor":7.0,"key":"Omamori"},{"floor":9.0,"key":"Juzu Bracelet"},{"floor":11.0,"key":"Regal Pillow"}],"event_choices":[{"damage_healed":0.0,"max_hp_gain":0.0,"max_hp_loss":0.0,"gold_gain":0.0,"event_name":"The Woman in Blue","player_choice":"Bought 3 Potions","floor":3.0,"gold_loss":0.0,"damage_taken":0.0},{"cards_removed":["Strike_R"],"damage_healed":0.0,"max_hp_gain":0.0,"max_hp_loss":0.0,"gold_gain":0.0,"event_name":"Living Wall","player_choice":"Forget","floor":14.0,"gold_loss":0.0,"damage_taken":0.0},{"damage_healed":0.0,"max_hp_gain":0.0,"max_hp_loss":0.0,"gold_gain":0.0,"event_name":"Knowing Skull","player_choice":"","floor":19.0,"potions_obtained":[],"gold_loss":0.0,"damage_taken":6.0,"cards_obtained":[]},{"damage_healed":0.0,"max_hp_gain":0.0,"max_hp_loss":0.0,"gold_gain":0.0,"event_name":"The Library","player_choice":"Read","floor":20.0,"gold_loss":0.0,"damage_taken":0.0,"cards_obtained":["Shrug It Off"]},{"damage_healed":0.0,"max_hp_gain":5.0,"max_hp_loss":0.0,"gold_gain":0.0,"event_name":"Forgotten Altar","player_choice":"Shed Blood","floor":22.0,"gold_loss":0.0,"damage_taken":20.0}],"is_beta":false,"boss_relics":[{"not_picked":["Mark of Pain","Sozu"],"picked":"Empty Cage"}],"items_purged_floors":[13],"is_endless":false,"potions_floor_spawned":[4,5,8,18,21],"killed_by":"Slavers","ascension_level":5}}