{"host":"fne7yx97fnz7kq05","time":1608434913,"event":{"mods":["BaseMod","Colored Map","Colored Powertips","Highlight Path","Minty Spire (QoL Compilation)","Relic Stats"],"gold_per_floor":[118,130,149,149,4,31,31,62,116,14,14,48,65,81,81,81,81],"floor_reached":16,"playtime":664,"items_purged":[],"score":192,"play_id":"12a88ff9-dda7-4471-a37e-a15f532b0f41","local_time":"20201219212833","is_ascension_mode":true,"campfire_choices":[{"floor":7,"key":"REST"},{"data":"Heavy Blade","floor":11,"key":"SMITH"},{"floor":15,"key":"REST"}],"circlet_count":0,"master_deck":["AscendersBane","Strike_R","Strike_R","Strike_R","Strike_R","Defend_R","Defend_R","Defend_R","Defend_R","Bash","CurseOfTheBell","Pommel Strike","Spot Weakness","Pommel Strike","Clash","Impervious","Heavy Blade+1","Shrug It Off","Shockwave"],"relics":["Calling Bell","Anchor","Question Card","Magic Flower","PreservedInsect","Bronze Scales","Centennial Puzzle","Self Forming Clay"],"acts_visited":["Exordium"],"potions_floor_usage":[8,8,14,14,14,16],"damage_taken":[{"damage":11,"enemies":"Jaw Worm","floor":1,"turns":4},{"damage":1,"enemies":"Cultist","floor":2,"turns":3},{"damage":2,"enemies":"Small Slimes","floor":3,"turns":4},{"damage":30,"enemies":"Lagavulin","floor":6,"turns":6},{"damage":4,"enemies":"Gremlin Nob","floor":8,"turns":4},{"damage":20,"enemies":"3 Sentries","floor":12,"turns":7},{"damage":6,"enemies":"2 Fungi Beasts","floor":13,"turns":3},{"damage":15,"enemies":"Exordium Wildlife","floor":14,"turns":4},{"damage":57,"enemies":"The Guardian","floor":16,"turns":10}],"seed_played":"2382114058678184496","potions_obtained":[{"floor":1,"key":"SpeedPotion"},{"floor":3,"key":"ElixirPotion"},{"floor":6,"key":"Block Potion"},{"floor":12,"key":"EntropicBrew"}],"is_trial":false,"path_per_floor":["M","M","M","?","$","E","R","E","T","$","R","E","M","M","R","B"],"character_chosen":"IRONCLAD","items_purchased":["PreservedInsect","EntropicBrew"],"campfire_rested":2,"item_purchase_floors":[5,10],"current_hp_per_floor":[61,60,58,58,58,28,52,48,48,48,48,28,22,31,55,0,0],"gold":81,"neow_bonus":"BOSS_RELIC","is_daily":false,"chose_seed":false,"campfire_upgraded":1,"win_rate":0.0,"timestamp":1608434913,"path_taken":["M","M","M","?","?","E","R","E","T","$","R","E","?","M","R","BOSS"],"items_purchased_type":["Relic","Potion"],"build_version":"2020-12-13","purchased_purges":0,"victory":false,"max_hp_per_floor":[80,80,80,80,80,80,80,80,80,80,80,80,80,80,80,80,80],"relic_stats":{"Centennial Puzzle":[12],"counters":[9,45],"Self Forming Clay":[24],"Bronze Scales":[60],"Magic Flower":[8],"PreservedInsect":81,"Question Card":8,"obtain_stats":[{"Calling Bell":0,"Anchor":0,"Centennial Puzzle":9,"Self Forming Clay":12,"Bronze Scales":8,"Magic Flower":0,"PreservedInsect":5,"Question Card":0,"Burning Blood":0},{"Calling Bell":0,"Anchor":0,"Centennial Puzzle":5,"Self Forming Clay":6,"Bronze Scales":5,"Magic Flower":0,"PreservedInsect":3,"Question Card":0,"Burning Blood":0},{"Calling Bell":0,"Anchor":0,"Centennial Puzzle":21,"Self Forming Clay":28,"Bronze Scales":21,"Magic Flower":0,"PreservedInsect":11,"Question Card":0,"Burning Blood":0}]},"card_choices":[{"not_picked":["Flex","Iron Wave","Havoc"],"picked":"Pommel Strike","floor":1},{"not_picked":["Havoc","Wild Strike","Evolve"],"picked":"Spot Weakness","floor":2},{"not_picked":["True Grit","Perfected Strike","Headbutt"],"picked":"Pommel Strike","floor":3},{"not_picked":["Thunderclap","Inflame","Sever Soul"],"picked":"Impervious","floor":6},{"not_picked":["Body Slam","Anger","Burning Pact"],"picked":"Heavy Blade","floor":8},{"not_picked":["Sword Boomerang","Clothesline","Intimidate"],"picked":"Shrug It Off","floor":12},{"not_picked":["Perfected Strike","Clothesline","Seeing Red"],"picked":"Shockwave","floor":13},{"not_picked":["Dark Embrace","Wild Strike","Flex","Perfected Strike"],"picked":"SKIP","floor":14}],"player_experience":60563,"relics_obtained":[{"floor":0,"key":"Anchor"},{"floor":0,"key":"Question Card"},{"floor":0,"key":"Magic Flower"},{"floor":8,"key":"Bronze Scales"},{"floor":9,"key":"Centennial Puzzle"},{"floor":12,"key":"Self Forming Clay"}],"event_choices":[{"damage_healed":0,"gold_gain":0,"cards_transformed":["Strike_R"],"player_choice":"Transformed","damage_taken":0,"max_hp_gain":0,"max_hp_loss":0,"event_name":"Transmorgrifier","floor":4,"gold_loss":0,"cards_obtained":["Clash"]}],"is_beta":false,"boss_relics":[],"items_purged_floors":[],"is_endless":false,"potions_floor_spawned":[1,3,6,12],"killed_by":"The Guardian","ascension_level":12}}