{"host":"9k1ekd5e3lrdz5qp","time":1608508323,"event":{"mods":["Act Like it!","Bard","BaseMod","Beaked The Cultist","Better Altar","Better Skull","Better Third Choice","Conspire","Downfall","Elementarium","Hubris","Infinite Spire","Minty Spire (QoL Compilation)","Replay The Spire","StSLib"],"gold_per_floor":[99,99,99,99,99,128,206,271,196,226,240,240,254,164,182,283,283,283,316,327,366,366,385,385,385,385,385],"floor_reached":26,"playtime":10223,"items_purged":["conspire:GhostlyStrike"],"score":280,"play_id":"a219204e-4692-42a5-bd5e-9a777d7191bc","local_time":"20201220165203","is_ascension_mode":false,"campfire_choices":[{"data":"champ:Taunt","floor":1.0,"key":"SMITH"},{"data":"champ:PreciseThrust","floor":5.0,"key":"SMITH"},{"data":"champ:Execute","floor":9.0,"key":"SMITH"},{"data":"champ:GladiatorStyle","floor":18.0,"key":"SMITH"},{"floor":25,"key":"RECALL"}],"circlet_count":0,"master_deck":["conspire:GhostlyStrike","conspire:GhostlyStrike","conspire:GhostlyStrike","conspire:GhostlyDefend","conspire:GhostlyDefend","conspire:GhostlyDefend","conspire:GhostlyDefend","champ:Execute+1","champ:Taunt+1","champ:PreciseThrust+1","champ:FlashCut","champ:ViciousMockery","champ:Haymaker","champ:GladiatorStyle+1"],"relics":["champ:ChampionCrown","downfall:HeartsMalice","Orichalcum","hubris:SphereOfDissonance","hubris:TenFootPole","downfall:HeartBlessingGreen","White Beast Statue","downfall:BrokenWingStatue","hubris:BottledRain","MealTicket","conspire:SpecialSausage"],"acts_visited":["Exordium","Exordium"],"potions_floor_usage":[23],"damage_taken":[{"damage":0.0,"enemies":"2 Louse","floor":3.0,"turns":1.0},{"damage":0.0,"enemies":"Gremlin Nob","floor":6.0,"turns":1.0},{"damage":0.0,"enemies":"Gremlin Nob","floor":8.0,"turns":1.0},{"damage":19.0,"enemies":"3 Sentries","floor":10.0,"turns":10.0},{"damage":6.0,"enemies":"Small Slimes","floor":11.0,"turns":3.0},{"damage":5.0,"enemies":"Jaw Worm","floor":13.0,"turns":2.0},{"damage":15.0,"enemies":"downfall:FleeingMerchant","floor":14.0,"turns":4.0},{"damage":11.0,"enemies":"Exordium Thugs","floor":15.0,"turns":4.0},{"damage":25.0,"enemies":"downfall:Silent","floor":16.0,"turns":8.0},{"damage":36.0,"enemies":"Elementarium:FIRE_NOBILITY","floor":19.0,"turns":10.0},{"damage":15.0,"enemies":"Elementarium:MUD_AND_TAR_GOLEMS","floor":20.0,"turns":7.0},{"damage":28.0,"enemies":"conspire:MimicChest","floor":21.0,"turns":10.0},{"damage":0,"enemies":"Elementarium:VoidCorruption","floor":23,"turns":5},{"damage":12,"enemies":"Elementarium:STONE_GOLEMS","floor":26,"turns":3}],"seed_played":"613971424416249406","potions_obtained":[{"floor":8.0,"key":"EntropicBrew"},{"floor":11.0,"key":"Elixir"},{"floor":13.0,"key":"Strength Potion"},{"floor":16.0,"key":"champ:UltimateStancePotion"},{"floor":21.0,"key":"champ:OpenerPotion"}],"is_trial":false,"path_per_floor":["R","?","M","?","R","E","T","?","R","E","M","?","M","$","M","B",null,"R","E","M","?","?","M","T","R","M"],"character_chosen":"THE_CHAMP","items_purchased":[],"campfire_rested":0,"item_purchase_floors":[],"current_hp_per_floor":[90,90,90,90,90,90,90,90,90,86,85,85,85,85,79,59,90,90,54,44,16,11,11,11,11,0,0],"gold":385,"neow_bonus":"THREE_ENEMY_KILL","is_daily":false,"chose_seed":false,"campfire_upgraded":4,"win_rate":0.0,"timestamp":1608508323,"path_taken":["R","?","M","?","R","E","T","?","R","E","M","?","M","$","M","BOSS","R","E","M","?","?","?","T","R","M"],"items_purchased_type":[],"build_version":"2020-12-13","purchased_purges":1,"victory":false,"max_hp_per_floor":[90,90,90,90,90,90,90,90,90,90,90,90,90,90,90,90,90,90,90,90,90,90,90,90,90,90,90],"card_choices":[{"not_picked":["champ:Haymaker","champ:PerfectedStrike"],"picked":"champ:PreciseThrust","floor":3.0},{"not_picked":["champ:DefensiveStyle","champ:ShieldWall","champ:StanceDance"],"picked":"SKIP","floor":6.0},{"not_picked":["champ:FightOn","champ:Duel","champ:PerfectedStrike"],"picked":"SKIP","floor":10.0},{"not_picked":["champ:Circumvent","champ:GladiatorsShout"],"picked":"champ:FlashCut","floor":11.0},{"not_picked":["champ:CrownThrow","champ:Backstep","champ:FaceSlap"],"picked":"SKIP","floor":13.0},{"not_picked":["champ:FalseCounter","champ:Haymaker"],"picked":"champ:ViciousMockery","floor":14.0},{"not_picked":["champ:FanOfKnives","champ:AdrenalArmor"],"picked":"champ:Haymaker","floor":15.0},{"not_picked":["champ:EndlessRage","champ:FocusedGladiator","champ:Riposte"],"picked":"SKIP","floor":19.0},{"not_picked":["champ:CrookedStrike","champ:Backstep","champ:BringItOn"],"picked":"SKIP","floor":20.0},{"not_picked":["champ:SkillfulDodge","champ:Circumvent","champ:Backstep"],"picked":"SKIP","floor":23}],"player_experience":1212921,"relics_obtained":[{"floor":6.0,"key":"Orichalcum"},{"floor":7.0,"key":"hubris:SphereOfDissonance"},{"floor":8.0,"key":"hubris:TenFootPole"},{"floor":10.0,"key":"White Beast Statue"},{"floor":19.0,"key":"hubris:BottledRain"},{"floor":21.0,"key":"MealTicket"}],"event_choices":[{"damage_healed":0.0,"max_hp_gain":0.0,"max_hp_loss":0.0,"gold_gain":0.0,"event_name":"conspire:LoneGhost","player_choice":"Agree","floor":2.0,"gold_loss":0.0,"damage_taken":0.0},{"damage_healed":0.0,"max_hp_gain":0.0,"max_hp_loss":0.0,"gold_gain":0.0,"event_name":"Elementarium:GreatTreasure","player_choice":"Offer","floor":22.0,"relics_lost":["beaked:SacredDeck"],"gold_loss":0.0,"damage_taken":0.0,"relics_obtained":["conspire:SpecialSausage"]}],"is_beta":false,"boss_relics":[{"not_picked":["hubris:ScarierMask","Replay:Bronze Core"],"picked":"beaked:SacredDeck"}],"items_purged_floors":[14],"is_endless":false,"potions_floor_spawned":[8,11,13,14,15,16,19,20,21,23],"killed_by":"Elementarium:STONE_GOLEMS","ascension_level":0}}