{"host":"mq7pyadb5kndcn8l","time":1608491462,"event":{"mods":["AchievementEnabler","Act Like it!","Aspiration","BaseMod","Better Altar","Better Match","Better Note","Better Sensory Stone","Better Skull","Better Third Choice","BetterRewards","Block Reminder","CCEM","Challenge The Spire","ChefMod","Colored Map","Colored Powertips","Conspire","Defuse TimeMaze Blight","Dio Mod","Displayed Cursed Tome","Dota2Spire","Downfall","Duelist Mod","Energized Spire","Friendly Minions","GifTheSpireLib","Gremlin Skip","Highlight Path","Hubris","Ironclad Rager","Jedi Mod","Mad Scientist","Marked Mod","Mimic Mod","Minty Spire (QoL Compilation)","Permanent Neow","QueenMod","Quick Restart","Random Character Button","Rare Cards Sparkle","Relic Filter","Relic Sorter","Replay The Spire","Reworked Bosses","Shade Mod","Shop Mod","Spicy Shops","Spikes Relics","StSLib","Stuff the Spire","SuperFastMode","The Blue Laboratory","The Death Knight","The Exalted","The Necromancer","The Poker Player","TheBandit","Thieving Mod","Thrall Mod","Trackpad","Transform Curses","Unceasing Turn Reminder","Wandering Minibosses","vexMod"],"gold_per_floor":[119,132,97,22,33,68,68,101,132,157,157,174,174,193,193,298,298,311,311,311,4,24,24,53,66,140,173,173,2,302,334,334,434,434,446,465,465,480,480,506,506,526,526,53,53,53,53,53,53,70,101,101],"floor_reached":56,"playtime":3192,"items_purged":["Shade:CarefulCut","Shade:Strike_Shade","Shade:Strike_Shade","Shade:SelfBurial"],"score":2596,"play_id":"3ae4fa95-9583-46c1-9831-36ac81814f5c","local_time":"20201220141102","is_ascension_mode":true,"campfire_choices":[{"floor":7.0,"key":"REST"},{"data":"Pride","floor":11.0,"key":"PURGE"},{"data":"Shade:Strike_Shade","floor":15.0,"key":"PURGE"},{"data":"expansioncontent:DefensiveStance","floor":23.0,"key":"SMITH"},{"data":"Shade:AnimateDead","floor":28,"key":"SMITH"},{"data":"Shade:MadHubris","floor":32,"key":"PURGE"},{"data":"Pain","floor":40,"key":"PURGE"},{"data":"Shade:StitchTogether+1","floor":45,"key":"PURGE"},{"floor":47,"key":"RECALL"},{"data":"Shade:LichForm","floor":49,"key":"SMITH"},{"data":"ReplayUltimateDefense","floor":52,"key":"SMITH"}],"circlet_count":0,"master_deck":["AscendersBane","Shade:AnimateDead+1","Shade:OpenGraves","Shade:GraveStillness+1","expansioncontent:DefensiveStance+1","Shade:FuneraryJewels","Shade:OpenGraves","Shade:Bonestorm","Shade:LichForm+1","Shade:ExtraLimbs","ReplayUltimateDefense+1","Shade:AblativeArmor+1","Shade:Premonition","Shade:GraveStillness","Shade:FuneraryJewels"],"relics":["Shade:YorickSkull","Dota2Spire:RefresherOrb","Dota2Spire:BladeMail","StuffTheSpire:Gunfinga","trackpad:RapidFire","Sling","CherryCoatedStake","MerchantsRug","CCEMRelics:Sandal","Dota2Spire:Butterfly","jedi:bottledfury","jedi:Pinwheel","trackpad:Mousetrap","energizedSpire:StickyHand","Dota2Spire:ShivaGuard","Dota2Spire:MonkeyKingBar","Replay:Wax Seal","WarpedTongs","Dota2Spire:EchoSabre","Anchor","trackpad:PetRock","CCEMRelics:WrappedPresent","DeathKnight:PutricidesVial","trackpad:ToughGloves","Bag of Preparation"],"acts_visited":["Exordium","TheCity","TheBeyond","TheEnding"],"potions_floor_usage":[],"damage_taken":[{"damage":0.0,"enemies":"Cultist","floor":1.0,"turns":3.0},{"damage":0.0,"enemies":"2 Louse","floor":2.0,"turns":4.0},{"damage":0.0,"enemies":"conspire:RoseBush","floor":5.0,"turns":4.0},{"damage":6.0,"enemies":"Gremlin Nob","floor":6.0,"turns":5.0},{"damage":0.0,"enemies":"3 Sentries","floor":8.0,"turns":7.0},{"damage":0.0,"enemies":"3 Louse","floor":9.0,"turns":7.0},{"damage":0.0,"enemies":"Lagavulin","floor":10.0,"turns":5.0},{"damage":0.0,"enemies":"3 Louse","floor":12.0,"turns":3.0},{"damage":0.0,"enemies":"Lots of Slimes","floor":14.0,"turns":7.0},{"damage":8.0,"enemies":"Slime Boss","floor":16.0,"turns":7.0},{"damage":0.0,"enemies":"3 Byrds","floor":18.0,"turns":3.0},{"damage":0.0,"enemies":"2 Thieves","floor":22.0,"turns":4.0},{"damage":0.0,"enemies":"Replay:Snechameleon","floor":24.0,"turns":4.0},{"damage":0.0,"enemies":"Chosen and Byrds","floor":25.0,"turns":4.0},{"damage":0,"enemies":"Slavers","floor":27,"turns":4},{"damage":0,"enemies":"Replay:Snechameleon","floor":31,"turns":5},{"damage":0,"enemies":"StardustCrusaders","floor":33,"turns":6},{"damage":0,"enemies":"3 Darklings","floor":35,"turns":3},{"damage":0,"enemies":"3 Shapes","floor":36,"turns":2},{"damage":9,"enemies":"3 Darklings","floor":39,"turns":4},{"damage":0,"enemies":"Giant Head","floor":41,"turns":5},{"damage":0,"enemies":"Maw","floor":44,"turns":5},{"damage":0,"enemies":"bossMod:newShapes","floor":50,"turns":6},{"damage":0,"enemies":"Shield and Spear","floor":54,"turns":4},{"damage":3,"enemies":"The Heart","floor":55,"turns":7}],"seed_played":"-8149878039861757494","potions_obtained":[{"floor":5.0,"key":"Languid Potion"},{"floor":24.0,"key":"Fruit Juice"},{"floor":35,"key":"jedi:wingpotion"}],"is_trial":false,"path_per_floor":["M","M","?","$","M","E","R","E","MIM","E","R","M","?","M","R","B",null,"M","?","?","$","M","R","E","M","T","E","R","$","T","E","R","B",null,"M","M","?","M","R","E","T","M","R","$","R","R","B",null,"R","$","E","B",null],"character_chosen":"SHADE","items_purchased":["BargainBundle","trackpad:RapidFire","Sling","CherryCoatedStake","MerchantsRug","CCEMRelics:Sandal","Peace Pipe","Dota2Spire:Butterfly","Shade:OpenGraves","Shade:GraveStillness+1","expansioncontent:DefensiveStance","conspire:TreasureMap","Dota2Spire:BladeMail","Shade:OpenGraves","Dota2Spire:ShivaGuard","Pandora\u0027s Box","ReplayUltimateDefense","StuffTheSpire:Gunfinga","Shade:GraveStillness","trackpad:PetRock","Shade:FuneraryJewels","CCEMRelics:WrappedPresent"],"campfire_rested":1,"item_purchase_floors":[0,0,0,0,0,0,0,0,0,0,0,0,4,4,21,29,29,46,46,46,46,53],"current_hp_per_floor":[18,18,18,18,18,12,31,36,36,36,36,40,40,65,65,57,63,65,65,65,65,65,65,70,70,70,70,70,70,70,70,70,70,70,70,70,70,61,61,61,61,61,61,61,61,61,63,68,68,68,70,67],"gold":101,"neow_bonus":"","is_daily":false,"chose_seed":false,"campfire_upgraded":4,"win_rate":0.0,"timestamp":1608491462,"path_taken":["M","?","?","$","M","E","R","E","MIM","E","R","M","?","?","R","BOSS","M","?","?","$","M","R","E","?","T","E","R","$","?","E","R","BOSS","M","M","?","M","R","E","T","?","R","$","R","R","BOSS","R","$","E","BOSS"],"items_purchased_type":["Relic","Relic","Relic","Relic","Relic","Relic","Relic","Relic","Card","Card","Card","Relic","Relic","Card","Relic","Relic","Card","Relic","Card","Relic","Card","Relic"],"build_version":"2020-12-13","purchased_purges":4,"victory":true,"max_hp_per_floor":[65,65,65,65,65,65,65,65,65,65,65,65,65,65,65,65,65,65,65,65,65,65,65,70,70,70,70,70,70,70,70,70,70,70,70,70,70,70,70,70,70,70,70,70,70,70,70,70,70,70,70,70],"card_choices":[{"not_picked":["Shade:LyeBath","Shade:FuneraryArmor"],"picked":"Shade:FuneraryJewels","floor":1.0},{"not_picked":["Shade:TouchOfTheGrave","Shade:FuneraryArmor","Shade:FingerOfDeath"],"picked":"SKIP","floor":2.0},{"not_picked":["Shade:TouchOfTheGrave","Shade:FingerOfDeath","Shade:CoffinDance"],"picked":"SKIP","floor":5.0},{"not_picked":["Shade:SoulToxin","Shade:ExtraLimbs"],"picked":"Shade:Bonestorm","floor":6.0},{"not_picked":["Shade:FleshOffering","Shade:RitualOffering","Shade:SkeletonArmy"],"picked":"SKIP","floor":8.0},{"not_picked":["Shade:FleshToFlesh","Shade:AncientSpear","Shade:FleshOffering"],"picked":"SKIP","floor":10.0},{"not_picked":["Shade:TouchOfTheGrave","Shade:WallOfFlesh","Shade:Frenzy"],"picked":"SKIP","floor":12.0},{"not_picked":["Shade:Premonition","Shade:AncientSpear","Shade:UnbarTheGrave"],"picked":"SKIP","floor":14.0},{"not_picked":["Shade:FleshToFlesh+1","Shade:ClawBack","Shade:FuneraryJewels+1"],"picked":"SKIP","floor":18.0},{"not_picked":["Shade:CommandSoldier","Shade:WallOfFlesh","Shade:LyeBath"],"picked":"SKIP","floor":22.0},{"not_picked":["Shade:SoulToxin+1","Shade:CallWraith","Shade:SkeletonHug"],"picked":"SKIP","floor":24.0},{"not_picked":["Shade:Haruspicy","Shade:FeralStrike","Shade:OpenGraves+1"],"picked":"SKIP","floor":25},{"not_picked":["Shade:Bite_Shade","Shade:Trample","Shade:CoffinDance+1"],"picked":"SKIP","floor":27},{"not_picked":["Shade:Bite_Shade","Shade:AblativeArmor","Shade:OfferingToTheBeyond"],"picked":"SKIP","floor":31},{"not_picked":["Shade:FuneraryArmor","Shade:CloudOfShrapnel","Shade:ExtraLimbs"],"picked":"SKIP","floor":35},{"not_picked":["Shade:FleshToFlesh","Shade:RavenousHorde+1","Shade:Brains+1"],"picked":"SKIP","floor":36},{"not_picked":["Shade:Putrefaction","Shade:FleshOffering+1","Shade:Excise"],"picked":"SKIP","floor":39},{"not_picked":["Shade:FeralStrike","Shade:FingerOfDeath+1","Shade:FreshBones+1"],"picked":"SKIP","floor":41},{"not_picked":["Shade:AblativeArmor+1","Shade:Premonition"],"picked":"Shade:StitchTogether+1","floor":44},{"not_picked":["Shade:Excise+1","Shade:Frenzy+1","Shade:AncientSpear+1"],"picked":"SKIP","floor":54}],"player_experience":882299,"relics_obtained":[{"floor":6.0,"key":"hubris:Teleporter"},{"floor":8.0,"key":"jedi:bottledfury"},{"floor":9.0,"key":"jedi:Pinwheel"},{"floor":10.0,"key":"trackpad:Mousetrap"},{"floor":24.0,"key":"StuffTheSpire:Wildfire"},{"floor":27,"key":"Dota2Spire:MonkeyKingBar"},{"floor":30,"key":"Old Coin"},{"floor":31,"key":"Replay:Wax Seal"},{"floor":41,"key":"Dota2Spire:EchoSabre"},{"floor":43,"key":"Anchor"},{"floor":53,"key":"DeathKnight:PutricidesVial"},{"floor":53,"key":"trackpad:ToughGloves"},{"floor":54,"key":"Bag of Preparation"}],"event_choices":[{"damage_healed":0.0,"max_hp_gain":0.0,"max_hp_loss":0.0,"gold_gain":0.0,"event_name":"betterThird:BetterGoop","player_choice":"Left","floor":3.0,"gold_loss":35.0,"damage_taken":0.0},{"cards_removed":["Shade:Strike_Shade"],"damage_healed":0.0,"max_hp_gain":0.0,"max_hp_loss":0.0,"gold_gain":0.0,"event_name":"Bonfire Elementals","player_choice":"Offered Basic","floor":13.0,"gold_loss":0.0,"damage_taken":0.0},{"damage_healed":0.0,"max_hp_gain":0.0,"max_hp_loss":0.0,"gold_gain":0.0,"event_name":"Ghosts","player_choice":"Ignored","floor":20.0,"gold_loss":0.0,"damage_taken":0.0},{"damage_healed":0,"gold_gain":0,"player_choice":"Rummage","damage_taken":0,"relics_obtained":["WarpedTongs"],"max_hp_gain":0,"max_hp_loss":0,"event_name":"Accursed Blacksmith","floor":37,"gold_loss":0,"cards_obtained":["Pain"]}],"is_beta":false,"boss_relics":[{"not_picked":["vexMod:EndlessSickness","aspiration:SilentSkillbook"],"picked":"energizedSpire:StickyHand"},{"not_picked":["StuffTheSpire:ModemDavis","trackpad:Trackpad"],"picked":"Dota2Spire:RefresherOrb"}],"items_purged_floors":[0,0,0,46],"is_endless":false,"potions_floor_spawned":[5,8,14,16,18,24,27,31,35,44],"ascension_level":11}}