{"host":"ljavmhyz2e552xgo","time":1608508176,"event":{"mods":["BaseMod","Better Third Choice","Friendly Minions","GungeonMod","Minty Spire (QoL Compilation)","Permanent Neow","Spicy Shops","StSLib"],"gold_per_floor":[113,113,131,149,1,1,14,14,41,41,41,41,57,157,157,157,157],"floor_reached":16,"playtime":914,"items_purged":[],"score":90,"play_id":"e3cf1603-8217-4796-901c-36b29d631126","local_time":"20201220174936","is_ascension_mode":false,"campfire_choices":[{"data":"DemoMod:ManualReload","floor":6,"key":"SMITH"},{"data":"DemoMod:Unmoved","floor":8,"key":"SMITH"},{"data":"DemoMod:ShadowBullets","floor":10,"key":"SMITH"},{"floor":12,"key":"REST"},{"data":"DemoMod:HungryBullets","floor":15,"key":"SMITH"}],"circlet_count":0,"master_deck":["DemoMod:Strike_Huntress","DemoMod:Defend_Huntress","DemoMod:Defend_Huntress","DemoMod:Defend_Huntress","DemoMod:Defend_Huntress","DemoMod:Roll","DemoMod:ManualReload+1","DemoMod:RustySidearm","DemoMod:CrossBow","DemoMod:EasyReloadBullets","DemoMod:RadGun+1","DemoMod:JK47","DemoMod:Unmoved+1","DemoMod:ShadowBullets+1","DemoMod:HungryBullets+1"],"relics":["DemoMod:Dog","Orichalcum","Lantern"],"acts_visited":["Exordium"],"potions_floor_usage":[16],"damage_taken":[{"damage":0,"enemies":"Small Slimes","floor":1,"turns":5},{"damage":0,"enemies":"Cultist","floor":3,"turns":4},{"damage":0,"enemies":"2 Louse","floor":4,"turns":5},{"damage":15,"enemies":"Red Slaver","floor":7,"turns":5},{"damage":6,"enemies":"Large Slime","floor":13,"turns":6},{"damage":54,"enemies":"Hexaghost","floor":16,"turns":14}],"seed_played":"-8481154318669392028","potions_obtained":[{"floor":1,"key":"DistilledChaos"},{"floor":3,"key":"CultistPotion"}],"is_trial":false,"path_per_floor":["M","?","M","M","$","R","M","R","T","R","?","R","M","?","R","B"],"character_chosen":"HUNTRESS","items_purchased":["Orichalcum"],"campfire_rested":1,"item_purchase_floors":[5],"current_hp_per_floor":[49,49,49,49,49,49,34,34,34,34,34,55,49,49,49,0,0],"gold":157,"neow_bonus":"REMOVE_TWO","is_daily":false,"chose_seed":false,"campfire_upgraded":4,"win_rate":0.0,"timestamp":1608508176,"path_taken":["M","?","M","M","$","R","M","R","T","R","?","R","?","?","R","BOSS"],"items_purchased_type":["Relic"],"build_version":"2020-12-13","purchased_purges":0,"victory":false,"max_hp_per_floor":[70,70,70,70,70,70,70,70,70,70,70,70,70,70,70,70,70],"card_choices":[{"not_picked":["DemoMod:MachoBrace","DemoMod:PotionOfGunFriendShip"],"picked":"DemoMod:EasyReloadBullets","floor":1},{"not_picked":["DemoMod:SAA","DemoMod:TeaPot"],"picked":"DemoMod:RadGun","floor":3},{"not_picked":["DemoMod:Ejector","DemoMod:GunstockTap"],"picked":"DemoMod:JK47","floor":3},{"not_picked":["DemoMod:StickyCrossBow","DemoMod:GunShield"],"picked":"DemoMod:Unmoved","floor":4},{"not_picked":["DemoMod:SAA","DemoMod:ZorGun"],"picked":"DemoMod:ShadowBullets","floor":7},{"not_picked":["DemoMod:CursedBullets","DemoMod:DirectionalPad"],"picked":"DemoMod:HungryBullets","floor":13}],"player_experience":1375184,"relics_obtained":[{"floor":9,"key":"Lantern"}],"event_choices":[{"damage_healed":0,"gold_gain":0,"player_choice":"Leave","damage_taken":0,"max_hp_gain":0,"max_hp_loss":0,"event_name":"The Cleric","floor":2,"gold_loss":0},{"damage_healed":0,"gold_gain":0,"player_choice":"Upgraded","damage_taken":0,"max_hp_gain":0,"max_hp_loss":0,"event_name":"Upgrade Shrine","floor":11,"gold_loss":0,"cards_upgraded":["DemoMod:RadGun"]},{"damage_healed":0,"gold_gain":100,"player_choice":"Pray","damage_taken":0,"max_hp_gain":0,"max_hp_loss":0,"event_name":"Golden Shrine","floor":14,"gold_loss":0}],"is_beta":false,"boss_relics":[],"items_purged_floors":[],"is_endless":false,"potions_floor_spawned":[1,3],"killed_by":"Hexaghost","ascension_level":0}}