{"host":"xm9adsgm4dq1zj57","time":1608432899,"event":{"mods":["AchievementEnabler","BaseMod","Colored Map","DeckTracker","Highlight Path","Keyboard Shortcuts","Minty Spire (QoL Compilation)","Permanent Neow","Quick Restart","Rare Cards Sparkle","Slay-I","StSLib","SuperFastMode"],"gold_per_floor":[115,130,56,76,76,76,76,76,102,129,129,147,166,185,185,261,261,236,161,177,177,102,102,115,150,227,239,239,239,251,261,261,261,261],"floor_reached":33,"playtime":1929,"items_purged":["Study"],"score":538,"play_id":"9759326c-31de-45b5-a3e5-c2641f0d2c19","local_time":"20201220115459","is_ascension_mode":true,"campfire_choices":[{"data":"Eruption","floor":6.0,"key":"SMITH"},{"data":"Adaptation","floor":8.0,"key":"SMITH"},{"data":"Vigilance","floor":11.0,"key":"SMITH"},{"floor":15.0,"key":"REST"},{"data":"MentalFortress","floor":23.0,"key":"SMITH"},{"data":"Crescendo","floor":28.0,"key":"SMITH"},{"floor":32,"key":"REST"}],"circlet_count":0,"master_deck":["AscendersBane","Eruption+1","Vigilance+1","Adaptation+1","MentalFortress+1","Swivel","Crescendo+1","MentalFortress+1"],"relics":["PureWater","TungstenRod","Pandora\u0027s Box","Damaru","Yang"],"acts_visited":["Exordium","TheCity"],"potions_floor_usage":[],"damage_taken":[{"damage":6.0,"enemies":"Jaw Worm","floor":1.0,"turns":4.0},{"damage":3.0,"enemies":"2 Louse","floor":2.0,"turns":4.0},{"damage":1.0,"enemies":"Cultist","floor":4.0,"turns":5.0},{"damage":17.0,"enemies":"Lagavulin","floor":10.0,"turns":7.0},{"damage":0.0,"enemies":"3 Louse","floor":12.0,"turns":4.0},{"damage":1.0,"enemies":"Gremlin Gang","floor":13.0,"turns":5.0},{"damage":5.0,"enemies":"Looter","floor":14.0,"turns":3.0},{"damage":7.0,"enemies":"Slime Boss","floor":16.0,"turns":11.0},{"damage":15.0,"enemies":"2 Thieves","floor":18.0,"turns":5.0},{"damage":13.0,"enemies":"Chosen","floor":20.0,"turns":9.0},{"damage":0.0,"enemies":"Snecko","floor":24.0,"turns":4.0},{"damage":31.0,"enemies":"Gremlin Leader","floor":25.0,"turns":5.0},{"damage":14.0,"enemies":"Snake Plant","floor":27.0,"turns":6.0},{"damage":13,"enemies":"Centurion and Healer","floor":30,"turns":6},{"damage":1,"enemies":"3 Cultists","floor":31,"turns":8},{"damage":0,"enemies":"Champ","floor":33,"turns":7}],"seed_played":"2199102651309170563","potions_obtained":[{"floor":1.0,"key":"Block Potion"},{"floor":2.0,"key":"CultistPotion"},{"floor":13.0,"key":"SteroidPotion"},{"floor":14.0,"key":"EntropicBrew"},{"floor":20.0,"key":"AttackPotion"},{"floor":27.0,"key":"Energy Potion"}],"is_trial":false,"path_per_floor":["M","M","$","M","?","R","?","R","T","E","R","M","M","M","R","B",null,"M","?","M","?","$","R","M","E","T","M","R","?","M","M","R","B"],"character_chosen":"WATCHER","items_purchased":["MentalFortress"],"campfire_rested":2,"item_purchase_floors":[3],"current_hp_per_floor":[37,34,34,33,13,13,35,35,35,18,18,18,17,12,32,25,57,42,42,29,78,78,78,78,47,47,33,33,33,20,19,42,42,42],"gold":261,"neow_bonus":"REMOVE_TWO","is_daily":false,"chose_seed":false,"campfire_upgraded":5,"win_rate":0.0,"timestamp":1608432899,"path_taken":["M","M","$","M","?","R","?","R","T","E","R","M","M","M","R","BOSS","M","?","M","?","$","R","M","E","T","?","R","?","?","M","R","BOSS"],"items_purchased_type":["Card"],"build_version":"2020-12-13","purchased_purges":1,"victory":false,"max_hp_per_floor":[68,68,68,68,68,68,68,68,68,68,68,68,68,68,68,68,68,68,68,68,78,78,78,78,78,78,78,78,78,78,78,78,78,78],"card_choices":[{"not_picked":["InnerPeace","BattleHymn"],"picked":"Adaptation","floor":1.0},{"not_picked":["Evaluate","Indignation","SandsOfTime"],"picked":"SKIP","floor":2.0},{"not_picked":["Conclude","JustLucky","Prostrate"],"picked":"SKIP","floor":4.0},{"not_picked":["FollowUp","Wireheading","Wallop"],"picked":"SKIP","floor":10.0},{"not_picked":["SashWhip","Prostrate","Evaluate"],"picked":"SKIP","floor":12.0},{"not_picked":["ForeignInfluence","TalkToTheHand","CrushJoints"],"picked":"SKIP","floor":13.0},{"not_picked":["WheelKick","EmptyFist","Halt"],"picked":"SKIP","floor":14.0},{"not_picked":["JustLucky","EmptyBody","BowlingBash"],"picked":"SKIP","floor":18.0},{"not_picked":["WheelKick","SashWhip","BowlingBash"],"picked":"SKIP","floor":20.0},{"not_picked":["FollowUp","Evaluate+1","Consecrate"],"picked":"SKIP","floor":24.0},{"not_picked":["CutThroughFate","Perseverance","Blasphemy"],"picked":"SKIP","floor":25.0},{"not_picked":["ClearTheMind+1","MentalFortress+1","Weave"],"picked":"SKIP","floor":27.0},{"not_picked":["FollowUp","CarveReality","Prostrate"],"picked":"SKIP","floor":30},{"not_picked":["MasterReality","Protect","EmptyBody"],"picked":"SKIP","floor":31}],"player_experience":948033,"relics_obtained":[{"floor":10.0,"key":"TungstenRod"},{"floor":25.0,"key":"Damaru"},{"floor":26.0,"key":"Yang"}],"event_choices":[{"damage_healed":0.0,"max_hp_gain":0.0,"max_hp_loss":0.0,"gold_gain":0.0,"event_name":"Shining Light","player_choice":"Entered Light","floor":5.0,"gold_loss":0.0,"damage_taken":20.0,"cards_upgraded":["MentalFortress","Strike_P"]},{"damage_healed":22.0,"max_hp_gain":0.0,"max_hp_loss":0.0,"gold_gain":0.0,"event_name":"Big Fish","player_choice":"Banana","floor":7.0,"gold_loss":0.0,"damage_taken":0.0},{"cards_removed":["ThirdEye"],"damage_healed":0.0,"max_hp_gain":0.0,"max_hp_loss":0.0,"gold_gain":0.0,"event_name":"Beggar","player_choice":"Gave Gold","floor":19.0,"gold_loss":75.0,"damage_taken":0.0},{"cards_removed":["Wish"],"damage_healed":39.0,"max_hp_gain":10.0,"max_hp_loss":0.0,"gold_gain":0.0,"event_name":"Bonfire Elementals","player_choice":"Offered Rare","floor":21.0,"gold_loss":0.0,"damage_taken":0.0},{"damage_healed":0.0,"max_hp_gain":0.0,"max_hp_loss":0.0,"gold_gain":0.0,"event_name":"N\u0027loth","player_choice":"Ignored","floor":29.0,"gold_loss":0.0,"damage_taken":0.0}],"is_beta":false,"boss_relics":[{"not_picked":["Cursed Key","Fusion Hammer"],"picked":"Pandora\u0027s Box"}],"items_purged_floors":[22],"is_endless":false,"potions_floor_spawned":[1,2,13,14,20,27],"killed_by":"Champ","ascension_level":20}}