{"host":"3jpwrwmmgyabjceh","time":1608495447,"event":{"mods":["AchievementEnabler","BaseMod","Colored Map","Colored Powertips","Highlight Path","Minty Spire (QoL Compilation)","StSLib"],"gold_per_floor":[116,131,142,152,152,187,212,212,236,253,267,267,286,303,303,303,303],"floor_reached":16,"playtime":691,"items_purged":[],"score":127,"play_id":"bb2a9444-b85c-4c15-9db6-fa8f8c5e27b7","local_time":"20201220231727","is_ascension_mode":true,"campfire_choices":[{"floor":8,"key":"REST"},{"data":"Bash","floor":15,"key":"SMITH"}],"circlet_count":0,"master_deck":["Strike_R","Strike_R","Strike_R","Strike_R","Strike_R","Defend_R","Defend_R","Defend_R","Defend_R","Bash+1","Pommel Strike","Whirlwind","Pommel Strike","Heavy Blade","Battle Trance","True Grit"],"relics":["Burning Blood","Unceasing Top","Tiny Chest","Bag of Marbles","Omamori"],"acts_visited":["Exordium"],"potions_floor_usage":[6,13,15],"damage_taken":[{"damage":4,"enemies":"2 Louse","floor":1,"turns":3},{"damage":8,"enemies":"Jaw Worm","floor":2,"turns":4},{"damage":5,"enemies":"Small Slimes","floor":3,"turns":4},{"damage":16,"enemies":"Blue Slaver","floor":4,"turns":4},{"damage":33,"enemies":"Lagavulin","floor":6,"turns":6},{"damage":12,"enemies":"Lots of Slimes","floor":10,"turns":2},{"damage":6,"enemies":"Looter","floor":11,"turns":2},{"damage":6,"enemies":"3 Louse","floor":13,"turns":3},{"damage":16,"enemies":"Exordium Thugs","floor":14,"turns":5},{"damage":74,"enemies":"Hexaghost","floor":16,"turns":9}],"seed_played":"5841196118670524486","potions_obtained":[{"floor":3,"key":"Swift Potion"},{"floor":4,"key":"LiquidMemories"},{"floor":6,"key":"Fire Potion"},{"floor":11,"key":"GamblersBrew"},{"floor":14,"key":"BloodPotion"}],"is_trial":false,"path_per_floor":["M","M","M","M","?","E","T","R","T","M","M","?","M","M","R","B"],"character_chosen":"IRONCLAD","items_purchased":[],"campfire_rested":1,"item_purchase_floors":[],"current_hp_per_floor":[58,56,57,47,73,46,46,70,70,64,64,64,64,54,70,0,0],"gold":303,"neow_bonus":"ONE_RARE_RELIC","is_daily":false,"chose_seed":false,"campfire_upgraded":1,"win_rate":0.0,"timestamp":1608495447,"path_taken":["M","M","M","M","?","E","?","R","T","M","M","?","M","M","R","BOSS"],"items_purchased_type":[],"build_version":"2020-12-13","purchased_purges":0,"victory":false,"max_hp_per_floor":[80,80,80,80,80,80,80,80,80,80,80,80,80,80,80,80,80],"card_choices":[{"not_picked":["Havoc","Disarm","Wild Strike"],"picked":"SKIP","floor":1},{"not_picked":["Carnage","Bloodletting"],"picked":"Pommel Strike","floor":2},{"not_picked":["Warcry","Body Slam"],"picked":"Whirlwind","floor":3},{"not_picked":["Reckless Charge","Shrug It Off"],"picked":"Pommel Strike","floor":4},{"not_picked":["Clothesline","Blood for Blood"],"picked":"Heavy Blade","floor":6},{"not_picked":["Havoc","Entrench","Feed"],"picked":"SKIP","floor":10},{"not_picked":["Pommel Strike","Warcry","Sword Boomerang"],"picked":"SKIP","floor":11},{"not_picked":["Anger","Heavy Blade"],"picked":"Battle Trance","floor":13},{"not_picked":["Anger","Combust"],"picked":"True Grit","floor":14}],"player_experience":235657,"relics_obtained":[{"floor":6,"key":"Tiny Chest"},{"floor":7,"key":"Bag of Marbles"},{"floor":9,"key":"Omamori"}],"event_choices":[{"damage_healed":26,"gold_gain":0,"player_choice":"Banana","damage_taken":0,"max_hp_gain":0,"max_hp_loss":0,"event_name":"Big Fish","floor":5,"gold_loss":0},{"damage_healed":0,"gold_gain":0,"player_choice":"Ignored","damage_taken":0,"max_hp_gain":0,"max_hp_loss":0,"event_name":"Liars Game","floor":12,"gold_loss":0}],"is_beta":false,"boss_relics":[],"items_purged_floors":[],"is_endless":false,"potions_floor_spawned":[3,4,6,11,14],"killed_by":"Hexaghost","ascension_level":4}}