{"host":"liqblz7tpw2jrdl0","time":1608477397,"event":{"mods":["ATMod(°¢èªMod)","BaseMod","Better-Laid Plans","Colored Map","HololiveMod","Minty Spire (QoL Compilation)","Relic Stats","StSLib","óô»ðÖ¸ÄÏ"],"gold_per_floor":[76,95,95,370,383,428,135,169,169,169,182,224,84,111,59,156,206,229,229,253,281,301,327,339,372,372,437,712,145,223,142,142,267,267,307,330,416,477,513,513,678,678,754,846,949,949,949,1113,267,317],"floor_reached":51,"playtime":3785,"items_purged":["Regret","Regret","Regret","Hololive_Defend"],"score":1829,"play_id":"b653a02e-62a0-4827-98a1-05be1d35759c","local_time":"20201220231637","is_ascension_mode":true,"campfire_choices":[{"data":"Hololive_Yoholoon","floor":32,"key":"SMITH"},{"data":"Hololive_CallDoris","floor":40,"key":"SMITH"},{"data":"Hololive_CallUsadaPekora","floor":42,"key":"SMITH"}],"circlet_count":0,"master_deck":["Hololive_Strike","Hololive_Defend+1","Hololive_Sequa","Hololive_CallKiryuuCoco","Hololive_CallOkamiMio","Hololive_CallHimemoriLuna","Hololive_CallAyundaRisu","Hololive_CallRoboco","AT_FamilyPortrait+1","Hololive_CallDoris+1","Hololive_CallSakuraMiko","Hololive_CallTsunomakiWatame","Hololive_CallUsadaPekora+1","Hololive_CallShirakamiFubuki","Hololive_Yoholoon+1","Hololive_AWSL","Hololive_CallNekomataOkayu","Hololive_CallTokoyamiTowa","Hololive_CallYukihanaLamy","Hololive_CocoNews","Hololive_DDD+1","Hololive_CallShiranuiFlare","Hololive_FlyingPonyTail+1","Hololive_CallMurasakiShion","Hololive_CallInugamiKorone","Hololive_CallManoAloe","Hololive_LuckPotion+1","Hololive_CallOzoraSubaru+1","Hololive_HuntDinosaur+1","Hololive_CallAiraniIofifteen","Hololive_CallYuzukiChoco","Hololive_CallShishiroBotan","Hololive_Thief","Hololive_LuckPotion+1","Hololive_CallShiroganeNoel+1","Hololive_CallMomosuzuNene+2","Hololive_CallCivia+1","Hololive_BringToTrial+1","Hololive_SummonFox+1","Hololive_CallOmaruPolka+1","Writhe","Hololive_OvertimeWork+1","Hololive_Rebound","AT_PowerWithin"],"relics":["Hololive_TheStar","AT_ATBox","NeowsBlessing","Strawberry","Question Card","AT_GoldPhoenixTree","Bottled Lightning","Ancient Tea Set","Mercury Hourglass","Regal Pillow","Tiny House","Ginger","AT_MibuBalloonWealth","HornCleat","Ice Cream","AT_ArchangelStaff","Juzu Bracelet","ClockworkSouvenir","Black Star","AT_SunfireAegis","Bird Faced Urn","Gambling Chip","Letter Opener","Meat on the Bone","Orichalcum","AT_Manta","War Paint","TungstenRod","Happy Flower"],"acts_visited":["Exordium","TheCity","TheBeyond"],"potions_floor_usage":[7,39,39,49,49,50,50,50],"damage_taken":[{"damage":0,"enemies":"Small Slimes","floor":1,"turns":1},{"damage":0,"enemies":"2 Louse","floor":2,"turns":1},{"damage":0,"enemies":"Cultist","floor":5,"turns":1},{"damage":0,"enemies":"3 Sentries","floor":6,"turns":6},{"damage":0,"enemies":"Gremlin Nob","floor":8,"turns":3},{"damage":0,"enemies":"Blue Slaver","floor":11,"turns":3},{"damage":0,"enemies":"Lagavulin","floor":12,"turns":4},{"damage":0,"enemies":"3 Sentries","floor":14,"turns":3},{"damage":0,"enemies":"Slime Boss","floor":16,"turns":3},{"damage":0,"enemies":"Shell Parasite","floor":18,"turns":3},{"damage":0,"enemies":"2 Thieves","floor":20,"turns":3},{"damage":0,"enemies":"Snake Plant","floor":21,"turns":4},{"damage":0,"enemies":"Centurion and Healer","floor":22,"turns":4},{"damage":12,"enemies":"Gremlin Leader","floor":23,"turns":6},{"damage":0,"enemies":"Snecko","floor":24,"turns":4},{"damage":0,"enemies":"Slavers","floor":25,"turns":3},{"damage":0,"enemies":"Book of Stabbing","floor":27,"turns":4},{"damage":0,"enemies":"Shelled Parasite and Fungi","floor":30,"turns":3},{"damage":0,"enemies":"Champ","floor":33,"turns":9},{"damage":0,"enemies":"Orb Walker","floor":35,"turns":3},{"damage":0,"enemies":"3 Shapes","floor":37,"turns":4},{"damage":0,"enemies":"Maw","floor":38,"turns":5},{"damage":22,"enemies":"Writhing Mass","floor":39,"turns":4},{"damage":0,"enemies":"Reptomancer","floor":41,"turns":5},{"damage":0,"enemies":"Jaw Worm Horde","floor":44,"turns":2},{"damage":0,"enemies":"Giant Head","floor":45,"turns":5},{"damage":0,"enemies":"Reptomancer","floor":48,"turns":5},{"damage":0,"enemies":"Donu and Deca","floor":50,"turns":2}],"seed_played":"3229499278045577680","potions_obtained":[{"floor":5,"key":"Swift Potion"},{"floor":8,"key":"FearPotion"},{"floor":11,"key":"FearPotion"},{"floor":14,"key":"ColorlessPotion"},{"floor":16,"key":"Energy Potion"},{"floor":17,"key":"EntropicBrew"},{"floor":39,"key":"FearPotion"},{"floor":41,"key":"Explosive Potion"}],"is_trial":false,"path_per_floor":["M","M","?","?","M","E","R","E","T","?","M","E","R","E","R","B",null,"M","?","M","M","M","E","M","E","T","E","?","$","M","$","R","B",null,"M","T","M","M","M","R","E","R","T","M","E","?","?","E","R","B",null],"character_chosen":"Hololive_HololiveCharacter","items_purchased":["Hololive_CallShirakamiFubuki","Fruit Juice","Hololive_Yoholoon","Hololive_CallYukihanaLamy","Dexterity Potion","AT_ArchangelStaff","Juzu Bracelet","ClockworkSouvenir","Hololive_CallShishiroBotan","TungstenRod","Happy Flower","ColorlessPotion","Ancient Potion","Hololive_Rebound","AT_PowerWithin"],"campfire_rested":0,"item_purchase_floors":[7,7,7,13,15,29,29,29,31,49,49,49,49,49,49],"current_hp_per_floor":[32,32,39,39,39,39,44,44,44,39,40,41,41,42,42,43,54,55,55,56,57,58,47,48,49,49,50,50,50,51,51,51,52,63,64,64,65,66,45,45,46,46,46,61,73,73,73,74,74,75],"gold":317,"neow_bonus":"THREE_ENEMY_KILL","is_daily":false,"chose_seed":false,"campfire_upgraded":3,"win_rate":0.0,"timestamp":1608477397,"path_taken":["M","M","?","?","?","E","R","E","T","?","M","E","R","E","R","BOSS","M","?","M","M","?","E","M","E","T","E","?","$","M","$","R","BOSS","M","?","M","M","M","R","E","R","T","M","E","?","?","E","R","BOSS"],"items_purchased_type":["Card","Potion","Card","Card","Potion","Relic","Relic","Relic","Card","Relic","Relic","Potion","Potion","Card","Card"],"build_version":"2020-12-13","purchased_purges":4,"victory":true,"max_hp_per_floor":[35,35,42,42,42,42,47,47,47,47,48,49,49,50,50,51,56,57,57,58,59,60,61,62,63,63,64,64,64,65,65,65,66,66,67,67,68,69,70,70,71,71,71,72,73,73,73,74,74,75],"relic_stats":{"Regal Pillow":0,"Happy Flower":[0],"counters":[28,102],"Juzu Bracelet":1,"Ginger":[10],"Letter Opener":[82],"Orichalcum":[0],"War Paint":["AT_FamilyPortrait","Hololive_DDD"],"Question Card":24,"Mercury Hourglass":[344],"Bird Faced Urn":[25],"Gambling Chip":[12],"Black Star":3,"obtain_stats":[{"Ice Cream":27,"Regal Pillow":14,"AT_ATBox":0,"Tiny House":17,"AT_MibuBalloonWealth":25,"Juzu Bracelet":29,"Ginger":23,"Ancient Tea Set":10,"AT_ArchangelStaff":29,"ClockworkSouvenir":29,"HornCleat":26,"Strawberry":3,"Gambling Chip":41,"NeowsBlessing":0,"AT_Manta":48,"Happy Flower":49,"AT_GoldPhoenixTree":8,"Letter Opener":43,"Orichalcum":45,"War Paint":48,"Question Card":6,"Mercury Hourglass":12,"Bird Faced Urn":41,"Hololive_TheStar":0,"Black Star":34,"Bottled Lightning":9,"AT_SunfireAegis":36,"TungstenRod":49,"Meat on the Bone":45},{"Ice Cream":17,"Regal Pillow":8,"AT_ATBox":0,"Tiny House":9,"AT_MibuBalloonWealth":16,"Juzu Bracelet":17,"Ginger":14,"Ancient Tea Set":5,"AT_ArchangelStaff":17,"ClockworkSouvenir":17,"HornCleat":16,"Strawberry":2,"Gambling Chip":24,"NeowsBlessing":0,"AT_Manta":27,"Happy Flower":27,"AT_GoldPhoenixTree":5,"Letter Opener":24,"Orichalcum":26,"War Paint":27,"Question Card":4,"Mercury Hourglass":7,"Bird Faced Urn":24,"Hololive_TheStar":0,"Black Star":19,"Bottled Lightning":5,"AT_SunfireAegis":20,"TungstenRod":27,"Meat on the Bone":26},{"Ice Cream":55,"Regal Pillow":22,"AT_ATBox":0,"Tiny House":25,"AT_MibuBalloonWealth":52,"Juzu Bracelet":55,"Ginger":45,"Ancient Tea Set":12,"AT_ArchangelStaff":55,"ClockworkSouvenir":55,"HornCleat":52,"Strawberry":2,"Gambling Chip":88,"NeowsBlessing":0,"AT_Manta":100,"Happy Flower":100,"AT_GoldPhoenixTree":12,"Letter Opener":88,"Orichalcum":95,"War Paint":100,"Question Card":9,"Mercury Hourglass":19,"Bird Faced Urn":88,"Hololive_TheStar":0,"Black Star":67,"Bottled Lightning":12,"AT_SunfireAegis":70,"TungstenRod":100,"Meat on the Bone":95}],"TungstenRod":0,"Meat on the Bone":0},"card_choices":[{"not_picked":["Hololive_HuntDinosaur","Hololive_Drill","Hololive_Psychosis"],"picked":"Hololive_CallDoris","floor":1},{"not_picked":["Hololive_Rebound","Hololive_Trident","Hololive_BeCareful"],"picked":"Hololive_CallSakuraMiko","floor":2},{"not_picked":["Hololive_RevenueBasedLive","Hololive_Watashimo","Hololive_Sequa"],"picked":"Hololive_CallTsunomakiWatame","floor":5},{"not_picked":["Hololive_SoulCatcher","Hololive_CallRosalyn","Hololive_Rebound"],"picked":"Hololive_CallUsadaPekora","floor":6},{"not_picked":["Hololive_LuckPotion","Hololive_OvertimeWork","Hololive_OpenUp","Hololive_Recruit"],"picked":"Hololive_AWSL","floor":8},{"not_picked":["Hololive_Drill","Hololive_CallAyundaRisu","Hololive_CallTokoyamiTowa","Hololive_Sequa"],"picked":"Hololive_CallNekomataOkayu","floor":11},{"not_picked":["Hololive_SummonFox","Hololive_Sequa","Hololive_CallHimemoriLuna","Hololive_FlyingPonyTail"],"picked":"Hololive_CallTokoyamiTowa","floor":12},{"not_picked":["Hololive_BringToTrial","Hololive_RevenueBasedLive","Hololive_BeCareful","Hololive_ScarfAndHalo"],"picked":"Hololive_CocoNews","floor":14},{"not_picked":["Hololive_WolfAndLamb","Hololive_FlareMind","Hololive_IdolExercise","Hololive_DurableLive"],"picked":"Hololive_DDD","floor":16},{"not_picked":["Hololive_Trident","Hololive_CallHoushouMarine","Hololive_Psychosis","Hololive_LuckPotion"],"picked":"Hololive_CallShiranuiFlare","floor":17},{"not_picked":["Hololive_OvertimeWork","Hololive_RevenueBasedLive","Hololive_HuntDinosaur","Hololive_CocoNews"],"picked":"Hololive_FlyingPonyTail+1","floor":18},{"not_picked":["Hololive_BringToTrial","Hololive_CallHoshimachiSuisei","Hololive_OvertimeWork","Hololive_Breathe"],"picked":"Hololive_CallMurasakiShion","floor":20},{"not_picked":["Hololive_Sequa","Hololive_Breathe+1","Hololive_Rebound","Hololive_CallMinatoAqua"],"picked":"Hololive_CallInugamiKorone","floor":21},{"not_picked":["Hololive_CallAiraniIofifteen","Hololive_WolfAndLamb","Hololive_CallShirakamiFubuki+1","Hololive_Yoholoon"],"picked":"Hololive_CallManoAloe","floor":22},{"not_picked":["Hololive_SoulCatcher","Hololive_Trident","Hololive_OvertimeWork","Hololive_FlyingPonyTail"],"picked":"Hololive_LuckPotion+1","floor":23},{"not_picked":["Hololive_Trident","Hololive_CallUruhaRushia","Hololive_OvertimeWork","Hololive_CallYukihanaLamy"],"picked":"Hololive_CallOzoraSubaru+1","floor":24},{"not_picked":["Hololive_WolfAndLamb","Hololive_Nanodesu","Hololive_CallMurasakiShion","Hololive_CallTokoyamiTowa+1"],"picked":"Hololive_HuntDinosaur+1","floor":25},{"not_picked":["Hololive_CandyCastle","Hololive_CocoNews","Hololive_Sequa+1","Hololive_OvertimeWork"],"picked":"Hololive_CallAiraniIofifteen","floor":27},{"not_picked":["Hololive_OvertimeWork+1","Hololive_CocoNews","Hololive_FlyingPonyTail","Hololive_BeCareful"],"picked":"Hololive_CallYuzukiChoco","floor":30},{"not_picked":["Hololive_DurableLive","Hololive_StarCraft","Hololive_HighAtkLowDef","Hololive_AWSL"],"picked":"Hololive_Thief","floor":33},{"not_picked":["Hololive_ManjiGathering","Hololive_Breathe","Hololive_CallShiranuiFlare+1","Hololive_FlyingPonyTail"],"picked":"Hololive_LuckPotion+1","floor":35},{"not_picked":["Hololive_ManjiGathering+1","Hololive_OvertimeWork","Hololive_CallArtia","Hololive_CallInugamiKorone+1"],"picked":"Hololive_CallShiroganeNoel+1","floor":37},{"not_picked":["Hololive_Trident","Hololive_Drill+1","Hololive_CocoNews+1","Hololive_OvertimeWork"],"picked":"Hololive_CallMomosuzuNene+1","floor":38},{"not_picked":["Hololive_Trident+1","Hololive_CocoNews+1","Hololive_CallSakuraMiko+1","Hololive_Drill+1"],"picked":"Hololive_CallCivia+1","floor":39},{"not_picked":["Hololive_DurableLive","Hololive_HuntDinosaur","Hololive_Rebound","Hololive_CocoNews"],"picked":"Hololive_BringToTrial+1","floor":41},{"not_picked":["Hololive_RevenueBasedLive","Hololive_CallMomosuzuNene","Hololive_HuntDinosaur+1","Hololive_Trident"],"picked":"Hololive_SummonFox+1","floor":44},{"not_picked":["Hololive_DDD","Hololive_Drill+1","Hololive_CallYukihanaLamy","Hololive_Watashimo"],"picked":"Hololive_CallOmaruPolka+1","floor":45},{"not_picked":["Hololive_Trident+1","Hololive_CallShishiroBotan+1","Hololive_CocoNews+1","Hololive_HuntDinosaur"],"picked":"Hololive_OvertimeWork+1","floor":48}],"player_experience":27198,"relics_obtained":[{"floor":6,"key":"Question Card"},{"floor":8,"key":"AT_GoldPhoenixTree"},{"floor":9,"key":"Bottled Lightning"},{"floor":12,"key":"Mercury Hourglass"},{"floor":14,"key":"Regal Pillow"},{"floor":23,"key":"Ginger"},{"floor":25,"key":"AT_MibuBalloonWealth"},{"floor":26,"key":"HornCleat"},{"floor":27,"key":"Ice Cream"},{"floor":36,"key":"AT_SunfireAegis"},{"floor":41,"key":"Bird Faced Urn"},{"floor":41,"key":"Gambling Chip"},{"floor":43,"key":"Letter Opener"},{"floor":45,"key":"Meat on the Bone"},{"floor":45,"key":"Orichalcum"},{"floor":48,"key":"AT_Manta"},{"floor":48,"key":"War Paint"}],"event_choices":[{"damage_healed":0,"gold_gain":0,"player_choice":"Box","damage_taken":0,"relics_obtained":["Strawberry"],"max_hp_gain":0,"max_hp_loss":0,"event_name":"Big Fish","floor":3,"gold_loss":0,"cards_obtained":["Regret"]},{"damage_healed":0,"gold_gain":275,"player_choice":"Desecrate","damage_taken":0,"max_hp_gain":0,"max_hp_loss":0,"event_name":"Golden Shrine","floor":4,"gold_loss":0,"cards_obtained":["Regret"]},{"damage_healed":0,"gold_gain":0,"player_choice":"Success","damage_taken":3,"relics_obtained":["Ancient Tea Set"],"max_hp_gain":0,"max_hp_loss":0,"event_name":"Scrap Ooze","floor":10,"gold_loss":0},{"cards_removed":["Hololive_Strike"],"damage_healed":0,"gold_gain":0,"player_choice":"Purged","damage_taken":0,"max_hp_gain":0,"max_hp_loss":0,"event_name":"Purifier","floor":19,"gold_loss":0},{"damage_healed":0,"gold_gain":275,"player_choice":"Desecrate","damage_taken":0,"max_hp_gain":0,"max_hp_loss":0,"event_name":"Golden Shrine","floor":28,"gold_loss":0,"cards_obtained":["Regret"]},{"damage_healed":18,"gold_gain":0,"player_choice":"Writhe","damage_taken":0,"max_hp_gain":0,"max_hp_loss":0,"event_name":"Winding Halls","floor":46,"gold_loss":0,"cards_obtained":["Writhe"]},{"damage_healed":0,"gold_gain":0,"player_choice":"Ignored","damage_taken":0,"max_hp_gain":0,"max_hp_loss":0,"event_name":"SecretPortal","floor":47,"gold_loss":0}],"is_beta":false,"boss_relics":[{"not_picked":["Hololive_ChaosS","AT_MortalBlade"],"picked":"Tiny House"},{"not_picked":["Empty Cage","Velvet Choker"],"picked":"Black Star"}],"items_purged_floors":[7,13,29,49],"is_endless":false,"potions_floor_spawned":[5,8,11,14,16,18,20,24,27,37,39,41],"ascension_level":7}}