{"host":"l4li6saph8sy2zni","time":1608464620,"event":{"mods":["AchievementEnabler","Aspiration","BaseMod","BetterRewards","CCEM","Colored Map","Colored Powertips","Conspire","Downfall","Energized Spire","GifTheSpireLib","Highlight Path","Hubris","Infinite Spire","Mimic Mod","Minty Spire (QoL Compilation)","Permanent Neow","Quick Restart","Relic Filter","Replay The Spire","Shop Mod","StSLib","Stuff the Spire","The Hierophant"],"gold_per_floor":[99,113,128,134,134,134,134,134,160,160,156,175,175,186,197,292,292,292,312,312,303,294,285,285,305,327,339,351,363,361,373,396,368,368],"floor_reached":33,"playtime":1860,"items_purged":[],"score":304,"play_id":"738713ff-28b7-4624-85c7-9ea16ab79222","local_time":"20201220114340","is_ascension_mode":false,"campfire_choices":[{"data":"hierophant:ChurchCoffers","floor":1,"key":"SMITH"},{"floor":5,"key":"REST"},{"floor":8,"key":"REST"},{"floor":10,"key":"REST"},{"floor":18,"key":"DIG"},{"data":"hierophant:DisplayOfPower","floor":20,"key":"SMITH"},{"floor":27,"key":"REST"}],"circlet_count":0,"master_deck":["hierophant:Strike_Hierophant","hierophant:Strike_Hierophant","hierophant:Strike_Hierophant","hierophant:Punish","hierophant:Defend_Hierophant","hierophant:Defend_Hierophant","hierophant:ChurchCoffers+1","hierophant:FieryStrike","hierophant:MorningPrayer","hierophant:Upheaval","infinitespire:Starlight","hierophant:FieryStrike","hierophant:FieryStrike","hierophant:Shelter","hierophant:HammerAndAnvil","hierophant:HolyVerse","hierophant:AuricForm","hierophant:DisplayOfPower+1","hierophant:Smite","hierophant:Martyrdom","hierophant:HolyVerse","hierophant:FaithHealing","hierophant:FlamingChariot","hierophant:Blessing","hierophant:WrathOfGod","hierophant:AuricBeam"],"relics":["Empty Cage","StuffTheSpire:RubySignet","Anchor","conspire:GlowingRock","Du-Vu Doll","energizedSpire:MagnifyingGlass","Replay:Baseball","CCEMRelics:PorcelainBowl","MawBank"],"acts_visited":["Exordium","TheCity"],"potions_floor_usage":[16,22,22,23,23,25,25,33],"damage_taken":[{"damage":16,"enemies":"conspire:MimicChest","floor":2,"turns":6},{"damage":11,"enemies":"Jaw Worm","floor":3,"turns":2},{"damage":23,"enemies":"Gremlin Nob","floor":4,"turns":4},{"damage":52,"enemies":"Lagavulin","floor":9,"turns":7},{"damage":0,"enemies":"Small Slimes","floor":11,"turns":2},{"damage":1,"enemies":"Cultist","floor":12,"turns":3},{"damage":0,"enemies":"3 Louse","floor":14,"turns":2},{"damage":12,"enemies":"Blue Slaver","floor":15,"turns":3},{"damage":20,"enemies":"downfall:Ironclad","floor":16,"turns":5},{"damage":0,"enemies":"Shell Parasite","floor":19,"turns":1},{"damage":0,"enemies":"Chosen","floor":21,"turns":3},{"damage":22,"enemies":"Replay:Snechameleon","floor":22,"turns":4},{"damage":9,"enemies":"Centurion and Healer","floor":23,"turns":3},{"damage":0,"enemies":"3 Cultists","floor":25,"turns":3},{"damage":60,"enemies":"Snake Plant","floor":26,"turns":7},{"damage":48,"enemies":"Snecko","floor":30,"turns":6},{"damage":22,"enemies":"Sentry and Sphere","floor":32,"turns":4},{"damage":28,"enemies":"downfall:Watcher","floor":33,"turns":4}],"seed_played":"59790811428368958","potions_obtained":[{"floor":11,"key":"ColorlessPotion"},{"floor":12,"key":"champ:CounterPotion"},{"floor":14,"key":"Weak Potion"},{"floor":16,"key":"EntropicBrew"},{"floor":30,"key":"EssenceOfSteel"}],"is_trial":false,"path_per_floor":["R","?","M","E","R","?","T","R","E","R","M","M","?","M","M","B",null,"R_BF","M","R","M","E","M","T","M","M","R","?","?","M","?","M","B"],"character_chosen":"HIEROPHANT","items_purchased":[],"campfire_rested":4,"item_purchase_floors":[],"current_hp_per_floor":[75,59,48,25,47,29,29,51,9,31,41,50,75,75,63,55,75,75,75,75,75,65,66,66,66,16,38,38,38,9,17,12,0,0],"gold":368,"neow_bonus":"BOSS_RELIC","is_daily":false,"chose_seed":false,"campfire_upgraded":2,"win_rate":0.0,"timestamp":1608464620,"path_taken":["R","?","M","E","R","?","T","R","E","R","M","M","?","M","M","BOSS","R_BF","M","R","M","E","M","T","M","?","R","?","?","M","?","M","BOSS"],"items_purchased_type":[],"build_version":"2020-12-13","purchased_purges":0,"victory":false,"max_hp_per_floor":[75,75,75,75,75,75,75,75,75,75,75,75,75,75,75,75,75,75,75,75,75,75,75,75,75,75,75,75,75,75,75,75,75,75],"card_choices":[{"not_picked":["hierophant:OrnateBuckler","hierophant:Embezzle"],"picked":"hierophant:FieryStrike","floor":2},{"not_picked":["hierophant:RustyCrate","hierophant:SealAway"],"picked":"hierophant:MorningPrayer","floor":3},{"not_picked":["hierophant:SecretStash","hierophant:RustyCrate"],"picked":"hierophant:Upheaval","floor":4},{"not_picked":["infinitespire:Collect","infinitespire:Menacing"],"picked":"infinitespire:Starlight","floor":6},{"not_picked":["hierophant:MorningPrayer","hierophant:DisplayOfPower"],"picked":"hierophant:FieryStrike","floor":9},{"not_picked":["hierophant:Generosity","hierophant:Dazzle"],"picked":"hierophant:FieryStrike","floor":11},{"not_picked":["hierophant:OrnateBuckler","hierophant:Remorse"],"picked":"hierophant:Shelter","floor":12},{"not_picked":["hierophant:Purify","hierophant:RepressedViolence"],"picked":"hierophant:HammerAndAnvil","floor":14},{"not_picked":["hierophant:Encroach","hierophant:ThreeLashes"],"picked":"hierophant:HolyVerse","floor":15},{"not_picked":["hierophant:Levitation","hierophant:DeathKnell"],"picked":"hierophant:AuricForm","floor":16},{"not_picked":["hierophant:Purify","hierophant:CursedGold"],"picked":"hierophant:DisplayOfPower","floor":19},{"not_picked":["hierophant:FaithHealing","hierophant:Purify"],"picked":"hierophant:Smite","floor":21},{"not_picked":["hierophant:Alms+1","hierophant:Refuge+1"],"picked":"hierophant:MirrorShield","floor":22},{"not_picked":["hierophant:Encroach+1","hierophant:Zeal"],"picked":"hierophant:Martyrdom","floor":23},{"not_picked":["hierophant:FieryStrike","hierophant:OrnateBuckler"],"picked":"hierophant:HolyVerse","floor":25},{"not_picked":["hierophant:Encroach","hierophant:AuricShield"],"picked":"hierophant:FaithHealing","floor":26},{"not_picked":["hierophant:Remorse","hierophant:SealAway"],"picked":"hierophant:WrathOfGod","floor":30},{"not_picked":["hierophant:ConvertCurrency","hierophant:Chorus"],"picked":"hierophant:AuricBeam","floor":32}],"player_experience":95346,"relics_obtained":[{"floor":2,"key":"StuffTheSpire:RubySignet"},{"floor":4,"key":"Anchor"},{"floor":7,"key":"conspire:GlowingRock"},{"floor":9,"key":"Du-Vu Doll"},{"floor":18,"key":"Replay:Baseball"},{"floor":22,"key":"CCEMRelics:PorcelainBowl"},{"floor":24,"key":"MawBank"}],"event_choices":[{"damage_healed":25,"gold_gain":0,"player_choice":"Full Heal","damage_taken":0,"max_hp_gain":0,"max_hp_loss":0,"event_name":"Wheel of Change","floor":13,"gold_loss":0},{"damage_healed":0,"gold_gain":0,"cards_transformed":["hierophant:MirrorShield","hierophant:Strike_Hierophant"],"player_choice":"Became Test Subject","damage_taken":0,"max_hp_gain":0,"max_hp_loss":0,"event_name":"Drug Dealer","floor":28,"gold_loss":0,"cards_obtained":["hierophant:FlamingChariot","hierophant:Blessing"]}],"is_beta":false,"boss_relics":[{"not_picked":["hubris:HollowSoul","hubris:TerracottaHorce"],"picked":"energizedSpire:MagnifyingGlass"}],"items_purged_floors":[],"is_endless":false,"potions_floor_spawned":[11,12,14,16,21,30],"killed_by":"downfall:Watcher","ascension_level":0}}