{"host":"fv1zmt2tayuouyhf","time":1608488698,"event":{"mods":["Aspiration","BaseMod","BetterRewards","Colored Map","Colored Powertips","Custom Start","DeckTracker","Downfall","Googly Eyes","Highlight Path","Hubris","Infinite Spire","Minty Spire (QoL Compilation)","Quick Restart","Random Character Button","Relic Sorter","Replay The Spire","StSLib","SuperFastMode","Synergy Search","The Bug Knight","The Cursed","The Disciple","The Hierophant","The Jungle","The Runesmith"],"gold_per_floor":[115,115,115,126,126,154,167,186,186,220,234,234,234,244,244,342,342,362,362,362,131,131,162,162,162,233,13,33,44,44,62,62,62,62],"floor_reached":33,"playtime":2262,"items_purged":["Strike_R","Defend_R"],"score":299,"play_id":"ba7f9607-1202-4f8f-9534-347f16ffefa5","local_time":"20201220192458","is_ascension_mode":false,"campfire_choices":[{"floor":13.0,"key":"REST"},{"floor":15.0,"key":"REST"},{"data":"Inflame","floor":25.0,"key":"SMITH"},{"floor":32,"key":"REST"}],"circlet_count":0,"master_deck":["Strike_R","Strike_R+1","Defend_R","Bash+1","Warcry","Whirlwind+1","Armaments","Flex","Double Tap","Inflame+1","Inflame+1","Battle Trance","infinitespire:Starlight"],"relics":["Burning Blood","hubris:Icosahedron","PreservedInsect","Gremlin Horn","hubris:SlimyHat","Replay:Fungal Core","theJungle:SpiritDisease","Sling","aspiration:AnachronicSnailShell","hubris:HerbalPaste","Spirit Poop","hubris:HerbalPaste"],"acts_visited":["Exordium","Exordium"],"potions_floor_usage":[28,29],"damage_taken":[{"damage":6.0,"enemies":"Cultist","floor":1.0,"turns":3.0},{"damage":10.0,"enemies":"2 Louse","floor":4.0,"turns":4.0},{"damage":53.0,"enemies":"3 Sentries","floor":6.0,"turns":9.0},{"damage":0.0,"enemies":"Small Slimes","floor":7.0,"turns":3.0},{"damage":14.0,"enemies":"Gremlin Gang","floor":8.0,"turns":2.0},{"damage":14.0,"enemies":"Gremlin Nob","floor":10.0,"turns":3.0},{"damage":0.0,"enemies":"3 Louse","floor":11.0,"turns":1.0},{"damage":9.0,"enemies":"Blue Slaver","floor":14.0,"turns":3.0},{"damage":52.0,"enemies":"The Guardian","floor":16.0,"turns":10.0},{"damage":35.0,"enemies":"Shell Parasite","floor":18.0,"turns":5.0},{"damage":0.0,"enemies":"theJungle:Cassacara","floor":23.0,"turns":2.0},{"damage":41,"enemies":"theJungle:MUSHROOMGANG","floor":28,"turns":4},{"damage":0,"enemies":"theJungle:2_Snecko_Cultists","floor":29,"turns":1},{"damage":30,"enemies":"Snake Plant","floor":31,"turns":4},{"damage":93,"enemies":"theJungle:FunGuy","floor":33,"turns":7}],"seed_played":"-8386399101429429795","potions_obtained":[{"floor":1.0,"key":"champ:CounterPotion"},{"floor":6.0,"key":"BlessingOfTheForge"},{"floor":8.0,"key":"Cursed Concoction"},{"floor":11.0,"key":"SpeedPotion"},{"floor":16.0,"key":"LifebloodPotion"},{"floor":18.0,"key":"SkillPotion"},{"floor":23.0,"key":"Energy Potion"},{"floor":29,"key":"FairyPotion"}],"is_trial":false,"path_per_floor":["M","?","?","M","?","E","M","M","T","E","M","?","R","M","R","B",null,"M","?","?","$","?","E","AVR","R","T","$","M","M","?","M","R","B"],"character_chosen":"IRONCLAD","items_purchased":["Inflame","Sling","hubris:HerbalPaste"],"campfire_rested":3,"item_purchase_floors":[21,21,27],"current_hp_per_floor":[80,80,80,76,76,29,35,27,27,19,25,9,33,30,54,8,80,51,51,51,51,41,47,47,47,47,47,27,33,13,14,38,0,0],"gold":62,"neow_bonus":"UPGRADE_CARD","is_daily":false,"chose_seed":false,"campfire_upgraded":1,"win_rate":0.0,"timestamp":1608488698,"path_taken":["M","?","?","M","?","E","?","?","T","E","M","?","R","M","R","BOSS","M","?","?","$","?","E","AVR","R","T","?","M","M","?","M","R","BOSS"],"items_purchased_type":["Card","Relic","Relic"],"build_version":"2020-12-13","purchased_purges":2,"victory":false,"max_hp_per_floor":[80,80,80,80,80,80,80,80,80,80,80,80,80,80,80,80,80,80,80,80,80,80,80,80,80,80,80,80,80,80,80,80,80,80],"card_choices":[{"not_picked":["Clothesline","Clash","Body Slam"],"picked":"SKIP","floor":1.0},{"not_picked":["Cleave","Metallicize"],"picked":"Warcry","floor":4.0},{"not_picked":["ReplayReversal","Entrench"],"picked":"Whirlwind","floor":6.0},{"not_picked":["Twin Strike","ReplayTheSpireMod:Muscle Training"],"picked":"Flex","floor":7.0},{"not_picked":["Pommel Strike","Clash"],"picked":"Armaments","floor":8.0},{"not_picked":["Cleave","Sword Boomerang","Abandon"],"picked":"SKIP","floor":10.0},{"not_picked":["Headbutt","Life Link"],"picked":"Flex","floor":11.0},{"not_picked":["ReplayReversal","Sword Boomerang","Warcry"],"picked":"SKIP","floor":14.0},{"not_picked":["Eclipse","Reaper"],"picked":"Double Tap","floor":16.0},{"not_picked":["Warcry+1","Replay:Undeath\u0027s Touch"],"picked":"Inflame+1","floor":18.0},{"not_picked":["Metallicize","Corruption"],"picked":"Battle Trance","floor":23.0},{"not_picked":["Whirlwind","Headbutt+1","Flex"],"picked":"SKIP","floor":28},{"not_picked":["Dark Embrace","Abandon+1","Cleave"],"picked":"SKIP","floor":29},{"not_picked":["infinitespire:TheBestDefense","infinitespire:Fortify"],"picked":"infinitespire:Starlight","floor":30},{"not_picked":["Perfected Strike","True Grit","Body Slam"],"picked":"SKIP","floor":31}],"player_experience":7827,"relics_obtained":[{"floor":6.0,"key":"PreservedInsect"},{"floor":9.0,"key":"Gremlin Horn"},{"floor":10.0,"key":"hubris:SlimyHat"},{"floor":23.0,"key":"aspiration:AnachronicSnailShell"},{"floor":26.0,"key":"Spirit Poop"}],"event_choices":[{"cards_removed":["Defend_R"],"damage_healed":0.0,"max_hp_gain":0.0,"max_hp_loss":0.0,"gold_gain":0.0,"event_name":"Bonfire Elementals","player_choice":"Offered Basic","floor":5.0,"gold_loss":0.0,"damage_taken":0.0},{"damage_healed":0.0,"max_hp_gain":0.0,"max_hp_loss":0.0,"gold_gain":0.0,"event_name":"Shining Light","player_choice":"Entered Light","floor":12.0,"gold_loss":0.0,"damage_taken":16.0,"cards_upgraded":["Whirlwind","Strike_R"]}],"is_beta":false,"boss_relics":[{"not_picked":["Runesmith:UraniumAnvil","Tiny House"],"picked":"Replay:Fungal Core"}],"items_purged_floors":[24,27],"is_endless":false,"potions_floor_spawned":[1,6,8,11,16,18,23,29],"killed_by":"theJungle:FunGuy","ascension_level":0}}