{"host":"c70kelp781yiwf61","time":1608456041,"event":{"mods":["BaseMod","Minty Spire (QoL Compilation)","Reimu£®≤©¿ˆ¡È√Œ£©","Waifu the Spire"],"gold_per_floor":[10011,9020,9036,9036,9036,9062,9075,9087,9087,9117,9127,8176,6890,6908,6908,7012,7012,7028,6053,6076,6086,5301,5301,5314,5341,5341,5341,5371,5384,4778,4778,4778,4875,4875,4887,4887,4907,4921,4364,4364,4394,4405,4460,4479,4479,4497,3990,4002,4002,4002,4002,4002,3475,3507,3507],"floor_reached":56,"playtime":2956,"items_purged":["Shame","Defend_P","Strike_P","Strike_P","Eruption","Strike_P","Strike_P","Defend_P"],"score":1502,"play_id":"7816289f-0bf2-412b-bd2b-01ff119097ad","local_time":"20201220172041","is_ascension_mode":true,"campfire_choices":[{"data":"DevaForm","floor":15,"key":"SMITH"},{"data":"Omniscience","floor":23,"key":"SMITH"},{"floor":32,"key":"DIG"},{"floor":40,"key":"DIG"},{"floor":49,"key":"RECALL"},{"floor":52,"key":"DIG"}],"circlet_count":0,"master_deck":["Defend_P","Defend_P+1","Vigilance","SandsOfTime","Secret Technique+1","MentalFortress","ThirdEye","Prostrate","FlyingSleeves","Nirvana","Pray","The Bomb","LikeWater","Meditate","Ragnarok","Crescendo","Prostrate","Discovery","DevaForm+1","Secret Technique","Omniscience+1","Collect+1","Magnetism+1","Nirvana+1","InnerPeace","Prostrate+1","BattleHymn+1","Worship+1","Alpha+1","Transmutation+1","Prostrate+1","Halt+1","MasterReality+1","ThirdEye+1","SpiritShield+1","Prostrate+1","BattleHymn+1","Enlightenment+1","FearNoEvil","DevaForm+1","Judgement+1","Crescendo+1","Chrysalis+1","EmptyBody+1","Nirvana+1","Prostrate+1","Protect+1","LessonLearned","MentalFortress+1","ClearTheMind+1","ThirdEye+1","Mayhem+1","Perseverance+1","MentalFortress+1","Pray+1","Enlightenment+1","Secret Technique+1","MentalFortress+1"],"relics":["HolyWater","Regal Pillow","Orichalcum","TentaclePot:ReiMu","Bottled Flame","Lizard Tail","Ginger","MealTicket","Ornamental Fan","Toolbox","Mercury Hourglass","PreservedInsect","Melange","RedLine:ReiMu","Frozen Egg 2","Medical Kit","Ancient Tea Set","Toxic Egg 2","Membership Card","Art of War","Shuriken","Smiling Mask","Mastiff:ReiMu","Ice Cream","Shovel","DollysMirror","GoldenEye","Calipers","Frozen Eye","InkBottle","Anchor","Blood Vial","RuthlessExorcism:ReiMu","Mango","HandDrill","Damaru","Sundial","Strawberry","Lee\u0027s Waffle","TungstenRod","Lantern"],"acts_visited":["Exordium","TheCity","TheBeyond","TheEnding"],"potions_floor_usage":[6,6,10,10,24,29,50,55],"damage_taken":[{"damage":12,"enemies":"Cultist","floor":1,"turns":3},{"damage":1,"enemies":"Small Slimes","floor":3,"turns":4},{"damage":22,"enemies":"Gremlin Nob","floor":6,"turns":3},{"damage":2,"enemies":"Jaw Worm","floor":7,"turns":4},{"damage":0,"enemies":"3 Louse","floor":8,"turns":4},{"damage":0,"enemies":"3 Sentries","floor":10,"turns":5},{"damage":5,"enemies":"2 Fungi Beasts","floor":11,"turns":4},{"damage":0,"enemies":"Red Slaver","floor":14,"turns":3},{"damage":9,"enemies":"Hexaghost","floor":16,"turns":7},{"damage":14,"enemies":"2 Thieves","floor":18,"turns":3},{"damage":4,"enemies":"Chosen","floor":21,"turns":3},{"damage":8,"enemies":"3 Cultists","floor":24,"turns":3},{"damage":19,"enemies":"Book of Stabbing","floor":25,"turns":3},{"damage":29,"enemies":"Slavers","floor":28,"turns":3},{"damage":15,"enemies":"Shelled Parasite and Fungi","floor":29,"turns":3},{"damage":16,"enemies":"Automaton","floor":33,"turns":5},{"damage":31,"enemies":"3 Darklings","floor":35,"turns":4},{"damage":5,"enemies":"Orb Walker","floor":37,"turns":2},{"damage":10,"enemies":"4 Shapes","floor":38,"turns":3},{"damage":6,"enemies":"Nemesis","floor":41,"turns":5},{"damage":9,"enemies":"Transient","floor":42,"turns":5},{"damage":11,"enemies":"Maw","floor":44,"turns":5},{"damage":2,"enemies":"Writhing Mass","floor":46,"turns":4},{"damage":0,"enemies":"Sphere and 2 Shapes","floor":48,"turns":3},{"damage":80,"enemies":"Awakened One","floor":50,"turns":8},{"damage":11,"enemies":"Shield and Spear","floor":54,"turns":3},{"damage":69,"enemies":"The Heart","floor":55,"turns":8}],"seed_played":"4382283340186871498","potions_obtained":[{"floor":5,"key":"MagicPotion:ReiMu"},{"floor":6,"key":"PowerPotion"},{"floor":7,"key":"BottledMiracle"},{"floor":10,"key":"SneckoOil"},{"floor":11,"key":"SteroidPotion"},{"floor":18,"key":"GrandPatriotsElixir:ReiMu"},{"floor":29,"key":"DuplicationPotion"},{"floor":38,"key":"FairyPotion"}],"is_trial":false,"path_per_floor":["M","$","M","?","?","E","M","M","T","E","M","$","$","M","R","B",null,"M","$","T","M","$","R","M","E","T","?","E","M","$","?","R","B",null,"M","?","M","M","$","R","E","M","T","M","?","M","$","M","R","B",null,"R","$","E","B",null],"character_chosen":"WATCHER","items_purchased":["Regal Pillow","Orichalcum","TentaclePot:ReiMu","Secret Technique","MentalFortress","PowerPotion","Swift Potion","Ambrosia","ThirdEye","MealTicket","Ornamental Fan","Toolbox","StancePotion","The Bomb","LikeWater","Meditate","Ragnarok","Crescendo","Prostrate","Discovery","DevaForm","Mercury Hourglass","PreservedInsect","Melange","Secret Technique","Frozen Egg 2","Medical Kit","Ancient Tea Set","Magnetism+1","Nirvana+1","InnerPeace","BattleHymn+1","Toxic Egg 2","Membership Card","Art of War","Worship+1","Alpha+1","Transmutation+1","Prostrate+1","BattleHymn+1","Enlightenment+1","Ice Cream","Shovel","FearNoEvil","FairyPotion","DollysMirror","Calipers","Frozen Eye","InkBottle","Nirvana+1","Prostrate+1","Protect+1","LessonLearned","Mayhem+1","Mango","HandDrill","Damaru","Perseverance+1","MentalFortress+1","Strawberry","Lee\u0027s Waffle","TungstenRod","Enlightenment+1","Secret Technique+1","Block Potion","BottledMiracle"],"campfire_rested":0,"item_purchase_floors":[2,2,2,2,2,2,2,2,2,12,12,12,12,12,12,12,13,13,13,13,13,13,13,13,13,19,19,19,19,19,19,22,22,22,22,22,22,22,30,30,30,30,30,30,30,30,39,39,39,39,39,39,39,47,47,47,47,47,47,53,53,53,53,53,53,53],"current_hp_per_floor":[60,60,59,64,64,42,40,40,40,40,35,35,50,50,50,41,77,63,77,77,73,77,77,69,50,50,50,21,6,21,46,46,30,77,46,46,41,31,46,46,40,33,33,24,24,24,53,55,55,13,91,91,105,94,27],"gold":3507,"neow_bonus":"TWO_FIFTY_GOLD","is_daily":false,"chose_seed":false,"campfire_upgraded":2,"win_rate":0.0,"timestamp":1608456041,"path_taken":["M","$","M","?","?","E","M","?","T","E","M","?","$","M","R","BOSS","M","$","?","M","$","R","M","E","T","?","E","?","?","?","R","BOSS","M","?","M","M","$","R","E","M","T","M","?","M","$","?","R","BOSS","R","$","E","BOSS"],"items_purchased_type":["Relic","Relic","Relic","Card","Card","Potion","Potion","Potion","Card","Relic","Relic","Relic","Potion","Card","Card","Card","Card","Card","Card","Card","Card","Relic","Relic","Relic","Card","Relic","Relic","Relic","Card","Card","Card","Card","Relic","Relic","Relic","Card","Card","Card","Card","Card","Card","Relic","Relic","Card","Potion","Relic","Relic","Relic","Relic","Card","Card","Card","Card","Card","Relic","Relic","Relic","Card","Card","Relic","Relic","Relic","Card","Card","Potion","Potion"],"build_version":"2020-12-13","purchased_purges":8,"victory":true,"max_hp_per_floor":[72,72,72,77,77,77,77,77,77,77,77,77,77,77,77,77,77,77,77,77,77,77,77,77,77,77,77,77,77,77,77,77,77,77,77,77,77,77,77,77,77,77,77,77,77,77,91,91,91,91,91,91,105,105,105],"card_choices":[{"not_picked":["BowlingBash","EmptyBody"],"picked":"SandsOfTime","floor":1},{"not_picked":["Evaluate","SignatureMove"],"picked":"Prostrate","floor":3},{"not_picked":["JustLucky","EmptyBody"],"picked":"FlyingSleeves","floor":6},{"not_picked":["BowlingBash","FollowUp","Sanctity"],"picked":"SKIP","floor":7},{"not_picked":["SashWhip","PathToVictory","CarveReality"],"picked":"SKIP","floor":8},{"not_picked":["Halt","WaveOfTheHand"],"picked":"Nirvana","floor":10},{"not_picked":["Wallop","BowlingBash"],"picked":"Pray","floor":11},{"not_picked":["Consecrate","CutThroughFate","PathToVictory"],"picked":"SKIP","floor":14},{"not_picked":["Judgement","Blasphemy"],"picked":"Omniscience","floor":16},{"not_picked":["BowlingBash","Nirvana"],"picked":"Collect+1","floor":18},{"not_picked":["ThirdEye+1","WindmillStrike+1"],"picked":"Prostrate","floor":21},{"not_picked":["SashWhip","EmptyBody+1"],"picked":"Prostrate+1","floor":24},{"not_picked":["Crescendo+1","ReachHeaven+1"],"picked":"Halt+1","floor":25},{"not_picked":["Adaptation+1","JustLucky"],"picked":"ThirdEye+1","floor":28},{"not_picked":["ThirdEye+1","Meditate+1"],"picked":"SpiritShield+1","floor":29},{"not_picked":["Brilliance","Blasphemy+1"],"picked":"Judgement+1","floor":33},{"not_picked":["Sanctity+1","EmptyFist"],"picked":"Crescendo+1","floor":35},{"not_picked":["Impatience+1","Metamorphosis+1"],"picked":"Chrysalis+1","floor":36},{"not_picked":["JustLucky+1","FollowUp","BowlingBash+1"],"picked":"SKIP","floor":37},{"not_picked":["EmptyMind+1","SashWhip+1"],"picked":"EmptyBody+1","floor":38},{"not_picked":["WaveOfTheHand+1","FlurryOfBlows"],"picked":"MentalFortress+1","floor":41},{"not_picked":["WheelKick+1","Indignation+1"],"picked":"ClearTheMind+1","floor":42},{"not_picked":["BowlingBash+1","Halt+1","MentalFortress+1"],"picked":"SKIP","floor":44},{"not_picked":["SandsOfTime","ReachHeaven"],"picked":"ThirdEye+1","floor":46},{"not_picked":["Indignation+1","SashWhip+1"],"picked":"Pray+1","floor":48},{"not_picked":["SandsOfTime+1","Halt+1"],"picked":"MentalFortress+1","floor":54}],"player_experience":148458,"relics_obtained":[{"floor":6,"key":"Bottled Flame"},{"floor":9,"key":"Lizard Tail"},{"floor":10,"key":"Ginger"},{"floor":25,"key":"Shuriken"},{"floor":26,"key":"Smiling Mask"},{"floor":28,"key":"Mastiff:ReiMu"},{"floor":32,"key":"GoldenEye"},{"floor":40,"key":"Anchor"},{"floor":41,"key":"Blood Vial"},{"floor":43,"key":"RuthlessExorcism:ReiMu"},{"floor":52,"key":"Sundial"},{"floor":54,"key":"Lantern"}],"event_choices":[{"damage_healed":0,"gold_gain":0,"player_choice":"Donut","damage_taken":0,"max_hp_gain":5,"max_hp_loss":0,"event_name":"Big Fish","floor":4,"gold_loss":0},{"damage_healed":0,"gold_gain":0,"player_choice":"Got Potions","damage_taken":0,"max_hp_gain":0,"max_hp_loss":0,"event_name":"Lab","floor":5,"gold_loss":0},{"damage_healed":0,"gold_gain":0,"player_choice":"1 cards matched","damage_taken":0,"max_hp_gain":0,"max_hp_loss":0,"event_name":"Match and Keep!","floor":27,"gold_loss":0,"cards_obtained":["MasterReality"]},{"damage_healed":25,"gold_gain":0,"player_choice":"Heal","damage_taken":0,"max_hp_gain":0,"max_hp_loss":0,"event_name":"The Library","floor":31,"gold_loss":0},{"damage_healed":0,"gold_gain":0,"player_choice":"Memory 1","damage_taken":0,"max_hp_gain":0,"max_hp_loss":0,"event_name":"SensoryStone","floor":36,"gold_loss":0},{"damage_healed":0,"gold_gain":0,"player_choice":"Forge","damage_taken":0,"max_hp_gain":0,"max_hp_loss":0,"event_name":"Accursed Blacksmith","floor":45,"gold_loss":0,"cards_upgraded":["Secret Technique"]}],"is_beta":false,"boss_relics":[{"not_picked":["Empty Cage","Pandora\u0027s Box"],"picked":"RedLine:ReiMu"},{"not_picked":["Runic Pyramid","Velvet Choker"],"picked":"HolyWater"}],"items_purged_floors":[2,13,19,22,30,39,47,53],"is_endless":false,"potions_floor_spawned":[6,7,10,11,18,29,35,38],"ascension_level":1}}