{"host":"4axoa1rfjgnprp9l","time":1608438546,"event":{"mods":["2.2 Compatiblity","AchievementEnabler","BaseMod","Colored Map","DeckTracker","Highlight Path","Minty Spire (QoL Compilation)","Permanent Neow","StSLib","SuperFastMode"],"gold_per_floor":[109,129,140,140,153,153,153,153,153,163,173,191,202,219,219,293,293,307,327,89,139,152,152,177,190,266,266,278,309,309,224,224,298,298,314,314,332,352,352,387,387,399,422,432,444,476,476,116,116,116,116],"floor_reached":52,"playtime":8793,"items_purged":["Strike_G","Strike_G+1"],"score":2025,"play_id":"a366fca6-c822-4dc1-9bfd-f8d3fcf4de09","local_time":"20201220132906","is_ascension_mode":true,"campfire_choices":[{"data":"Dagger Spray","floor":6.0,"key":"SMITH"},{"data":"A Thousand Cuts","floor":8.0,"key":"SMITH"},{"data":"Poisoned Stab","floor":15.0,"key":"SMITH"},{"data":"Wraith Form v2","floor":23.0,"key":"SMITH"},{"data":"Footwork","floor":27.0,"key":"SMITH"},{"data":"Cloak And Dagger","floor":32.0,"key":"SMITH"},{"floor":41.0,"key":"RECALL"},{"data":"Purity","floor":49.0,"key":"SMITH"}],"circlet_count":0,"master_deck":["AscendersBane","Strike_G+1","Strike_G+1","Strike_G+1","Defend_G+1","Defend_G+1","Defend_G+1","Defend_G+1","Defend_G+1","Survivor+1","Neutralize+1","A Thousand Cuts+1","PiercingWail+1","Dagger Spray+1","Wraith Form v2+1","Footwork+1","Blur+1","Poisoned Stab+1","Backstab+1","Backflip+1","Deflect+1","Adrenaline+1","Tactician+1","Cloak And Dagger+1","Choke+1","Escape Plan+1","Malaise+1","Backflip+1","Footwork+1","Backflip","Deflect+1","Purity+1"],"relics":["Ring of the Snake","Thread and Needle","FaceOfCleric","Mango","SlaversCollar","HandDrill","Shuriken","Pantograph","TungstenRod","MutagenicStrength","War Paint","Coffee Dripper","Mark of the Bloom","Prayer Wheel","Lantern","Toy Ornithopter","Toolbox"],"acts_visited":["TheCity","TheBeyond"],"potions_floor_usage":[51,51],"damage_taken":[{"damage":2.0,"enemies":"Jaw Worm","floor":1.0,"turns":7.0},{"damage":1.0,"enemies":"Small Slimes","floor":2.0,"turns":5.0},{"damage":0.0,"enemies":"Cultist","floor":3.0,"turns":4.0},{"damage":3.0,"enemies":"2 Fungi Beasts","floor":5.0,"turns":5.0},{"damage":2.0,"enemies":"Large Slime","floor":10.0,"turns":5.0},{"damage":0.0,"enemies":"3 Louse","floor":11.0,"turns":4.0},{"damage":1.0,"enemies":"Lots of Slimes","floor":12.0,"turns":3.0},{"damage":0.0,"enemies":"Red Slaver","floor":13.0,"turns":3.0},{"damage":0.0,"enemies":"Exordium Thugs","floor":14.0,"turns":4.0},{"damage":15.0,"enemies":"The Guardian","floor":16.0,"turns":16.0},{"damage":8.0,"enemies":"Shell Parasite","floor":18.0,"turns":9.0},{"damage":10.0,"enemies":"Chosen","floor":19.0,"turns":7.0},{"damage":0.0,"enemies":"Sentry and Sphere","floor":22.0,"turns":5.0},{"damage":0.0,"enemies":"Gremlin Leader","floor":24.0,"turns":9.0},{"damage":4.0,"enemies":"Centurion and Healer","floor":25.0,"turns":7.0},{"damage":0.0,"enemies":"3 Cultists","floor":28.0,"turns":5.0},{"damage":14.0,"enemies":"Book of Stabbing","floor":29.0,"turns":5.0},{"damage":55.0,"enemies":"Collector","floor":33.0,"turns":12.0},{"damage":0.0,"enemies":"3 Shapes","floor":35.0,"turns":4.0},{"damage":8.0,"enemies":"Orb Walker","floor":37.0,"turns":4.0},{"damage":0.0,"enemies":"4 Shapes","floor":38.0,"turns":6.0},{"damage":11.0,"enemies":"Giant Head","floor":40.0,"turns":12.0},{"damage":10.0,"enemies":"Transient","floor":42.0,"turns":6.0},{"damage":5.0,"enemies":"Maw","floor":44.0,"turns":9.0},{"damage":6.0,"enemies":"Writhing Mass","floor":45.0,"turns":5.0},{"damage":0.0,"enemies":"Nemesis","floor":46.0,"turns":7.0},{"damage":21.0,"enemies":"Awakened One","floor":50.0,"turns":21.0},{"damage":0,"enemies":"Time Eater","floor":51,"turns":11}],"seed_played":"5981097824760217375","potions_obtained":[{"floor":2.0,"key":"GamblersBrew"},{"floor":3.0,"key":"SneckoOil"},{"floor":13.0,"key":"SkillPotion"},{"floor":18.0,"key":"DuplicationPotion"},{"floor":22.0,"key":"LiquidMemories"},{"floor":33.0,"key":"Fire Potion"},{"floor":40.0,"key":"ColorlessPotion"},{"floor":42.0,"key":"CunningPotion"},{"floor":45.0,"key":"DuplicationPotion"},{"floor":46.0,"key":"Strength Potion"}],"is_trial":false,"path_per_floor":["M","M","M","?","M","R","?","R","T","M","M","M","M","M","R","B",null,"M","M","$","?","M","R","E","M","T","R","M","E","?","?","R","B",null,"M","?","M","M","?","E","R","M","T","M","M","E","?","$","R","B","B",null],"character_chosen":"THE_SILENT","items_purchased":["HandDrill","Toolbox","Purity"],"campfire_rested":0,"item_purchase_floors":[20,48,48],"current_hp_per_floor":[57,56,56,45,42,42,42,42,56,55,56,56,57,58,58,44,76,69,60,60,60,61,61,62,59,59,59,60,47,47,47,47,18,75,76,76,69,70,70,59,59,49,49,44,38,38,38,38,38,17,17],"gold":116,"neow_bonus":"ONE_RANDOM_RARE_CARD","is_daily":false,"chose_seed":false,"campfire_upgraded":7,"win_rate":0.0,"timestamp":1608438546,"path_taken":["M","M","M","?","M","R","?","R","T","M","M","M","M","?","R","BOSS","M","M","$","?","M","R","E","M","T","R","M","E","?","?","R","BOSS","M","?","M","M","?","E","R","M","T","M","M","E","?","$","R","BOSS","BOSS"],"items_purchased_type":["Relic","Relic","Card"],"build_version":"2020-12-13","purchased_purges":2,"victory":true,"max_hp_per_floor":[66,66,66,66,66,66,66,66,80,81,82,83,84,85,85,86,86,87,88,88,88,89,89,90,91,91,91,92,93,93,93,93,94,94,95,90,91,92,92,93,93,94,94,95,96,97,97,97,97,98,99],"card_choices":[{"not_picked":["Prepared","Underhanded Strike"],"picked":"PiercingWail","floor":1.0},{"not_picked":["Slice","Blade Dance"],"picked":"Dagger Spray","floor":2.0},{"not_picked":["PiercingWail","Flying Knee"],"picked":"Wraith Form v2","floor":3.0},{"not_picked":["Eviscerate","Crippling Poison"],"picked":"Footwork","floor":5.0},{"not_picked":["Bouncing Flask","Noxious Fumes"],"picked":"Blur","floor":10.0},{"not_picked":["Dagger Spray","Flechettes"],"picked":"Poisoned Stab","floor":11.0},{"not_picked":["Flying Knee","Deflect"],"picked":"Backstab","floor":12.0},{"not_picked":["Well Laid Plans","Deadly Poison"],"picked":"Backflip","floor":13.0},{"not_picked":["Heel Hook","Setup"],"picked":"Deflect","floor":14.0},{"not_picked":["Tools of the Trade","Unload"],"picked":"Adrenaline","floor":16.0},{"not_picked":["All Out Attack","Bane","Flechettes"],"picked":"SKIP","floor":18.0},{"not_picked":["Prepared","Quick Slash"],"picked":"Tactician","floor":19.0},{"not_picked":["Caltrops","Acrobatics"],"picked":"Cloak And Dagger","floor":22.0},{"not_picked":["Dagger Throw","Skewer"],"picked":"Choke+1","floor":24.0},{"not_picked":["Dodge and Roll","Quick Slash","Deadly Poison"],"picked":"SKIP","floor":25.0},{"not_picked":["Blur","Poisoned Stab"],"picked":"Escape Plan","floor":28.0},{"not_picked":["Quick Slash","All Out Attack","Slice"],"picked":"SKIP","floor":29.0},{"not_picked":["Phantasmal Killer","Wraith Form v2"],"picked":"Malaise","floor":33.0},{"not_picked":["PiercingWail","Underhanded Strike+1"],"picked":"Backflip","floor":35.0},{"not_picked":["Dodge and Roll","Accuracy","Well Laid Plans"],"picked":"SKIP","floor":37.0},{"not_picked":["Distraction","Dash","Prepared"],"picked":"SKIP","floor":38.0},{"not_picked":["Finisher","Backflip","Outmaneuver"],"picked":"SKIP","floor":40.0},{"not_picked":["Riddle With Holes+1","Dodge and Roll","Quick Slash"],"picked":"SKIP","floor":42.0},{"not_picked":["Leg Sweep","Bane","Predator"],"picked":"SKIP","floor":42.0},{"not_picked":["Backstab","Flying Knee"],"picked":"Footwork+1","floor":44.0},{"not_picked":["Caltrops+1","Outmaneuver+1"],"picked":"Backflip","floor":44.0},{"not_picked":["Venomology","Quick Slash+1"],"picked":"Deflect+1","floor":45.0},{"not_picked":["PiercingWail","Deadly Poison","Choke"],"picked":"SKIP","floor":45.0},{"not_picked":["Flechettes+1","Concentrate","Sucker Punch"],"picked":"SKIP","floor":46.0}],"player_experience":753035,"relics_obtained":[{"floor":9.0,"key":"Mango"},{"floor":24.0,"key":"Shuriken"},{"floor":26.0,"key":"Pantograph"},{"floor":29.0,"key":"TungstenRod"},{"floor":40.0,"key":"Prayer Wheel"},{"floor":43.0,"key":"Lantern"},{"floor":46.0,"key":"Toy Ornithopter"}],"event_choices":[{"damage_healed":0.0,"max_hp_gain":0.0,"max_hp_loss":0.0,"gold_gain":0.0,"event_name":"Scrap Ooze","player_choice":"Success","floor":4.0,"gold_loss":0.0,"damage_taken":11.0,"relics_obtained":["Thread and Needle"]},{"damage_healed":0.0,"max_hp_gain":0.0,"max_hp_loss":0.0,"gold_gain":0.0,"event_name":"FaceTrader","player_choice":"Trade","floor":7.0,"gold_loss":0.0,"damage_taken":0.0,"relics_obtained":["FaceOfCleric"]},{"damage_healed":0.0,"max_hp_gain":0.0,"max_hp_loss":0.0,"gold_gain":50.0,"event_name":"Nest","player_choice":"Stole From Cult","floor":21.0,"gold_loss":0.0,"damage_taken":0.0},{"damage_healed":0.0,"max_hp_gain":0.0,"max_hp_loss":0.0,"gold_gain":0.0,"event_name":"Drug Dealer","player_choice":"Inject Mutagens","floor":30.0,"gold_loss":0.0,"damage_taken":0.0,"relics_obtained":["MutagenicStrength"]},{"damage_healed":0.0,"max_hp_gain":0.0,"max_hp_loss":0.0,"gold_gain":0.0,"event_name":"Addict","player_choice":"Obtained Relic","floor":31.0,"gold_loss":85.0,"damage_taken":0.0,"relics_obtained":["War Paint"]},{"damage_healed":0.0,"max_hp_gain":0.0,"max_hp_loss":5.0,"gold_gain":0.0,"event_name":"Winding Halls","player_choice":"Max HP","floor":36.0,"gold_loss":0.0,"damage_taken":0.0},{"damage_healed":0.0,"max_hp_gain":0.0,"max_hp_loss":0.0,"gold_gain":0.0,"event_name":"MindBloom","player_choice":"Upgrade","floor":39.0,"gold_loss":0.0,"damage_taken":0.0,"cards_upgraded":["Strike_G","Strike_G","Strike_G","Strike_G","Defend_G","Defend_G","Defend_G","Defend_G","Neutralize","PiercingWail","Blur","Backstab","Backflip","Deflect","Adrenaline","Tactician","Escape Plan","Malaise","Backflip"],"relics_obtained":["Mark of the Bloom"]},{"damage_healed":0.0,"max_hp_gain":0.0,"max_hp_loss":0.0,"gold_gain":0.0,"event_name":"Lab","player_choice":"Got Potions","floor":47.0,"gold_loss":0.0,"damage_taken":0.0}],"is_beta":false,"boss_relics":[{"not_picked":["Runic Pyramid","Runic Dome"],"picked":"SlaversCollar"},{"not_picked":["Cursed Key","Sozu"],"picked":"Coffee Dripper"}],"items_purged_floors":[20,48],"is_endless":false,"potions_floor_spawned":[2,3,10,13,18,22,33,40,42,45,46],"ascension_level":20}}