{"host":"pgqkv8mh62pnrbci","time":1608468317,"event":{"mods":["AchievementEnabler","BaseMod","Custom Start","Infinite Spire","Minty Spire (QoL Compilation)","Replay The Spire","StSLib","SuperFastMode","¡¼?Úª?ø«¡½REMEMod"],"gold_per_floor":[13,30,30,43,64,64,102,102,129,129,148,164,182,207,207,300,300,240,240,26,26,26,26,26,26,26,26,26,26,26,26,26,26,26,26,26,26,26,0,0,0,0],"floor_reached":41,"playtime":1935,"items_purged":["Strike_G"],"score":825,"play_id":"53914be4-93f8-413c-9e44-93782bf36423","local_time":"20201220214517","is_ascension_mode":true,"campfire_choices":[{"data":"Neutralize","floor":6.0,"key":"SMITH"},{"data":"Blade Dance","floor":8.0,"key":"SMITH"},{"floor":10.0,"key":"REST"},{"data":"Terror","floor":15.0,"key":"SMITH"},{"floor":23.0,"key":"REST"},{"floor":29.0,"key":"REST"},{"data":"Burst","floor":32.0,"key":"SMITH"}],"circlet_count":0,"master_deck":["AscendersBane","Strike_G","Strike_G","Strike_G","Defend_G","Defend_G","Defend_G","Defend_G+1","Defend_G","Survivor","Neutralize+1","Replay:Dark Deal","Acrobatics","ReplayTheSpireMod:Scrap Shanks","Hidden Blade+1","Blade Dance+1","Terror+1","Tools of the Trade","Choke","REME_GreenPollution","A Thousand Cuts","Tactician","PiercingWail","Accuracy","Calculated Gamble+1","Infinite Blades","Bane","Tactician+1","Caltrops+1","Burst+1","Storm of Steel","ReplayTheSpireMod:Faulty Equipment","Looming Evil","infinitespire:Menacing"],"relics":["Ring of the Snake","REME_ComplimentaryCards","Mango","Golden Idol","Nunchaku","Bag of Preparation","Ectoplasm","War Paint","Onion Ring","ChewingGum","Red Mask"],"acts_visited":["Exordium","TheCity","TheBeyond"],"potions_floor_usage":[],"damage_taken":[{"damage":0.0,"enemies":"Small Slimes","floor":1.0,"turns":4.0},{"damage":9.0,"enemies":"2 Louse","floor":2.0,"turns":5.0},{"damage":0.0,"enemies":"Cultist","floor":4.0,"turns":3.0},{"damage":9.0,"enemies":"Large Slime","floor":5.0,"turns":4.0},{"damage":22.0,"enemies":"Gremlin Nob","floor":7.0,"turns":4.0},{"damage":4.0,"enemies":"Blue Slaver","floor":11.0,"turns":5.0},{"damage":16.0,"enemies":"3 Louse","floor":12.0,"turns":4.0},{"damage":6.0,"enemies":"Exordium Wildlife","floor":13.0,"turns":3.0},{"damage":0.0,"enemies":"2 Fungi Beasts","floor":14.0,"turns":2.0},{"damage":13.0,"enemies":"Slime Boss","floor":16.0,"turns":7.0},{"damage":19.0,"enemies":"2 Thieves","floor":18.0,"turns":4.0},{"damage":0.0,"enemies":"Chosen","floor":19.0,"turns":3.0},{"damage":24.0,"enemies":"3 Cultists","floor":21.0,"turns":5.0},{"damage":8.0,"enemies":"Cultist and Chosen","floor":22.0,"turns":5.0},{"damage":33.0,"enemies":"Slavers","floor":24.0,"turns":5.0},{"damage":9.0,"enemies":"Shelled Parasite and Fungi","floor":27.0,"turns":5.0},{"damage":0.0,"enemies":"Chosen and Byrds","floor":28.0,"turns":2.0},{"damage":8.0,"enemies":"Centurion and Healer","floor":30.0,"turns":4.0},{"damage":5.0,"enemies":"Snake Plant","floor":31.0,"turns":3.0},{"damage":3.0,"enemies":"Collector","floor":33.0,"turns":4.0},{"damage":30.0,"enemies":"Orb Walker","floor":35.0,"turns":4.0},{"damage":15.0,"enemies":"3 Shapes","floor":36.0,"turns":5.0},{"damage":9.0,"enemies":"Sphere and 2 Shapes","floor":40.0,"turns":5.0},{"damage":32,"enemies":"Transient","floor":41,"turns":4}],"seed_played":"-5171477078606924187","potions_obtained":[{"floor":4.0,"key":"CunningPotion"},{"floor":5.0,"key":"PowerPotion"},{"floor":14.0,"key":"PowerPotion"},{"floor":16.0,"key":"Dexterity Potion"},{"floor":18.0,"key":"LiquidMemories"},{"floor":22.0,"key":"EssenceOfSteel"},{"floor":27.0,"key":"Fire Potion"},{"floor":30.0,"key":"PowerPotion"}],"is_trial":false,"path_per_floor":["M","M","?","M","M","R","E","R","T","R","M","M","M","M","R","B",null,"M","M","$","M","M","R","E","?","T","M","M","R","M","M","R","B",null,"M","M","?","?","?","M","M"],"character_chosen":"THE_SILENT","items_purchased":["Accuracy","SteroidPotion"],"campfire_rested":3,"item_purchase_floors":[20,20],"current_hp_per_floor":[73,71,43,43,34,34,12,12,12,36,42,26,20,20,20,7,62,43,43,43,19,11,35,2,2,2,3,3,27,29,24,24,21,65,35,20,20,20,20,11,0,0],"gold":0,"neow_bonus":"ONE_RARE_RELIC","is_daily":false,"chose_seed":false,"campfire_upgraded":4,"win_rate":0.0,"timestamp":1608468317,"path_taken":["M","M","?","M","M","R","E","R","T","R","M","M","M","M","R","BOSS","M","M","$","M","M","R","E","?","T","M","?","R","M","M","R","BOSS","M","M","?","?","?","?","M"],"items_purchased_type":["Card","Potion"],"build_version":"2020-12-13","purchased_purges":1,"victory":false,"max_hp_per_floor":[80,80,80,80,80,80,80,80,80,80,80,80,80,80,80,80,80,80,80,80,80,80,80,80,80,80,80,80,80,80,80,80,80,80,80,80,80,80,80,80,80,80],"card_choices":[{"not_picked":["Prepared","Blur"],"picked":"Acrobatics","floor":1.0},{"not_picked":["Deflect","Slice"],"picked":"ReplayTheSpireMod:Scrap Shanks","floor":2.0},{"not_picked":["Dagger Throw","Bouncing Flask","Toxin Wave"],"picked":"SKIP","floor":4.0},{"not_picked":["Setup","ReplayTheSpireMod:The Works"],"picked":"Hidden Blade","floor":5.0},{"not_picked":["PiercingWail","Choke"],"picked":"Blade Dance","floor":7.0},{"not_picked":["Backflip","Choke"],"picked":"Terror","floor":11.0},{"not_picked":["Outmaneuver","Finisher"],"picked":"Tools of the Trade","floor":12.0},{"not_picked":["Dodge and Roll","Hidden Blade"],"picked":"Choke","floor":13.0},{"not_picked":["Quick Slash","Sucker Punch"],"picked":"REME_GreenPollution","floor":14.0},{"not_picked":["Glass Knife","Atom Bomb"],"picked":"A Thousand Cuts","floor":16.0},{"not_picked":["Leg Sweep","Choke"],"picked":"Tactician","floor":18.0},{"not_picked":["Deflect+1","REME_GreenPollution"],"picked":"PiercingWail","floor":19.0},{"not_picked":["Dagger Throw","Dodge and Roll"],"picked":"Calculated Gamble+1","floor":21.0},{"not_picked":["Deflect","Sucker Punch"],"picked":"Infinite Blades","floor":22.0},{"not_picked":["Hidden Blade","Noxious Fumes","Dagger Throw+1"],"picked":"SKIP","floor":24.0},{"not_picked":["Terror+1","Dagger Throw"],"picked":"Tactician+1","floor":27.0},{"not_picked":["Expertise","Quick Slash","Slice+1"],"picked":"SKIP","floor":28.0},{"not_picked":["Dodge and Roll","Skewer"],"picked":"Caltrops+1","floor":30.0},{"not_picked":["Outmaneuver","Bane"],"picked":"Burst","floor":31.0},{"not_picked":["ReplayTheSpireMod:From All Sides","Replay:Bag of Tricks"],"picked":"Storm of Steel","floor":33.0},{"not_picked":["Acrobatics","Underhanded Strike+1","Infinite Blades"],"picked":"SKIP","floor":35.0},{"not_picked":["Underhanded Strike","Poisoned Stab+1","Bane"],"picked":"SKIP","floor":36.0},{"not_picked":["ReplayTheSpireMod:Black Plague","infinitespire:Punishment"],"picked":"infinitespire:Menacing","floor":38.0},{"not_picked":["Acrobatics","Cloak And Dagger","Crippling Poison+1"],"picked":"SKIP","floor":40.0}],"player_experience":570373,"relics_obtained":[{"floor":7.0,"key":"Nunchaku"},{"floor":9.0,"key":"Bag of Preparation"},{"floor":24.0,"key":"War Paint"},{"floor":26.0,"key":"Onion Ring"}],"event_choices":[{"damage_healed":0.0,"max_hp_gain":0.0,"max_hp_loss":0.0,"gold_gain":0.0,"event_name":"Golden Idol","player_choice":"Take Damage","floor":3.0,"gold_loss":0.0,"damage_taken":28.0,"relics_obtained":["Golden Idol"]},{"damage_healed":0.0,"max_hp_gain":0.0,"max_hp_loss":0.0,"gold_gain":0.0,"cards_transformed":["Strike_G"],"event_name":"Transmorgrifier","player_choice":"Transformed","floor":25.0,"gold_loss":0.0,"damage_taken":0.0,"cards_obtained":["Bane"]},{"damage_healed":0.0,"max_hp_gain":0.0,"max_hp_loss":0.0,"gold_gain":0.0,"event_name":"Tomb of Lord Red Mask","player_choice":"Paid","floor":39.0,"gold_loss":26.0,"damage_taken":0.0,"relics_obtained":["Red Mask"]}],"is_beta":false,"boss_relics":[{"not_picked":["WristBlade","Pandora\u0027s Box"],"picked":"Ectoplasm"},{"not_picked":["Cursed Key","Kintsugi"],"picked":"ChewingGum"}],"items_purged_floors":[20],"is_endless":false,"potions_floor_spawned":[4,5,14,16,18,22,27,30,31],"killed_by":"Transient","ascension_level":19}}