{"host":"g1wmg2w41xhsnw8g","time":1608425635,"event":{"mods":["2.2 Compatiblity","Act Like it!","BaseMod","Better Altar","Better Match","Better Note","Better Sensory Stone","Better Skull","Better Third Choice","BetterRewards","Booster Modes","CapriCore","CatGirl Mod","Colored Map","Colored Powertips","Curses Come First","Defuse TimeMaze Blight","Displayed Cursed Tome","Friendly Minions","GifTheSpireLib","Googly Eyes","Hermit","Infinite Spire","Minty Spire (QoL Compilation)","Red Circlet Mod","Relic Sorter","SCP261 Mod","Shop Mod","Spicy Shops","StSLib","The Hayseed","The Marked","The Poker Player","The Sage","The Trickster","Transform Curses","Wandering Minibosses","????"],"gold_per_floor":[114,102,102,146,321,321,321],"floor_reached":6,"playtime":364,"items_purged":["theMarked:Defend"],"score":38,"play_id":"fcbdc63c-6273-46ec-84c1-ee28c8d42b09","local_time":"20201219195354","is_ascension_mode":true,"campfire_choices":[],"circlet_count":0,"master_deck":["theMarked:Strike","theMarked:Strike","theMarked:Strike","theMarked:Strike","theMarked:Strike","theMarked:Defend","theMarked:Defend","theMarked:Defend","theMarked:SoldierOfQuellstein","theMarked:Electrocute","theMarked:HeritageOfTheMarked","Wish","theMarked:Static","Doubt"],"relics":["theMarked:ArtifactOfAir","Membership Card","Happy Flower"],"acts_visited":["Exordium"],"potions_floor_usage":[2],"damage_taken":[{"damage":6,"enemies":"2 Louse","floor":1,"turns":2},{"damage":12,"enemies":"Small Slimes","floor":2,"turns":5},{"damage":10,"enemies":"Cultist","floor":4,"turns":4},{"damage":27,"enemies":"3 Sentries","floor":6,"turns":6}],"seed_played":"3912362872788155511","potions_obtained":[{"floor":1,"key":"SkillPotion"}],"is_trial":false,"path_per_floor":["M","M","?","M","?","E"],"character_chosen":"THE_DEFAULT","items_purchased":["Membership Card","Singing Bowl","theMarked:Electrocute"],"campfire_rested":0,"item_purchase_floors":[0,0,0],"current_hp_per_floor":[66,54,37,27,27,0,0],"gold":321,"neow_bonus":"","is_daily":false,"chose_seed":false,"campfire_upgraded":0,"win_rate":0.0,"timestamp":1608425634,"path_taken":["M","M","?","M","?","E"],"items_purchased_type":["Relic","Relic","Card"],"build_version":"2020-12-13","purchased_purges":1,"victory":false,"max_hp_per_floor":[72,72,72,72,72,72,72],"card_choices":[{"not_picked":["theMarked:WardOff","theMarked:Aftermath","theMarked:Parkour"],"picked":"Singing Bowl","floor":1},{"not_picked":["theMarked:TwofoldDefense","theMarked:ResourceFulStrike"],"picked":"theMarked:HeritageOfTheMarked","floor":2},{"not_picked":["theMarked:RepellingDischarge","theMarked:ResourceFulStrike"],"picked":"theMarked:Static","floor":4}],"player_experience":1649267,"relics_obtained":[],"event_choices":[{"damage_healed":0,"gold_gain":175,"player_choice":"AGREE","damage_taken":146,"max_hp_gain":0,"max_hp_loss":0,"event_name":"betterThird:BetterSerpent","floor":5,"gold_loss":0}],"is_beta":false,"boss_relics":[],"items_purged_floors":[0],"is_endless":false,"potions_floor_spawned":[1],"killed_by":"3 Sentries","ascension_level":1}}