{"host":"5gc11emcm5chfr5t","time":1608428311,"event":{"mods":["2.2 Compatiblity","AchievementEnabler","BaseMod","Bestiary","Better Note","Colored Map","Colored Powertips","Downfall","Googly Eyes","Minty Spire (QoL Compilation)","Rare Cards Sparkle","StSLib"],"gold_per_floor":[99,399,324,355,355,382,406,406,432,447,464,475,303,287,305,385,385],"floor_reached":16,"playtime":443,"items_purged":[],"score":306,"play_id":"977f99aa-e359-43ce-bf39-e25b825763c1","local_time":"20201219203831","is_ascension_mode":true,"campfire_choices":[{"floor":1,"key":"RECALL"},{"data":"sneckomod:SnekBite","floor":3,"key":"SMITH"}],"circlet_count":0,"master_deck":["AscendersBane","sneckomod:Strike","sneckomod:Strike","sneckomod:Strike","sneckomod:Defend","sneckomod:Defend","sneckomod:Defend","sneckomod:TailWhip","sneckomod:SnekBite+1","sneckomod:Unknown","sneckomod:Unknown","Slimebound:Icky","Slimebound:Icky","Slimebound:Icky","sneckomod:UnknownStrength","sneckomod:WideSting","sneckomod:UnknownRareSkill","sneckomod:UnknownRareAttack","sneckomod:QuickMove","sneckomod:SoulRoll","sneckomod:GlitteringGambit","sneckomod:Nope"],"relics":["sneckomod:SneckoSoul","downfall:HeartsMalice","downfall:HeartBlessingRed","Eternal Feather","Singing Bowl","Ancient Tea Set"],"acts_visited":["Exordium"],"potions_floor_usage":[9,15,15,16],"damage_taken":[{"damage":0,"enemies":"Lagavulin","floor":4,"turns":1},{"damage":0,"enemies":"Jaw Worm","floor":5,"turns":1},{"damage":0,"enemies":"3 Sentries","floor":6,"turns":1},{"damage":32,"enemies":"Gremlin Nob","floor":9,"turns":4},{"damage":0,"enemies":"Cultist","floor":10,"turns":4},{"damage":0,"enemies":"2 Louse","floor":11,"turns":3},{"damage":18,"enemies":"Exordium Wildlife","floor":12,"turns":5},{"damage":10,"enemies":"downfall:FleeingMerchant","floor":13,"turns":4},{"damage":22,"enemies":"Gremlin Gang","floor":14,"turns":4},{"damage":18,"enemies":"3 Louse","floor":15,"turns":2},{"damage":7,"enemies":"downfall:Silent","floor":16,"turns":2}],"seed_played":"-3435914029024914497","potions_obtained":[{"floor":6,"key":"FearPotion"},{"floor":10,"key":"sneckomod:OffclassReductionPotion"},{"floor":14,"key":"champ:CounterPotion"},{"floor":15,"key":"SkillPotion"}],"is_trial":false,"path_per_floor":["R","?","R","E","M","E","T","?","E","M","M","M","$","M","M","B"],"character_chosen":"THE_SNECKO","items_purchased":["sneckomod:GlitteringGambit"],"campfire_rested":0,"item_purchase_floors":[13],"current_hp_per_floor":[75,75,75,76,76,77,77,77,46,55,57,39,29,19,3,0,0],"gold":385,"neow_bonus":"THREE_ENEMY_KILL","is_daily":false,"chose_seed":false,"campfire_upgraded":1,"win_rate":0.0,"timestamp":1608428311,"path_taken":["R","?","R","E","M","E","T","?","E","M","M","?","$","M","M","BOSS"],"items_purchased_type":["Card"],"build_version":"2020-12-13","purchased_purges":0,"victory":false,"max_hp_per_floor":[83,83,83,84,84,85,85,85,86,88,90,90,90,90,92,92,92],"card_choices":[{"not_picked":["sneckomod:DiceCrush","sneckomod:UnknownBlock"],"picked":"sneckomod:UnknownStrength","floor":4},{"not_picked":["sneckomod:DiceCrush","sneckomod:UnknownStrike"],"picked":"sneckomod:WideSting","floor":5},{"not_picked":["sneckomod:UnknownWeak","sneckomod:Nope"],"picked":"sneckomod:UnknownRareSkill","floor":6},{"not_picked":["sneckomod:DiceBlock","sneckomod:SerpentIdol"],"picked":"sneckomod:UnknownRareAttack","floor":9},{"not_picked":["sneckomod:UnknownExhaust","sneckomod:CheapStock","sneckomod:UnknownCommonSkill"],"picked":"Singing Bowl","floor":10},{"not_picked":["sneckomod:UnknownClassRED","sneckomod:IronFang","sneckomod:UnknownCommonSkill"],"picked":"Singing Bowl","floor":11},{"not_picked":["sneckomod:Unknown1Cost","sneckomod:UnknownClassHEXA_GHOST_PURPLE"],"picked":"sneckomod:QuickMove","floor":12},{"not_picked":["sneckomod:RainOfDice","sneckomod:SnekBeam"],"picked":"sneckomod:SoulRoll","floor":13},{"not_picked":["sneckomod:Unknown1Cost","sneckomod:SoulRoll"],"picked":"sneckomod:Nope","floor":14},{"not_picked":["sneckomod:Nope","sneckomod:UnknownX","sneckomod:CheapStock"],"picked":"Singing Bowl","floor":15}],"player_experience":440523,"relics_obtained":[{"floor":4,"key":"Eternal Feather"},{"floor":6,"key":"Singing Bowl"},{"floor":9,"key":"Ancient Tea Set"}],"event_choices":[],"is_beta":false,"boss_relics":[],"items_purged_floors":[],"is_endless":false,"potions_floor_spawned":[6,10,14,15],"killed_by":"downfall:Silent","ascension_level":16}}