{"host":"8fjsnt81u6xsmhji","time":1608445818,"event":{"mods":["BaseMod","Colored Powertips","Downfall","Glutton Mod","Minty Spire (QoL Compilation)","Quick Restart","Somnambulant","StSLib","The Bug Knight","The Construct","The Forsaken","The Hierophant","The Mystic"],"gold_per_floor":[0,32,32,51,51,61,84,103,131,56,74,74,59,73,83,83,83],"floor_reached":16,"playtime":1068,"items_purged":[],"score":118,"play_id":"835754ba-2b29-4cf3-858c-31f4f6d21832","local_time":"20201220003018","is_ascension_mode":true,"campfire_choices":[{"floor":1.0,"key":"RECALL"},{"data":"The Bomb","floor":3.0,"key":"SMITH"},{"data":"construct:ChargeShot","floor":5.0,"key":"SMITH"},{"floor":10.0,"key":"REST"}],"circlet_count":0,"master_deck":["construct:Strike_Gold","construct:Strike_Gold","construct:Strike_Gold","construct:Strike_Gold","construct:Strike_Gold","construct:Defend_Gold","construct:Defend_Gold","construct:Defend_Gold","construct:Defend_Gold","construct:Defend_Gold","construct:AttackMode","construct:DefenseMode","The Bomb+1","construct:ChargeShot+1","construct:VentSteam","construct:ScrapCannon","construct:Isolate","construct:SuppressiveFire","construct:Versatility","construct:Enhance","construct:Forcefield","construct:Stasis","Pain","construct:ScopeCore","construct:Backup","construct:Hazardproof","construct:PowerUp"],"relics":["construct:Cogwheel","Prayer Wheel","Turnip","downfall:HeartBlessingRed","WarpedTongs"],"acts_visited":["Exordium"],"potions_floor_usage":[16,16],"damage_taken":[{"damage":11.0,"enemies":"3 Sentries","floor":2.0,"turns":4.0},{"damage":0.0,"enemies":"Cultist","floor":4.0,"turns":3.0},{"damage":3.0,"enemies":"Small Slimes","floor":6.0,"turns":4.0},{"damage":0.0,"enemies":"Jaw Worm","floor":8.0,"turns":4.0},{"damage":17.0,"enemies":"Lagavulin","floor":9.0,"turns":6.0},{"damage":3.0,"enemies":"3 Louse","floor":11.0,"turns":3.0},{"damage":1.0,"enemies":"downfall:FleeingMerchant","floor":13.0,"turns":4.0},{"damage":11.0,"enemies":"Exordium Thugs","floor":14.0,"turns":4.0},{"damage":13.0,"enemies":"Red Slaver","floor":15.0,"turns":3.0},{"damage":51,"enemies":"downfall:Defect","floor":16,"turns":8}],"seed_played":"-7257228690343529471","potions_obtained":[{"floor":4.0,"key":"hexamod:EctoCoolerPotion"},{"floor":8.0,"key":"Block Potion"},{"floor":9.0,"key":"ColorlessPotion"},{"floor":11.0,"key":"SpeedPotion"},{"floor":15.0,"key":"Fire Potion"}],"is_trial":false,"path_per_floor":["R","E","R","M","R","M","T","M","E","R","M","?","$","M","M","B"],"character_chosen":"THE_CONSTRUCT_MOD","items_purchased":[],"campfire_rested":1,"item_purchase_floors":[],"current_hp_per_floor":[85,74,74,74,74,71,71,71,54,79,76,76,75,64,51,0,0],"gold":83,"neow_bonus":"RANDOM_COLORLESS_2","is_daily":false,"chose_seed":false,"campfire_upgraded":2,"win_rate":0.0,"timestamp":1608445818,"path_taken":["R","E","R","M","R","M","T","M","E","R","?","?","?","?","M","BOSS"],"items_purchased_type":[],"build_version":"2020-12-13","purchased_purges":0,"victory":false,"max_hp_per_floor":[85,85,85,85,85,85,85,85,85,85,85,85,85,85,85,85,85],"card_choices":[{"not_picked":["Magnetism","Metamorphosis"],"picked":"The Bomb","floor":0.0},{"not_picked":["construct:MassProduction","construct:HeavyBolt","construct:ShiftGuard"],"picked":"SKIP","floor":2.0},{"not_picked":["construct:FierceBash","construct:OmegaCannon"],"picked":"construct:ChargeShot","floor":4.0},{"not_picked":["construct:Construct_Overclock","construct:SaveState"],"picked":"construct:VentSteam","floor":4.0},{"not_picked":["construct:Versatility","construct:ShiftStrike"],"picked":"construct:ScrapCannon","floor":6.0},{"not_picked":["construct:Electrocute","construct:Missile"],"picked":"construct:Isolate","floor":6.0},{"not_picked":["construct:Analyze","construct:SweepLaser"],"picked":"construct:SuppressiveFire","floor":8.0},{"not_picked":["construct:ModeShift","construct:SaveState"],"picked":"construct:Versatility","floor":8.0},{"not_picked":["construct:HastyRepair","construct:Backfire"],"picked":"construct:Enhance","floor":9.0},{"not_picked":["construct:SyphonStrike","construct:PointDefense"],"picked":"construct:Forcefield","floor":11.0},{"not_picked":["construct:Autoturret","construct:ReactiveShield"],"picked":"construct:Stasis","floor":11.0},{"not_picked":["construct:CripplingShot","construct:ScrapCannon"],"picked":"construct:ScopeCore","floor":13.0},{"not_picked":["construct:FierceBash","construct:FocusedBeam"],"picked":"construct:Backup","floor":14.0},{"not_picked":["construct:Forcefield","construct:Versatility"],"picked":"construct:Hazardproof","floor":14.0},{"not_picked":["construct:OneWayMirror","construct:ShiftStrike"],"picked":"construct:PowerUp","floor":15.0},{"not_picked":["construct:Hazardproof","construct:SuppressiveFire","construct:ClusterMines"],"picked":"SKIP","floor":15.0}],"player_experience":592719,"relics_obtained":[{"floor":2.0,"key":"Prayer Wheel"},{"floor":9.0,"key":"Turnip"}],"event_choices":[{"damage_healed":0.0,"max_hp_gain":0.0,"max_hp_loss":0.0,"gold_gain":0.0,"event_name":"Accursed Blacksmith","player_choice":"Rummage","floor":12.0,"gold_loss":0.0,"damage_taken":0.0,"relics_obtained":["WarpedTongs"],"cards_obtained":["Pain"]}],"is_beta":false,"boss_relics":[],"items_purged_floors":[],"is_endless":false,"potions_floor_spawned":[4,8,9,11,15],"killed_by":"downfall:Defect","ascension_level":1}}