{"host":"m6aaltr68g9tvoay","time":1608440084,"event":{"mods":["AchievementEnabler","BaseMod","Colored Map","Minty Spire (QoL Compilation)","StSLib"],"gold_per_floor":[116,135,135,49,67,67,84,99,99,99,99,133,145,36,36,115,115,129,141,191,105,20,20,20,20,92,92,117,117,117,129,129,129,129],"floor_reached":33,"playtime":791,"items_purged":[],"score":473,"play_id":"34d6fee1-d03c-46a0-88ff-414ca1605d7d","local_time":"20201219205444","is_ascension_mode":true,"campfire_choices":[{"data":"Doom and Gloom","floor":6.0,"key":"SMITH"},{"data":"Melter","floor":10.0,"key":"SMITH"},{"floor":15.0,"key":"REST"},{"floor":23.0,"key":"REST"},{"data":"Self Repair","floor":25.0,"key":"SMITH"},{"floor":29,"key":"REST"},{"floor":32,"key":"REST"}],"circlet_count":0,"master_deck":["AscendersBane","Strike_B","Strike_B","Strike_B","Strike_B","Defend_B+1","Defend_B","Defend_B","Defend_B","Zap+1","Dualcast","Ball Lightning","Cold Snap","Melter+1","Doom and Gloom+1","Gash","Go for the Eyes","Cold Snap","Seek","CurseOfTheBell","Self Repair+1","Capacitor","Barrage","Writhe","Rebound"],"relics":["Cracked Core","War Paint","Regal Pillow","Calling Bell","MealTicket","Matryoshka","Lizard Tail","Gremlin Horn","InkBottle","Bottled Tornado","Nunchaku","Potion Belt"],"acts_visited":["Exordium","TheCity"],"potions_floor_usage":[28,33,33],"damage_taken":[{"damage":2.0,"enemies":"2 Louse","floor":1.0,"turns":3.0},{"damage":2.0,"enemies":"Jaw Worm","floor":2.0,"turns":3.0},{"damage":0.0,"enemies":"Small Slimes","floor":5.0,"turns":2.0},{"damage":0.0,"enemies":"Exordium Wildlife","floor":7.0,"turns":3.0},{"damage":6.0,"enemies":"Blue Slaver","floor":8.0,"turns":3.0},{"damage":12.0,"enemies":"Gremlin Nob","floor":12.0,"turns":3.0},{"damage":2.0,"enemies":"2 Fungi Beasts","floor":13.0,"turns":3.0},{"damage":17.0,"enemies":"Slime Boss","floor":16.0,"turns":6.0},{"damage":20.0,"enemies":"Chosen","floor":18.0,"turns":4.0},{"damage":21.0,"enemies":"Shell Parasite","floor":19.0,"turns":5.0},{"damage":96,"enemies":"Slavers","floor":28,"turns":6},{"damage":56,"enemies":"Snake Plant","floor":31,"turns":6},{"damage":84,"enemies":"Automaton","floor":33,"turns":8}],"seed_played":"-7553426810512630815","potions_obtained":[{"floor":2.0,"key":"Ancient Potion"},{"floor":5.0,"key":"Dexterity Potion"},{"floor":16.0,"key":"EntropicBrew"}],"is_trial":false,"path_per_floor":["M","M","?","$","M","R","M","M","T","R","?","E","M","$","R","B",null,"M","M","?","$","?","R","$","R","T","$","E","R","?","M","R","B"],"character_chosen":"DEFECT","items_purchased":["Melter","FairyPotion","Capacitor"],"campfire_rested":4,"item_purchase_floors":[4,14,21],"current_hp_per_floor":[69,67,67,67,67,67,67,61,61,61,61,49,47,47,78,61,74,54,33,33,48,48,78,78,78,78,78,15,53,53,46,78,0,0],"gold":129,"neow_bonus":"TEN_PERCENT_HP_BONUS","is_daily":false,"chose_seed":false,"campfire_upgraded":3,"win_rate":0.0,"timestamp":1608440084,"path_taken":["M","M","?","$","M","R","M","M","T","R","?","E","M","$","R","BOSS","M","M","?","$","?","R","$","R","T","$","E","R","?","M","R","BOSS"],"items_purchased_type":["Card","Potion","Card"],"build_version":"2020-12-13","purchased_purges":0,"victory":false,"max_hp_per_floor":[78,78,78,78,78,78,78,78,78,78,78,78,78,78,78,78,78,78,78,78,78,78,78,78,78,78,78,78,78,78,78,78,78,78],"card_choices":[{"not_picked":["Redo","Barrage"],"picked":"Ball Lightning","floor":1.0},{"not_picked":["Beam Cell","Go for the Eyes"],"picked":"Cold Snap","floor":2.0},{"not_picked":["Steam","Hologram"],"picked":"Doom and Gloom","floor":5.0},{"not_picked":["Lockon","Rebound"],"picked":"Gash","floor":7.0},{"not_picked":["Amplify","Streamline","Scrape"],"picked":"SKIP","floor":8.0},{"not_picked":["Beam Cell","Reboot"],"picked":"Go for the Eyes","floor":12.0},{"not_picked":["Go for the Eyes","Streamline"],"picked":"Cold Snap","floor":13.0},{"not_picked":["Creative AI","Meteor Strike"],"picked":"Seek","floor":16.0},{"not_picked":["Steam+1","Redo","Beam Cell"],"picked":"SKIP","floor":18.0},{"not_picked":["Conserve Battery","Ball Lightning"],"picked":"Self Repair","floor":19.0},{"not_picked":["Redo","Melter"],"picked":"Barrage","floor":28},{"not_picked":["Sweeping Beam","Go for the Eyes"],"picked":"Rebound","floor":31}],"player_experience":1268660,"relics_obtained":[{"floor":9.0,"key":"War Paint"},{"floor":12.0,"key":"Regal Pillow"},{"floor":17.0,"key":"MealTicket"},{"floor":17.0,"key":"Matryoshka"},{"floor":17.0,"key":"Lizard Tail"},{"floor":26.0,"key":"InkBottle"},{"floor":26.0,"key":"Bottled Tornado"},{"floor":28,"key":"Nunchaku"}],"event_choices":[{"damage_healed":0.0,"max_hp_gain":0.0,"max_hp_loss":0.0,"gold_gain":0.0,"event_name":"Liars Game","player_choice":"Ignored","floor":3.0,"gold_loss":0.0,"damage_taken":0.0},{"damage_healed":0.0,"max_hp_gain":0.0,"max_hp_loss":0.0,"gold_gain":0.0,"event_name":"Shining Light","player_choice":"Ignored","floor":11.0,"gold_loss":0.0,"damage_taken":0.0},{"damage_healed":0.0,"max_hp_gain":0.0,"max_hp_loss":0.0,"gold_gain":50.0,"event_name":"Nest","player_choice":"Stole From Cult","floor":20.0,"gold_loss":0.0,"damage_taken":0.0},{"damage_healed":0.0,"max_hp_gain":0.0,"max_hp_loss":0.0,"gold_gain":0.0,"event_name":"Addict","player_choice":"Obtained Relic","floor":22.0,"gold_loss":85.0,"damage_taken":0.0,"relics_obtained":["Gremlin Horn"]},{"damage_healed":0,"gold_gain":0,"player_choice":"Opened","damage_taken":0,"relics_obtained":["Potion Belt"],"max_hp_gain":0,"max_hp_loss":0,"event_name":"The Mausoleum","floor":30,"gold_loss":0,"cards_obtained":["Writhe"]}],"is_beta":false,"boss_relics":[{"not_picked":["Astrolabe","SacredBark"],"picked":"Calling Bell"}],"items_purged_floors":[],"is_endless":false,"potions_floor_spawned":[2,5,13,16,19],"killed_by":"Automaton","ascension_level":16}}