{"host":"k8rvlbgef0osgts5","time":1608443932,"event":{"mods":["BaseMod","Bestiary","Better Altar","Better Sensory Stone","Better Third Choice","Displayed Cursed Tome","Dota2Spire","Hubris","Infinite Spire","Minty Spire (QoL Compilation)","Replay The Spire","StSLib","The Alterego","The Bug Knight","The Construct","The Hierophant","Uncapped"],"gold_per_floor":[113,113,30,30,105,137,137,165,192,192,77,77,87,87,87,182,182,194,194,194,208,17,47,47,66,91,105,139,139,139,168,168,272,272,289,301,315,315,329,329,355,101,101,114,114,126,160,174,174,174,174,174],"floor_reached":51,"playtime":2627,"items_purged":[],"score":759,"play_id":"a2fc803a-b2cc-4c4e-a7e0-5d1347d6607c","local_time":"20201219225852","is_ascension_mode":true,"campfire_choices":[{"data":"construct:PowerUp","floor":7.0,"key":"SMITH"},{"data":"construct:PowerUp+1","floor":10.0,"key":"SMITH"},{"floor":12.0,"key":"REST"},{"floor":15.0,"key":"REST"},{"data":"construct:HammerDown","floor":24.0,"key":"SMITH"},{"data":"construct:HammerDown+1","floor":32.0,"key":"SMITH"},{"data":"construct:ClockworkEgg","floor":40,"key":"SMITH"},{"data":"construct:ClockworkEgg+1","floor":45,"key":"SMITH"},{"data":"construct:ClockworkEgg+2","floor":49,"key":"SMITH"}],"circlet_count":0,"master_deck":["construct:Strike_Gold","construct:Strike_Gold","construct:Strike_Gold","construct:Strike_Gold","construct:Strike_Gold","construct:Defend_Gold","construct:Defend_Gold","construct:Defend_Gold","construct:Defend_Gold+1","construct:AttackMode","construct:DefenseMode","Crow Ritual","construct:Hazardproof+2","Pot Of Greed","Pot Of Greed","construct:PowerUp+2","construct:Synchronize","construct:Reinforce","construct:Anticipate","construct:HammerDown+2","Sword Boomerang","infinitespire:FinalStrike","ReplayTheSpireMod:Brewmster","construct:Disrupt","Madness+1","Barricade","Pot Of Greed","construct:ClockworkEgg+3","construct:Reinforce","construct:HyperBeam","construct:Boost+1","construct:ShieldBurst","construct:PowerUp+1"],"relics":["construct:ClockworkPhoenix","Grinning Jar","hubris:DisguiseKit","Dota2Spire:ArcaneBoots","Painkiller Herb","InkBottle","hubris:Towel","War Paint","Dota2Spire:EchoSabre","Ancient Tea Set","hubris:BottledHeart","Replay:Mystery Machine","hubris:Backtick","Dota2Spire:EyeOfSkadi","Dota2Spire:Mjollnir","Replay:Accelerometer","Replay:Wax Seal","Dota2Spire:Satanic"],"acts_visited":["Exordium","TheCity","TheBeyond"],"potions_floor_usage":[35,35,36,36,39,41],"damage_taken":[{"damage":1.0,"enemies":"Cultist","floor":1.0,"turns":3.0},{"damage":0.0,"enemies":"Small Slimes","floor":3.0,"turns":4.0},{"damage":19.0,"enemies":"HollowMod:MossKnight","floor":6.0,"turns":14.0},{"damage":40.0,"enemies":"Gremlin Nob","floor":8.0,"turns":5.0},{"damage":7.0,"enemies":"2 Louse","floor":13.0,"turns":3.0},{"damage":19.0,"enemies":"The Guardian","floor":16.0,"turns":15.0},{"damage":3.0,"enemies":"Shell Parasite","floor":18.0,"turns":10.0},{"damage":0.0,"enemies":"Spheric Guardian","floor":21.0,"turns":1.0},{"damage":30.0,"enemies":"Gremlin Leader","floor":23.0,"turns":8.0},{"damage":5.0,"enemies":"Snake Plant","floor":25.0,"turns":5.0},{"damage":5.0,"enemies":"Snecko","floor":27.0,"turns":5.0},{"damage":15.0,"enemies":"HollowMod:Nosk","floor":28.0,"turns":6.0},{"damage":0.0,"enemies":"Gremlin Leader","floor":31.0,"turns":5.0},{"damage":0.0,"enemies":"Champ","floor":33.0,"turns":8.0},{"damage":0,"enemies":"Orb Walker","floor":35,"turns":3},{"damage":0,"enemies":"3 Darklings","floor":36,"turns":5},{"damage":0,"enemies":"Spire Growth","floor":37,"turns":7},{"damage":0,"enemies":"Transient","floor":39,"turns":5},{"damage":0,"enemies":"HollowMod:StalkingDevout","floor":41,"turns":7},{"damage":0,"enemies":"4 Shapes","floor":44,"turns":4},{"damage":0,"enemies":"Sphere and 2 Shapes","floor":46,"turns":3},{"damage":0,"enemies":"R_Hoarder","floor":47,"turns":6},{"damage":0,"enemies":"Jaw Worm Horde","floor":48,"turns":4},{"damage":1,"enemies":"Nightmare","floor":51,"turns":5}],"seed_played":"5601239481633751905","potions_obtained":[{"floor":3.0,"key":"Strength Potion"},{"floor":13.0,"key":"Explosive Potion"},{"floor":16.0,"key":"AttackPotion"},{"floor":23.0,"key":"DistilledChaos"},{"floor":35,"key":"Dota2Spire:Clarity"}],"is_trial":false,"path_per_floor":["M","$","M","?","?","E","R","E","T","R","$","R","M","?","R","B",null,"?","AVR","?","?","T","E","T","?","T","?","E","?","?","E","T","B",null,"?","?","?","?","?","T","E","T","T","?","T","?","E","?","T","B","?"],"character_chosen":"THE_CONSTRUCT_MOD","items_purchased":["construct:Synchronize","construct:Reinforce","ReplayTheSpireMod:Brewmster","Replay:Accelerometer"],"campfire_rested":2,"item_purchase_floors":[11,11,22,42],"current_hp_per_floor":[84,84,84,77,66,47,47,7,7,7,7,32,25,25,50,31,85,82,82,82,82,82,52,52,47,47,42,27,1,1,1,1,1,1,1,1,1,1,1,1,1,1,1,1,1,1,1,1,1,1,0,0],"gold":174,"neow_bonus":"RANDOM_COLORLESS_2","is_daily":false,"chose_seed":false,"campfire_upgraded":7,"win_rate":0.0,"timestamp":1608443932,"path_taken":["M","$","?","?","?","E","R","E","T","R","$","R","M","?","R","BOSS","?","AVR","?","?","T","E","T","?","T","?","E","?","?","E","T","BOSS","?","?","?","?","?","T","E","?","T","?","T","?","E","?","T","BOSS"],"items_purchased_type":["Card","Card","Card","Relic"],"build_version":"2020-12-13","purchased_purges":0,"victory":false,"max_hp_per_floor":[85,85,85,85,85,85,85,85,85,85,85,85,85,85,85,85,85,85,85,85,85,85,85,85,85,85,85,85,1,1,1,1,1,1,1,1,1,1,1,1,1,1,1,1,1,1,1,1,1,1,1,1],"card_choices":[{"not_picked":["Magnetism","Panache"],"picked":"Crow Ritual","floor":0.0},{"not_picked":["construct:FierceBash","construct:SyphonStrike"],"picked":"construct:Hazardproof","floor":1.0},{"not_picked":["construct:VentSteam","construct:Analyze","construct:Rollout"],"picked":"SKIP","floor":3.0},{"not_picked":["construct:SuppressiveFire","construct:Forcefield"],"picked":"construct:PowerUp","floor":6.0},{"not_picked":["construct:PointDefense","construct:Overcharge","construct:Afterburners"],"picked":"SKIP","floor":8.0},{"not_picked":["construct:Analyze","construct:Rollout","Blood for Blood"],"picked":"construct:Anticipate","floor":13.0},{"not_picked":["construct:HastyRepair","construct:Reserves","Fiend Fire"],"picked":"construct:HammerDown","floor":16.0},{"not_picked":["construct:Boost+1","construct:UnbalancingBlast","construct:Hazardproof"],"picked":"Sword Boomerang","floor":18.0},{"not_picked":["construct:Impenetrable","construct:ShiftStrike","construct:FocusedBeam","Twin Strike"],"picked":"SKIP","floor":21.0},{"not_picked":["construct:SiegeForm","construct:HeavyBolt","construct:ScrapCannon+1","Run Through"],"picked":"SKIP","floor":23.0},{"not_picked":["construct:Forcefield","construct:ScrapCannon","construct:SyphonStrike","Body Slam"],"picked":"SKIP","floor":25.0},{"not_picked":["construct:Electrocute+1","construct:Analyze","Run Through"],"picked":"construct:Disrupt","floor":27.0},{"not_picked":["construct:HardReboot+1","construct:CriticalHit","construct:SaveState","Replay:Undeath\u0027s Touch"],"picked":"SKIP","floor":28.0},{"not_picked":["construct:Overcharge+1","construct:Bunker","construct:FlakBarrage+1"],"picked":"Barricade","floor":31.0},{"not_picked":["construct:SpinDrive","construct:Supernova","Corruption"],"picked":"construct:ClockworkEgg","floor":33.0},{"not_picked":["construct:ClusterMines","construct:Analyze+1","Pommel Strike"],"picked":"construct:Reinforce","floor":35},{"not_picked":["construct:Hazardproof+1","construct:Agitation","construct:Failsafe+1","Anger"],"picked":"SKIP","floor":36},{"not_picked":["construct:Hazardproof+1","construct:Agitation","construct:Failsafe+1","Anger"],"picked":"SKIP","floor":36},{"not_picked":["construct:FlameCore+1","construct:FocusedBeam","construct:Anticipate+1","Anger"],"picked":"SKIP","floor":37},{"not_picked":["construct:SweepLaser","construct:LaserCore","Armaments"],"picked":"construct:HyperBeam","floor":39},{"not_picked":["construct:FlashFreeze+1","construct:Boost+1","construct:FlammableFog+1","Fiend Fire"],"picked":"SKIP","floor":41},{"not_picked":["construct:FlashFreeze+1","construct:FlammableFog+1","Fiend Fire"],"picked":"construct:Boost+1","floor":41},{"not_picked":["construct:FocusedBeam+1","construct:Anticipate","construct:Autoturret","Shrug It Off"],"picked":"SKIP","floor":44},{"not_picked":["construct:CripplingShot","construct:Versatility+1","Shrug It Off"],"picked":"construct:ShieldBurst","floor":46},{"not_picked":["construct:OmegaCannon","construct:ScrapCannon+1","construct:SyphonStrike+1","Rupture"],"picked":"SKIP","floor":47},{"not_picked":["construct:FocusedBeam+1","construct:FierceBash","Dropkick"],"picked":"construct:PowerUp+1","floor":48}],"player_experience":257456,"relics_obtained":[{"floor":6.0,"key":"Grinning Jar"},{"floor":8.0,"key":"hubris:DisguiseKit"},{"floor":9.0,"key":"Dota2Spire:ArcaneBoots"},{"floor":23.0,"key":"War Paint"},{"floor":26.0,"key":"Dota2Spire:EchoSabre"},{"floor":28.0,"key":"Ancient Tea Set"},{"floor":31.0,"key":"Replay:Mystery Machine"},{"floor":41,"key":"Dota2Spire:Mjollnir"},{"floor":43,"key":"Replay:Wax Seal"},{"floor":47,"key":"Dota2Spire:Satanic"}],"event_choices":[{"cards_removed":["construct:Defend_Gold"],"damage_healed":0.0,"max_hp_gain":0.0,"max_hp_loss":0.0,"gold_gain":0.0,"event_name":"Golden Wing","player_choice":"Card Removal","floor":4.0,"gold_loss":0.0,"damage_taken":7.0},{"damage_healed":0.0,"max_hp_gain":0.0,"max_hp_loss":0.0,"gold_gain":75.0,"event_name":"betterThird:BetterGoop","player_choice":"Gold","floor":5.0,"gold_loss":0.0,"damage_taken":11.0},{"damage_healed":0.0,"max_hp_gain":0.0,"max_hp_loss":0.0,"gold_gain":0.0,"event_name":"Living Wall","player_choice":"Grow","floor":14.0,"gold_loss":0.0,"damage_taken":0.0,"cards_upgraded":["construct:Hazardproof"]},{"damage_healed":0.0,"max_hp_gain":0.0,"max_hp_loss":0.0,"gold_gain":2.0,"event_name":"betterStone:BetterStone","player_choice":"2","floor":30.0,"gold_loss":0.0,"damage_taken":0.0},{"damage_healed":0,"gold_gain":0,"player_choice":"Ignored","damage_taken":0,"max_hp_gain":0,"max_hp_loss":0,"event_name":"NoteForYourself","floor":38,"gold_loss":0}],"is_beta":false,"boss_relics":[{"not_picked":["Kintsugi","Runic Dome"],"picked":"Painkiller Herb"},{"not_picked":["Honey Jar","Calling Bell"],"picked":"hubris:Backtick"}],"items_purged_floors":[],"is_endless":false,"potions_floor_spawned":[3,13,16,23,33,35,41,47,48],"killed_by":"Nightmare","ascension_level":1}}