{"host":"f7mgfv1rcbv6ir5v","time":1608462932,"event":{"mods":["BaseMod","Bestiary","Colored Map","Colored Powertips","Highlight Path","Minty Spire (QoL Compilation)","Relic Stats","StSLib"],"gold_per_floor":[110,110,127,127,140,183,34,34,58,76,105,126,168,200,200,333,333,346,355,385,424,438,438,2,2,70,95,136,159,182,223,223,358,367,386,91,118,132,465,465,506,506,506,506,237,237,252,279,279,279],"floor_reached":51,"playtime":7254,"items_purged":["Writhe","Strike_B","Defend_B"],"score":900,"play_id":"cb04311a-0cd7-465e-a117-78b62bcd6af7","local_time":"20201220031532","is_ascension_mode":true,"campfire_choices":[{"floor":8,"key":"REST"},{"data":"Zap","floor":15,"key":"SMITH"},{"data":"Buffer","floor":23,"key":"SMITH"},{"data":"Seek","floor":25,"key":"SMITH"},{"data":"Hologram","floor":32,"key":"SMITH"},{"data":"Fission","floor":40,"key":"SMITH"},{"data":"Secret Technique","floor":42,"key":"SMITH"},{"data":"Electrodynamics","floor":44,"key":"SMITH"},{"data":"Buffer","floor":49,"key":"SMITH"}],"circlet_count":0,"master_deck":["Strike_B+1","Defend_B","Zap+1","Dualcast","Conserve Battery+1","Sweeping Beam+1","Ball Lightning+1","Defragment+1","Genetic Algorithm","Coolheaded","Electrodynamics+1","Fission+1","Leap","Undo","Hologram+1","Buffer+1","Coolheaded+1","Go for the Eyes+1","BootSequence+1","Sunder","Compile Driver","Seek+1","Buffer+1","Core Surge","Seek+1","CurseOfTheBell","Double Energy","Secret Technique+1","Turbo+1","FTL+1","Defragment+1","Glacier+1"],"relics":["Astrolabe","Oddly Smooth Stone","Pen Nib","Odd Mushroom","CeramicFish","SlaversCollar","Blue Candle","Red Mask","Orrery","HornCleat","White Beast Statue","Kunai","Calling Bell","Peace Pipe","Question Card","War Paint","Symbiotic Virus","Ice Cream","DollysMirror"],"acts_visited":["Exordium","TheCity","TheBeyond"],"potions_floor_usage":[20,21,21,31,35,37,38],"damage_taken":[{"damage":2,"enemies":"2 Louse","floor":1,"turns":2},{"damage":3,"enemies":"Small Slimes","floor":3,"turns":2},{"damage":0,"enemies":"Jaw Worm","floor":5,"turns":4},{"damage":25,"enemies":"3 Sentries","floor":6,"turns":7},{"damage":5,"enemies":"Blue Slaver","floor":10,"turns":4},{"damage":12,"enemies":"The Mushroom Lair","floor":11,"turns":4},{"damage":8,"enemies":"Exordium Wildlife","floor":12,"turns":4},{"damage":16,"enemies":"Gremlin Nob","floor":13,"turns":4},{"damage":2,"enemies":"2 Fungi Beasts","floor":14,"turns":3},{"damage":3,"enemies":"Slime Boss","floor":16,"turns":6},{"damage":4,"enemies":"Shell Parasite","floor":18,"turns":7},{"damage":7,"enemies":"Chosen","floor":20,"turns":6},{"damage":17,"enemies":"Masked Bandits","floor":21,"turns":4},{"damage":7,"enemies":"Snecko","floor":22,"turns":6},{"damage":0,"enemies":"Snake Plant","floor":27,"turns":5},{"damage":3,"enemies":"Gremlin Leader","floor":28,"turns":8},{"damage":0,"enemies":"Shelled Parasite and Fungi","floor":29,"turns":10},{"damage":0,"enemies":"Sentry and Sphere","floor":30,"turns":4},{"damage":5,"enemies":"Book of Stabbing","floor":31,"turns":9},{"damage":0,"enemies":"Automaton","floor":33,"turns":13},{"damage":12,"enemies":"3 Darklings","floor":35,"turns":4},{"damage":1,"enemies":"Orb Walker","floor":37,"turns":3},{"damage":0,"enemies":"Transient","floor":38,"turns":5},{"damage":24,"enemies":"Giant Head","floor":41,"turns":12},{"damage":0,"enemies":"Sphere and 2 Shapes","floor":47,"turns":3},{"damage":18,"enemies":"3 Darklings","floor":48,"turns":3},{"damage":3,"enemies":"Donu and Deca","floor":50,"turns":14}],"seed_played":"4224914989542499927","potions_obtained":[{"floor":3,"key":"Fire Potion"},{"floor":5,"key":"ColorlessPotion"},{"floor":10,"key":"FairyPotion"},{"floor":20,"key":"SkillPotion"},{"floor":28,"key":"LiquidMemories"},{"floor":29,"key":"FocusPotion"},{"floor":31,"key":"Energy Potion"},{"floor":33,"key":"Fruit Juice"},{"floor":35,"key":"PowerPotion"},{"floor":37,"key":"Explosive Potion"},{"floor":38,"key":"Fire Potion"},{"floor":47,"key":"Ancient Potion"}],"is_trial":false,"path_per_floor":["M","?","M","?","M","E","$","R","T","M","?","M","E","M","R","B",null,"M","?","M","?","M","R","$","R","T","M","E","M","M","E","R","B",null,"M","$","M","M","?","R","E","R","T","R","$","?","M","M","R","B",null],"character_chosen":"DEFECT","items_purchased":["Electrodynamics","Orrery","Seek","SpeedPotion","SkillPotion","Double Energy","Secret Technique","DollysMirror"],"campfire_rested":1,"item_purchase_floors":[7,24,24,24,24,36,36,45],"current_hp_per_floor":[73,58,55,55,55,30,30,50,50,45,33,25,9,7,7,4,69,65,65,58,41,34,34,34,34,34,34,31,31,31,26,26,26,69,62,62,61,61,61,61,37,37,37,37,37,37,37,19,19,16],"gold":279,"neow_bonus":"BOSS_RELIC","is_daily":false,"chose_seed":false,"campfire_upgraded":8,"win_rate":0.0,"timestamp":1608462932,"path_taken":["M","?","M","?","M","E","$","R","T","M","?","M","E","M","R","BOSS","M","?","M","?","M","R","?","R","T","M","E","?","M","E","R","BOSS","M","$","M","M","?","R","E","R","T","R","$","?","?","M","R","BOSS"],"items_purchased_type":["Card","Relic","Card","Potion","Potion","Card","Card","Relic"],"build_version":"2020-12-13","purchased_purges":3,"victory":true,"max_hp_per_floor":[75,75,75,69,69,69,69,69,69,69,69,69,69,69,69,69,69,69,69,69,69,69,69,69,69,69,69,69,69,69,69,69,69,69,74,74,74,74,74,74,74,74,74,74,74,74,74,74,74,74],"relic_stats":{"Peace Pipe":0,"counters":[27,156],"Astrolabe":["Conserve Battery","Sweeping Beam","Ball Lightning"],"CeramicFish":180,"Blue Candle":[7],"Pen Nib":[19],"Kunai":[17],"War Paint":["BootSequence","Seek"],"Question Card":6,"obtain_stats":[{"Ice Cream":43,"Golden Idol":4,"Astrolabe":0,"CeramicFish":13,"Blue Candle":19,"Oddly Smooth Stone":6,"Pen Nib":9,"Odd Mushroom":11,"War Paint":34,"Question Card":34,"White Beast Statue":28,"Calling Bell":34,"Peace Pipe":34,"SlaversCollar":17,"HornCleat":26,"DollysMirror":45,"Orrery":24,"Red Mask":21,"Kunai":31,"Cracked Core":0,"Symbiotic Virus":41},{"Ice Cream":24,"Golden Idol":2,"Astrolabe":0,"CeramicFish":8,"Blue Candle":11,"Oddly Smooth Stone":4,"Pen Nib":4,"Odd Mushroom":6,"War Paint":20,"Question Card":20,"White Beast Statue":16,"Calling Bell":20,"Peace Pipe":20,"SlaversCollar":10,"HornCleat":14,"DollysMirror":24,"Orrery":14,"Red Mask":13,"Kunai":19,"Cracked Core":0,"Symbiotic Virus":24},{"Ice Cream":136,"Golden Idol":4,"Astrolabe":0,"CeramicFish":31,"Blue Candle":47,"Oddly Smooth Stone":15,"Pen Nib":15,"Odd Mushroom":23,"War Paint":112,"Question Card":112,"White Beast Statue":76,"Calling Bell":112,"Peace Pipe":112,"SlaversCollar":40,"HornCleat":63,"DollysMirror":136,"Orrery":63,"Red Mask":57,"Kunai":99,"Cracked Core":0,"Symbiotic Virus":136}]},"card_choices":[{"not_picked":["Cold Snap","Streamline"],"picked":"Defragment","floor":1},{"not_picked":["Redo","Reprogram","Sweeping Beam"],"picked":"SKIP","floor":3},{"not_picked":["BootSequence","Beam Cell"],"picked":"Genetic Algorithm","floor":5},{"not_picked":["Hologram","Conserve Battery"],"picked":"Coolheaded","floor":6},{"not_picked":["Steam","Heatsinks","Barrage"],"picked":"SKIP","floor":10},{"not_picked":["Turbo","Conserve Battery"],"picked":"Fission","floor":11},{"not_picked":["Skim","Storm"],"picked":"Leap","floor":12},{"not_picked":["Self Repair","Streamline"],"picked":"Undo","floor":13},{"not_picked":["Steam","Reinforced Body"],"picked":"Hologram","floor":14},{"not_picked":["Meteor Strike","All For One"],"picked":"Buffer","floor":16},{"not_picked":["Coolheaded","Stack","Gash"],"picked":"SKIP","floor":18},{"not_picked":["Ball Lightning","Streamline+1"],"picked":"Coolheaded+1","floor":20},{"not_picked":["Scrape+1","Steam","Go for the Eyes"],"picked":"SKIP","floor":22},{"not_picked":["Genetic Algorithm","Barrage"],"picked":"Go for the Eyes+1","floor":24},{"not_picked":["Gash","Consume"],"picked":"BootSequence","floor":24},{"not_picked":["Hello World+1","Steam"],"picked":"Sunder","floor":24},{"not_picked":["Beam Cell","Consume+1"],"picked":"Compile Driver","floor":24},{"not_picked":["Compile Driver","Rip and Tear"],"picked":"Buffer","floor":27},{"not_picked":["Steam","Force Field+1","Turbo"],"picked":"SKIP","floor":28},{"not_picked":["Cold Snap","Barrage","Tempest"],"picked":"SKIP","floor":29},{"not_picked":["Storm","Auto Shields"],"picked":"Core Surge","floor":30},{"not_picked":["Multi-Cast","Cold Snap+1","Turbo"],"picked":"SKIP","floor":31},{"not_picked":["Buffer","Meteor Strike"],"picked":"Seek","floor":33},{"not_picked":["Sweeping Beam","Redo+1","Steam+1","Gash+1"],"picked":"SKIP","floor":35},{"not_picked":["Sweeping Beam","Redo+1","Steam+1","Gash+1"],"picked":"SKIP","floor":35},{"not_picked":["Undo+1","Sweeping Beam+1","Redo"],"picked":"Turbo+1","floor":37},{"not_picked":["Auto Shields","Redo","BootSequence+1","Sweeping Beam+1"],"picked":"SKIP","floor":38},{"not_picked":["Tempest+1","Core Surge","Streamline"],"picked":"FTL+1","floor":41},{"not_picked":["Reinforced Body","Force Field","Coolheaded","Sunder+1"],"picked":"SKIP","floor":47},{"not_picked":["Sunder+1","Streamline+1","Steam Power"],"picked":"Glacier+1","floor":48}],"player_experience":348603,"relics_obtained":[{"floor":6,"key":"Oddly Smooth Stone"},{"floor":9,"key":"Pen Nib"},{"floor":11,"key":"Odd Mushroom"},{"floor":13,"key":"CeramicFish"},{"floor":21,"key":"Red Mask"},{"floor":26,"key":"HornCleat"},{"floor":28,"key":"White Beast Statue"},{"floor":31,"key":"Kunai"},{"floor":34,"key":"Peace Pipe"},{"floor":34,"key":"Question Card"},{"floor":34,"key":"War Paint"},{"floor":41,"key":"Symbiotic Virus"},{"floor":43,"key":"Ice Cream"}],"event_choices":[{"damage_healed":0,"gold_gain":0,"player_choice":"Entered Light","damage_taken":15,"max_hp_gain":0,"max_hp_loss":0,"event_name":"Shining Light","floor":2,"gold_loss":0,"cards_upgraded":["Defragment","Strike_B"]},{"damage_healed":0,"gold_gain":0,"player_choice":"Lose Max HP","damage_taken":0,"relics_obtained":["Golden Idol"],"max_hp_gain":0,"max_hp_loss":6,"event_name":"Golden Idol","floor":4,"gold_loss":0},{"damage_healed":0,"gold_gain":0,"player_choice":"Fought Mushrooms","damage_taken":0,"max_hp_gain":0,"max_hp_loss":0,"event_name":"Mushrooms","floor":11,"gold_loss":0},{"damage_healed":0,"gold_gain":0,"player_choice":"Opened","damage_taken":0,"relics_obtained":["Blue Candle"],"max_hp_gain":0,"max_hp_loss":0,"event_name":"The Mausoleum","floor":19,"gold_loss":0,"cards_obtained":["Writhe"]},{"damage_healed":0,"gold_gain":0,"player_choice":"Fought Bandits","damage_taken":0,"max_hp_gain":0,"max_hp_loss":0,"event_name":"Masked Bandits","floor":21,"gold_loss":0},{"damage_healed":0,"gold_gain":333,"player_choice":"Gave Idol","damage_taken":0,"max_hp_gain":0,"max_hp_loss":0,"event_name":"The Moai Head","floor":39,"relics_lost":["Golden Idol"],"gold_loss":0},{"cards_removed":["Defend_B"],"damage_healed":0,"gold_gain":0,"player_choice":"Offered Basic","damage_taken":0,"max_hp_gain":0,"max_hp_loss":0,"event_name":"Bonfire Elementals","floor":46,"gold_loss":0}],"is_beta":false,"boss_relics":[{"not_picked":["Cursed Key","Snecko Eye"],"picked":"SlaversCollar"},{"not_picked":["Nuclear Battery","Velvet Choker"],"picked":"Calling Bell"}],"items_purged_floors":[24,36,45],"is_endless":false,"potions_floor_spawned":[3,5,10,14,20,28,29,30,31,33,35,37,38,41,47,48],"ascension_level":4}}