{"host":"hemshb5b6cie9gjx","time":1608465976,"event":{"mods":["BaseMod","Better Note","Better Third Choice","Better Vampires","BetterRewards","Colored Map","Colored Powertips","DeckTracker","Googly Eyes","Infinite Spire","Minty Spire (QoL Compilation)","Permanent Neow","Relic Stats","Replay The Spire","StSLib","SuperFastMode","Uncapped","slay the spire mod where everything is the same but ironclad has a cowboy hat"],"gold_per_floor":[112,112,171,182,357,386,386,401,401,401,179,193,207,253,253,354,354,365,365,365,349,259,259,259,259],"floor_reached":24,"playtime":693,"items_purged":["Doubt"],"score":194,"play_id":"8a9757c2-9551-41d0-8155-abec39e11ec6","local_time":"20201220230616","is_ascension_mode":false,"campfire_choices":[{"floor":7,"key":"REST"},{"floor":10,"key":"REST"},{"floor":15,"key":"REST"},{"floor":23,"key":"REST"}],"circlet_count":0,"master_deck":["Strike_G","Strike_G","Strike_G","Strike_G","Strike_G","Defend_G","Defend_G","Defend_G","Defend_G","Defend_G","Survivor","Neutralize","Poisoned Stab","Outmaneuver","Quick Slash","Acrobatics","After Image+1","Infinite Blades","Outmaneuver","A Thousand Cuts","CurseOfTheBell","Dagger Spray","Echo Form","Noxious Fumes","Blade Dance+1"],"relics":["Philosopher\u0027s Stone","Replay:Bottled Flurry","Bag of Marbles","Durian","Replay:Bottled Snecko","Replay:Baseball","MealTicket","Calling Bell","infinitespire:Satchel","Replay:Accelerometer","Ginger"],"acts_visited":["Exordium","TheCity"],"potions_floor_usage":[6,16,16,16],"damage_taken":[{"damage":3,"enemies":"Small Slimes","floor":1,"turns":4},{"damage":0,"enemies":"2 Louse","floor":4,"turns":2},{"damage":44,"enemies":"Lagavulin","floor":6,"turns":7},{"damage":2,"enemies":"Jaw Worm","floor":8,"turns":3},{"damage":5,"enemies":"Gremlin Gang","floor":12,"turns":4},{"damage":6,"enemies":"Exordium Thugs","floor":13,"turns":4},{"damage":38,"enemies":"Hexaghost","floor":16,"turns":12},{"damage":14,"enemies":"Shell Parasite","floor":18,"turns":7},{"damage":31,"enemies":"2 Thieves","floor":21,"turns":5},{"damage":52,"enemies":"Slavers","floor":24,"turns":4}],"seed_played":"-1385818344790155345","potions_obtained":[{"floor":1,"key":"Fire Potion"},{"floor":3,"key":"Dexterity Potion"},{"floor":12,"key":"Energy Potion"},{"floor":13,"key":"Swift Potion"}],"is_trial":false,"path_per_floor":["M","?","?","M","?","E","R","M","T","R","$","M","M","T","R","B",null,"M","?","?","M","?","R","E"],"character_chosen":"THE_SILENT","items_purchased":["Replay:Baseball"],"campfire_rested":4,"item_purchase_floors":[11],"current_hp_per_floor":[67,67,50,50,50,11,33,31,31,53,53,48,42,42,64,26,75,61,61,61,30,30,52,0,0],"gold":259,"neow_bonus":"BOSS_RELIC","is_daily":false,"chose_seed":false,"campfire_upgraded":0,"win_rate":0.0,"timestamp":1608465976,"path_taken":["M","?","?","M","?","E","R","M","T","R","?","M","?","?","R","BOSS","M","?","?","?","?","R","E"],"items_purchased_type":["Relic"],"build_version":"2020-12-13","purchased_purges":1,"victory":false,"max_hp_per_floor":[70,70,70,70,70,75,75,75,75,75,75,75,75,75,75,75,75,75,75,75,75,75,75,75,75],"relic_stats":{"counters":[10,52],"MealTicket":0,"Ginger":[2],"obtain_stats":[{"Calling Bell":17,"Replay:Accelerometer":17,"Replay:Baseball":11,"infinitespire:Satchel":17,"Philosopher\u0027s Stone":0,"MealTicket":14,"Replay:Bottled Flurry":2,"Bag of Marbles":3,"Durian":6,"Replay:Bottled Snecko":9,"Ginger":17,"Ring of the Snake":0},{"Calling Bell":7,"Replay:Accelerometer":7,"Replay:Baseball":4,"infinitespire:Satchel":7,"Philosopher\u0027s Stone":0,"MealTicket":6,"Replay:Bottled Flurry":1,"Bag of Marbles":1,"Durian":3,"Replay:Bottled Snecko":4,"Ginger":7,"Ring of the Snake":0},{"Calling Bell":36,"Replay:Accelerometer":36,"Replay:Baseball":16,"infinitespire:Satchel":36,"Philosopher\u0027s Stone":0,"MealTicket":24,"Replay:Bottled Flurry":4,"Bag of Marbles":4,"Durian":13,"Replay:Bottled Snecko":16,"Ginger":36,"Ring of the Snake":0}]},"card_choices":[{"not_picked":["Tactician","Prepared"],"picked":"Poisoned Stab","floor":1},{"not_picked":["Toxin Wave","Expertise"],"picked":"Outmaneuver","floor":3},{"not_picked":["Flying Knee","Deflect"],"picked":"Quick Slash","floor":3},{"not_picked":["ReplayTheSpireMod:The Works","Underhanded Strike"],"picked":"Acrobatics","floor":4},{"not_picked":["Deflect","Prepared"],"picked":"After Image","floor":6},{"not_picked":["Quick Slash","ReplayTheSpireMod:Exploit Weakness"],"picked":"Infinite Blades","floor":8},{"not_picked":["Dagger Throw","Dodge and Roll"],"picked":"A Thousand Cuts","floor":12},{"not_picked":["Finisher","Dagger Throw"],"picked":"Outmaneuver","floor":13},{"not_picked":["Glass Knife","Venomology"],"picked":"A Thousand Cuts","floor":16},{"not_picked":["Acrobatics","Cloak And Dagger+1"],"picked":"Dagger Spray","floor":18},{"not_picked":["Outmaneuver+1","Finisher+1"],"picked":"Blade Dance+1","floor":21}],"player_experience":452074,"relics_obtained":[{"floor":2,"key":"Replay:Bottled Flurry"},{"floor":3,"key":"Bag of Marbles"},{"floor":6,"key":"Durian"},{"floor":9,"key":"Replay:Bottled Snecko"},{"floor":14,"key":"MealTicket"},{"floor":17,"key":"infinitespire:Satchel"},{"floor":17,"key":"Replay:Accelerometer"},{"floor":17,"key":"Ginger"}],"event_choices":[{"damage_healed":0,"gold_gain":175,"player_choice":"AGREE","damage_taken":182,"max_hp_gain":0,"max_hp_loss":0,"event_name":"betterThird:BetterSerpent","floor":5,"gold_loss":0},{"cards_removed":["After Image"],"damage_healed":0,"gold_gain":0,"player_choice":"Take \u0026 Give","damage_taken":0,"max_hp_gain":0,"max_hp_loss":0,"event_name":"betterNote:BetterNote","floor":19,"gold_loss":0,"cards_obtained":["Echo Form"]},{"damage_healed":0,"gold_gain":0,"player_choice":"1 cards matched","damage_taken":0,"max_hp_gain":0,"max_hp_loss":0,"event_name":"Match and Keep!","floor":20,"gold_loss":0,"cards_obtained":["Noxious Fumes"]},{"cards_removed":["A Thousand Cuts"],"damage_healed":0,"gold_gain":0,"player_choice":"Upgrade and Remove","damage_taken":0,"max_hp_gain":0,"max_hp_loss":0,"event_name":"Designer","floor":22,"gold_loss":90,"cards_upgraded":["After Image"]}],"is_beta":false,"boss_relics":[{"not_picked":["Kintsugi","infinitespire:Cupcake"],"picked":"Calling Bell"}],"items_purged_floors":[11],"is_endless":false,"potions_floor_spawned":[1,12,13],"killed_by":"Slavers","ascension_level":0}}