{"host":"1hv1kueuvc4r3rdp","time":1608492152,"event":{"mods":["AchievementEnabler","BaseMod","DeckTracker","Highlight Path","Minty Spire (QoL Compilation)","Permanent Neow","StSLib"],"gold_per_floor":[218,234,250,2,12,12,42,42,42,42,117,117,117,151,151,249,249,260,278,298,397,109,139,139,172,172,184,212,212,237,248,248,344,344,358,369,386,398,411,411,445,445,445,474,489,183,200,56,56,56],"floor_reached":51,"playtime":4352,"items_purged":[],"score":1084,"play_id":"2e4ed8d8-51d6-4a53-ac2a-f9ba8cd8ca29","local_time":"20201220132232","is_ascension_mode":true,"campfire_choices":[{"data":"Zap","floor":6,"key":"SMITH"},{"data":"Consume","floor":10,"key":"SMITH"},{"floor":12,"key":"REST"},{"data":"FTL","floor":15,"key":"SMITH"},{"data":"Go for the Eyes","floor":24,"key":"SMITH"},{"floor":29,"key":"REST"},{"data":"Static Discharge","floor":32,"key":"SMITH"},{"data":"Defragment","floor":40,"key":"SMITH"},{"data":"Go for the Eyes","floor":42,"key":"SMITH"},{"data":"Dualcast","floor":49,"key":"SMITH"}],"circlet_count":0,"master_deck":["Strike_B","Strike_B+1","Defend_B+1","Defend_B","Defend_B","Zap+1","Dualcast+1","Sweeping Beam+1","Consume+1","BootSequence+1","FTL+1","White Noise+1","Seek+1","Genetic Algorithm+1","Coolheaded+1","Double Energy+1","Defragment+1","Capacitor+1","Go for the Eyes+1","Conserve Battery+1","Redo+1","Defragment+1","Static Discharge+1","Go for the Eyes+1","Loop+1","Parasite","Loop+1"],"relics":["Cracked Core","Matryoshka","PreservedInsect","Whetstone","Toxic Egg 2","HornCleat","Letter Opener","Gremlin Horn","Astrolabe","Mango","Mercury Hourglass","MealTicket","Nunchaku","Anchor","Peace Pipe","Runic Pyramid","White Beast Statue","Darkstone Periapt","Happy Flower","Runic Capacitor","War Paint","DataDisk"],"acts_visited":["Exordium","TheCity","TheBeyond"],"potions_floor_usage":[7,20,27,38,50,50,50],"damage_taken":[{"damage":0,"enemies":"Small Slimes","floor":1,"turns":4},{"damage":1,"enemies":"2 Louse","floor":2,"turns":2},{"damage":2,"enemies":"Jaw Worm","floor":3,"turns":3},{"damage":16,"enemies":"Looter","floor":5,"turns":4},{"damage":20,"enemies":"Lagavulin","floor":7,"turns":5},{"damage":0,"enemies":"3 Sentries","floor":14,"turns":2},{"damage":22,"enemies":"Hexaghost","floor":16,"turns":8},{"damage":0,"enemies":"Shell Parasite","floor":18,"turns":4},{"damage":0,"enemies":"Chosen","floor":19,"turns":4},{"damage":7,"enemies":"Snake Plant","floor":20,"turns":3},{"damage":30,"enemies":"Slavers","floor":23,"turns":4},{"damage":6,"enemies":"Book of Stabbing","floor":25,"turns":4},{"damage":0,"enemies":"Centurion and Healer","floor":27,"turns":5},{"damage":0,"enemies":"Gremlin Leader","floor":28,"turns":4},{"damage":3,"enemies":"Book of Stabbing","floor":30,"turns":4},{"damage":2,"enemies":"Snecko","floor":31,"turns":5},{"damage":25,"enemies":"Automaton","floor":33,"turns":9},{"damage":0,"enemies":"3 Shapes","floor":35,"turns":4},{"damage":6,"enemies":"3 Darklings","floor":36,"turns":4},{"damage":0,"enemies":"Writhing Mass","floor":37,"turns":5},{"damage":0,"enemies":"Maw","floor":38,"turns":7},{"damage":0,"enemies":"Sphere and 2 Shapes","floor":39,"turns":4},{"damage":0,"enemies":"Reptomancer","floor":41,"turns":5},{"damage":0,"enemies":"Nemesis","floor":44,"turns":5},{"damage":0,"enemies":"Jaw Worm Horde","floor":45,"turns":4},{"damage":0,"enemies":"3 Darklings","floor":47,"turns":4},{"damage":72,"enemies":"Awakened One","floor":50,"turns":9}],"seed_played":"-3133174704668322086","potions_obtained":[{"floor":3,"key":"Energy Potion"},{"floor":5,"key":"AttackPotion"},{"floor":14,"key":"SkillPotion"},{"floor":16,"key":"SmokeBomb"},{"floor":19,"key":"DistilledChaos"},{"floor":25,"key":"Weak Potion"},{"floor":30,"key":"CultistPotion"},{"floor":36,"key":"Fruit Juice"},{"floor":39,"key":"ColorlessPotion"},{"floor":41,"key":"SkillPotion"}],"is_trial":false,"path_per_floor":["M","M","M","$","M","R","E","?","T","R","?","R","T","E","R","B",null,"M","M","M","?","$","E","R","E","T","M","E","R","E","M","R","B",null,"M","M","M","M","M","R","E","R","T","E","M","$","M","$","R","B",null],"character_chosen":"DEFECT","items_purchased":["Matryoshka","Mango","Runic Capacitor","War Paint","DataDisk"],"campfire_rested":2,"item_purchase_floors":[4,22,46,46,48],"current_hp_per_floor":[75,74,72,72,56,56,36,36,36,36,25,47,47,47,47,25,63,63,63,56,56,70,40,40,34,34,34,34,60,57,55,55,30,74,74,68,68,73,73,73,73,73,73,73,73,88,88,94,94,22],"gold":56,"neow_bonus":"HUNDRED_GOLD","is_daily":false,"chose_seed":false,"campfire_upgraded":8,"win_rate":0.0,"timestamp":1608492152,"path_taken":["M","M","M","$","M","R","E","?","T","R","?","R","?","E","R","BOSS","M","M","M","?","$","E","R","E","T","M","E","R","E","M","R","BOSS","M","M","M","M","M","R","E","R","T","E","M","$","M","$","R","BOSS"],"items_purchased_type":["Relic","Relic","Relic","Relic","Relic"],"build_version":"2020-12-13","purchased_purges":0,"victory":true,"max_hp_per_floor":[75,75,75,75,75,75,75,75,75,75,75,75,75,75,75,75,75,75,75,75,75,89,89,89,89,89,89,89,89,89,89,89,89,89,89,89,89,94,94,94,94,94,94,94,94,94,94,94,94,94],"card_choices":[{"not_picked":["Turbo","Force Field"],"picked":"Sweeping Beam","floor":1},{"not_picked":["Compile Driver","Go for the Eyes","Rebound"],"picked":"SKIP","floor":2},{"not_picked":["Skim","Auto Shields"],"picked":"Consume","floor":3},{"not_picked":["Steam","Beam Cell"],"picked":"BootSequence","floor":5},{"not_picked":["Turbo","Sweeping Beam"],"picked":"FTL","floor":7},{"not_picked":["Auto Shields+1","Darkness+1"],"picked":"White Noise+1","floor":14},{"not_picked":["Core Surge","Meteor Strike"],"picked":"Seek+1","floor":16},{"not_picked":["Compile Driver","Consume+1"],"picked":"Defragment+1","floor":18},{"not_picked":["BootSequence+1","FTL","Storm"],"picked":"SKIP","floor":19},{"not_picked":["Streamline","Barrage+1"],"picked":"Capacitor+1","floor":20},{"not_picked":["Darkness+1","Stack+1"],"picked":"Go for the Eyes","floor":23},{"not_picked":["Beam Cell","Creative AI"],"picked":"Conserve Battery+1","floor":25},{"not_picked":["Go for the Eyes","Stack+1","Hologram+1"],"picked":"SKIP","floor":27},{"not_picked":["Hologram+1","Streamline"],"picked":"Redo+1","floor":28},{"not_picked":["Leap+1","White Noise+1"],"picked":"Defragment","floor":30},{"not_picked":["Beam Cell","Turbo+1"],"picked":"Static Discharge","floor":31},{"not_picked":["Sweeping Beam","Streamline"],"picked":"Go for the Eyes","floor":35},{"not_picked":["Glacier+1","Turbo+1"],"picked":"Loop+1","floor":36},{"not_picked":["Ball Lightning+1","Chaos+1","Compile Driver+1"],"picked":"SKIP","floor":37},{"not_picked":["Beam Cell+1","Ball Lightning+1","Compile Driver"],"picked":"SKIP","floor":38},{"not_picked":["Reinforced Body+1","Undo+1","Coolheaded+1"],"picked":"SKIP","floor":39},{"not_picked":["Beam Cell","BootSequence+1","Darkness+1"],"picked":"SKIP","floor":41},{"not_picked":["Steam+1","Sunder","Rainbow+1"],"picked":"SKIP","floor":44},{"not_picked":["Turbo+1","Streamline+1"],"picked":"Loop+1","floor":45},{"not_picked":["Aggregate+1","Beam Cell","Ball Lightning"],"picked":"SKIP","floor":47}],"player_experience":1065676,"relics_obtained":[{"floor":7,"key":"PreservedInsect"},{"floor":9,"key":"Whetstone"},{"floor":9,"key":"Toxic Egg 2"},{"floor":13,"key":"HornCleat"},{"floor":13,"key":"Letter Opener"},{"floor":14,"key":"Gremlin Horn"},{"floor":23,"key":"Mercury Hourglass"},{"floor":25,"key":"MealTicket"},{"floor":26,"key":"Nunchaku"},{"floor":28,"key":"Anchor"},{"floor":30,"key":"Peace Pipe"},{"floor":41,"key":"White Beast Statue"},{"floor":43,"key":"Darkstone Periapt"},{"floor":44,"key":"Happy Flower"}],"event_choices":[{"damage_healed":0,"gold_gain":0,"player_choice":"Ignored","damage_taken":0,"max_hp_gain":0,"max_hp_loss":0,"event_name":"Liars Game","floor":8,"gold_loss":0},{"damage_healed":0,"gold_gain":75,"player_choice":"Gather Gold","damage_taken":11,"max_hp_gain":0,"max_hp_loss":0,"event_name":"World of Goop","floor":11,"gold_loss":0},{"damage_healed":0,"gold_gain":99,"player_choice":"Stole From Cult","damage_taken":0,"max_hp_gain":0,"max_hp_loss":0,"event_name":"Nest","floor":21,"gold_loss":0}],"is_beta":false,"boss_relics":[{"not_picked":["Nuclear Battery","Coffee Dripper"],"picked":"Astrolabe"},{"not_picked":["Busted Crown","Cursed Key"],"picked":"Runic Pyramid"}],"items_purged_floors":[],"is_endless":false,"potions_floor_spawned":[3,5,14,16,19,25,30,33,36,39,41,44,45,47],"ascension_level":5}}