{"host":"4id8injl4bo2b6ih","time":1608426075,"event":{"mods":["Act Like it!","BaseMod","Better Third Choice","Colored Map","Downfall","Friendly Minions","Highlight Path","Luminous","Minty Spire (QoL Compilation)","Robot Space Explorer","Shop Mod","Spicy Shops","StSLib"],"gold_per_floor":[99,132,143,153,153,185,185,203,128,163,180,200,216,230,249,351,351,351,366,366,377,394,419,419,419,430,465,550,550,560,545,562,659,659,659,670,680,696,696,707,734,659,675,702,13,28,28,44,57,57],"floor_reached":51,"playtime":5820,"items_purged":[],"score":724,"play_id":"e030bc10-d8c0-4152-9b77-d4dd9a55018c","local_time":"20201220020115","is_ascension_mode":false,"campfire_choices":[{"data":"Slimebound:CorrosiveSpit","floor":1.0,"key":"SMITH"},{"data":"Slimebound:LeechLife","floor":5.0,"key":"SMITH"},{"data":"Slimebound:Gluttony","floor":9.0,"key":"SMITH"},{"data":"Slimebound:DuplicatedForm","floor":18.0,"key":"SMITH"},{"data":"Slimebound:FirmFortitude","floor":20.0,"key":"SMITH"},{"data":"Slimebound:SlimeBarrage","floor":25.0,"key":"SMITH"},{"data":"Slimebound:DuplicatedForm","floor":35,"key":"SMITH"},{"data":"Slimebound:SlimeSlap","floor":39,"key":"SMITH"},{"data":"Slimebound:SelfFormingGoo","floor":42,"key":"SMITH"}],"circlet_count":0,"master_deck":["Slimebound:Strike_Slimebound+1","Slimebound:Strike_Slimebound+1","Slimebound:Strike_Slimebound+1","Slimebound:Tackle","Slimebound:Defend_Slimebound+1","Slimebound:Defend_Slimebound+1","Slimebound:Defend_Slimebound+1","Slimebound:Defend_Slimebound+1","Slimebound:Split+1","Slimebound:CorrosiveSpit+1","Slimebound:LeechLife+1","Slimebound:GoopSpray+1","Slimebound:SelfFormingGoo+1","Slimebound:Gluttony+1","Slimebound:LivingWall+1","Slimebound:SplitMire+1","Slimebound:LeechingTouch","Slimebound:SlimeSpikes+1","Slimebound:SlimeSlap+1","Slimebound:AcidTongue","Slimebound:DuplicatedForm+1","Slimebound:FirmFortitude+1","Slimebound:SamplingLick+1","Slimebound:SlimeBarrage+1","Slimebound:SpikyOuterGoop+1","Slimebound:SlimeBarrage+1","Slimebound:Overexert","Slimebound:SlimeSpikes+1","Slimebound:DuplicatedForm+1","Slimebound:MegaLick+1","Slimebound:Gluttony","Slimebound:Prepare+1","Slimebound:RejuvenatingLick+1","Slimebound:ProtectTheBoss+1","Slimebound:Replication+1","Slimebound:OozeBath+1","Slimebound:LeechEnergy+1","Slimebound:TongueLash+1"],"relics":["Slimebound:AbsorbEndCombatUpgraded","Toxic Egg 2","Pen Nib","Slimebound:AggressiveSlimeRelic","downfall:HeartBlessingGreen","Regal Pillow","SlaversCollar","Dream Catcher","Pocketwatch","Letter Opener","downfall:HeartBlessingBlue","MealTicket","MerchantsRug","Lizard Tail","TheAbacus","Gremlin Horn","InkBottle"],"acts_visited":["Exordium","TheCity","TheBeyond"],"potions_floor_usage":[40],"damage_taken":[{"damage":31.0,"enemies":"Lagavulin","floor":2.0,"turns":7.0},{"damage":10.0,"enemies":"2 Louse","floor":3.0,"turns":3.0},{"damage":8.0,"enemies":"Small Slimes","floor":4.0,"turns":4.0},{"damage":40.0,"enemies":"Gremlin Nob","floor":6.0,"turns":4.0},{"damage":10.0,"enemies":"Cultist","floor":8.0,"turns":3.0},{"damage":32.0,"enemies":"Lagavulin","floor":10.0,"turns":6.0},{"damage":13.0,"enemies":"Blue Slaver","floor":11.0,"turns":5.0},{"damage":23.0,"enemies":"2 Fungi Beasts","floor":12.0,"turns":3.0},{"damage":19.0,"enemies":"Red Slaver","floor":13.0,"turns":4.0},{"damage":17.0,"enemies":"Blue Slaver","floor":14.0,"turns":4.0},{"damage":23.0,"enemies":"Exordium Wildlife","floor":15.0,"turns":4.0},{"damage":28.0,"enemies":"downfall:Watcher","floor":16.0,"turns":7.0},{"damage":12.0,"enemies":"3 Byrds","floor":19.0,"turns":3.0},{"damage":32.0,"enemies":"Shell Parasite","floor":21.0,"turns":3.0},{"damage":11.0,"enemies":"3 Cultists","floor":22.0,"turns":4.0},{"damage":59.0,"enemies":"Slavers","floor":23.0,"turns":5.0},{"damage":24.0,"enemies":"Centurion and Healer","floor":26.0,"turns":5.0},{"damage":41.0,"enemies":"Gremlin Leader","floor":27.0,"turns":5.0},{"damage":18.0,"enemies":"Snecko","floor":30.0,"turns":4.0},{"damage":8.0,"enemies":"downfall:FleeingMerchant","floor":31.0,"turns":4.0},{"damage":26,"enemies":"Shelled Parasite and Fungi","floor":32,"turns":3},{"damage":37,"enemies":"downfall:Ironclad","floor":33,"turns":7},{"damage":27,"enemies":"3 Shapes","floor":36,"turns":4},{"damage":27,"enemies":"Orb Walker","floor":37,"turns":4},{"damage":42,"enemies":"Jaw Worm Horde","floor":38,"turns":6},{"damage":21,"enemies":"Sphere and 2 Shapes","floor":40,"turns":6},{"damage":27,"enemies":"Spire Growth","floor":43,"turns":6},{"damage":39,"enemies":"Nemesis","floor":44,"turns":7},{"damage":8,"enemies":"downfall:FleeingMerchant","floor":45,"turns":4},{"damage":53,"enemies":"3 Darklings","floor":46,"turns":5},{"damage":40,"enemies":"Jaw Worm Horde","floor":48,"turns":4},{"damage":67,"enemies":"Sphere and 2 Shapes","floor":49,"turns":7},{"damage":47,"enemies":"downfall:Silent","floor":50,"turns":9}],"seed_played":"-313955177215713746","potions_obtained":[{"floor":2.0,"key":"FearPotion"},{"floor":4.0,"key":"Weak Potion"},{"floor":11.0,"key":"Swift Potion"},{"floor":16.0,"key":"BlessingOfTheForge"},{"floor":26.0,"key":"sneckomod:MuddlingPotion"},{"floor":27.0,"key":"PowerPotion"},{"floor":40,"key":"Weak Potion"},{"floor":46,"key":"Strength Potion"}],"is_trial":false,"path_per_floor":["R","E","M","M","R","E","T","M","R","E","M","M","M","M","M","B",null,"R","M","R","M","M","E","T","R","M","E","?","?","M","$","M","B",null,"R","M","M","M","R","M","T","R","M","E","$","M","?","M","M","B",null],"character_chosen":"SLIMEBOUND","items_purchased":["MerchantsRug","Lizard Tail","TheAbacus","Gremlin Horn","Slimebound:Replication+1"],"campfire_rested":0,"item_purchase_floors":[45,45,45,45,45],"current_hp_per_floor":[60,45,55,60,60,32,32,36,36,52,53,48,45,46,58,50,60,60,60,60,56,60,37,37,37,60,60,48,48,58,60,60,50,60,60,60,60,57,57,60,60,70,57,70,70,64,64,70,70,70],"gold":57,"neow_bonus":"UPGRADE_CARD","is_daily":false,"chose_seed":false,"campfire_upgraded":9,"win_rate":0.0,"timestamp":1608426075,"path_taken":["R","E","M","M","R","E","T","M","R","E","M","M","M","M","M","BOSS","R","M","R","M","M","E","T","R","M","E","?","?","M","$","M","BOSS","R","M","M","M","R","M","T","R","M","E","$","M","?","M","M","BOSS"],"items_purchased_type":["Relic","Relic","Relic","Relic","Card"],"build_version":"2020-12-13","purchased_purges":0,"victory":true,"max_hp_per_floor":[60,60,60,60,60,60,60,60,60,60,60,60,60,60,60,60,60,60,60,60,60,60,60,60,60,60,60,60,60,60,60,60,60,60,60,60,60,60,60,60,60,70,70,70,70,70,70,70,70,70],"card_choices":[{"not_picked":["Slimebound:ViciousTackle","Slimebound:GoopTackle"],"picked":"Slimebound:LeechLife","floor":2.0},{"not_picked":["Slimebound:LivingWall+1","Slimebound:RejuvenatingLick+1"],"picked":"Slimebound:GoopSpray+1","floor":3.0},{"not_picked":["Slimebound:RollThrough","Slimebound:ComboTackle"],"picked":"Slimebound:SelfFormingGoo","floor":4.0},{"not_picked":["Slimebound:RejuvenatingLick+1","Slimebound:ViciousTackle"],"picked":"Slimebound:Gluttony","floor":6.0},{"not_picked":["Slimebound:RainOfGoop+1","Slimebound:SplitLeeching+1"],"picked":"Slimebound:LivingWall+1","floor":8.0},{"not_picked":["Slimebound:LeechEnergy","Slimebound:ItLooksTasty","Slimebound:RollThrough"],"picked":"SKIP","floor":10.0},{"not_picked":["Slimebound:GrowthPunch","Slimebound:Equalize"],"picked":"Slimebound:SplitMire+1","floor":11.0},{"not_picked":["Slimebound:RollThrough","Slimebound:Equalize"],"picked":"Slimebound:LeechingTouch","floor":12.0},{"not_picked":["Slimebound:FinishingTackle","Slimebound:SplitBruiser+1"],"picked":"Slimebound:SlimeSpikes+1","floor":13.0},{"not_picked":["Slimebound:GrowthPunch","Slimebound:PressTheAttack"],"picked":"Slimebound:SlimeSlap","floor":14.0},{"not_picked":["Slimebound:SlimeSpikes+1","Slimebound:SplitAcid+1"],"picked":"Slimebound:AcidTongue","floor":15.0},{"not_picked":["Slimebound:DouseInSlime+1","Slimebound:SlimeSlap"],"picked":"Slimebound:DuplicatedForm","floor":16.0},{"not_picked":["Slimebound:PressTheAttack","Slimebound:GoopSpray+1"],"picked":"Slimebound:FirmFortitude","floor":19.0},{"not_picked":["Slimebound:FlameTackle","Slimebound:LeechingTouch"],"picked":"Slimebound:SamplingLick+1","floor":21.0},{"not_picked":["Slimebound:Schlurp+1","Slimebound:GrowthPunch"],"picked":"Slimebound:SlimeBarrage","floor":22.0},{"not_picked":["Slimebound:WasteNot+1","Slimebound:Schlurp+1"],"picked":"Slimebound:SpikyOuterGoop+1","floor":23.0},{"not_picked":["Slimebound:LeechEnergy","Slimebound:ComboTackle"],"picked":"Slimebound:SlimeBarrage+1","floor":26.0},{"not_picked":["Slimebound:SplitBruiser+1","Slimebound:RollThrough","Slimebound:GrowthPunch"],"picked":"SKIP","floor":27.0},{"not_picked":["Slimebound:GoopSpray+1","Slimebound:LeechingTouch+1"],"picked":"Slimebound:Overexert","floor":30.0},{"not_picked":["Slimebound:LeechEnergy","Slimebound:WasteNot+1"],"picked":"Slimebound:SlimeSpikes+1","floor":31},{"not_picked":["Slimebound:RollThrough+1","Slimebound:SplitBruiser+1","Slimebound:LeechingTouch"],"picked":"SKIP","floor":32},{"not_picked":["Slimebound:RallyTheTroops","Slimebound:OneTwoCombo"],"picked":"Slimebound:DuplicatedForm","floor":33},{"not_picked":["Slimebound:FinishingTackle+1","Slimebound:SplitMire+1"],"picked":"Slimebound:MegaLick+1","floor":36},{"not_picked":["Slimebound:LeechingTouch","Slimebound:FirmFortitude+1"],"picked":"Slimebound:Gluttony","floor":37},{"not_picked":["Slimebound:SplitAcid+1","Slimebound:FinishingTackle","Slimebound:FlameTackle"],"picked":"SKIP","floor":38},{"not_picked":["Slimebound:ForwardTackle","Slimebound:SplitMire+1"],"picked":"Slimebound:Prepare+1","floor":40},{"not_picked":["Slimebound:FinishingTackle+1","Slimebound:Chomp+1","Slimebound:Schlurp+1"],"picked":"SKIP","floor":43},{"not_picked":["Slimebound:FinishingTackle+1","Slimebound:SamplingLick+1"],"picked":"Slimebound:RejuvenatingLick+1","floor":44},{"not_picked":["Slimebound:GoopSpray+1","Slimebound:SplitLeeching+1"],"picked":"Slimebound:ProtectTheBoss+1","floor":45},{"not_picked":["Slimebound:SplitMire+1","Slimebound:ItLooksTasty+1"],"picked":"Slimebound:OozeBath+1","floor":46},{"not_picked":["Slimebound:Schlurp+1","Slimebound:ComboTackle"],"picked":"Slimebound:LeechEnergy+1","floor":48},{"not_picked":["Slimebound:FormOfPuddle+1","Slimebound:SamplingLick+1"],"picked":"Slimebound:TongueLash+1","floor":49}],"player_experience":339040,"relics_obtained":[{"floor":2.0,"key":"Toxic Egg 2"},{"floor":6.0,"key":"Pen Nib"},{"floor":7.0,"key":"Slimebound:AggressiveSlimeRelic"},{"floor":10.0,"key":"Regal Pillow"},{"floor":23.0,"key":"Dream Catcher"},{"floor":24.0,"key":"Pocketwatch"},{"floor":27.0,"key":"Letter Opener"},{"floor":44,"key":"MealTicket"},{"floor":47,"key":"InkBottle"}],"event_choices":[{"damage_healed":0.0,"max_hp_gain":0.0,"max_hp_loss":7.0,"gold_gain":0.0,"event_name":"betterThird:BetterWriting","player_choice":"Simplicity","floor":29.0,"gold_loss":0.0,"damage_taken":0.0},{"damage_healed":0,"gold_gain":0,"player_choice":"Relic","damage_taken":0,"max_hp_gain":0,"max_hp_loss":0,"event_name":"Wheel of Change","floor":47,"gold_loss":0}],"is_beta":false,"boss_relics":[{"not_picked":["Sozu","Cursed Key"],"picked":"SlaversCollar"},{"not_picked":["Runic Pyramid","Astrolabe"],"picked":"Slimebound:AbsorbEndCombatUpgraded"}],"items_purged_floors":[],"is_endless":false,"potions_floor_spawned":[2,4,11,13,16,19,26,27,30,36,40,46,48,49],"ascension_level":0}}