{"host":"kpyoctgc7jne3jiy","time":1608440248,"event":{"mods":["AchievementEnabler","BaseMod","Minty Spire (QoL Compilation)"],"gold_per_floor":[109,89,107,107,107,107,151,3,3,3,3,23,23,36,36,161,161,177,200,10,26,26,26,39,39,39,63,63,78,78,78],"floor_reached":30,"playtime":860,"items_purged":[],"score":288,"play_id":"c7849b60-de9c-465b-84b8-66352d47051b","local_time":"20201220055728","is_ascension_mode":true,"campfire_choices":[{"data":"Neutralize","floor":6,"key":"SMITH"},{"data":"Caltrops","floor":10,"key":"SMITH"},{"data":"Bane","floor":13,"key":"SMITH"},{"data":"Backflip","floor":15,"key":"SMITH"},{"floor":23,"key":"REST"},{"floor":25,"key":"REST"},{"floor":28,"key":"REST"}],"circlet_count":0,"master_deck":["Strike_G","Strike_G","Strike_G","Strike_G","Strike_G","Defend_G","Defend_G","Defend_G","Defend_G","Defend_G","Survivor","Neutralize+1","Bane","Caltrops+1","Injury","Backflip+1","Decay","Bane+1","All Out Attack","Malaise","Dagger Spray+1","Poisoned Stab","Backstab"],"relics":["Ring of the Snake","Golden Idol","Bronze Scales","TwistedFunnel","The Courier","HoveringKite","Sundial","Eternal Feather"],"acts_visited":["Exordium","TheCity"],"potions_floor_usage":[1,7,16,16,16,16,24,27],"damage_taken":[{"damage":2,"enemies":"Jaw Worm","floor":1,"turns":4},{"damage":0,"enemies":"Cultist","floor":3,"turns":3},{"damage":13,"enemies":"Gremlin Nob","floor":7,"turns":4},{"damage":0,"enemies":"2 Louse","floor":12,"turns":1},{"damage":3,"enemies":"Lots of Slimes","floor":14,"turns":2},{"damage":19,"enemies":"Slime Boss","floor":16,"turns":8},{"damage":9,"enemies":"3 Byrds","floor":18,"turns":3},{"damage":33,"enemies":"2 Thieves","floor":19,"turns":3},{"damage":7,"enemies":"Chosen and Byrds","floor":21,"turns":4},{"damage":6,"enemies":"3 Cultists","floor":24,"turns":3},{"damage":21,"enemies":"Cultist and Chosen","floor":27,"turns":5},{"damage":55,"enemies":"Shelled Parasite and Fungi","floor":29,"turns":5},{"damage":33,"enemies":"Centurion and Healer","floor":30,"turns":3}],"seed_played":"-8306113530304308113","potions_obtained":[{"floor":0,"key":"Poison Potion"},{"floor":0,"key":"FairyPotion"},{"floor":0,"key":"EntropicBrew"},{"floor":2,"key":"LiquidMemories"},{"floor":3,"key":"Poison Potion"},{"floor":7,"key":"Strength Potion"},{"floor":18,"key":"Energy Potion"},{"floor":21,"key":"FearPotion"},{"floor":24,"key":"Weak Potion"}],"is_trial":false,"path_per_floor":["M","?","M","$","?","R","E","$","T","R","?","M","R","M","R","B",null,"M","M","$","M","$","R","M","R","T","M","R","M","M"],"character_chosen":"THE_SILENT","items_purchased":["TwistedFunnel","Sundial"],"campfire_rested":3,"item_purchase_floors":[8,20],"current_hp_per_floor":[68,68,68,68,68,68,55,55,55,55,55,55,55,52,52,33,61,52,19,19,12,12,33,27,48,48,27,60,5,0,0],"gold":78,"neow_bonus":"THREE_SMALL_POTIONS","is_daily":false,"chose_seed":false,"campfire_upgraded":4,"win_rate":0.0,"timestamp":1608440248,"path_taken":["M","?","M","$","?","R","E","$","T","R","?","M","R","M","R","BOSS","M","M","?","M","$","R","M","R","T","M","R","M","?"],"items_purchased_type":["Relic","Relic"],"build_version":"2020-12-13","purchased_purges":0,"victory":false,"max_hp_per_floor":[70,70,70,70,70,70,70,70,70,70,70,70,70,70,70,70,70,70,70,70,70,70,70,70,70,70,70,70,70,70,70],"card_choices":[{"not_picked":["Dagger Throw","Prepared"],"picked":"Bane","floor":1},{"not_picked":["Outmaneuver","Deflect"],"picked":"Caltrops","floor":3},{"not_picked":["Prepared","Tools of the Trade"],"picked":"Backflip","floor":7},{"not_picked":["Calculated Gamble","Dodge and Roll"],"picked":"Bane","floor":12},{"not_picked":["Bane","Concentrate"],"picked":"All Out Attack","floor":14},{"not_picked":["Wraith Form v2","Glass Knife"],"picked":"Malaise","floor":16},{"not_picked":["Distraction","Dodge and Roll"],"picked":"Dagger Spray+1","floor":18},{"not_picked":["Sucker Punch","Deflect"],"picked":"Poisoned Stab","floor":19},{"not_picked":["Underhanded Strike+1","Outmaneuver","Accuracy"],"picked":"SKIP","floor":21},{"not_picked":["Reflex","Slice","Eviscerate"],"picked":"SKIP","floor":24},{"not_picked":["Backflip+1","Caltrops"],"picked":"Backstab","floor":27},{"not_picked":["Flechettes","Quick Slash","Backstab"],"picked":"SKIP","floor":29}],"player_experience":228923,"relics_obtained":[{"floor":7,"key":"Bronze Scales"},{"floor":9,"key":"The Courier"},{"floor":26,"key":"Eternal Feather"}],"event_choices":[{"damage_healed":0,"gold_gain":0,"player_choice":"Bought 1 Potion","damage_taken":0,"max_hp_gain":0,"max_hp_loss":0,"event_name":"The Woman in Blue","floor":2,"gold_loss":0},{"damage_healed":0,"gold_gain":0,"player_choice":"Take Wound","damage_taken":0,"relics_obtained":["Golden Idol"],"max_hp_gain":0,"max_hp_loss":0,"event_name":"Golden Idol","floor":5,"gold_loss":0,"cards_obtained":["Injury"]},{"damage_healed":0,"gold_gain":0,"player_choice":"Cursed","damage_taken":0,"max_hp_gain":0,"max_hp_loss":0,"event_name":"Wheel of Change","floor":11,"gold_loss":0,"cards_obtained":["Decay"]}],"is_beta":false,"boss_relics":[{"not_picked":["Runic Pyramid","Snecko Eye"],"picked":"HoveringKite"}],"items_purged_floors":[],"is_endless":false,"potions_floor_spawned":[3,7,18,21,24],"killed_by":"Centurion and Healer","ascension_level":5}}