{"host":"87fdiiwflhrwsj8a","time":1608498463,"event":{"mods":["Aspiration","BaseMod","Better Match","Better Third Choice","BetterRewards","Colored Map","Downfall","GifTheSpireLib","Infinite Spire","Minty Spire (QoL Compilation)","Relic Sorter","Replay The Spire","Robot Space Explorer","StSLib","Stuff the Spire","The Cursed"],"gold_per_floor":[113,113,55,55,67,102,102,132,205,232,232,333,333,333,346,416,416,490,490,510,510,520,520,537,537,537,537],"floor_reached":26,"playtime":659,"items_purged":[],"score":494,"play_id":"d4799e26-2011-4f3a-b1ee-d9ea82c93259","local_time":"20201220160743","is_ascension_mode":true,"campfire_choices":[{"data":"Bash","floor":7.0,"key":"SMITH"},{"data":"Limit Break","floor":25,"key":"SMITH"}],"circlet_count":0,"master_deck":["AscendersBane","Strike_R+1","Strike_R","Strike_R","Strike_R","Strike_R","Defend_R","Defend_R","Bash+1","Anger+1","StuffTheSpire:Slingshot+1","ReplayTheSpireMod:LeadingStrike+1","Iron Wave+1","Pommel Strike+1","Body Slam+1","Pommel Strike+1","Twin Strike+1","Flex+1","Thunderclap+1","Limit Break+1","StuffTheSpire:Slingshot+1","Sword Boomerang+1","Power Through"],"relics":["Burning Blood","NeowsBlessing","Molten Egg 2","aspiration:Lifesprig","Replay:Baseball","Replay:Bottled Snecko","ReplayFunnel","Empty Cage","Black Blood","TungstenRod"],"acts_visited":["Exordium","TheCity"],"potions_floor_usage":[26],"damage_taken":[{"damage":0.0,"enemies":"Jaw Worm","floor":1.0,"turns":1.0},{"damage":0.0,"enemies":"2 Louse","floor":5.0,"turns":1.0},{"damage":0.0,"enemies":"Gremlin Nob","floor":6.0,"turns":1.0},{"damage":15.0,"enemies":"Lagavulin","floor":8.0,"turns":5.0},{"damage":29.0,"enemies":"Gremlin Nob","floor":10.0,"turns":4.0},{"damage":0,"enemies":"Small Slimes","floor":15,"turns":2},{"damage":50,"enemies":"Fading Forest","floor":18,"turns":13},{"damage":20,"enemies":"Shell Parasite","floor":20,"turns":3},{"damage":0,"enemies":"Spheric Guardian","floor":22,"turns":3},{"damage":39,"enemies":"Shelled Parasite and Fungi","floor":24,"turns":4},{"damage":46,"enemies":"Slavers","floor":26,"turns":4}],"seed_played":"4441391888304910427","potions_obtained":[{"floor":6.0,"key":"SkillPotion"},{"floor":10.0,"key":"Elixir"},{"floor":18,"key":"Milkshake"}],"is_trial":false,"path_per_floor":["M","?","$","?","M","E","R","E","T","E","?","?","PTL","PTL","M","?","R_BF","B",null,"M","AVR","M","?","M","R","E"],"character_chosen":"IRONCLAD","items_purchased":["Anger+1"],"campfire_rested":0,"item_purchase_floors":[3],"current_hp_per_floor":[74,74,74,74,75,75,75,66,66,43,43,19,19,19,25,25,47,27,63,49,49,67,67,46,46,0,0],"gold":537,"neow_bonus":"THREE_ENEMY_KILL","is_daily":false,"chose_seed":false,"campfire_upgraded":2,"win_rate":0.0,"timestamp":1608498463,"path_taken":["M","?","$","?","M","E","R","E","T","E","?","?","PTL","PTL","M","?","R_BF","BOSS","M","AVR","M","?","M","R","E"],"items_purchased_type":["Card"],"build_version":"2020-12-13","purchased_purges":0,"victory":false,"max_hp_per_floor":[75,75,75,75,75,75,75,75,75,75,75,75,75,75,75,75,75,75,75,75,75,75,75,75,75,75,75],"card_choices":[{"not_picked":["ReplayTheSpireMod:LeadingStrike","Massacre","Thunderclap"],"picked":"SKIP","floor":1.0},{"not_picked":["Clash+1","Headbutt+1"],"picked":"StuffTheSpire:Slingshot+1","floor":5.0},{"not_picked":["Headbutt+1","StuffTheSpire:RockThrow+1"],"picked":"ReplayTheSpireMod:LeadingStrike+1","floor":6.0},{"not_picked":["Replay:Undeath\u0027s Touch+1","Disarm"],"picked":"Iron Wave+1","floor":8.0},{"not_picked":["Hemokinesis+1","Cleave+1"],"picked":"Pommel Strike+1","floor":10.0},{"not_picked":["Metallicize","Replay:Undeath\u0027s Touch+1"],"picked":"Pommel Strike+1","floor":12},{"not_picked":["Spot Weakness","Dual Wield"],"picked":"Twin Strike+1","floor":12},{"not_picked":["Replay:Undeath\u0027s Touch+1","Dropkick+1"],"picked":"Flex","floor":12},{"not_picked":["Body Slam+1","Impervious"],"picked":"Thunderclap+1","floor":15},{"not_picked":["Brutality","Reaper+1"],"picked":"Limit Break","floor":18},{"not_picked":["ReplayTheSpireMod:Strike From Hell+1","Pommel Strike+1"],"picked":"StuffTheSpire:Slingshot+1","floor":20},{"not_picked":["Iron Wave+1","Replay:Undeath\u0027s Touch+1"],"picked":"Sword Boomerang+1","floor":22},{"not_picked":["Searing Blow+1","Sever Soul+1"],"picked":"Power Through","floor":24}],"player_experience":2600131,"relics_obtained":[{"floor":6.0,"key":"aspiration:Lifesprig"},{"floor":8.0,"key":"Replay:Baseball"},{"floor":9.0,"key":"Replay:Bottled Snecko"},{"floor":10.0,"key":"ReplayFunnel"}],"event_choices":[{"damage_healed":0,"gold_gain":70,"player_choice":"Gained Gold","damage_taken":0,"max_hp_gain":0,"max_hp_loss":0,"event_name":"Golden Wing","floor":16,"gold_loss":0}],"is_beta":false,"boss_relics":[{"not_picked":["Snecko Eye","ReplayTheSpireMod:SealedPack"],"picked":"Empty Cage"}],"items_purged_floors":[],"is_endless":false,"potions_floor_spawned":[6,10,18,22,24],"killed_by":"Slavers","ascension_level":20}}