{"host":"qie07cxbi2v0we72","time":1608485175,"event":{"mods":["BaseMod","Minty Spire (QoL Compilation)","Relic Stats","StSLib","SuperFastMode","Waifu the Spire","thorton"],"gold_per_floor":[120,45,91,91,147,147,208,247,273,273,181,356,381,417,417,422,422,422],"floor_reached":16,"playtime":369,"items_purged":["Normality"],"score":92,"play_id":"4ff4afda-49b0-4032-8896-4ba1d4f58fdc","local_time":"20201220182615","is_ascension_mode":false,"campfire_choices":[{"floor":6,"key":"REST"},{"floor":15,"key":"REST"}],"circlet_count":0,"master_deck":["thethorton:Strike","thethorton:Strike","thethorton:Strike+1","thethorton:Strike","thethorton:Defend","thethorton:Defend","thethorton:Defend","thethorton:Defend","thethorton:Heckle+1","thethorton:CreditCard","thethorton:ROI","thethorton:CashBash+1","thethorton:CashBash","thethorton:GemGun","thethorton:LongTermPayoff","Bandage Up","Doubt","thethorton:BusinessBoom"],"relics":["thethorton:CouragePotion","Bag of Marbles","Oddly Smooth Stone"],"acts_visited":["Exordium"],"potions_floor_usage":[14,16],"damage_taken":[{"damage":8,"enemies":"2 Louse","floor":1,"turns":4},{"damage":9,"enemies":"Small Slimes","floor":3,"turns":7},{"damage":12,"enemies":"Jaw Worm","floor":5,"turns":4},{"damage":17,"enemies":"Exordium Wildlife","floor":7,"turns":4},{"damage":9,"enemies":"Looter","floor":8,"turns":3},{"damage":16,"enemies":"Exordium Thugs","floor":14,"turns":5},{"damage":33,"enemies":"The Guardian","floor":16,"turns":8}],"seed_played":"-7280312996476209571","potions_obtained":[{"floor":5,"key":"Ancient Potion"},{"floor":8,"key":"Strength Potion"},{"floor":14,"key":"CultistPotion"}],"is_trial":false,"path_per_floor":["M","$","M","?","M","R","M","M","T","?","$","?","T","M","R","B"],"character_chosen":"THE_THORT","items_purchased":["Bandage Up"],"campfire_rested":2,"item_purchase_floors":[11],"current_hp_per_floor":[60,60,51,37,25,45,28,19,19,16,16,16,16,4,24,0,0,0],"gold":422,"neow_bonus":"UPGRADE_CARD","is_daily":false,"chose_seed":false,"campfire_upgraded":0,"win_rate":0.0,"timestamp":1608485175,"path_taken":["M","$","M","?","M","R","M","M","T","?","$","?","?","M","R","BOSS"],"items_purchased_type":["Card"],"build_version":"2020-12-13","purchased_purges":1,"victory":false,"max_hp_per_floor":[68,68,68,68,68,68,68,68,68,68,68,68,68,68,68,68,68,68],"relic_stats":{"counters":[7,35],"obtain_stats":[{"Oddly Smooth Stone":13,"thethorton:CouragePotion":0,"Bag of Marbles":9},{"Oddly Smooth Stone":5,"thethorton:CouragePotion":0,"Bag of Marbles":5},{"Oddly Smooth Stone":22,"thethorton:CouragePotion":0,"Bag of Marbles":22}]},"card_choices":[{"not_picked":["thethorton:Distance","thethorton:RunningKick"],"picked":"thethorton:ROI","floor":1},{"not_picked":["thethorton:WhirlingBriefcase","thethorton:HedgeFund"],"picked":"thethorton:CashBash","floor":3},{"not_picked":["thethorton:LongDaysWork","thethorton:AngerMoment"],"picked":"thethorton:CashBash","floor":5},{"not_picked":["thethorton:AngerMoment","thethorton:HitAhead"],"picked":"thethorton:GemGun","floor":7},{"not_picked":["thethorton:WhirlingBriefcase","thethorton:TrueForm"],"picked":"thethorton:LongTermPayoff","floor":8},{"not_picked":["thethorton:ShoutAndRun","thethorton:ElbowSmash"],"picked":"thethorton:BusinessBoom","floor":14}],"player_experience":891801,"relics_obtained":[{"floor":9,"key":"Bag of Marbles"},{"floor":13,"key":"Oddly Smooth Stone"}],"event_choices":[{"damage_healed":0,"gold_gain":0,"player_choice":"Entered Light","damage_taken":14,"max_hp_gain":0,"max_hp_loss":0,"event_name":"Shining Light","floor":4,"gold_loss":0,"cards_upgraded":["thethorton:CashBash","thethorton:Strike"]},{"damage_healed":0,"gold_gain":0,"player_choice":"Fled","damage_taken":3,"max_hp_gain":0,"max_hp_loss":0,"event_name":"Scrap Ooze","floor":10,"gold_loss":0},{"damage_healed":0,"gold_gain":175,"player_choice":"AGREE","damage_taken":0,"max_hp_gain":0,"max_hp_loss":0,"event_name":"Liars Game","floor":12,"gold_loss":0,"cards_obtained":["Doubt"]}],"is_beta":false,"boss_relics":[],"items_purged_floors":[2],"is_endless":false,"potions_floor_spawned":[5,8,14],"killed_by":"The Guardian","ascension_level":0}}