{"host":"rihxvzvzrfpivboj","time":1608500403,"event":{"mods":["Act Like it!","BaseMod","Better Third Choice","Block Reminder","Colored Map","Colored Powertips","Duelist Mod","Gensokyo","GifTheSpireLib","Googly Eyes","Keyboard Shortcuts","KomeijiMod","Minty Spire (QoL Compilation)","Quick Restart","Relic Sorter","StSLib","The Jungle","The Runesmith","Unceasing Turn Reminder","Waifu the Spire"],"gold_per_floor":[19,35,50,50,69,96,106,106,131,165,179,179,179],"floor_reached":12,"playtime":991,"items_purged":[],"score":97,"play_id":"47594dbe-5a71-4635-af91-c21d71289986","local_time":"20201220224003","is_ascension_mode":true,"campfire_choices":[{"data":"Dash_Komeiji","floor":8,"key":"SMITH"}],"circlet_count":0,"master_deck":["Strike_Komeiji","Strike_Komeiji","Strike_Komeiji","Strike_Komeiji","Defend_Komeiji","Defend_Komeiji","Defend_Komeiji","Defend_Komeiji","Dash_Komeiji+1","NingyouYunhei+1","NingyouKisou+1","MissingPower","AbyssNova","ArtfulChanter","KimairaNoYoku","VampireKiss"],"relics":["KomeijisEye","SpellCardsRule","MusicBox","Du-Vu Doll","Ginger","Toy Ornithopter","CrystalOfMemory"],"acts_visited":["Exordium"],"potions_floor_usage":[],"damage_taken":[{"damage":3,"enemies":"Jaw Worm","floor":1,"turns":10},{"damage":0,"enemies":"Cultist","floor":2,"turns":6},{"damage":0,"enemies":"Small Slimes","floor":3,"turns":3},{"damage":6,"enemies":"2 Fungi Beasts","floor":5,"turns":4},{"damage":26,"enemies":"3 Sentries","floor":6,"turns":5},{"damage":10,"enemies":"Looter","floor":7,"turns":4},{"damage":12,"enemies":"Gremlin Nob","floor":10,"turns":7},{"damage":11,"enemies":"Lots of Slimes","floor":11,"turns":4},{"damage":13,"enemies":"3 Sentries","floor":12,"turns":2}],"seed_played":"-4354583552042946434","potions_obtained":[{"floor":1,"key":"Ancient Potion"},{"floor":3,"key":"FairyPotion"},{"floor":7,"key":"FairyPotion"},{"floor":11,"key":"CalmPotion"}],"is_trial":false,"path_per_floor":["M","M","M","?","M","E","M","R","T","E","M","E"],"character_chosen":"KomeijiSatori","items_purchased":[],"campfire_rested":0,"item_purchase_floors":[],"current_hp_per_floor":[47,47,47,42,36,10,15,15,15,3,9,0,0],"gold":179,"neow_bonus":"ONE_RARE_RELIC","is_daily":false,"chose_seed":false,"campfire_upgraded":1,"win_rate":0.0,"timestamp":1608500403,"path_taken":["M","M","M","?","M","E","?","R","T","E","M","E"],"items_purchased_type":[],"build_version":"2020-12-13","purchased_purges":0,"victory":false,"max_hp_per_floor":[50,50,50,50,50,50,50,50,50,50,50,50,50],"card_choices":[{"not_picked":["NingyouMusou+1","NingyouShinki+1"],"picked":"NingyouYunhei+1","floor":1},{"not_picked":["NingyouSP+1","SeekerDolls"],"picked":"NingyouKisou+1","floor":2},{"not_picked":["DochyakuKami+1","OoedoNingyou+1"],"picked":"MissingPower","floor":3},{"not_picked":["LittleLegion","SeekerWire+1"],"picked":"AbyssNova","floor":5},{"not_picked":["GasuOrimono","YoukiSo+1"],"picked":"ArtfulChanter","floor":6},{"not_picked":["NingyouFukuhei+1","SeekerDolls"],"picked":"KimairaNoYoku","floor":7},{"not_picked":["SatsujinDooru","SenyouGoraku+1","MakuraSeki"],"picked":"SKIP","floor":10},{"not_picked":["HisouNoKen","JyouchiJin+1","KeiseiJin+1"],"picked":"VampireKiss","floor":11}],"player_experience":961937,"relics_obtained":[{"floor":6,"key":"Ginger"},{"floor":9,"key":"Toy Ornithopter"},{"floor":10,"key":"CrystalOfMemory"}],"event_choices":[{"damage_healed":0,"gold_gain":0,"player_choice":"Damaged","damage_taken":5,"max_hp_gain":0,"max_hp_loss":0,"event_name":"Wheel of Change","floor":4,"gold_loss":0}],"is_beta":false,"boss_relics":[],"items_purged_floors":[],"is_endless":false,"potions_floor_spawned":[1,3,7,11],"killed_by":"3 Sentries","ascension_level":1}}