{"host":"udzsrhbqdxqtlypj","time":1608488159,"event":{"mods":["BaseMod","Minty Spire (QoL Compilation)","Relic Stats"],"gold_per_floor":[210,285,285,285,20,20,70,70,96,156,236,272,309,309,309,414,414,452,551,615,11,74,149,18,77,77,121,121,150,150,176,176,274,274,290,85,0,0,68,68,128,153,153,25,40,130,178,209,209,209,209,209,12,37,37],"floor_reached":56,"playtime":7051,"items_purged":["Pain","Strike_B","Strike_B","Strike_B","Strike_B","HandOfGreed+1"],"score":1862,"play_id":"f77870d2-0ccf-490c-ad51-78e5c846ea76","local_time":"20201220121559","is_ascension_mode":true,"campfire_choices":[{"data":"HandOfGreed","floor":6.0,"key":"SMITH"},{"floor":8.0,"key":"REST"},{"data":"Doom and Gloom","floor":15.0,"key":"SMITH"},{"data":"Creative AI","floor":28.0,"key":"SMITH"},{"data":"Capacitor","floor":32.0,"key":"SMITH"},{"floor":40.0,"key":"RECALL"},{"data":"Fusion","floor":49.0,"key":"SMITH"},{"data":"Defragment","floor":52.0,"key":"SMITH"}],"circlet_count":0,"master_deck":["AscendersBane","Defend_B","Defend_B+1","Defend_B+1","Defend_B+1","Zap+1","Dualcast","Sweeping Beam","Doom and Gloom+1","Coolheaded","Creative AI+1","CurseOfTheBell","Reinforced Body","Glacier","Defragment+1","Fusion+1","Defragment","Conserve Battery+1","Turbo+1","Coolheaded+1","Capacitor+1","Steam Power+1","Multi-Cast+1","Fusion+1","Capacitor+1","Barrage+1","Turbo+1","Coolheaded+1","Coolheaded+1","Fission+1","Compile Driver+1","Go for the Eyes+1"],"relics":["Cracked Core","WarpedTongs","Bird Faced Urn","War Paint","Smiling Mask","Calling Bell","Boot","Molten Egg 2","Incense Burner","Toy Ornithopter","Thread and Needle","CaptainsWheel","Du-Vu Doll","Toxic Egg 2","Ice Cream","PreservedInsect","SlaversCollar","OrangePellets","Red Mask","Meat on the Bone","StoneCalendar","Ancient Tea Set","Orrery","Dead Branch"],"acts_visited":["Exordium","TheCity","TheBeyond","TheEnding"],"potions_floor_usage":[55,55,55],"damage_taken":[{"damage":3.0,"enemies":"Small Slimes","floor":1.0,"turns":4.0},{"damage":8.0,"enemies":"Lagavulin","floor":7.0,"turns":6.0},{"damage":0.0,"enemies":"2 Louse","floor":10.0,"turns":4.0},{"damage":13.0,"enemies":"3 Sentries","floor":11.0,"turns":6.0},{"damage":0.0,"enemies":"Cultist","floor":12.0,"turns":2.0},{"damage":0.0,"enemies":"Looter","floor":13.0,"turns":1.0},{"damage":8.0,"enemies":"Slime Boss","floor":16.0,"turns":7.0},{"damage":37.0,"enemies":"Shell Parasite","floor":18.0,"turns":20.0},{"damage":20.0,"enemies":"3 Byrds","floor":20.0,"turns":5.0},{"damage":23.0,"enemies":"Centurion and Healer","floor":22.0,"turns":22.0},{"damage":27.0,"enemies":"Slavers","floor":23.0,"turns":12.0},{"damage":30.0,"enemies":"Book of Stabbing","floor":25.0,"turns":8.0},{"damage":4.0,"enemies":"Snecko","floor":27.0,"turns":5.0},{"damage":13.0,"enemies":"Gremlin Leader","floor":29.0,"turns":10.0},{"damage":13.0,"enemies":"Book of Stabbing","floor":31.0,"turns":8.0},{"damage":0.0,"enemies":"Champ","floor":33.0,"turns":15.0},{"damage":44.0,"enemies":"3 Darklings","floor":35.0,"turns":10.0},{"damage":11.0,"enemies":"3 Shapes","floor":39.0,"turns":8.0},{"damage":38.0,"enemies":"Jaw Worm Horde","floor":41.0,"turns":6.0},{"damage":15.0,"enemies":"Reptomancer","floor":42.0,"turns":11.0},{"damage":31.0,"enemies":"Transient","floor":45.0,"turns":5.0},{"damage":18.0,"enemies":"4 Shapes","floor":46.0,"turns":17.0},{"damage":81.0,"enemies":"2 Orb Walkers","floor":47.0,"turns":7.0},{"damage":5.0,"enemies":"Nemesis","floor":48.0,"turns":28.0},{"damage":19.0,"enemies":"Donu and Deca","floor":50.0,"turns":9.0},{"damage":35,"enemies":"Shield and Spear","floor":54,"turns":8},{"damage":22,"enemies":"The Heart","floor":55,"turns":11}],"seed_played":"3833343885496849364","potions_obtained":[{"floor":10.0,"key":"LiquidMemories"},{"floor":11.0,"key":"FearPotion"},{"floor":14.0,"key":"Fruit Juice"},{"floor":14.0,"key":"CultistPotion"},{"floor":23.0,"key":"Ancient Potion"},{"floor":25.0,"key":"Weak Potion"},{"floor":29.0,"key":"Swift Potion"},{"floor":33.0,"key":"SkillPotion"},{"floor":39.0,"key":"FocusPotion"},{"floor":45.0,"key":"DuplicationPotion"}],"is_trial":false,"path_per_floor":["M","?","?","?","$","R","E","R","T","M","E","M","M","?","R","B",null,"M","?","M","$","M","E","$","E","T","M","R","E","?","E","R","B",null,"M","$","?","?","M","R","M","E","T","$","M","M","?","E","R","B",null,"R","$","E","B",null],"character_chosen":"DEFECT","items_purchased":["HandOfGreed","Defragment","Toy Ornithopter","Thread and Needle","Fusion","Defragment","OrangePellets","PotionOfCapacity","Orrery"],"campfire_rested":1,"item_purchase_floors":[5,21,21,21,21,24,36,44,53],"current_hp_per_floor":[65,54,39,39,39,39,31,53,53,53,40,40,40,40,40,32,64,75,75,57,57,75,58,58,52,52,56,56,66,66,71,71,80,80,80,80,80,76,76,76,52,76,76,76,57,75,26,76,76,76,76,76,76,65,76],"gold":37,"neow_bonus":"HUNDRED_GOLD","is_daily":false,"chose_seed":false,"campfire_upgraded":6,"win_rate":0.0,"timestamp":1608488159,"path_taken":["M","?","?","?","$","R","E","R","T","?","E","M","M","?","R","BOSS","M","?","M","$","M","E","$","E","T","M","R","E","?","E","R","BOSS","M","$","?","?","M","R","M","E","T","?","M","?","?","E","R","BOSS","R","$","E","BOSS"],"items_purchased_type":["Card","Card","Relic","Relic","Card","Card","Relic","Potion","Relic"],"build_version":"2020-12-13","purchased_purges":6,"victory":true,"max_hp_per_floor":[75,75,75,75,75,75,75,75,75,75,75,75,75,75,75,75,75,75,75,75,75,75,75,75,80,80,80,80,80,80,80,80,80,80,80,80,80,76,76,76,76,76,76,76,76,76,76,76,76,76,76,76,76,76,76],"relic_stats":{"counters":[27,255],"Dead Branch":[9],"StoneCalendar":[213],"PreservedInsect":187,"War Paint":["Defend_B","Defend_B"],"Smiling Mask":500,"Boot":[57],"WarpedTongs":[241],"OrangePellets":[12],"Bird Faced Urn":[455],"obtain_stats":[{"Ice Cream":29,"Dead Branch":54,"Thread and Needle":21,"StoneCalendar":47,"PreservedInsect":31,"Incense Burner":17,"War Paint":9,"Smiling Mask":11,"Boot":17,"Ancient Tea Set":48,"WarpedTongs":4,"Calling Bell":17,"Du-Vu Doll":25,"SlaversCollar":34,"OrangePellets":36,"CaptainsWheel":23,"Bird Faced Urn":7,"Orrery":53,"Molten Egg 2":17,"Red Mask":37,"Toxic Egg 2":26,"Cracked Core":0,"Toy Ornithopter":21,"Meat on the Bone":42},{"Ice Cream":14,"Dead Branch":26,"Thread and Needle":9,"StoneCalendar":23,"PreservedInsect":15,"Incense Burner":7,"War Paint":2,"Smiling Mask":4,"Boot":7,"Ancient Tea Set":24,"WarpedTongs":1,"Calling Bell":7,"Du-Vu Doll":12,"SlaversCollar":16,"OrangePellets":17,"CaptainsWheel":11,"Bird Faced Urn":2,"Orrery":25,"Molten Egg 2":7,"Red Mask":17,"Toxic Egg 2":12,"Cracked Core":0,"Toy Ornithopter":9,"Meat on the Bone":20},{"Ice Cream":112,"Dead Branch":244,"Thread and Needle":55,"StoneCalendar":199,"PreservedInsect":120,"Incense Burner":30,"War Paint":10,"Smiling Mask":20,"Boot":30,"Ancient Tea Set":227,"WarpedTongs":4,"Calling Bell":30,"Du-Vu Doll":97,"SlaversCollar":135,"OrangePellets":145,"CaptainsWheel":89,"Bird Faced Urn":10,"Orrery":236,"Molten Egg 2":30,"Red Mask":145,"Toxic Egg 2":97,"Cracked Core":0,"Toy Ornithopter":55,"Meat on the Bone":170}],"Toy Ornithopter":30,"Meat on the Bone":12},"card_choices":[{"not_picked":["Steam","Turbo"],"picked":"Sweeping Beam","floor":1.0},{"not_picked":["Redo","Ball Lightning","Steam"],"picked":"SKIP","floor":7.0},{"not_picked":["Ball Lightning","Streamline","Sweeping Beam"],"picked":"SKIP","floor":10.0},{"not_picked":["Amplify","Multi-Cast"],"picked":"Doom and Gloom","floor":11.0},{"not_picked":["Barrage","Storm","Doom and Gloom"],"picked":"SKIP","floor":12.0},{"not_picked":["Redo","Turbo"],"picked":"Coolheaded","floor":13.0},{"not_picked":["Rainbow","Seek"],"picked":"Creative AI","floor":16.0},{"not_picked":["Coolheaded+1","Barrage+1"],"picked":"Reinforced Body","floor":18.0},{"not_picked":["Skim","Rebound+1"],"picked":"Glacier","floor":20.0},{"not_picked":["Ball Lightning+1","Barrage+1","Beam Cell+1"],"picked":"SKIP","floor":22.0},{"not_picked":["Skim","Turbo","Hyperbeam+1"],"picked":"SKIP","floor":23.0},{"not_picked":["BootSequence","Compile Driver+1"],"picked":"Conserve Battery+1","floor":25.0},{"not_picked":["Leap+1","Ball Lightning+1"],"picked":"Turbo+1","floor":27.0},{"not_picked":["Sweeping Beam+1","Gash+1"],"picked":"Coolheaded+1","floor":29.0},{"not_picked":["Coolheaded+1","Gash+1"],"picked":"Steam Power+1","floor":31.0},{"not_picked":["Biased Cognition","All For One+1"],"picked":"Multi-Cast+1","floor":33.0},{"not_picked":["Blizzard+1","Redo+1"],"picked":"Fusion+1","floor":35.0},{"not_picked":["Beam Cell+1","Stack+1"],"picked":"Capacitor+1","floor":39.0},{"not_picked":["Genetic Algorithm+1","Stack+1"],"picked":"Barrage+1","floor":41.0},{"not_picked":["Fusion+1","Steam+1","Ball Lightning+1"],"picked":"SKIP","floor":42.0},{"not_picked":["Lockon+1","Cold Snap+1"],"picked":"Turbo+1","floor":45.0},{"not_picked":["Fusion+1","Rip and Tear+1","Barrage+1"],"picked":"SKIP","floor":46.0},{"not_picked":["Leap+1","Scrape+1"],"picked":"Coolheaded+1","floor":47.0},{"not_picked":["Streamline+1","Auto Shields+1","Recycle+1"],"picked":"SKIP","floor":48.0},{"not_picked":["Static Discharge","Tempest+1"],"picked":"Coolheaded+1","floor":53.0},{"not_picked":["Multi-Cast+1","Turbo+1"],"picked":"Fission+1","floor":53.0},{"not_picked":["Darkness+1","Gash+1"],"picked":"Compile Driver+1","floor":53.0},{"not_picked":["Beam Cell+1","Meteor Strike+1"],"picked":"Go for the Eyes+1","floor":54}],"player_experience":2700715,"relics_obtained":[{"floor":7.0,"key":"Bird Faced Urn"},{"floor":9.0,"key":"War Paint"},{"floor":11.0,"key":"Smiling Mask"},{"floor":17.0,"key":"Boot"},{"floor":17.0,"key":"Molten Egg 2"},{"floor":17.0,"key":"Incense Burner"},{"floor":23.0,"key":"CaptainsWheel"},{"floor":25.0,"key":"Du-Vu Doll"},{"floor":26.0,"key":"Toxic Egg 2"},{"floor":29.0,"key":"Ice Cream"},{"floor":31.0,"key":"PreservedInsect"},{"floor":42.0,"key":"Meat on the Bone"},{"floor":47.0,"key":"StoneCalendar"},{"floor":48.0,"key":"Ancient Tea Set"},{"floor":54,"key":"Dead Branch"}],"event_choices":[{"damage_healed":0.0,"max_hp_gain":0.0,"max_hp_loss":0.0,"gold_gain":75.0,"event_name":"World of Goop","player_choice":"Gather Gold","floor":2.0,"gold_loss":0.0,"damage_taken":11.0},{"damage_healed":0.0,"max_hp_gain":0.0,"max_hp_loss":0.0,"gold_gain":0.0,"event_name":"Shining Light","player_choice":"Entered Light","floor":3.0,"gold_loss":0.0,"damage_taken":15.0,"cards_upgraded":["Zap","Defend_B"]},{"damage_healed":0.0,"max_hp_gain":0.0,"max_hp_loss":0.0,"gold_gain":0.0,"event_name":"Accursed Blacksmith","player_choice":"Rummage","floor":4.0,"gold_loss":0.0,"damage_taken":0.0,"relics_obtained":["WarpedTongs"],"cards_obtained":["Pain"]},{"damage_healed":0.0,"max_hp_gain":0.0,"max_hp_loss":0.0,"gold_gain":0.0,"event_name":"Lab","player_choice":"Got Potions","floor":14.0,"gold_loss":0.0,"damage_taken":0.0},{"damage_healed":0.0,"max_hp_gain":0.0,"max_hp_loss":0.0,"gold_gain":99.0,"event_name":"Nest","player_choice":"Stole From Cult","floor":19.0,"gold_loss":0.0,"damage_taken":0.0},{"damage_healed":0.0,"max_hp_gain":0.0,"max_hp_loss":0.0,"gold_gain":0.0,"event_name":"The Library","player_choice":"Read","floor":30.0,"gold_loss":0.0,"damage_taken":0.0,"cards_obtained":["Capacitor"]},{"damage_healed":0.0,"max_hp_gain":0.0,"max_hp_loss":0.0,"gold_gain":0.0,"event_name":"Tomb of Lord Red Mask","player_choice":"Paid","floor":37.0,"gold_loss":85.0,"damage_taken":0.0,"relics_obtained":["Red Mask"]},{"damage_healed":0.0,"max_hp_gain":0.0,"max_hp_loss":4.0,"gold_gain":0.0,"event_name":"Winding Halls","player_choice":"Max HP","floor":38.0,"gold_loss":0.0,"damage_taken":0.0},{"damage_healed":0.0,"max_hp_gain":0.0,"max_hp_loss":0.0,"gold_gain":0.0,"event_name":"Mysterious Sphere","player_choice":"Fight","floor":47.0,"gold_loss":0.0,"damage_taken":0.0}],"is_beta":false,"boss_relics":[{"not_picked":["Ectoplasm","Black Star"],"picked":"Calling Bell"},{"not_picked":["Philosopher\u0027s Stone","Snecko Eye"],"picked":"SlaversCollar"}],"items_purged_floors":[5,21,24,36,44,53],"is_endless":false,"potions_floor_spawned":[10,11,23,25,29,33,35,39,45,46,54],"ascension_level":10}}