{"host":"1637j8siz7lzgd5k","time":1608435704,"event":{"mods":["BaseMod","Colored Map","Minty Spire (QoL Compilation)","StSLib","SuperFastMode"],"gold_per_floor":[113,113,38,188,188,188,228,228,252,302,327,354,354,354,354,456,456,456,456],"floor_reached":18,"playtime":477,"items_purged":[],"score":332,"play_id":"0873d180-1df0-4cde-b17c-1ded5b5d6772","local_time":"20201220124144","is_ascension_mode":true,"campfire_choices":[{"data":"Fiend Fire","floor":6.0,"key":"SMITH"},{"floor":8.0,"key":"REST"},{"floor":13,"key":"REST"},{"floor":15,"key":"REST"}],"circlet_count":0,"master_deck":["AscendersBane","Strike_R","Strike_R","Defend_R","Defend_R","Defend_R","Defend_R","Bash","Fiend Fire+1","Demon Form","Wild Strike","Doubt","Injury","Second Wind","Shrug It Off","Corruption"],"relics":["Burning Blood","Mango","Golden Idol","CeramicFish","Smiling Mask","Gambling Chip","Potion Belt","SlaversCollar"],"acts_visited":["Exordium","TheCity"],"potions_floor_usage":[10,16,16],"damage_taken":[{"damage":0.0,"enemies":"Cultist","floor":1.0,"turns":2.0},{"damage":65.0,"enemies":"3 Sentries","floor":7.0,"turns":15.0},{"damage":35,"enemies":"Lagavulin","floor":10,"turns":6},{"damage":2,"enemies":"2 Louse","floor":11,"turns":3},{"damage":7,"enemies":"Jaw Worm","floor":12,"turns":3},{"damage":12,"enemies":"Slime Boss","floor":16,"turns":7},{"damage":78,"enemies":"3 Byrds","floor":18,"turns":5}],"seed_played":"1960380442635544316","potions_obtained":[{"floor":1.0,"key":"DuplicationPotion"},{"floor":10,"key":"AttackPotion"},{"floor":11,"key":"ColorlessPotion"}],"is_trial":false,"path_per_floor":["M","T","?","?","?","R","E","R","T","E","M","M","R","?","R","B",null,"M"],"character_chosen":"IRONCLAD","items_purchased":[],"campfire_rested":3,"item_purchase_floors":[],"current_hp_per_floor":[56,70,70,70,70,70,11,37,37,8,12,11,37,19,45,39,77,0,0],"gold":456,"neow_bonus":"TRANSFORM_TWO_CARDS","is_daily":false,"chose_seed":false,"campfire_upgraded":1,"win_rate":0.0,"timestamp":1608435704,"path_taken":["M","?","?","?","?","R","E","R","T","E","M","?","R","?","R","BOSS","M"],"items_purchased_type":[],"build_version":"2020-12-13","purchased_purges":0,"victory":false,"max_hp_per_floor":[75,89,89,89,89,89,89,89,89,89,89,89,89,89,89,89,89,89,89],"card_choices":[{"not_picked":["Spot Weakness","Second Wind"],"picked":"Wild Strike","floor":1.0},{"not_picked":["Pommel Strike","Headbutt","Sword Boomerang"],"picked":"SKIP","floor":7.0},{"not_picked":["Armaments","Intimidate"],"picked":"Second Wind","floor":10},{"not_picked":["Uppercut","Warcry","Iron Wave"],"picked":"SKIP","floor":11},{"not_picked":["Armaments","Warcry"],"picked":"Shrug It Off","floor":12},{"not_picked":["Fiend Fire","Feed"],"picked":"Corruption","floor":16}],"player_experience":809353,"relics_obtained":[{"floor":2.0,"key":"Mango"},{"floor":7.0,"key":"CeramicFish"},{"floor":9.0,"key":"Smiling Mask"},{"floor":10,"key":"Gambling Chip"}],"event_choices":[{"cards_removed":["Strike_R"],"damage_healed":0.0,"max_hp_gain":0.0,"max_hp_loss":0.0,"gold_gain":0.0,"event_name":"The Cleric","player_choice":"Card Removal","floor":3.0,"gold_loss":75.0,"damage_taken":0.0},{"damage_healed":0.0,"max_hp_gain":0.0,"max_hp_loss":0.0,"gold_gain":150.0,"event_name":"Liars Game","player_choice":"AGREE","floor":4.0,"gold_loss":0.0,"damage_taken":0.0,"cards_obtained":["Doubt"]},{"damage_healed":0.0,"max_hp_gain":0.0,"max_hp_loss":0.0,"gold_gain":0.0,"event_name":"Golden Idol","player_choice":"Take Wound","floor":5.0,"gold_loss":0.0,"damage_taken":0.0,"relics_obtained":["Golden Idol"],"cards_obtained":["Injury"]},{"damage_healed":0,"gold_gain":0,"player_choice":"Success","damage_taken":18,"relics_obtained":["Potion Belt"],"max_hp_gain":0,"max_hp_loss":0,"event_name":"Scrap Ooze","floor":14,"gold_loss":0}],"is_beta":false,"boss_relics":[{"not_picked":["Runic Cube","Velvet Choker"],"picked":"SlaversCollar"}],"items_purged_floors":[],"is_endless":false,"potions_floor_spawned":[1,10,11],"killed_by":"3 Byrds","ascension_level":20}}