{"host":"jksa5rawk3m4gilz","time":1608477536,"event":{"mods":["BaseMod","Colored Map","Highlight Path","Minty Spire (QoL Compilation)","Quick Restart"],"gold_per_floor":[111,111,111,125,54,54,89,89,137,151,163,178,205,205,205,276,576,592,581,581,581],"floor_reached":20,"playtime":562,"items_purged":[],"score":345,"play_id":"0bf3da60-f9d5-4453-aa80-bde295800813","local_time":"20201220161856","is_ascension_mode":true,"campfire_choices":[{"data":"Eruption","floor":6,"key":"SMITH"},{"floor":15,"key":"REST"}],"circlet_count":0,"master_deck":["AscendersBane","Strike_P","Defend_P","Defend_P","Defend_P","Defend_P","Eruption+1","Vigilance","Consecrate","Scrawl","FlurryOfBlows","TalkToTheHand","FlurryOfBlows","MentalFortress","Alpha","Weave","DevaForm","CurseOfTheBell","Meditate+1"],"relics":["PureWater","NeowsBlessing","FossilizedHelix","TeardropLocket","Bag of Marbles","Regal Pillow","Calling Bell","MealTicket","Darkstone Periapt","Old Coin"],"acts_visited":["Exordium","TheCity"],"potions_floor_usage":[13,19],"damage_taken":[{"damage":0,"enemies":"2 Louse","floor":1,"turns":1},{"damage":0,"enemies":"Jaw Worm","floor":4,"turns":1},{"damage":0,"enemies":"Lagavulin","floor":7,"turns":1},{"damage":0,"enemies":"Cultist","floor":10,"turns":1},{"damage":0,"enemies":"Gremlin Gang","floor":11,"turns":2},{"damage":0,"enemies":"Large Slime","floor":12,"turns":1},{"damage":34,"enemies":"3 Sentries","floor":13,"turns":5},{"damage":40,"enemies":"The Guardian","floor":16,"turns":7},{"damage":13,"enemies":"Shell Parasite","floor":18,"turns":5},{"damage":13,"enemies":"2 Thieves","floor":19,"turns":4},{"damage":37,"enemies":"Sentry and Sphere","floor":20,"turns":6}],"seed_played":"6505551437960826790","potions_obtained":[{"floor":1,"key":"FairyPotion"},{"floor":4,"key":"Block Potion"},{"floor":18,"key":"DistilledChaos"}],"is_trial":false,"path_per_floor":["M","?","T","M","$","R","E","?","T","M","M","M","E","?","R","B",null,"M","M","M"],"character_chosen":"WATCHER","items_purchased":["TalkToTheHand"],"campfire_rested":1,"item_purchase_floors":[5],"current_hp_per_floor":[65,65,65,65,65,65,65,58,58,58,58,58,24,24,60,20,59,46,33,21,21],"gold":581,"neow_bonus":"THREE_ENEMY_KILL","is_daily":false,"chose_seed":false,"campfire_upgraded":1,"win_rate":0.0,"timestamp":1608477536,"path_taken":["M","?","?","M","$","R","E","?","T","M","M","M","E","?","R","BOSS","M","M","M"],"items_purchased_type":["Card"],"build_version":"2020-12-13","purchased_purges":0,"victory":false,"max_hp_per_floor":[72,72,72,72,72,72,72,72,72,72,72,72,72,72,72,72,72,72,72,72,72],"card_choices":[{"not_picked":["Crescendo","FlyingSleeves"],"picked":"Consecrate","floor":1},{"not_picked":["ThirdEye","JustLucky"],"picked":"FlurryOfBlows","floor":4},{"not_picked":["Indignation","PathToVictory"],"picked":"FlurryOfBlows","floor":7},{"not_picked":["FlyingSleeves","Pray"],"picked":"MentalFortress","floor":10},{"not_picked":["PathToVictory","FollowUp"],"picked":"Alpha","floor":11},{"not_picked":["Halt","CrushJoints","Protect"],"picked":"SKIP","floor":12},{"not_picked":["FlyingSleeves","WaveOfTheHand","Halt"],"picked":"SKIP","floor":13},{"not_picked":["LessonLearned","Ragnarok"],"picked":"DevaForm","floor":16},{"not_picked":["FlyingSleeves","Perseverance","Conclude"],"picked":"SKIP","floor":18},{"not_picked":["EmptyFist","Adaptation+1"],"picked":"Meditate+1","floor":19}],"player_experience":2043619,"relics_obtained":[{"floor":3,"key":"FossilizedHelix"},{"floor":7,"key":"TeardropLocket"},{"floor":9,"key":"Bag of Marbles"},{"floor":13,"key":"Regal Pillow"},{"floor":17,"key":"MealTicket"},{"floor":17,"key":"Darkstone Periapt"},{"floor":17,"key":"Old Coin"}],"event_choices":[{"damage_healed":0,"gold_gain":0,"cards_transformed":["Strike_P"],"player_choice":"Change","damage_taken":0,"max_hp_gain":0,"max_hp_loss":0,"event_name":"Living Wall","floor":2,"gold_loss":0,"cards_obtained":["Scrawl"]},{"cards_removed":["Strike_P"],"damage_healed":0,"gold_gain":0,"player_choice":"Card Removal","damage_taken":7,"max_hp_gain":0,"max_hp_loss":0,"event_name":"Golden Wing","floor":8,"gold_loss":0},{"damage_healed":0,"gold_gain":0,"cards_transformed":["Strike_P"],"player_choice":"Transformed","damage_taken":0,"max_hp_gain":0,"max_hp_loss":0,"event_name":"Transmorgrifier","floor":14,"gold_loss":0,"cards_obtained":["Weave"]}],"is_beta":false,"boss_relics":[{"not_picked":["Tiny House","Velvet Choker"],"picked":"Calling Bell"}],"items_purged_floors":[],"is_endless":false,"potions_floor_spawned":[1,4,7,18],"killed_by":"Sentry and Sphere","ascension_level":13}}