{"host":"s1gi8xs3so6zkrm7","time":1608432233,"event":{"mods":["BaseMod","Filter the Spire","Minty Spire (QoL Compilation)"],"gold_per_floor":[112,127,302,321,396,396,422,372,399,59,77,100,100,114,114,217,217,237,162,182,182,195,195,208,208,208,28,28,28,44,60,60,157,157,167,181,181,181,181],"floor_reached":38,"playtime":2292,"items_purged":["Strike_B","Undo"],"score":376,"play_id":"b2c8de7f-4ee3-4003-9b4c-5ac08f714a9a","local_time":"20201219204353","is_ascension_mode":false,"campfire_choices":[{"data":"Chaos","floor":6.0,"key":"SMITH"},{"floor":15.0,"key":"REST"},{"floor":23.0,"key":"REST"},{"floor":25.0,"key":"REST"},{"data":"Streamline","floor":29.0,"key":"SMITH"},{"floor":32.0,"key":"REST"}],"circlet_count":0,"master_deck":["Strike_B","Strike_B","Strike_B","Defend_B","Defend_B","Defend_B","Defend_B","Zap","Dualcast","Chaos+1","Streamline+1","Coolheaded","Fission","Rebound","Double Energy","Multi-Cast","Loop+1"],"relics":["Busted Crown","Bronze Scales","Omamori","Odd Mushroom","Runic Pyramid","Meat on the Bone","Frozen Egg 2","Inserter"],"acts_visited":["Exordium","TheCity","TheBeyond"],"potions_floor_usage":[],"damage_taken":[{"damage":1.0,"enemies":"Jaw Worm","floor":1.0,"turns":4.0},{"damage":0.0,"enemies":"Small Slimes","floor":2.0,"turns":3.0},{"damage":4.0,"enemies":"2 Louse","floor":4.0,"turns":4.0},{"damage":31.0,"enemies":"Lagavulin","floor":7.0,"turns":7.0},{"damage":6.0,"enemies":"2 Fungi Beasts","floor":11.0,"turns":3.0},{"damage":7.0,"enemies":"The Mushroom Lair","floor":12.0,"turns":3.0},{"damage":8.0,"enemies":"3 Louse","floor":14.0,"turns":3.0},{"damage":39.0,"enemies":"The Guardian","floor":16.0,"turns":10.0},{"damage":12.0,"enemies":"Spheric Guardian","floor":18.0,"turns":4.0},{"damage":23.0,"enemies":"2 Thieves","floor":20.0,"turns":4.0},{"damage":33.0,"enemies":"Snake Plant","floor":22.0,"turns":5.0},{"damage":37.0,"enemies":"Centurion and Healer","floor":24.0,"turns":6.0},{"damage":17.0,"enemies":"3 Cultists","floor":30.0,"turns":6.0},{"damage":11.0,"enemies":"Cultist and Chosen","floor":31.0,"turns":7.0},{"damage":25.0,"enemies":"Collector","floor":33.0,"turns":5.0},{"damage":15.0,"enemies":"Orb Walker","floor":35.0,"turns":5.0},{"damage":40.0,"enemies":"3 Darklings","floor":36.0,"turns":9.0},{"damage":32,"enemies":"Writhing Mass","floor":38,"turns":3}],"seed_played":"1918975611606192998","potions_obtained":[{"floor":7.0,"key":"Strength Potion"},{"floor":12.0,"key":"SteroidPotion"},{"floor":14.0,"key":"EssenceOfSteel"},{"floor":22.0,"key":"PowerPotion"},{"floor":24.0,"key":"ColorlessPotion"},{"floor":28.0,"key":"Swift Potion"},{"floor":30.0,"key":"DistilledChaos"}],"is_trial":false,"path_per_floor":["M","M","?","M","?","R","E","?","T","$","M","?","?","M","R","B",null,"M","?","M","?","M","R","M","R","T","$","?","R","M","M","R","B",null,"M","M","?","M"],"character_chosen":"DEFECT","items_purchased":["Fission","Blizzard","DistilledChaos","Undo"],"campfire_rested":4,"item_purchase_floors":[10,10,10,27],"current_hp_per_floor":[74,74,74,70,59,59,28,28,28,28,22,15,40,32,54,15,75,63,63,40,40,19,41,16,38,38,38,38,38,33,34,56,43,75,60,32,32,0,0],"gold":181,"neow_bonus":"BOSS_RELIC","is_daily":false,"chose_seed":false,"campfire_upgraded":2,"win_rate":0.0,"timestamp":1608432233,"path_taken":["M","M","?","M","?","R","E","?","T","$","M","?","?","M","R","BOSS","M","?","M","?","M","R","?","R","T","$","?","R","?","M","R","BOSS","M","M","?","?"],"items_purchased_type":["Card","Card","Potion","Card"],"build_version":"2020-12-13","purchased_purges":2,"victory":false,"max_hp_per_floor":[75,75,75,75,75,75,75,75,75,75,75,75,75,75,75,75,75,75,75,75,75,75,75,75,75,75,75,75,75,75,75,75,75,75,75,75,75,75,75],"card_choices":[{"not_picked":["Leap"],"picked":"SKIP","floor":1.0},{"not_picked":[],"picked":"Chaos","floor":2.0},{"not_picked":[],"picked":"Streamline","floor":4.0},{"not_picked":[],"picked":"Coolheaded","floor":7.0},{"not_picked":[],"picked":"Rebound","floor":11.0},{"not_picked":[],"picked":"Double Energy","floor":14.0},{"not_picked":[],"picked":"Multi-Cast","floor":16.0},{"not_picked":["Barrage+1"],"picked":"SKIP","floor":18.0},{"not_picked":["Streamline"],"picked":"SKIP","floor":20.0},{"not_picked":["Recycle"],"picked":"SKIP","floor":22.0},{"not_picked":["FTL"],"picked":"SKIP","floor":24.0},{"not_picked":[],"picked":"Loop+1","floor":30.0},{"not_picked":["Fusion"],"picked":"SKIP","floor":31.0},{"not_picked":["Stack"],"picked":"SKIP","floor":35.0},{"not_picked":["Streamline"],"picked":"SKIP","floor":36.0}],"player_experience":178557,"relics_obtained":[{"floor":7.0,"key":"Bronze Scales"},{"floor":9.0,"key":"Omamori"},{"floor":12.0,"key":"Odd Mushroom"},{"floor":26.0,"key":"Frozen Egg 2"}],"event_choices":[{"damage_healed":0.0,"max_hp_gain":0.0,"max_hp_loss":0.0,"gold_gain":175.0,"event_name":"Liars Game","player_choice":"AGREE","floor":3.0,"gold_loss":0.0,"damage_taken":0.0,"cards_obtained":["Doubt"]},{"damage_healed":0.0,"max_hp_gain":0.0,"max_hp_loss":0.0,"gold_gain":75.0,"event_name":"World of Goop","player_choice":"Gather Gold","floor":5.0,"gold_loss":0.0,"damage_taken":11.0},{"cards_removed":["Doubt"],"damage_healed":0.0,"max_hp_gain":0.0,"max_hp_loss":0.0,"gold_gain":0.0,"event_name":"The Cleric","player_choice":"Card Removal","floor":8.0,"gold_loss":50.0,"damage_taken":0.0},{"damage_healed":0.0,"max_hp_gain":0.0,"max_hp_loss":0.0,"gold_gain":0.0,"event_name":"Mushrooms","player_choice":"Fought Mushrooms","floor":12.0,"gold_loss":0.0,"damage_taken":0.0},{"damage_healed":25.0,"max_hp_gain":0.0,"max_hp_loss":0.0,"gold_gain":0.0,"event_name":"Big Fish","player_choice":"Banana","floor":13.0,"gold_loss":0.0,"damage_taken":0.0},{"cards_removed":["Blizzard"],"damage_healed":0.0,"max_hp_gain":0.0,"max_hp_loss":0.0,"gold_gain":0.0,"event_name":"Beggar","player_choice":"Gave Gold","floor":19.0,"gold_loss":75.0,"damage_taken":0.0},{"damage_healed":0.0,"max_hp_gain":0.0,"max_hp_loss":0.0,"gold_gain":0.0,"event_name":"WeMeetAgain","player_choice":"Gave Potion","floor":21.0,"gold_loss":0.0,"damage_taken":0.0,"relics_obtained":["Meat on the Bone"]},{"damage_healed":0.0,"max_hp_gain":0.0,"max_hp_loss":0.0,"gold_gain":0.0,"event_name":"Lab","player_choice":"Got Potions","floor":28.0,"gold_loss":0.0,"damage_taken":0.0},{"damage_healed":0.0,"max_hp_gain":0.0,"max_hp_loss":0.0,"gold_gain":0.0,"event_name":"Duplicator","player_choice":"Ignored","floor":37.0,"gold_loss":0.0,"damage_taken":0.0}],"is_beta":false,"boss_relics":[{"not_picked":["SlaversCollar","Tiny House"],"picked":"Runic Pyramid"},{"not_picked":["Cursed Key","Fusion Hammer"],"picked":"Inserter"}],"items_purged_floors":[10,27],"is_endless":false,"potions_floor_spawned":[7,12,14,22,24,30],"killed_by":"Writhing Mass","ascension_level":0}}