{"host":"Jinnai","time":1608489104,"event":{"mods":["BaseMod","Bestiary","Block Reminder","Colored Map","Colored Powertips","Highlight Path","Keyboard Shortcuts","Minty Spire (QoL Compilation)","Quick Restart","Relic Stats"],"gold_per_floor":[118,118,193,193,210,239,239,267,267,277,277,4,4,15,15,90,90,102,102,117,135,152,152,178,178,178,178,197,197,214,214,214],"floor_reached":31,"playtime":796,"items_purged":["Strike_P"],"score":644,"play_id":"58138e81-d221-4ec4-aa3f-d8fa71ed96a9","local_time":"20201220133144","is_ascension_mode":true,"campfire_choices":[{"data":"Alpha","floor":7,"key":"SMITH"},{"floor":11,"key":"REST"},{"data":"Master of Strategy","floor":15,"key":"SMITH"},{"data":"Wireheading","floor":23,"key":"SMITH"},{"floor":25,"key":"REST"},{"data":"Scrawl","floor":27,"key":"SMITH"},{"floor":29,"key":"REST"}],"circlet_count":0,"master_deck":["AscendersBane","Strike_P","Strike_P","Strike_P","Defend_P","Defend_P","Defend_P","Eruption","Vigilance","InnerPeace","CrushJoints","Alpha+1","CutThroughFate","Master of Strategy+1","ThirdEye","Scrawl+1","EmptyMind+1","Decay","Wireheading+1","ThirdEye"],"relics":["PureWater","NeowsBlessing","Eternal Feather","Darkstone Periapt","Odd Mushroom","WingedGreaves","Snecko Eye","Bronze Scales","Du-Vu Doll"],"acts_visited":["Exordium","TheCity"],"potions_floor_usage":[10,10,16,24,31],"damage_taken":[{"damage":0,"enemies":"Small Slimes","floor":1,"turns":2},{"damage":0,"enemies":"2 Louse","floor":5,"turns":2},{"damage":0,"enemies":"Gremlin Nob","floor":6,"turns":1},{"damage":23,"enemies":"The Mushroom Lair","floor":8,"turns":3},{"damage":0,"enemies":"Jaw Worm","floor":10,"turns":1},{"damage":11,"enemies":"Looter","floor":14,"turns":3},{"damage":0,"enemies":"Slime Boss","floor":16,"turns":5},{"damage":0,"enemies":"Spheric Guardian","floor":18,"turns":3},{"damage":2,"enemies":"Chosen","floor":20,"turns":3},{"damage":0,"enemies":"Centurion and Healer","floor":21,"turns":3},{"damage":15,"enemies":"Cultist and Chosen","floor":22,"turns":4},{"damage":56,"enemies":"Slavers","floor":24,"turns":4},{"damage":44,"enemies":"Snake Plant","floor":28,"turns":4},{"damage":23,"enemies":"Centurion and Healer","floor":30,"turns":4},{"damage":17,"enemies":"Shelled Parasite and Fungi","floor":31,"turns":1}],"seed_played":"-7992939432655065747","potions_obtained":[{"floor":1,"key":"DuplicationPotion"},{"floor":6,"key":"Explosive Potion"},{"floor":10,"key":"Fire Potion"},{"floor":20,"key":"Fire Potion"},{"floor":21,"key":"LiquidBronze"},{"floor":30,"key":"SteroidPotion"}],"is_trial":false,"path_per_floor":["M","?","?","?","M","E","R","?","T","M","R","$","?","M","R","B",null,"M","?","M","M","M","R","E","R","T","R","M","R","M","M"],"character_chosen":"WATCHER","items_purchased":["Master of Strategy"],"campfire_rested":3,"item_purchase_floors":[12],"current_hp_per_floor":[61,43,32,25,25,25,31,8,8,8,34,34,39,28,37,37,64,64,70,68,68,53,62,6,38,38,47,3,38,15,0,0],"gold":214,"neow_bonus":"THREE_ENEMY_KILL","is_daily":false,"chose_seed":false,"campfire_upgraded":4,"win_rate":0.0,"timestamp":1608489104,"path_taken":["M","?","?","?","M","E","R","?","T","M","R","$","?","?","R","BOSS","M","?","M","?","M","R","E","R","T","R","M","R","M","M"],"items_purchased_type":["Card"],"build_version":"2020-12-18","purchased_purges":1,"victory":false,"max_hp_per_floor":[68,68,68,68,68,68,68,68,68,68,68,68,73,73,73,73,73,73,79,79,79,79,79,79,79,79,79,79,79,79,79,79],"relic_stats":{"Darkstone Periapt":6,"counters":[15,43],"Bronze Scales":[30],"Snecko Eye":[55,38,41,51],"Eternal Feather":60,"obtain_stats":[{"Darkstone Periapt":6,"Du-Vu Doll":26,"NeowsBlessing":0,"Bronze Scales":24,"Snecko Eye":17,"Eternal Feather":2,"WingedGreaves":9,"PureWater":0,"Odd Mushroom":8},{"Darkstone Periapt":3,"Du-Vu Doll":12,"NeowsBlessing":0,"Bronze Scales":12,"Snecko Eye":7,"Eternal Feather":1,"WingedGreaves":4,"PureWater":0,"Odd Mushroom":4},{"Darkstone Periapt":5,"Du-Vu Doll":34,"NeowsBlessing":0,"Bronze Scales":34,"Snecko Eye":17,"Eternal Feather":2,"WingedGreaves":8,"PureWater":0,"Odd Mushroom":8}]},"card_choices":[{"not_picked":["DeceiveReality","Prostrate"],"picked":"InnerPeace","floor":1},{"not_picked":["Weave","Nirvana"],"picked":"CrushJoints","floor":5},{"not_picked":["Omniscience","WreathOfFlame"],"picked":"Alpha","floor":6},{"not_picked":["SashWhip","JustLucky"],"picked":"CutThroughFate","floor":8},{"not_picked":["Nirvana","Vengeance","WreathOfFlame"],"picked":"SKIP","floor":10},{"not_picked":["CutThroughFate","JustLucky"],"picked":"ThirdEye","floor":14},{"not_picked":["Omniscience","Ragnarok"],"picked":"Scrawl","floor":16},{"not_picked":["CrushJoints","SashWhip+1"],"picked":"EmptyMind+1","floor":18},{"not_picked":["ClearTheMind","FlurryOfBlows","PathToVictory"],"picked":"SKIP","floor":20},{"not_picked":["EmptyFist","WaveOfTheHand","JustLucky"],"picked":"SKIP","floor":21},{"not_picked":["Sanctity","SignatureMove"],"picked":"Wireheading","floor":22},{"not_picked":["Protect","FlyingSleeves","Establishment"],"picked":"SKIP","floor":24},{"not_picked":["EmptyBody","FlyingSleeves"],"picked":"ThirdEye","floor":28},{"not_picked":["WaveOfTheHand","FlyingSleeves","Halt"],"picked":"SKIP","floor":30}],"player_experience":1481550,"relics_obtained":[{"floor":6,"key":"Darkstone Periapt"},{"floor":8,"key":"Odd Mushroom"},{"floor":9,"key":"WingedGreaves"},{"floor":24,"key":"Bronze Scales"},{"floor":26,"key":"Du-Vu Doll"}],"event_choices":[{"damage_healed":0,"gold_gain":0,"player_choice":"Success","damage_taken":18,"relics_obtained":["Eternal Feather"],"max_hp_gain":0,"max_hp_loss":0,"event_name":"Scrap Ooze","floor":2,"gold_loss":0},{"damage_healed":0,"gold_gain":75,"player_choice":"Gather Gold","damage_taken":11,"max_hp_gain":0,"max_hp_loss":0,"event_name":"World of Goop","floor":3,"gold_loss":0},{"cards_removed":["Defend_P"],"damage_healed":0,"gold_gain":0,"player_choice":"Card Removal","damage_taken":7,"max_hp_gain":0,"max_hp_loss":0,"event_name":"Golden Wing","floor":4,"gold_loss":0},{"damage_healed":0,"gold_gain":0,"player_choice":"Fought Mushrooms","damage_taken":0,"max_hp_gain":0,"max_hp_loss":0,"event_name":"Mushrooms","floor":8,"gold_loss":0},{"damage_healed":0,"gold_gain":0,"player_choice":"Donut","damage_taken":0,"max_hp_gain":5,"max_hp_loss":0,"event_name":"Big Fish","floor":13,"gold_loss":0},{"damage_healed":0,"gold_gain":0,"player_choice":"Cursed","damage_taken":0,"max_hp_gain":0,"max_hp_loss":0,"event_name":"Wheel of Change","floor":19,"gold_loss":0,"cards_obtained":["Decay"]}],"is_beta":true,"boss_relics":[{"not_picked":["Runic Dome","HolyWater"],"picked":"Snecko Eye"}],"items_purged_floors":[12],"is_endless":false,"potions_floor_spawned":[1,6,10,20,21,30],"killed_by":"Shelled Parasite and Fungi","ascension_level":19}}