{"host":"ye7dkdlypz0ka1od","time":1608422975,"event":{"mods":["Act Like it!","Aspiration","BaseMod","Better Third Choice","Gensokyo","Hallownest","Hubris","Infinite Spire","Marisa????????","Minty Spire (QoL Compilation)","Replay The Spire","StSLib","The Runesmith"],"gold_per_floor":[116,129,129,148,158,158,187,187,242,242,253,328,328,344,344,439,439,459,302,314,314,324,324,224,224,251,284,294,308,308,334,334,334,334],"floor_reached":33,"playtime":1518,"items_purged":["Strike_MRS","Strike_MRS","Defend_MRS"],"score":287,"play_id":"2d28bde2-870b-4829-9d66-8238f3220975","local_time":"20201219190935","is_ascension_mode":false,"campfire_choices":[{"data":"MasterSpark","floor":6.0,"key":"SMITH"},{"data":"Iron Wave","floor":8.0,"key":"SMITH"},{"floor":15.0,"key":"REST"},{"data":"UpSweep","floor":23,"key":"SMITH"},{"floor":30,"key":"REST"}],"circlet_count":0,"master_deck":["Strike_MRS+1","Defend_MRS+1","Defend_MRS+1","Defend_MRS+1","MasterSpark+1","UpSweep+1","Iron Wave+1","ShootTheMoon+1","Warcry","Parasite","Parasite","Evolve","Limit Break","AbeCurse","Flash of Steel","Pot Of Greed","Pot Of Greed","BinaryStars","Whirlwind"],"relics":["MiniHakkero","aspiration:Nostalgia","Iron Core","Replay:Rubber Ducky","ShroomBag","Abe\u0027s Treasure","infinitespire:WardingShard","hubris:Backtick","SimpleLauncher","Grinning Jar","Meat on the Bone","hubris:TenFootPole"],"acts_visited":["Exordium","TheCity"],"potions_floor_usage":[],"damage_taken":[{"damage":2.0,"enemies":"Small Slimes","floor":1.0,"turns":3.0},{"damage":0.0,"enemies":"2 Louse","floor":2.0,"turns":2.0},{"damage":0.0,"enemies":"Cultist","floor":4.0,"turns":3.0},{"damage":7.0,"enemies":"Blue Slaver","floor":5.0,"turns":4.0},{"damage":4.0,"enemies":"Replay:BlueRogue","floor":7.0,"turns":6.0},{"damage":6.0,"enemies":"2 Fungi Beasts","floor":11.0,"turns":3.0},{"damage":12.0,"enemies":"Exordium Thugs","floor":14.0,"turns":4.0},{"damage":51.0,"enemies":"Fading Forest","floor":16.0,"turns":11.0},{"damage":15.0,"enemies":"Chosen","floor":18.0,"turns":6.0},{"damage":14,"enemies":"2 Thieves","floor":20,"turns":4},{"damage":4,"enemies":"Cultist and Chosen","floor":22,"turns":5},{"damage":15,"enemies":"Replay:Snechameleon","floor":27,"turns":4},{"damage":5,"enemies":"Centurion and Healer","floor":28,"turns":4},{"damage":29,"enemies":"Snecko","floor":29,"turns":5},{"damage":29,"enemies":"Book of Stabbing","floor":31,"turns":5},{"damage":63,"enemies":"Champ","floor":33,"turns":10}],"seed_played":"8631624983579038517","potions_obtained":[{"floor":2.0,"key":"Languid Potion"},{"floor":7.0,"key":"Flashbang"},{"floor":11.0,"key":"FearPotion"},{"floor":13.0,"key":"Ancient Potion"},{"floor":13.0,"key":"PowerPotion"},{"floor":18.0,"key":"SpeedPotion"},{"floor":28,"key":"Swift Potion"}],"is_trial":false,"path_per_floor":["M","M","?","M","M","R","E","R","T","?","M","?","?","M","R","B",null,"M","$","M","AVR","M","R","$","?","T","E","M","M","R","E","R","B"],"character_chosen":"MARISA","items_purchased":["Flash of Steel"],"campfire_rested":2,"item_purchase_floors":[19],"current_hp_per_floor":[73,73,73,73,66,66,62,62,62,62,60,49,49,41,63,42,75,62,62,52,52,52,52,52,52,52,41,40,27,49,36,58,0,0],"gold":334,"neow_bonus":"NOSTALGIA","is_daily":false,"chose_seed":false,"campfire_upgraded":3,"win_rate":0.0,"timestamp":1608422975,"path_taken":["M","M","?","M","M","R","E","R","T","?","?","?","?","?","R","BOSS","M","$","M","AVR","M","R","$","?","T","E","M","M","R","E","R","BOSS"],"items_purchased_type":["Card"],"build_version":"2020-12-13","purchased_purges":3,"victory":false,"max_hp_per_floor":[75,75,75,75,75,75,75,75,75,75,75,75,75,75,75,75,75,75,75,75,75,75,75,75,75,75,75,75,75,75,75,75,75,75],"card_choices":[{"not_picked":["6A","ReplayTheSpireMod:Repulse"],"picked":"Iron Wave","floor":1.0},{"not_picked":["Rip and Tear","Anger"],"picked":"ShootTheMoon","floor":2.0},{"not_picked":["Body Slam","DeepEcoloBomb","OneTimeOff"],"picked":"SKIP","floor":4.0},{"not_picked":["LuminesStrike","DragonMeteor"],"picked":"Warcry","floor":5.0},{"not_picked":["LuminesStrike","Body Slam","Flex"],"picked":"SKIP","floor":7.0},{"not_picked":["Warcry","MysteriousBeam"],"picked":"Evolve","floor":11.0},{"not_picked":["BlazeAway","JA","Body Slam"],"picked":"SKIP","floor":14.0},{"not_picked":["BlazingStar","CasketOfStar"],"picked":"Limit Break","floor":16.0},{"not_picked":["WitchLeyline","PulseMagic","DarkMatter"],"picked":"SKIP","floor":18.0},{"not_picked":["Turbo","Iron Wave+1","Gash"],"picked":"SKIP","floor":20},{"not_picked":["Evolve","6A","Capacitor"],"picked":"SKIP","floor":22},{"not_picked":["Anger+1","Rebound"],"picked":"BinaryStars","floor":27},{"not_picked":["UnstableBomb","DarkMatter","SporeBomb+1"],"picked":"SKIP","floor":28},{"not_picked":["OpenUniverse","WeaponsOverheat","Anger"],"picked":"SKIP","floor":29},{"not_picked":["Singularity","ManaConvection"],"picked":"Whirlwind","floor":31}],"player_experience":1376680,"relics_obtained":[{"floor":7.0,"key":"Replay:Rubber Ducky"},{"floor":9.0,"key":"ShroomBag"},{"floor":26,"key":"Grinning Jar"},{"floor":27,"key":"Meat on the Bone"},{"floor":31,"key":"hubris:TenFootPole"}],"event_choices":[{"damage_healed":0.0,"max_hp_gain":0.0,"max_hp_loss":0.0,"gold_gain":75.0,"event_name":"betterThird:BetterGoop","player_choice":"Gold","floor":12.0,"gold_loss":0.0,"damage_taken":11.0},{"damage_healed":0.0,"max_hp_gain":0.0,"max_hp_loss":0.0,"gold_gain":0.0,"event_name":"Lab","player_choice":"Got Potions","floor":13.0,"gold_loss":0.0,"damage_taken":0.0},{"damage_healed":0,"gold_gain":0,"player_choice":"Simplicity","damage_taken":0,"max_hp_gain":0,"max_hp_loss":4,"event_name":"betterThird:BetterWriting","floor":25,"gold_loss":0}],"is_beta":false,"boss_relics":[{"not_picked":["aspiration:RunicSpoon","aspiration:PoetsPen_weak"],"picked":"Abe\u0027s Treasure"}],"items_purged_floors":[19,21,24],"is_endless":true,"potions_floor_spawned":[2,7,11,18,28],"killed_by":"Champ","ascension_level":0}}