{"host":"knoo6yq0od847mqf","time":1608473380,"event":{"mods":["BaseMod","Bestiary","CatGirl Mod","Displayed Cursed Tome","Downfall","Hermit","Hubris","Marisa????????","Minty Spire (QoL Compilation)","Prisma Mod","Replay The Spire","StSLib","The Alterego","The Bug Knight","The Cursed","The Dragon Tamer","The Exalted","The Vixen"],"gold_per_floor":[116,291,301,312,331,362,362,379,432,432,448,465,465,483,483,580,580,580,580],"floor_reached":17,"playtime":764,"items_purged":[],"score":161,"play_id":"408939c2-3b57-438e-9995-b7cc37a3160c","local_time":"20201220150940","is_ascension_mode":false,"metric_token":1171,"campfire_choices":[{"data":"DTMod:Training","floor":7,"key":"SMITH"},{"floor":10,"key":"REST"},{"data":"DTMod:BurningForce","floor":13,"key":"SMITH"},{"data":"DTMod:QuickFly","floor":15,"key":"SMITH"}],"dtmod_dragon_data":[45,50,1,-1,12,0],"circlet_count":0,"master_deck":["DTMod:Strike","DTMod:Strike","DTMod:Strike","DTMod:Strike","DTMod:DoubleHit","DTMod:TargetDefense","DTMod:TargetDefense","DTMod:TargetDefense","DTMod:TargetDefense","DTMod:SwitchingTactic","DTMod:BlazingStrike","Doubt","DTMod:BlueScale","DTMod:Training+1","DTMod:BurningForce+1","DTMod:Dissolve","DTMod:Overwhelm","DTMod:CalculatedDefense","DTMod:Haste","DTMod:QuickFly+1","DTMod:LightShield"],"relics":["DTMod:PactStone","hubris:OldNail","Dream Catcher","hubris:TerracottaHorce"],"acts_visited":["Exordium","TheCity"],"potions_floor_usage":[16],"damage_taken":[{"damage":0,"enemies":"Jaw Worm","floor":1,"turns":4},{"damage":0,"enemies":"2 Louse","floor":3,"turns":2},{"damage":0,"enemies":"Cultist","floor":4,"turns":3},{"damage":1,"enemies":"2 Fungi Beasts","floor":5,"turns":4},{"damage":6,"enemies":"Replay:BlueRogue","floor":6,"turns":6},{"damage":1,"enemies":"Exordium Wildlife","floor":8,"turns":4},{"damage":8,"enemies":"Blue Slaver","floor":11,"turns":3},{"damage":11,"enemies":"3 Louse","floor":12,"turns":4},{"damage":8,"enemies":"Lots of Slimes","floor":14,"turns":6},{"damage":9,"enemies":"Hexaghost","floor":16,"turns":9}],"seed_played":"-7032782329143113249","potions_obtained":[{"floor":3,"key":"ColorlessPotion"},{"floor":4,"key":"Strength Potion"},{"floor":5,"key":"Block Potion"}],"is_trial":false,"path_per_floor":["M","?","M","M","M","E","R","M","T","R","M","M","R","M","R","B",null],"character_chosen":"THE_DT","items_purchased":[],"campfire_rested":1,"item_purchase_floors":[],"current_hp_per_floor":[49,49,49,49,48,42,42,41,41,49,41,30,30,22,22,13,40,40,40],"gold":580,"neow_bonus":"TEN_PERCENT_HP_BONUS","is_daily":false,"chose_seed":false,"campfire_upgraded":3,"win_rate":0.0,"timestamp":1608473380,"path_taken":["M","?","M","M","M","E","R","M","T","R","M","M","R","M","R","BOSS"],"items_purchased_type":[],"build_version":"2020-12-13","purchased_purges":0,"victory":false,"max_hp_per_floor":[49,49,49,49,49,49,49,49,49,49,49,49,49,49,49,49,49,49,49],"card_choices":[{"not_picked":["DTMod:BurningEnergy","DTMod:CleansingStrike"],"picked":"DTMod:BlazingStrike","floor":1},{"not_picked":["DTMod:Shift","DTMod:ComboAttack"],"picked":"DTMod:BlueScale","floor":3},{"not_picked":["DTMod:BalancedStrike","DTMod:ComboAttack"],"picked":"DTMod:Training","floor":4},{"not_picked":["DTMod:Adaptation","DTMod:BizarreTactic"],"picked":"DTMod:BurningForce","floor":5},{"not_picked":["DTMod:BalancedStrike","DTMod:MagicField"],"picked":"DTMod:Dissolve","floor":6},{"not_picked":["DTMod:Threaten","DTMod:BurningForce","DTMod:LowKick"],"picked":"SKIP","floor":8},{"not_picked":["DTMod:ComboAttack","DTMod:ShieldDrain"],"picked":"DTMod:Overwhelm","floor":10},{"not_picked":["DTMod:BlazingStrike","DTMod:Weaken"],"picked":"DTMod:CalculatedDefense","floor":11},{"not_picked":["DTMod:BizarreTactic","DTMod:Weaken"],"picked":"DTMod:Haste","floor":12},{"not_picked":["DTMod:ExcessFootwork","DTMod:GhostSkin"],"picked":"DTMod:QuickFly","floor":14},{"not_picked":["DTMod:GearUp","DTMod:StunTrap"],"picked":"DTMod:LightShield","floor":16}],"player_experience":205707,"relics_obtained":[{"floor":6,"key":"hubris:OldNail"},{"floor":9,"key":"Dream Catcher"}],"event_choices":[{"damage_healed":0,"gold_gain":175,"player_choice":"AGREE","damage_taken":0,"max_hp_gain":0,"max_hp_loss":0,"event_name":"Liars Game","floor":2,"gold_loss":0,"cards_obtained":["Doubt"]}],"is_beta":false,"boss_relics":[{"not_picked":["Kintsugi","Bromod:ArcaneEnergize"],"picked":"hubris:TerracottaHorce"}],"items_purged_floors":[],"is_endless":false,"potions_floor_spawned":[3,4,5,11,14],"ascension_level":0}}