{"host":"ebguxldc2ucorva7","time":1608447772,"event":{"mods":["AchievementEnabler","BaseMod","Best Route Mod","Bestiary","Better Note","Better Third Choice","Better-Laid Plans","Colored Map","Colored Powertips","Disable Question Mark Monsters","Energized Spire","Minty Spire (QoL Compilation)","Permanent Neow","Quick Restart","Rare Cards Sparkle","Relic Stats","Replay The Spire","Shop Mod","StSLib","Synergy Search"],"gold_per_floor":[117,117,131,442,617,617,649,661,715,744,82,116,116,116,116,116,116],"floor_reached":16,"playtime":858,"items_purged":["Doubt"],"score":172,"play_id":"53b0cd3c-0470-43a7-b341-2f2183f462ab","local_time":"20201220000252","daily_mods":["Draft","Vintage","Heirloom","DeadlyEvents","Elite Swarm","Uncertain Future"],"is_ascension_mode":true,"campfire_choices":[{"data":"Loop","floor":6,"key":"SMITH"},{"data":"Machine Learning","floor":13,"key":"SMITH"},{"data":"Defragment","floor":15,"key":"SMITH"}],"circlet_count":0,"master_deck":["Rebound","Turbo","Redo","Fusion","Ball Lightning","Ball Lightning","Melter","Loop+1","Fusion","Panic Button","Chaos","Ball Lightning","Self Repair","Melter","Double Energy+1","Thunder Strike","ReplayTheSpireMod:Omega Cannon","Defragment+1","Lockon","Machine Learning+1"],"relics":["Cracked Core","Dead Branch","InkBottle","Gremlin Food","Old Coin","Replay:Ringing Soul","FossilizedHelix","Dream Catcher","StrikeDummy","BargainBundle","MerchantsRug","Torii","Happy Flower"],"acts_visited":["Exordium"],"potions_floor_usage":[10,16,16],"damage_taken":[{"damage":10,"enemies":"Small Slimes","floor":1,"turns":2},{"damage":0,"enemies":"2 Louse","floor":3,"turns":2},{"damage":0,"enemies":"Cultist","floor":4,"turns":2},{"damage":11,"enemies":"Replay:BlueRogue","floor":7,"turns":3},{"damage":7,"enemies":"3 Louse","floor":8,"turns":2},{"damage":20,"enemies":"Lagavulin","floor":10,"turns":4},{"damage":0,"enemies":"Gremlin Nob","floor":12,"turns":3},{"damage":83,"enemies":"Fading Forest","floor":16,"turns":10}],"seed_played":"6474060143970383254","potions_obtained":[{"floor":3,"key":"FearPotion"},{"floor":10,"key":"Elixir"},{"floor":12,"key":"LiquidMemories"}],"is_trial":true,"path_per_floor":["M","?","M","M","?","R","E","M","T","E","$","E","R","WH","R","B"],"character_chosen":"DEFECT","items_purchased":["BargainBundle","MerchantsRug","Defragment","Lockon","Torii"],"campfire_rested":0,"item_purchase_floors":[11,11,11,11,11],"current_hp_per_floor":[65,65,65,72,72,72,71,71,71,61,64,74,74,74,74,0,0],"gold":116,"neow_bonus":"","is_daily":false,"chose_seed":false,"campfire_upgraded":3,"win_rate":0.0,"timestamp":1608447772,"path_taken":["M","?","M","M","?","R","E","M","T","E","$","E","R","WH","R","BOSS"],"items_purchased_type":["Relic","Relic","Card","Card","Relic"],"build_version":"2020-12-13","purchased_purges":1,"victory":false,"max_hp_per_floor":[75,75,75,75,75,75,78,78,78,81,84,87,87,87,87,87,87],"relic_stats":{"Dream Catcher":0,"Torii":6,"Happy Flower":[3],"counters":[8,28],"Dead Branch":[11],"obtain_stats":[{"Gremlin Food":3,"MerchantsRug":11,"BargainBundle":11,"Torii":11,"Happy Flower":12,"Dead Branch":0,"Old Coin":4,"Replay:Ringing Soul":7,"Dream Catcher":9,"Cracked Core":0,"StrikeDummy":10,"InkBottle":1,"FossilizedHelix":8},{"Gremlin Food":2,"MerchantsRug":6,"BargainBundle":6,"Torii":6,"Happy Flower":7,"Dead Branch":0,"Old Coin":3,"Replay:Ringing Soul":4,"Dream Catcher":5,"Cracked Core":0,"StrikeDummy":6,"InkBottle":1,"FossilizedHelix":5},{"Gremlin Food":4,"MerchantsRug":15,"BargainBundle":15,"Torii":15,"Happy Flower":18,"Dead Branch":0,"Old Coin":6,"Replay:Ringing Soul":9,"Dream Catcher":11,"Cracked Core":0,"StrikeDummy":15,"InkBottle":2,"FossilizedHelix":11}],"InkBottle":[7]},"card_choices":[{"not_picked":["ReplayTheSpireMod:Repulse","Beam Cell"],"picked":"Rebound","floor":0},{"not_picked":["Panic Button","Blizzard"],"picked":"Turbo","floor":0},{"not_picked":["Cold Snap","Streamline"],"picked":"Redo","floor":0},{"not_picked":["Cold Snap","Blizzard"],"picked":"Fusion","floor":0},{"not_picked":["Redo","Turbo"],"picked":"Ball Lightning","floor":0},{"not_picked":["Rip and Tear","Turbo"],"picked":"Rebound","floor":0},{"not_picked":["Stack","Scrape"],"picked":"Ball Lightning","floor":0},{"not_picked":["BasicCrystalCard","Sunder"],"picked":"Melter","floor":0},{"not_picked":["Turbo","Beam Cell"],"picked":"Loop","floor":0},{"not_picked":["Barrage","Panic Button"],"picked":"Fusion","floor":0},{"not_picked":["Undo","Cold Snap"],"picked":"Panic Button","floor":0},{"not_picked":["Leap","Steam"],"picked":"Chaos","floor":0},{"not_picked":["Cold Snap","Compile Driver"],"picked":"Ball Lightning","floor":0},{"not_picked":["Steam","Sweeping Beam"],"picked":"Self Repair","floor":0},{"not_picked":["Stack","Coolheaded"],"picked":"Melter","floor":0},{"not_picked":["Core Surge","ReplayTheSpireMod:Omega Cannon"],"picked":"Thunder Strike","floor":7},{"not_picked":["Hyperbeam","Mirror Shield"],"picked":"ReplayTheSpireMod:Omega Cannon","floor":10},{"not_picked":["Multi-Cast","Seek"],"picked":"Machine Learning","floor":12}],"player_experience":133466,"relics_obtained":[{"floor":1,"key":"InkBottle"},{"floor":3,"key":"Gremlin Food"},{"floor":4,"key":"Old Coin"},{"floor":7,"key":"Replay:Ringing Soul"},{"floor":8,"key":"FossilizedHelix"},{"floor":9,"key":"Dream Catcher"},{"floor":10,"key":"StrikeDummy"},{"floor":12,"key":"Happy Flower"}],"event_choices":[{"damage_healed":0,"gold_gain":175,"player_choice":"AGREE","damage_taken":442,"max_hp_gain":0,"max_hp_loss":0,"event_name":"betterThird:BetterSerpent","floor":5,"gold_loss":0}],"is_beta":false,"boss_relics":[],"items_purged_floors":[11],"is_endless":true,"potions_floor_spawned":[3,10,12],"killed_by":"Fading Forest","ascension_level":4}}