{"host":"46dxij13gllk3u9t","time":1608432664,"event":{"mods":["BaseMod","Beaked The Cultist","Better Note","BetterRewards","Colored Powertips","Custom Start","Downfall","Minty Spire (QoL Compilation)","Relic Sorter","Shop Mod","StSLib","The IronCluck","slay the spire mod where everything is the same but ironclad has a cowboy hat"],"gold_per_floor":[99,128,38,48,64,99,99,24,51,51,62,81,142,4,14,109,109,34,66,79,111,111,111,136,169,169,198,209,209,209,309,324,422,422,347,377,394,394,394,410,410,410,321,354,354,364,141,153,169,169,169,196,4,4,4],"floor_reached":56,"playtime":5988,"items_purged":["champ:Strike","champ:Defend","champ:Strike","Parasite"],"score":1351,"play_id":"3e93e137-1c61-422c-b92f-59f80b7b3acd","local_time":"20201219215104","is_ascension_mode":false,"campfire_choices":[{"floor":1.0,"key":"RECALL"},{"floor":8.0,"key":"REST"},{"data":"champ:Circumvent","floor":18.0,"key":"SMITH"},{"data":"champ:Improvising","floor":35.0,"key":"SMITH"},{"data":"1","floor":39.0,"key":"LIFT"},{"floor":54,"key":"REST"}],"circlet_count":0,"master_deck":["champ:Taunt","champ:RageSigil","champ:StanceDance","champ:DancingMaster","champ:FlashCut","champ:CheapShot","champ:VampiricStrike","champ:FlashCut","champ:SwordSigil","champ:CalledShot","champ:DefensiveShout","champ:Circumvent+1","champ:ArenaPreparation","champ:ShieldSlam","champ:StrikeOfGenius+1","champ:Balance+1","champ:FanOfKnives+1","champ:BerserkersShout+1","champ:SwordSigil","champ:StrikeOfGenius+1","champ:DefensiveShout+1","champ:AdrenalArmor+1","champ:Encircle","champ:Aggression","RitualDagger+1","champ:AdrenalArmor+1","champ:Improvising+1","champ:Balance","champ:GladiatorsShout+1","champ:GladiatorsShout","champ:RisingSlash"],"relics":["champ:ChampionCrown","Nunchaku","Lizard Tail","Ginger","Torii","downfall:HeartBlessingRed","Unceasing Top","Girya","downfall:HeartBlessingGreen","White Beast Statue","Orichalcum","Bag of Preparation","champ:BlackKnightHelmet","Bottled Flame","Busted Crown","downfall:HeartBlessingBlue","Regal Pillow","Frozen Egg 2","Lantern","Anchor","Ornamental Fan","MerchantsRug"],"acts_visited":["Exordium","TheCity","TheBeyond","TheEnding"],"potions_floor_usage":[44,46,52,55,55,55,55,55,55,55,55,55,55,55,55],"damage_taken":[{"damage":40.0,"enemies":"3 Sentries","floor":2.0,"turns":10.0},{"damage":5.0,"enemies":"downfall:FleeingMerchant","floor":3.0,"turns":4.0},{"damage":22.0,"enemies":"Small Slimes","floor":4.0,"turns":4.0},{"damage":3.0,"enemies":"2 Louse","floor":5.0,"turns":2.0},{"damage":48.0,"enemies":"Lagavulin","floor":6.0,"turns":7.0},{"damage":44.0,"enemies":"Gremlin Nob","floor":9.0,"turns":5.0},{"damage":11.0,"enemies":"Jaw Worm","floor":11.0,"turns":2.0},{"damage":30.0,"enemies":"Exordium Wildlife","floor":12.0,"turns":5.0},{"damage":31.0,"enemies":"Lagavulin Event","floor":13.0,"turns":6.0},{"damage":10.0,"enemies":"downfall:FleeingMerchant","floor":14.0,"turns":5.0},{"damage":5.0,"enemies":"3 Louse","floor":15.0,"turns":3.0},{"damage":28.0,"enemies":"downfall:Silent","floor":16.0,"turns":6.0},{"damage":78.0,"enemies":"Gremlin Leader","floor":19.0,"turns":5.0},{"damage":11.0,"enemies":"Shell Parasite","floor":20.0,"turns":3.0},{"damage":57.0,"enemies":"Book of Stabbing","floor":21.0,"turns":4.0},{"damage":39.0,"enemies":"Slavers","floor":25.0,"turns":3.0},{"damage":0.0,"enemies":"Chosen","floor":26.0,"turns":1.0},{"damage":71.0,"enemies":"Book of Stabbing","floor":27.0,"turns":7.0},{"damage":38.0,"enemies":"Snake Plant","floor":28.0,"turns":3.0},{"damage":70.0,"enemies":"Snake Plant","floor":31.0,"turns":5.0},{"damage":50.0,"enemies":"3 Cultists","floor":32.0,"turns":6.0},{"damage":71.0,"enemies":"downfall:Defect","floor":33.0,"turns":6.0},{"damage":71.0,"enemies":"Nemesis","floor":36.0,"turns":5.0},{"damage":41.0,"enemies":"3 Darklings","floor":37.0,"turns":3.0},{"damage":16,"enemies":"Orb Walker","floor":40,"turns":3},{"damage":65,"enemies":"downfall:FleeingMerchant","floor":43,"turns":4},{"damage":77,"enemies":"Giant Head","floor":44,"turns":5},{"damage":40,"enemies":"Sphere and 2 Shapes","floor":46,"turns":3},{"damage":57,"enemies":"Writhing Mass","floor":48,"turns":3},{"damage":50,"enemies":"4 Shapes","floor":49,"turns":3},{"damage":82,"enemies":"downfall:Ironclad","floor":50,"turns":4},{"damage":104,"enemies":"downfall:CharBossMerchant","floor":52,"turns":5},{"damage":284,"enemies":"downfall:NeowBoss","floor":55,"turns":16}],"seed_played":"7213709113848696812","potions_obtained":[{"floor":4.0,"key":"AttackPotion"},{"floor":5.0,"key":"sneckomod:MuddlingPotion"},{"floor":12.0,"key":"Fire Potion"},{"floor":16.0,"key":"Energy Potion"},{"floor":19.0,"key":"Strength Potion"},{"floor":20.0,"key":"Dexterity Potion"},{"floor":21.0,"key":"FearPotion"},{"floor":25.0,"key":"Weak Potion"},{"floor":26.0,"key":"Block Potion"},{"floor":27.0,"key":"Block Potion"},{"floor":28.0,"key":"sneckomod:MuddlingPotion"},{"floor":29.0,"key":"CultistPotion"},{"floor":31.0,"key":"EntropicBrew"},{"floor":32.0,"key":"FairyPotion"},{"floor":33.0,"key":"EntropicBrew"},{"floor":44,"key":"sneckomod:MuddlingPotion"},{"floor":46,"key":"Strength Potion"},{"floor":52,"key":"BlessingOfTheForge"}],"is_trial":false,"path_per_floor":["R","E","$","M","M","E","T","R","E","?","M","M","?","$","M","B",null,"R","E","M","E","?","?","T","E","M","E","M","?","?","?","M","B",null,"R","E","M","?","R","M","T","?","$","E","?","M","$","M","M","B",null,"E","$","R","B",null],"character_chosen":"THE_CHAMP","items_purchased":["champ:Circumvent","Shovel","Anchor","champ:RisingSlash","MerchantsRug","PowerPotion"],"campfire_rested":2,"item_purchase_floors":[14,43,47,47,53,53],"current_hp_per_floor":[90,65,65,60,57,29,29,56,31,31,39,40,40,56,66,84,90,90,90,89,90,90,90,90,83,83,61,61,61,61,62,65,74,95,105,93,105,105,105,105,105,105,105,105,105,105,105,105,105,105,105,57,57,102,102],"gold":4,"neow_bonus":"RANDOM_COMMON_RELIC","is_daily":false,"chose_seed":false,"campfire_upgraded":2,"win_rate":0.0,"timestamp":1608432664,"path_taken":["R","E","$","M","M","E","T","R","E","?","M","M","?","$","M","BOSS","R","E","M","E","?","?","T","E","M","E","?","?","?","?","M","BOSS","R","E","M","?","R","M","T","?","$","E","?","M","$","M","M","BOSS","E","$","R","BOSS"],"items_purchased_type":["Card","Relic","Relic","Card","Relic","Potion"],"build_version":"2020-12-13","purchased_purges":4,"victory":true,"max_hp_per_floor":[90,90,90,90,90,90,90,90,90,90,90,90,90,90,90,90,90,90,90,90,90,90,90,90,90,90,90,90,90,90,90,95,95,95,105,105,105,105,105,105,105,105,105,105,105,105,105,105,105,105,105,105,102,102,102],"card_choices":[{"not_picked":["champ:ShieldSigil","champ:Encircle"],"picked":"champ:RageSigil","floor":2.0},{"not_picked":["champ:Riposte","champ:TornadoPunch"],"picked":"champ:StanceDance","floor":3.0},{"not_picked":["champ:BladeFlurry","champ:AdrenalArmor"],"picked":"champ:DancingMaster","floor":4.0},{"not_picked":["champ:BerserkersShout","champ:BringItOn"],"picked":"champ:FlashCut","floor":5.0},{"not_picked":["champ:FocusedGladiator","champ:BerserkerStyle"],"picked":"champ:CheapShot","floor":6.0},{"not_picked":["champ:GladiatorsShout","champ:SwordSigil"],"picked":"champ:VampiricStrike","floor":9.0},{"not_picked":["champ:EnGarde","champ:RecklessLeap"],"picked":"champ:FlashCut","floor":11.0},{"not_picked":["champ:RageSigil","champ:PerfectedStrike"],"picked":"champ:SwordSigil","floor":12.0},{"not_picked":["champ:Shatter","champ:CrookedStrike"],"picked":"champ:CalledShot","floor":13.0},{"not_picked":["champ:LastStand","champ:RageSigil"],"picked":"champ:DefensiveShout","floor":14.0},{"not_picked":["champ:StanceDance","champ:IronFortress"],"picked":"champ:ArenaPreparation","floor":15.0},{"not_picked":["champ:PerfectForm","champ:ShieldThrow"],"picked":"champ:ShieldSlam","floor":16.0},{"not_picked":["champ:BringItOn","champ:CrownThrow"],"picked":"champ:BerserkersShout+1","floor":19.0},{"not_picked":["champ:TornadoPunch+1","champ:FocusedGladiator+1","champ:Haymaker"],"picked":"SKIP","floor":20.0},{"not_picked":["champ:ShieldThrow","champ:RecklessLeap+1"],"picked":"champ:SwordSigil","floor":21.0},{"not_picked":["champ:TornadoPunch+1","champ:HeavySlash"],"picked":"champ:DefensiveShout+1","floor":25.0},{"not_picked":["champ:RapidStrikes","champ:CrookedStrike"],"picked":"champ:AdrenalArmor+1","floor":26.0},{"not_picked":["champ:CalledShot","champ:PerfectForm"],"picked":"champ:Encircle","floor":27.0},{"not_picked":["champ:BladeFlurry+1","champ:IronFortress"],"picked":"champ:Aggression","floor":28.0},{"not_picked":["champ:SkillfulDodge","champ:Riposte"],"picked":"champ:FightOn","floor":31.0},{"not_picked":["champ:SwordSigil+1","champ:EndlessRage+1"],"picked":"champ:AdrenalArmor+1","floor":32.0},{"not_picked":["champ:PerfectForm","champ:ShieldSlam"],"picked":"champ:Improvising","floor":33.0},{"not_picked":[],"picked":"champ:Balance","floor":36.0},{"not_picked":[],"picked":"champ:GladiatorsShout+1","floor":37.0},{"not_picked":[],"picked":"champ:GladiatorsShout","floor":40},{"not_picked":["champ:Haymaker"],"picked":"SKIP","floor":43},{"not_picked":["champ:Haymaker+1"],"picked":"SKIP","floor":44},{"not_picked":["champ:GladiatorsShout"],"picked":"SKIP","floor":46},{"not_picked":["champ:FanOfKnives+1"],"picked":"SKIP","floor":48},{"not_picked":["champ:Circumvent"],"picked":"SKIP","floor":49},{"not_picked":["champ:CheapShot"],"picked":"SKIP","floor":52}],"player_experience":400097,"relics_obtained":[{"floor":2.0,"key":"Lizard Tail"},{"floor":6.0,"key":"Ginger"},{"floor":7.0,"key":"Torii"},{"floor":9.0,"key":"Unceasing Top"},{"floor":19.0,"key":"Potion Belt"},{"floor":21.0,"key":"White Beast Statue"},{"floor":25.0,"key":"Orichalcum"},{"floor":27.0,"key":"Bag of Preparation"},{"floor":31.0,"key":"champ:BlackKnightHelmet"},{"floor":31.0,"key":"Bottled Flame"},{"floor":36.0,"key":"Regal Pillow"},{"floor":41,"key":"Frozen Egg 2"},{"floor":44,"key":"Lantern"},{"floor":52,"key":"Ornamental Fan"}],"event_choices":[{"damage_healed":0.0,"max_hp_gain":0.0,"max_hp_loss":0.0,"gold_gain":0.0,"event_name":"Duplicator","player_choice":"Copied","floor":22.0,"gold_loss":0.0,"damage_taken":0.0,"cards_obtained":["champ:StrikeOfGenius"]},{"cards_removed":["champ:DancingMaster"],"damage_healed":0.0,"max_hp_gain":0.0,"max_hp_loss":0.0,"gold_gain":0.0,"event_name":"betterNote:BetterNote","player_choice":"Give","floor":23.0,"gold_loss":0.0,"damage_taken":0.0,"cards_obtained":["champ:Strike"]},{"cards_removed":["champ:Defend"],"damage_healed":0.0,"max_hp_gain":0.0,"max_hp_loss":0.0,"gold_gain":0.0,"event_name":"Back to Basics","player_choice":"Elegance","floor":30.0,"gold_loss":0.0,"damage_taken":0.0},{"cards_removed":["champ:Execute"],"damage_healed":0,"gold_gain":0,"player_choice":"Removed Attack","damage_taken":0,"max_hp_gain":0,"max_hp_loss":0,"event_name":"Falling","floor":42,"gold_loss":0},{"cards_removed":["champ:Defend"],"damage_healed":0,"gold_gain":0,"player_choice":"Purged","damage_taken":0,"max_hp_gain":0,"max_hp_loss":0,"event_name":"Purifier","floor":45,"gold_loss":0}],"is_beta":false,"boss_relics":[{"not_picked":["Philosopher\u0027s Stone","Snecko Eye"],"picked":"Astrolabe"},{"not_picked":["Tiny House","Velvet Choker"],"picked":"Busted Crown"}],"items_purged_floors":[3,14,43,53],"is_endless":false,"potions_floor_spawned":[4,5,12,13,16,19,20,21,25,26,27,28,31,32,33,36,37,40,43,44,46,48,49,52],"ascension_level":0}}