{"host":"6he3f0ic6yesrium","time":1608438778,"event":{"mods":["BaseMod","Better Altar","Better Match","Better Note","Better Sensory Stone","Better Skull","Better Third Choice","Colored Map","Conspire","Hermit","Hubris","Marisa????????","Mimic Mod","Minty Spire (QoL Compilation)","Replay The Spire","Shade Mod","StSLib","The Alterego","The Runesmith"],"gold_per_floor":[119,119,71,88,9,37,37,72,112,9,20,35,60,80,80,178,178,197,197,21,41,57,57,86,86,116,116,146,71,71,87,87,182,182,198,6,52,52,70,70,96,96,96,131,131,131,131,29,29,29],"floor_reached":51,"playtime":2465,"items_purged":["alterego_mod:Strike"],"score":1080,"play_id":"544965e2-ee62-4cc8-b784-055c1a6bd1a7","local_time":"20201219233258","is_ascension_mode":true,"campfire_choices":[{"data":"alterego_mod:Impale","floor":7.0,"key":"SMITH"},{"floor":15.0,"key":"REST"},{"data":"alterego_mod:Exercise","floor":23.0,"key":"SMITH"},{"data":"alterego_mod:TrashNCrash","floor":25.0,"key":"SMITH"},{"floor":27.0,"key":"REST"},{"floor":30.0,"key":"REST"},{"data":"alterego_mod:IdEs","floor":32.0,"key":"SMITH"},{"floor":40.0,"key":"REST"},{"data":"alterego_mod:BigMeatyClaws","floor":45.0,"key":"SMITH"},{"data":"alterego_mod:Cushion","floor":47.0,"key":"SMITH"},{"floor":49.0,"key":"REST"}],"circlet_count":0,"master_deck":["alterego_mod:Strike","alterego_mod:Strike","alterego_mod:Strike","alterego_mod:Defend","alterego_mod:Defend","alterego_mod:Defend","alterego_mod:Defend+1","alterego_mod:Impale+1","alterego_mod:BigMeatyClaws+1","alterego_mod:BrynhildrsRune","alterego_mod:Bounce","alterego_mod:TrashNCrash+1","alterego_mod:Cushion","alterego_mod:SakuraFive","alterego_mod:1TonWallop","alterego_mod:Bounce","alterego_mod:Exercise+1","alterego_mod:DiscoLights","alterego_mod:IdEs+1","AbeCurse","alterego_mod:Bounce","alterego_mod:Cushion+1","alterego_mod:MaintainEyeContact+1","alterego_mod:PainIsPleasure+1","alterego_mod:VirginLaserPalladion","alterego_mod:Maid+1","Panache+1","alterego_mod:SakuraFive+1","alterego_mod:SakuraLabyrinth+1","alterego_mod:MaintainEyeContact","alterego_mod:Belts+1"],"relics":["alterego_mod:MasochisticConstitution","NeowsBlessing","Runesmith:AutoHammer","PreservedInsect","Bag of Preparation","Blood Vial","Abe\u0027s Treasure","conspire:GlowingRock","Darkstone Periapt","Gremlin Food","Philosopher\u0027s Stone","CatCart","Gremlin Horn","Snack Pack","Regal Pillow","hubris:Icosahedron"],"acts_visited":["Exordium","TheCity","TheBeyond"],"potions_floor_usage":[50,50,50],"damage_taken":[{"damage":0.0,"enemies":"Cultist","floor":1.0,"turns":1.0},{"damage":0.0,"enemies":"Small Slimes","floor":4.0,"turns":1.0},{"damage":0.0,"enemies":"3 Sentries","floor":6.0,"turns":2.0},{"damage":0.0,"enemies":"Gremlin Nob","floor":8.0,"turns":3.0},{"damage":4.0,"enemies":"Jaw Worm","floor":9.0,"turns":4.0},{"damage":7.0,"enemies":"Jaw Worm","floor":11.0,"turns":4.0},{"damage":30.0,"enemies":"Lots of Slimes","floor":12.0,"turns":5.0},{"damage":4.0,"enemies":"3 Sentries","floor":13.0,"turns":1.0},{"damage":13.0,"enemies":"2 Fungi Beasts","floor":14.0,"turns":3.0},{"damage":64.0,"enemies":"Fading Forest","floor":16.0,"turns":11.0},{"damage":23.0,"enemies":"Spheric Guardian","floor":18.0,"turns":4.0},{"damage":4.0,"enemies":"Chosen","floor":21.0,"turns":4.0},{"damage":7.0,"enemies":"Snecko","floor":22.0,"turns":4.0},{"damage":33.0,"enemies":"Book of Stabbing","floor":24.0,"turns":6.0},{"damage":8.0,"enemies":"Snake Plant","floor":26.0,"turns":6.0},{"damage":27.0,"enemies":"conspire:SneckoGhost","floor":28.0,"turns":5.0},{"damage":10.0,"enemies":"Snake Plant","floor":31.0,"turns":4.0},{"damage":27.0,"enemies":"Pondfish","floor":33.0,"turns":8.0},{"damage":4.0,"enemies":"3 Shapes","floor":35.0,"turns":4.0},{"damage":62.0,"enemies":"Orin","floor":37.0,"turns":8.0},{"damage":12.0,"enemies":"Orb Walker","floor":39.0,"turns":1.0},{"damage":2.0,"enemies":"Giant Head","floor":41.0,"turns":5.0},{"damage":1.0,"enemies":"Nemesis","floor":44.0,"turns":3.0},{"damage":39,"enemies":"Time Eater","floor":50,"turns":7}],"seed_played":"5520775857623007054","potions_obtained":[{"floor":2.0,"key":"EntropicBrew"},{"floor":2.0,"key":"Fruit Juice"},{"floor":2.0,"key":"Flashbang"},{"floor":4.0,"key":"FearPotion"},{"floor":11.0,"key":"ColorlessPotion"},{"floor":12.0,"key":"Adrenaline Potion"},{"floor":14.0,"key":"Dexterity Potion"},{"floor":18.0,"key":"SkillPotion"},{"floor":21.0,"key":"Death Potion"},{"floor":28.0,"key":"SpeedPotion"},{"floor":37.0,"key":"LiquidBronze"}],"is_trial":false,"path_per_floor":["M","?","$","M","$","E","R","E","MIM","$","M","M","E","M","R","B",null,"M","?","$","M","M","R","E","R","MIM","R","E","?","R","M","R","B",null,"M","$","?","?","M","R","E","?","T","E","R","?","R","$","R","B",null],"character_chosen":"The_Alterego","items_purchased":["alterego_mod:TrashNCrash","alterego_mod:Cushion","alterego_mod:Bounce","Strength Potion","PowerPotion","SpeedPotion","Panache","Strength Potion","Energy Potion"],"campfire_rested":5,"item_purchase_floors":[3,5,10,10,20,20,36,48,48],"current_hp_per_floor":[70,75,75,75,75,75,75,75,72,72,66,37,34,24,48,20,81,59,59,59,58,54,54,24,24,26,51,27,27,53,67,67,67,89,86,86,27,27,18,45,46,46,46,56,56,56,56,56,94,62],"gold":29,"neow_bonus":"THREE_ENEMY_KILL","is_daily":false,"chose_seed":false,"campfire_upgraded":6,"win_rate":0.0,"timestamp":1608438778,"path_taken":["M","?","?","M","$","E","R","E","MIM","$","?","M","E","M","R","BOSS","M","?","$","M","M","R","E","R","MIM","R","E","?","R","M","R","BOSS","M","$","?","?","?","R","E","?","T","E","R","?","R","?","R","BOSS"],"items_purchased_type":["Card","Card","Card","Potion","Potion","Potion","Card","Potion","Potion"],"build_version":"2020-12-13","purchased_purges":1,"victory":true,"max_hp_per_floor":[70,75,75,75,75,75,75,75,76,76,77,78,79,80,80,81,81,82,82,82,83,84,84,85,85,86,86,87,87,87,88,88,89,89,90,90,91,91,92,92,93,93,93,94,94,94,94,94,94,95],"card_choices":[{"not_picked":["alterego_mod:Complex","alterego_mod:HighServant"],"picked":"alterego_mod:Bounce","floor":1.0},{"not_picked":["alterego_mod:Cooking","alterego_mod:MagicResistance","alterego_mod:DiscoLights"],"picked":"SKIP","floor":4.0},{"not_picked":["alterego_mod:Stockings","alterego_mod:DeftHands"],"picked":"alterego_mod:SakuraFive","floor":6.0},{"not_picked":["alterego_mod:Nekomimi","alterego_mod:Cushion"],"picked":"alterego_mod:BustOut","floor":8.0},{"not_picked":["alterego_mod:TrashNCrash","alterego_mod:Mirror"],"picked":"alterego_mod:1TonWallop","floor":9.0},{"not_picked":["alterego_mod:TrashNCrash","alterego_mod:Complex","alterego_mod:Jiggle"],"picked":"SKIP","floor":11.0},{"not_picked":["alterego_mod:MaintainEyeContact","alterego_mod:Swimsuit"],"picked":"alterego_mod:Exercise","floor":12.0},{"not_picked":["alterego_mod:Mirror","alterego_mod:Cushion"],"picked":"alterego_mod:DiscoLights","floor":13.0},{"not_picked":["alterego_mod:SakuraLabyrinth","alterego_mod:Smother","alterego_mod:Table"],"picked":"SKIP","floor":14.0},{"not_picked":["alterego_mod:Weigh","alterego_mod:PainIsPleasure"],"picked":"alterego_mod:IdEs","floor":16.0},{"not_picked":["alterego_mod:Pet+1","alterego_mod:Skirt","alterego_mod:Belle"],"picked":"SKIP","floor":18.0},{"not_picked":["alterego_mod:RocketPunch","alterego_mod:DeftHands"],"picked":"alterego_mod:Cushion","floor":21.0},{"not_picked":["alterego_mod:Cushion","alterego_mod:MagicResistance"],"picked":"alterego_mod:MaintainEyeContact+1","floor":22.0},{"not_picked":["alterego_mod:HighServant","alterego_mod:Valentines","alterego_mod:DustData"],"picked":"SKIP","floor":24.0},{"not_picked":["alterego_mod:RidiculouslyBig","alterego_mod:Collar","alterego_mod:GIGAMILK"],"picked":"SKIP","floor":28.0},{"not_picked":["alterego_mod:Venus+1","alterego_mod:Rake+1"],"picked":"alterego_mod:PainIsPleasure+1","floor":29.0},{"not_picked":["alterego_mod:Santa","alterego_mod:Clap","alterego_mod:DestructionOfProperty"],"picked":"SKIP","floor":31.0},{"not_picked":["alterego_mod:Vow","alterego_mod:PainIsPleasure"],"picked":"alterego_mod:VirginLaserPalladion","floor":33.0},{"not_picked":["alterego_mod:PerceptionDisorder","alterego_mod:DiscoLights"],"picked":"alterego_mod:Maid+1","floor":35.0},{"not_picked":["alterego_mod:DeftHands","alterego_mod:PresenceConcealment+1"],"picked":"alterego_mod:SakuraFive","floor":37.0},{"not_picked":["alterego_mod:SuperDuperMasochism","alterego_mod:Punishment+1"],"picked":"alterego_mod:SakuraLabyrinth+1","floor":39.0},{"not_picked":["alterego_mod:DeftHands","alterego_mod:DiscoLights+1"],"picked":"alterego_mod:MaintainEyeContact","floor":41.0},{"not_picked":["alterego_mod:Table+1","alterego_mod:Maid"],"picked":"alterego_mod:Belts+1","floor":44.0}],"player_experience":300934,"relics_obtained":[{"floor":6.0,"key":"Runesmith:AutoHammer"},{"floor":8.0,"key":"PreservedInsect"},{"floor":9.0,"key":"Bag of Preparation"},{"floor":13.0,"key":"Blood Vial"},{"floor":24.0,"key":"conspire:GlowingRock"},{"floor":26.0,"key":"Darkstone Periapt"},{"floor":28.0,"key":"Gremlin Food"},{"floor":37.0,"key":"CatCart"},{"floor":41.0,"key":"Gremlin Horn"},{"floor":43.0,"key":"Snack Pack"},{"floor":44.0,"key":"Regal Pillow"}],"event_choices":[{"damage_healed":0.0,"max_hp_gain":0.0,"max_hp_loss":0.0,"gold_gain":0.0,"event_name":"Lab","player_choice":"Got Potions","floor":2.0,"gold_loss":0.0,"damage_taken":0.0},{"damage_healed":0.0,"max_hp_gain":0.0,"max_hp_loss":0.0,"gold_gain":0.0,"event_name":"Duplicator","player_choice":"Copied","floor":19.0,"gold_loss":0.0,"damage_taken":0.0,"cards_obtained":["alterego_mod:Bounce"]},{"damage_healed":0.0,"max_hp_gain":0.0,"max_hp_loss":0.0,"gold_gain":0.0,"event_name":"betterMatch:BetterMatch","player_choice":"2","floor":29.0,"gold_loss":0.0,"damage_taken":0.0,"cards_obtained":["betterMatch:RareCard"]},{"damage_healed":0.0,"max_hp_gain":0.0,"max_hp_loss":0.0,"gold_gain":0.0,"event_name":"OrinTheCat","player_choice":"Fight","floor":37.0,"gold_loss":0.0,"damage_taken":0.0},{"damage_healed":0.0,"max_hp_gain":0.0,"max_hp_loss":0.0,"gold_gain":0.0,"event_name":"Upgrade Shrine","player_choice":"Upgraded","floor":38.0,"gold_loss":0.0,"damage_taken":0.0,"cards_upgraded":["Panache"]},{"cards_removed":["alterego_mod:BustOut"],"damage_healed":0.0,"max_hp_gain":0.0,"max_hp_loss":0.0,"gold_gain":0.0,"event_name":"Falling","player_choice":"Removed Power","floor":42.0,"gold_loss":0.0,"damage_taken":0.0}],"is_beta":false,"boss_relics":[{"not_picked":["conspire:RoyalGoblet","hubris:RunicObelisk"],"picked":"Abe\u0027s Treasure"},{"not_picked":["Kintsugi","conspire:SeveredTorchhead"],"picked":"Philosopher\u0027s Stone"}],"items_purged_floors":[20],"is_endless":false,"potions_floor_spawned":[4,6,11,12,14,18,21,28,37],"ascension_level":1}}