{"host":"r53pw7z744tg3fxg","time":1608483333,"event":{"mods":["AchievementEnabler","BaseMod","Colored Map","Colored Powertips","Highlight Path","Minty Spire (QoL Compilation)","Quick Restart","Transform Curses"],"gold_per_floor":[115,125,138,152,171,201,218,249,249,3,31,43,43,56,56,161,161,173,27,46,66,66,66,66,76,76,76,90,105,105,124,124,229,229,240,254,268,50,50,50],"floor_reached":39,"playtime":1599,"items_purged":[],"score":647,"play_id":"af4aa43a-b16f-4895-ba69-01b9a9eab501","local_time":"20201220095533","is_ascension_mode":true,"campfire_choices":[{"floor":15.0,"key":"REST"},{"floor":24,"key":"REST"},{"floor":27,"key":"REST"},{"floor":30,"key":"REST"},{"floor":32,"key":"REST"}],"circlet_count":0,"master_deck":["Strike_P","Strike_P","Strike_P","Strike_P","Defend_P","Defend_P","Defend_P","Defend_P","Eruption+1","Vigilance","Dramatic Entrance","Conclude","EmptyBody","Evaluate","CutThroughFate","BattleHymn","PathToVictory","ThirdEye","ReachHeaven+1","BowlingBash+1","WheelKick+1","Alpha","FlurryOfBlows+1","CrushJoints+1","Devotion","ClearTheMind","ForeignInfluence","Flash of Steel+1","PathToVictory+1","FlurryOfBlows+1","Perseverance","Consecrate+1","DeceiveReality","FearNoEvil+1","LessonLearned+1","Sadistic Nature","EmptyFist+1"],"relics":["PureWater","Lantern","GoldenEye","Pocketwatch","Molten Egg 2","Incense Burner","SlaversCollar","HandDrill","InkBottle","Black Star"],"acts_visited":["Exordium","TheCity","TheBeyond"],"potions_floor_usage":[25,31,33],"damage_taken":[{"damage":0.0,"enemies":"Cultist","floor":1.0,"turns":2.0},{"damage":0.0,"enemies":"Small Slimes","floor":2.0,"turns":2.0},{"damage":0.0,"enemies":"2 Louse","floor":3.0,"turns":1.0},{"damage":0.0,"enemies":"Lots of Slimes","floor":4.0,"turns":1.0},{"damage":3.0,"enemies":"Blue Slaver","floor":5.0,"turns":6.0},{"damage":0.0,"enemies":"Gremlin Nob","floor":6.0,"turns":2.0},{"damage":8.0,"enemies":"2 Fungi Beasts","floor":7.0,"turns":3.0},{"damage":0.0,"enemies":"3 Sentries","floor":8.0,"turns":4.0},{"damage":7.0,"enemies":"Lagavulin","floor":11.0,"turns":4.0},{"damage":4.0,"enemies":"Large Slime","floor":12.0,"turns":5.0},{"damage":0.0,"enemies":"Exordium Wildlife","floor":14.0,"turns":3.0},{"damage":29.0,"enemies":"Hexaghost","floor":16.0,"turns":7.0},{"damage":16.0,"enemies":"Shell Parasite","floor":18.0,"turns":5.0},{"damage":4.0,"enemies":"Chosen","floor":20.0,"turns":3.0},{"damage":0.0,"enemies":"Sentry and Sphere","floor":21.0,"turns":2.0},{"damage":27,"enemies":"Centurion and Healer","floor":25,"turns":6},{"damage":5,"enemies":"Snecko","floor":28,"turns":4},{"damage":3,"enemies":"Snake Plant","floor":29,"turns":2},{"damage":22,"enemies":"Shelled Parasite and Fungi","floor":31,"turns":4},{"damage":44,"enemies":"Automaton","floor":33,"turns":7},{"damage":17,"enemies":"3 Shapes","floor":35,"turns":3},{"damage":6,"enemies":"Orb Walker","floor":36,"turns":4},{"damage":0,"enemies":"4 Shapes","floor":37,"turns":1},{"damage":52,"enemies":"2 Orb Walkers","floor":39,"turns":3}],"seed_played":"-7689759650417933446","potions_obtained":[{"floor":2.0,"key":"Dexterity Potion"},{"floor":4.0,"key":"GamblersBrew"},{"floor":5.0,"key":"Swift Potion"},{"floor":6.0,"key":"ColorlessPotion"},{"floor":12.0,"key":"Energy Potion"},{"floor":14.0,"key":"PowerPotion"},{"floor":18.0,"key":"PowerPotion"},{"floor":20.0,"key":"ColorlessPotion"},{"floor":25,"key":"LiquidMemories"},{"floor":36,"key":"LiquidMemories"}],"is_trial":false,"path_per_floor":["M","M","M","M","M","E","M","E","T","$","E","M","?","M","R","B",null,"M","$","M","M","?","?","R","M","T","R","M","M","R","M","R","B",null,"M","M","M","$","?"],"character_chosen":"WATCHER","items_purchased":["Molten Egg 2","HandDrill","Sadistic Nature","EmptyFist+1"],"campfire_rested":5,"item_purchase_floors":[10,19,38,38],"current_hp_per_floor":[65,65,65,65,62,62,54,54,54,54,47,43,43,43,64,35,63,47,47,43,43,43,43,64,37,37,58,53,50,71,49,70,26,61,44,38,38,38,0,0],"gold":50,"neow_bonus":"RANDOM_COLORLESS","is_daily":false,"chose_seed":false,"campfire_upgraded":0,"win_rate":0.0,"timestamp":1608483333,"path_taken":["M","M","M","?","M","E","M","E","T","$","E","M","?","M","R","BOSS","M","$","M","?","?","?","R","M","T","R","M","?","R","M","R","BOSS","M","M","M","$","?"],"items_purchased_type":["Relic","Relic","Card","Card"],"build_version":"2020-12-13","purchased_purges":0,"victory":false,"max_hp_per_floor":[72,72,72,72,72,72,72,72,72,72,72,72,72,72,72,72,72,72,72,72,72,72,72,72,72,72,72,72,72,72,72,72,72,72,72,72,72,72,72,72],"card_choices":[{"not_picked":["Purity","Impatience"],"picked":"Dramatic Entrance","floor":0.0},{"not_picked":["JustLucky","Pray","FlyingSleeves"],"picked":"SKIP","floor":1.0},{"not_picked":["WreathOfFlame","Prostrate"],"picked":"Conclude","floor":2.0},{"not_picked":["Prostrate","Halt"],"picked":"EmptyBody","floor":3.0},{"not_picked":["ClearTheMind","CrushJoints"],"picked":"Evaluate","floor":4.0},{"not_picked":["Meditate","Sanctity"],"picked":"CutThroughFate","floor":5.0},{"not_picked":["Alpha","Wallop"],"picked":"BattleHymn","floor":6.0},{"not_picked":["CrushJoints","Indignation"],"picked":"PathToVictory","floor":7.0},{"not_picked":["ClearTheMind","CrushJoints"],"picked":"ThirdEye","floor":8.0},{"not_picked":["WaveOfTheHand","Indignation"],"picked":"ReachHeaven+1","floor":11.0},{"not_picked":["TalkToTheHand+1","Prostrate"],"picked":"BowlingBash+1","floor":12.0},{"not_picked":["Perseverance","Adaptation"],"picked":"WheelKick+1","floor":14.0},{"not_picked":["DeusExMachina","Vault"],"picked":"Alpha","floor":16.0},{"not_picked":["EmptyBody","ClearTheMind"],"picked":"FlurryOfBlows+1","floor":18.0},{"not_picked":["FlyingSleeves+1","BowlingBash+1"],"picked":"CrushJoints+1","floor":20.0},{"not_picked":["Conclude+1","Nirvana","BowlingBash+1"],"picked":"SKIP","floor":21.0},{"not_picked":["FlurryOfBlows+1","Meditate"],"picked":"PathToVictory+1","floor":25},{"not_picked":["Establishment","Pray"],"picked":"FlurryOfBlows+1","floor":28},{"not_picked":["Tantrum+1","CrushJoints+1"],"picked":"Perseverance","floor":29},{"not_picked":["Crescendo","PathToVictory"],"picked":"Consecrate+1","floor":31},{"not_picked":["Consecrate+1","FollowUp+1"],"picked":"DeceiveReality","floor":35},{"not_picked":["Protect","SashWhip+1"],"picked":"FearNoEvil+1","floor":36},{"not_picked":["Crescendo","WreathOfFlame+1"],"picked":"LessonLearned+1","floor":37}],"player_experience":1131525,"relics_obtained":[{"floor":6.0,"key":"Lantern"},{"floor":8.0,"key":"GoldenEye"},{"floor":9.0,"key":"Pocketwatch"},{"floor":11.0,"key":"Incense Burner"},{"floor":26,"key":"InkBottle"}],"event_choices":[{"damage_healed":0.0,"max_hp_gain":0.0,"max_hp_loss":0.0,"gold_gain":0.0,"event_name":"Upgrade Shrine","player_choice":"Upgraded","floor":13.0,"gold_loss":0.0,"damage_taken":0.0,"cards_upgraded":["Eruption"]},{"damage_healed":0.0,"max_hp_gain":0.0,"max_hp_loss":0.0,"gold_gain":0.0,"event_name":"Ghosts","player_choice":"Ignored","floor":22.0,"gold_loss":0.0,"damage_taken":0.0},{"damage_healed":0,"gold_gain":0,"player_choice":"4 cards matched","damage_taken":0,"max_hp_gain":0,"max_hp_loss":0,"event_name":"Match and Keep!","floor":23,"gold_loss":0,"cards_obtained":["Devotion","ClearTheMind","ForeignInfluence","Flash of Steel"]},{"damage_healed":0,"gold_gain":0,"player_choice":"Fight","damage_taken":0,"max_hp_gain":0,"max_hp_loss":0,"event_name":"Mysterious Sphere","floor":39,"gold_loss":0}],"is_beta":false,"boss_relics":[{"not_picked":["Snecko Eye","HolyWater"],"picked":"SlaversCollar"},{"not_picked":["Astrolabe","Runic Pyramid"],"picked":"Black Star"}],"items_purged_floors":[],"is_endless":false,"potions_floor_spawned":[2,4,5,6,12,14,18,20,25,36],"killed_by":"2 Orb Walkers","ascension_level":7}}