{"host":"woah5shdh5xsovm3","time":1608502960,"event":{"mods":["BaseMod","BetterRewards","Downfall","Hermit","Hubris","Infinite Spire","Jorbs\u0027s Wanderer Trilogy","Koishi","Marisa????????","Minty Spire (QoL Compilation)","Remilia??????","Replay The Spire","Shop Mod","StSLib","SuperFastMode","The Animator","The Bug Knight","The Construct","The Cursed","The Disciple","The Hierophant","The Necromancer","The Poker Player","The Runesmith","The Servant 0.9.4"],"gold_per_floor":[113,130,130,140,140,140,140,172,172,191,191,204,204,224,224,224,224,224,224],"floor_reached":18,"playtime":306,"items_purged":[],"score":112,"play_id":"e91067ad-ff84-4a11-b3a0-6738989110c5","local_time":"20201220162240","is_ascension_mode":false,"campfire_choices":[{"floor":13,"key":"REST"},{"floor":15,"key":"REST"},{"floor":17,"key":"REST"}],"circlet_count":0,"master_deck":["HollowMod:NailStrikeStart","HollowMod:NailStrikeStart","HollowMod:NailStrikeStart+1","HollowMod:NailStrikeStart","HollowMod:QuickDashStart","HollowMod:QuickDashStart","HollowMod:QuickDashStart+1","HollowMod:QuickDashStart","HollowMod:FocusHealStart","HollowMod:PogoStrike","HollowMod:InfectedCysts","HollowMod:BrokenVessel","HollowMod:InfectedCysts","HollowMod:NewGlowingWomb","HollowMod:MawleksShell+1"],"relics":["HollowMod:VesselMask","NeowsBlessing","hubris:Towel","hubris:SphereOfDissonance","Onion Ring"],"acts_visited":["Exordium"],"potions_floor_usage":[18,18],"damage_taken":[{"damage":0,"enemies":"Small Slimes","floor":1,"turns":1},{"damage":0,"enemies":"Jaw Worm","floor":2,"turns":1},{"damage":0,"enemies":"2 Louse","floor":4,"turns":1},{"damage":28,"enemies":"3 Sentries","floor":8,"turns":3},{"damage":15,"enemies":"Red Slaver","floor":10,"turns":3},{"damage":12,"enemies":"2 Fungi Beasts","floor":12,"turns":2},{"damage":0,"enemies":"Large Slime","floor":14,"turns":2},{"damage":80,"enemies":"Hexaghost","floor":18,"turns":5}],"seed_played":"8745254151266008521","potions_obtained":[{"floor":1,"key":"SneckoOil"},{"floor":4,"key":"SteroidPotion"},{"floor":10,"key":"Energy Potion"}],"is_trial":false,"path_per_floor":["M","M","?","M","PTL","PTL","?","E","?","M","T","M","R","M","R","?","R","B"],"character_chosen":"THE_BUGKNIGHT","items_purchased":[],"campfire_rested":3,"item_purchase_floors":[],"current_hp_per_floor":[75,75,60,60,60,60,60,32,37,22,22,10,34,34,58,58,80,0,0],"gold":224,"neow_bonus":"THREE_ENEMY_KILL","is_daily":false,"chose_seed":false,"campfire_upgraded":0,"win_rate":0.0,"timestamp":1608502960,"path_taken":["M","M","?","M","PTL","PTL","?","E","?","?","T","M","R","M","R","?","R","BOSS"],"items_purchased_type":[],"build_version":"2020-12-13","purchased_purges":0,"victory":false,"max_hp_per_floor":[75,75,75,75,75,75,75,75,80,80,80,80,80,80,80,80,80,80,80],"card_choices":[{"not_picked":["HollowMod:MothsMistake","HollowMod:NewGlowingWomb"],"picked":"HollowMod:InfectedCysts","floor":1},{"not_picked":["HollowMod:LifebloodCocoon","HollowMod:SiblingsSouls"],"picked":"HollowMod:BrokenVessel","floor":2},{"not_picked":["HollowMod:QuirrelsAssistance","HollowMod:LifebloodCore"],"picked":"HollowMod:InfectedCysts","floor":4},{"not_picked":["HollowMod:HornetsHelp","HollowMod:NewJinnsSoul"],"picked":"HollowMod:NewGlowingWomb","floor":8},{"not_picked":["HollowMod:Grubsong","HollowMod:ShadowDash","HollowMod:PureNailStrike"],"picked":"SKIP","floor":10},{"not_picked":["HollowMod:ChannelNail","HollowMod:CornifersMapStart","HollowMod:VengefulVoid"],"picked":"SKIP","floor":12},{"not_picked":["HollowMod:CloakDash","HollowMod:LordofShades"],"picked":"HollowMod:MawleksShell","floor":14}],"player_experience":393170,"relics_obtained":[{"floor":8,"key":"hubris:SphereOfDissonance"},{"floor":11,"key":"Onion Ring"}],"event_choices":[{"damage_healed":0,"gold_gain":0,"player_choice":"Entered Light","damage_taken":15,"max_hp_gain":0,"max_hp_loss":0,"event_name":"Shining Light","floor":3,"gold_loss":0,"cards_upgraded":["HollowMod:NailStrikeStart","HollowMod:QuickDashStart"]},{"damage_healed":0,"gold_gain":0,"player_choice":"Donut","damage_taken":0,"max_hp_gain":5,"max_hp_loss":0,"event_name":"Big Fish","floor":9,"gold_loss":0},{"damage_healed":0,"gold_gain":0,"player_choice":"Grow","damage_taken":0,"max_hp_gain":0,"max_hp_loss":0,"event_name":"Living Wall","floor":16,"gold_loss":0,"cards_upgraded":["HollowMod:MawleksShell"]}],"is_beta":false,"boss_relics":[],"items_purged_floors":[],"is_endless":false,"potions_floor_spawned":[1,4,10],"killed_by":"Hexaghost","ascension_level":0}}