{"host":"y76clbnovzmw9ubx","time":1608482033,"event":{"mods":["AchievementEnabler","BaseMod","Minty Spire (QoL Compilation)","Permanent Neow","Relic Stats"],"gold_per_floor":[215,215,226,13,26,54,54,54,54,54,69,69,98,117,117,189,189,205,216,232,252,266,291,291,291,291],"floor_reached":25,"playtime":924,"items_purged":["Strike_R"],"score":470,"play_id":"9e7176ca-7399-4d32-8209-60e0b1d94498","local_time":"20201220113353","is_ascension_mode":true,"campfire_choices":[{"data":"Whirlwind","floor":7,"key":"SMITH"},{"data":"True Grit","floor":10,"key":"SMITH"},{"data":"Carnage","floor":12,"key":"SMITH"},{"data":"Immolate","floor":15,"key":"SMITH"},{"floor":24,"key":"REST"}],"circlet_count":0,"master_deck":["AscendersBane","Strike_R","Strike_R","Strike_R","Strike_R","Defend_R","Defend_R","Defend_R","Defend_R","Bash","Pommel Strike+1","Carnage+1","True Grit+1","Whirlwind+1","Metallicize","Burning Pact","Immolate+1","Fire Breathing","Demon Form","Second Wind","Juggernaut","Offering","Flame Barrier"],"relics":["Burning Blood","Self Forming Clay","Question Card","Thread and Needle","Mark of Pain","Potion Belt"],"acts_visited":["Exordium","TheCity"],"potions_floor_usage":[6,13,16,23,23,25],"damage_taken":[{"damage":15,"enemies":"Small Slimes","floor":1,"turns":5},{"damage":2,"enemies":"Jaw Worm","floor":3,"turns":5},{"damage":2,"enemies":"2 Louse","floor":5,"turns":3},{"damage":41,"enemies":"Lagavulin","floor":6,"turns":6},{"damage":4,"enemies":"2 Fungi Beasts","floor":11,"turns":3},{"damage":17,"enemies":"3 Sentries","floor":13,"turns":7},{"damage":0,"enemies":"3 Louse","floor":14,"turns":1},{"damage":39,"enemies":"Hexaghost","floor":16,"turns":8},{"damage":0,"enemies":"3 Byrds","floor":18,"turns":2},{"damage":8,"enemies":"2 Thieves","floor":19,"turns":3},{"damage":17,"enemies":"Snake Plant","floor":20,"turns":3},{"damage":39,"enemies":"Shelled Parasite and Fungi","floor":21,"turns":5},{"damage":6,"enemies":"3 Cultists","floor":22,"turns":3},{"damage":19,"enemies":"Slavers","floor":23,"turns":4},{"damage":34,"enemies":"Gremlin Leader","floor":25,"turns":2}],"seed_played":"-1380442418138676730","potions_obtained":[{"floor":1,"key":"Block Potion"},{"floor":6,"key":"ColorlessPotion"},{"floor":11,"key":"ElixirPotion"},{"floor":14,"key":"Strength Potion"},{"floor":16,"key":"Dexterity Potion"},{"floor":19,"key":"SteroidPotion"},{"floor":23,"key":"Energy Potion"}],"is_trial":false,"path_per_floor":["M","?","M","$","M","E","R","?","T","R","M","R","E","M","R","B",null,"M","M","M","M","M","E","R","E"],"character_chosen":"IRONCLAD","items_purchased":["Carnage","True Grit"],"campfire_rested":1,"item_purchase_floors":[4,4],"current_hp_per_floor":[59,59,63,63,67,32,32,57,57,57,59,59,48,54,54,21,62,68,66,55,22,22,9,31,0,0],"gold":291,"neow_bonus":"HUNDRED_GOLD","is_daily":false,"chose_seed":false,"campfire_upgraded":4,"win_rate":0.0,"timestamp":1608482033,"path_taken":["M","?","M","$","M","E","R","?","T","R","M","R","E","M","R","BOSS","M","M","M","M","M","E","R","E"],"items_purchased_type":["Card","Card"],"build_version":"2020-12-13","purchased_purges":1,"victory":false,"max_hp_per_floor":[75,75,75,75,75,75,75,75,75,75,75,75,75,75,75,75,75,75,75,75,75,75,75,75,75,75],"relic_stats":{"counters":[15,60],"Self Forming Clay":[78],"Question Card":10,"obtain_stats":[{"Potion Belt":23,"Self Forming Clay":6,"Thread and Needle":13,"Mark of Pain":17,"Question Card":9,"Burning Blood":0},{"Potion Belt":14,"Self Forming Clay":4,"Thread and Needle":6,"Mark of Pain":8,"Question Card":4,"Burning Blood":0},{"Potion Belt":58,"Self Forming Clay":19,"Thread and Needle":29,"Mark of Pain":38,"Question Card":19,"Burning Blood":0}],"Burning Blood":84},"card_choices":[{"not_picked":["Entrench","Thunderclap"],"picked":"Pommel Strike","floor":1},{"not_picked":["Clothesline","Sword Boomerang","Wild Strike"],"picked":"SKIP","floor":3},{"not_picked":["Infernal Blade","Perfected Strike"],"picked":"Whirlwind","floor":5},{"not_picked":["Sword Boomerang","Whirlwind"],"picked":"Metallicize","floor":6},{"not_picked":["Wild Strike","Carnage","Body Slam"],"picked":"Burning Pact","floor":11},{"not_picked":["Warcry","Clothesline","Infernal Blade"],"picked":"Immolate","floor":13},{"not_picked":["Heavy Blade","Havoc","Anger"],"picked":"Fire Breathing","floor":14},{"not_picked":["Double Tap","Offering","Bludgeon"],"picked":"Demon Form","floor":16},{"not_picked":["Armaments","Heavy Blade","Spot Weakness+1"],"picked":"Second Wind","floor":18},{"not_picked":["Sword Boomerang","Iron Wave","Havoc","Perfected Strike"],"picked":"SKIP","floor":19},{"not_picked":["Body Slam","Warcry","Dropkick"],"picked":"Juggernaut","floor":20},{"not_picked":["Flex","Sentinel","Wild Strike"],"picked":"Offering","floor":21},{"not_picked":["Warcry","Thunderclap","Anger","Body Slam"],"picked":"SKIP","floor":22},{"not_picked":["Uppercut+1","Flex","Fire Breathing"],"picked":"Flame Barrier","floor":23}],"player_experience":2924373,"relics_obtained":[{"floor":6,"key":"Self Forming Clay"},{"floor":9,"key":"Question Card"},{"floor":13,"key":"Thread and Needle"},{"floor":23,"key":"Potion Belt"}],"event_choices":[{"damage_healed":0,"gold_gain":0,"player_choice":"Grow","damage_taken":0,"max_hp_gain":0,"max_hp_loss":0,"event_name":"Living Wall","floor":2,"gold_loss":0,"cards_upgraded":["Pommel Strike"]},{"damage_healed":25,"gold_gain":0,"player_choice":"Banana","damage_taken":0,"max_hp_gain":0,"max_hp_loss":0,"event_name":"Big Fish","floor":8,"gold_loss":0}],"is_beta":false,"boss_relics":[{"not_picked":["Astrolabe","Calling Bell"],"picked":"Mark of Pain"}],"items_purged_floors":[4],"is_endless":false,"potions_floor_spawned":[1,6,11,14,16,19,23],"killed_by":"Gremlin Leader","ascension_level":20}}