{"host":"egyxg9lnjq7g2hmw","time":1608438007,"event":{"mods":["AchievementEnabler","BaseMod","Block Reminder","Colored Map","Colored Powertips","Highlight Path","Minty Spire (QoL Compilation)","Rare Cards Sparkle","StSLib"],"gold_per_floor":[119,130,130,155,80,111,128,128,128,128,148,148,174,59,59,59,59],"floor_reached":16,"playtime":472,"items_purged":["Strike_G"],"score":216,"play_id":"a5667762-d1b0-4faf-b989-d29e6fe28f21","local_time":"20201219202007","is_ascension_mode":true,"campfire_choices":[{"data":"Neutralize","floor":10.0,"key":"SMITH"},{"floor":12.0,"key":"REST"},{"floor":15.0,"key":"REST"}],"circlet_count":0,"master_deck":["AscendersBane","Strike_G","Strike_G","Strike_G","Defend_G","Defend_G","Defend_G","Defend_G","Defend_G","Survivor","Neutralize+1","Bane","Backstab","Terror","Bane","Flying Knee","Dagger Throw","Footwork"],"relics":["Ring of the Snake","Strawberry","Bag of Preparation","Omamori","Blue Candle","Letter Opener","PreservedInsect"],"acts_visited":["Exordium"],"potions_floor_usage":[16],"damage_taken":[{"damage":1.0,"enemies":"2 Louse","floor":1.0,"turns":3.0},{"damage":0.0,"enemies":"Jaw Worm","floor":2.0,"turns":6.0},{"damage":38.0,"enemies":"Gremlin Nob","floor":6.0,"turns":5.0},{"damage":1.0,"enemies":"Small Slimes","floor":7.0,"turns":3.0},{"damage":4.0,"enemies":"Looter","floor":11.0,"turns":3.0},{"damage":24.0,"enemies":"3 Sentries","floor":13.0,"turns":10.0},{"damage":40,"enemies":"Slime Boss","floor":16,"turns":7}],"seed_played":"2349043257300537928","potions_obtained":[{"floor":2.0,"key":"BlessingOfTheForge"},{"floor":7.0,"key":"FearPotion"}],"is_trial":false,"path_per_floor":["M","M","?","T","?","E","M","?","T","R","M","R","E","$","R","B"],"character_chosen":"THE_SILENT","items_purchased":["Footwork"],"campfire_rested":2,"item_purchase_floors":[14],"current_hp_per_floor":[64,64,60,60,60,22,21,21,21,21,17,40,16,16,39,0,0],"gold":59,"neow_bonus":"TEN_PERCENT_HP_BONUS","is_daily":false,"chose_seed":false,"campfire_upgraded":1,"win_rate":0.0,"timestamp":1608438007,"path_taken":["M","M","?","?","?","E","M","?","T","R","M","R","E","$","R","BOSS"],"items_purchased_type":["Card"],"build_version":"2020-12-13","purchased_purges":1,"victory":false,"max_hp_per_floor":[72,72,79,79,79,79,79,79,79,79,79,79,79,79,79,79,79],"card_choices":[{"not_picked":["All Out Attack","Accuracy"],"picked":"Bane","floor":1.0},{"not_picked":["Sucker Punch","Dodge and Roll"],"picked":"Backstab","floor":2.0},{"not_picked":["Deflect","Skewer"],"picked":"Terror","floor":6.0},{"not_picked":["Dodge and Roll","Slice"],"picked":"Bane","floor":7.0},{"not_picked":["Expertise","Dodge and Roll"],"picked":"Flying Knee","floor":11.0},{"not_picked":["Venomology","Calculated Gamble"],"picked":"Dagger Throw","floor":13.0}],"player_experience":541758,"relics_obtained":[{"floor":4.0,"key":"Bag of Preparation"},{"floor":6.0,"key":"Omamori"},{"floor":9.0,"key":"Letter Opener"},{"floor":13.0,"key":"PreservedInsect"}],"event_choices":[{"damage_healed":0.0,"max_hp_gain":0.0,"max_hp_loss":0.0,"gold_gain":0.0,"event_name":"Scrap Ooze","player_choice":"Success","floor":3.0,"gold_loss":0.0,"damage_taken":11.0,"relics_obtained":["Strawberry"]},{"cards_removed":["Strike_G"],"damage_healed":0.0,"max_hp_gain":0.0,"max_hp_loss":0.0,"gold_gain":0.0,"event_name":"The Cleric","player_choice":"Card Removal","floor":5.0,"gold_loss":75.0,"damage_taken":0.0},{"damage_healed":0.0,"max_hp_gain":0.0,"max_hp_loss":0.0,"gold_gain":0.0,"event_name":"Dead Adventurer","player_choice":"Searched \u00271\u0027 times","floor":8.0,"gold_loss":0.0,"damage_taken":0.0,"relics_obtained":["Blue Candle"]}],"is_beta":false,"boss_relics":[],"items_purged_floors":[14],"is_endless":false,"potions_floor_spawned":[2,7],"killed_by":"Slime Boss","ascension_level":20}}