{"host":"87fdiiwflhrwsj8a","time":1608492329,"event":{"mods":["Aspiration","BaseMod","Better Match","Better Third Choice","BetterRewards","Colored Map","Downfall","GifTheSpireLib","Infinite Spire","Minty Spire (QoL Compilation)","Relic Sorter","Replay The Spire","Robot Space Explorer","StSLib","Stuff the Spire","The Cursed"],"gold_per_floor":[111,128,128,128,94,94,124,124,148,480,67,83,83,102,102,206,206,221,221,221,235,247,273,273,304,328,360,375,388,388,487,487,587,587,600,600,600,600,229,255,255,255,302,314,349,367,377,392,392,392,392,392,37,66,66],"floor_reached":56,"playtime":2876,"items_purged":[],"score":2907,"play_id":"533398ff-2a49-4d01-b351-9229dd962a9d","local_time":"20201220142529","is_ascension_mode":true,"campfire_choices":[{"data":"TheCursedMod:Hemoplague","floor":6,"key":"SMITH"},{"floor":8,"key":"REST"},{"data":"TheCursedMod:SpitefulPray","floor":13,"key":"SMITH"},{"data":"TheCursedMod:CleanUpWorkshop","floor":15,"key":"SMITH"},{"data":"ReplayTheSpireMod:Haul","floor":24,"key":"SMITH"},{"floor":41,"key":"RECALL"},{"data":"TheCursedMod:VoidForm","floor":49,"key":"SMITH"},{"data":"TheCursedMod:VoidForm","floor":52,"key":"SMITH"}],"circlet_count":0,"master_deck":["AscendersBane","TheCursedMod:Strike_TheCursed+1","TheCursedMod:Strike_TheCursed","TheCursedMod:Strike_TheCursed","TheCursedMod:Defend_TheCursed","TheCursedMod:Defend_TheCursed","TheCursedMod:Defend_TheCursed","TheCursedMod:Defend_TheCursed","TheCursedMod:CursedWand","TheCursedMod:CleanUpWorkshop+1","TheCursedMod:Dregs","TheCursedMod:HellfireBreathing","TheCursedMod:RapidMovement","TheCursedMod:Stigma","TheCursedMod:Hemoplague+1","TheCursedMod:CursedAmulet","TheCursedMod:SmokeScreen+1","TheCursedMod:HellfireBreathing","TheCursedMod:SpitefulPray+1","TheCursedMod:RapidMovement","TheCursedMod:CursedShiv+1","TheCursedMod:CursedShiv","TheCursedMod:HellfireBreathing","TheCursedMod:CursedAmulet","TheCursedMod:CircleOfWindfury","TheCursedMod:CursedStaff","TheCursedMod:CircleOfAbyss+1","ReplayTheSpireMod:Haul+1","TheCursedMod:SpitefulPlan+1","TheCursedMod:CollectTribute+1","TheCursedMod:Hemoplague+1","Sickly","TheCursedMod:VitalStrike+1","TheCursedMod:Stigma+1","TheCursedMod:AshesToAshes","TheCursedMod:VoidForm+1","CurseOfTheBell","CommonCold","Sickly","TheCursedMod:CursedShiv+1","StuffTheSpire:CuriosityCurse","Hallucinations","Apotheosis","TheCursedMod:VoidForm+1","TheCursedMod:CursedBoomerang+1","TheCursedMod:CursedBoomerang+1","Writhe","Regret","TheCursedMod:ManaCirculation","TheCursedMod:Stigma+1","TheCursedMod:RapidMovement+1","TheCursedMod:FleshFromBone","TheCursedMod:TacticalStrike+1","TheCursedMod:CursedBlade+1","TheCursedMod:FleshFromBone","TheCursedMod:CursedBoomerang+1"],"relics":["TheCursedMod:BlackMagic101","Mango","Darkstone Periapt","infinitespire:Bottled Soul","ReplayTheSpireMod:Lightbulb","Old Coin","Iron Hammer","Cursed Key","TheCursedMod:BlackMagicAdvanced","aspiration:Legacy_Headhunter","Potion Belt","Molten Egg 2","Boot","Replay:Bottled Steam","Replay:Ancient Bell","Strawberry","Pear","StuffTheSpire:DarkSteelAnvil","Onion Ring","Ring of Hypnosis","infinitespire:Satchel","Orichalcum","Meat on the Bone","Replay:Rubber Ducky","Whetstone"],"acts_visited":["Exordium","TheCity","TheBeyond","TheEnding"],"potions_floor_usage":[50,54,55,55,55],"damage_taken":[{"damage":3,"enemies":"Cultist","floor":1,"turns":3},{"damage":8,"enemies":"Jaw Worm","floor":2,"turns":5},{"damage":14,"enemies":"3 Sentries","floor":7,"turns":6},{"damage":20,"enemies":"Gremlin Nob","floor":10,"turns":5},{"damage":0,"enemies":"Small Slimes","floor":12,"turns":3},{"damage":0,"enemies":"Looter","floor":14,"turns":4},{"damage":12,"enemies":"Fading Forest","floor":16,"turns":11},{"damage":9,"enemies":"3 Byrds","floor":18,"turns":4},{"damage":0,"enemies":"Shell Parasite","floor":21,"turns":2},{"damage":0,"enemies":"3 Cultists","floor":22,"turns":3},{"damage":4,"enemies":"Gremlin Leader","floor":23,"turns":4},{"damage":4,"enemies":"Slavers","floor":25,"turns":3},{"damage":10,"enemies":"Book of Stabbing","floor":27,"turns":3},{"damage":0,"enemies":"Centurion and Healer","floor":28,"turns":3},{"damage":0,"enemies":"Snake Plant","floor":29,"turns":2},{"damage":0,"enemies":"Collector","floor":33,"turns":5},{"damage":19,"enemies":"3 Shapes","floor":35,"turns":2},{"damage":0,"enemies":"Nemesis","floor":40,"turns":3},{"damage":0,"enemies":"Orb Walker","floor":44,"turns":1},{"damage":0,"enemies":"R_Hoarder","floor":45,"turns":4},{"damage":1,"enemies":"Transient","floor":46,"turns":4},{"damage":0,"enemies":"Writhing Mass","floor":47,"turns":2},{"damage":0,"enemies":"Spire Growth","floor":48,"turns":2},{"damage":0,"enemies":"infinitespire:MassOfShapes","floor":50,"turns":6},{"damage":0,"enemies":"Shield and Spear","floor":54,"turns":3},{"damage":8,"enemies":"The Heart","floor":55,"turns":5}],"seed_played":"1067725344495766320","potions_obtained":[{"floor":2,"key":"FearPotion"},{"floor":10,"key":"Milkshake"},{"floor":23,"key":"Explosive Potion"},{"floor":27,"key":"Venom Potion"}],"is_trial":false,"path_per_floor":["M","M","?","?","$","R","E","R","T","E","$","M","R","M","R","B",null,"M","?","AVR","M","M","E","R","E","T","E","M","M","$","?","R_BF","B",null,"M","?","?","?","$","E","R","?","T","M","E","M","M","M","R","B",null,"R","$","E","B",null],"character_chosen":"THE_CURSED","items_purchased":["TheCursedMod:HellfireBreathing","TheCursedMod:RapidMovement","TheCursedMod:HellfireBreathing","Iron Hammer","TheCursedMod:CursedShiv","TheCursedMod:HellfireBreathing","TheCursedMod:CursedAmulet","Apotheosis","TheCursedMod:VoidForm","TheCursedMod:CursedBoomerang+1","Replay:Rubber Ducky","TheCursedMod:TacticalStrike+1","DistilledChaos","TheCursedMod:CursedBlade+1","TheCursedMod:FleshFromBone"],"campfire_rested":1,"item_purchase_floors":[0,0,5,11,11,11,11,39,39,39,53,53,53,53,53],"current_hp_per_floor":[63,55,32,32,32,32,18,44,44,24,24,24,24,24,24,20,72,63,63,63,63,63,59,59,55,61,51,51,51,51,51,79,79,126,107,113,119,119,119,119,119,148,154,154,154,153,153,153,153,153,154,154,154,154,146],"gold":66,"neow_bonus":"","is_daily":false,"chose_seed":false,"campfire_upgraded":6,"win_rate":0.0,"timestamp":1608492329,"path_taken":["M","?","?","?","$","R","E","R","T","E","$","M","R","M","R","BOSS","M","?","AVR","?","M","E","R","E","T","E","M","M","$","?","R_BF","BOSS","M","?","?","?","$","E","R","?","T","M","E","M","M","M","R","BOSS","R","$","E","BOSS"],"items_purchased_type":["Card","Card","Card","Relic","Card","Card","Card","Card","Card","Card","Relic","Card","Potion","Card","Card"],"build_version":"2020-12-13","purchased_purges":0,"victory":true,"max_hp_per_floor":[89,89,89,89,89,89,89,89,89,89,89,89,89,89,89,89,89,89,89,89,89,89,89,89,89,95,95,95,95,95,95,95,95,130,130,136,142,142,142,142,142,148,154,154,154,154,154,154,154,154,154,154,154,154,154],"card_choices":[{"not_picked":["TheCursedMod:CursedSpellbook","TheCursedMod:SmokeScreen"],"picked":"TheCursedMod:Hemoplague","floor":1},{"not_picked":["TheCursedMod:CircleOfAmplification","TheCursedMod:Stretching"],"picked":"TheCursedMod:CursedAmulet","floor":2},{"not_picked":["TheCursedMod:Neurasthenia","TheCursedMod:SurpriseAttack"],"picked":"TheCursedMod:SpitefulPray","floor":7},{"not_picked":["TheCursedMod:CircleOfFlame","TheCursedMod:TroublousMinions"],"picked":"TheCursedMod:RapidMovement","floor":10},{"not_picked":["TheCursedMod:CursedBlade","TheCursedMod:FleshFromBone"],"picked":"TheCursedMod:CircleOfWindfury","floor":12},{"not_picked":["TheCursedMod:SpitefulStrike","TheCursedMod:Obscuration"],"picked":"TheCursedMod:CursedStaff","floor":14},{"not_picked":["TheCursedMod:CursedRelics","TheCursedMod:ShockAndAwe"],"picked":"TheCursedMod:CircleOfAbyss","floor":16},{"not_picked":["TheCursedMod:CircleOfFlame","TheCursedMod:Torture","TheCursedMod:RavingStaff"],"picked":"SKIP","floor":18},{"not_picked":["TheCursedMod:CursedAmulet","TheCursedMod:CursedShiv"],"picked":"TheCursedMod:SpitefulPlan+1","floor":21},{"not_picked":["TheCursedMod:CursedBlade","TheCursedMod:PrepareRite+1","TheCursedMod:Torture"],"picked":"SKIP","floor":22},{"not_picked":["TheCursedMod:Stretching","TheCursedMod:ManaBullet"],"picked":"TheCursedMod:CollectTribute","floor":23},{"not_picked":["TheCursedMod:StingEye+1","TheCursedMod:CursedStaff+1"],"picked":"TheCursedMod:Hemoplague+1","floor":25},{"not_picked":["TheCursedMod:RapidMovement","TheCursedMod:TacticalStrike+1"],"picked":"TheCursedMod:VitalStrike+1","floor":27},{"not_picked":["TheCursedMod:WearCloak","TheCursedMod:CursedSpellbook"],"picked":"TheCursedMod:Stigma+1","floor":28},{"not_picked":["TheCursedMod:SaltUponWound+1","TheCursedMod:DoubleShield"],"picked":"TheCursedMod:AshesToAshes","floor":29},{"not_picked":["TheCursedMod:DarkBarrier","TheCursedMod:AntiAging"],"picked":"TheCursedMod:VoidForm","floor":33},{"not_picked":["ReplayTheSpireMod:Restless Dread","hexamod:Haunted"],"picked":"CurseOfTheBell","floor":34},{"not_picked":["Doubt","Overencumbered"],"picked":"CommonCold","floor":34},{"not_picked":["Guardian:Aged","betterMatch:CurseCard"],"picked":"Sickly","floor":34},{"not_picked":["TheCursedMod:Wield+1","TheCursedMod:WearCloak"],"picked":"TheCursedMod:CursedShiv+1","floor":35},{"not_picked":["TheCursedMod:TroublousMinions","TheCursedMod:CursedBlade+1","TheCursedMod:RavingStaff+1"],"picked":"SKIP","floor":40},{"not_picked":["TheCursedMod:DoubleShield","TheCursedMod:ReleasedStrength"],"picked":"TheCursedMod:ManaCirculation","floor":44},{"not_picked":["TheCursedMod:CursedArmor","TheCursedMod:RapidMovement","TheCursedMod:Grudge+1"],"picked":"SKIP","floor":45},{"not_picked":["TheCursedMod:WearCloak","TheCursedMod:FuryStrike+1"],"picked":"TheCursedMod:Stigma+1","floor":46},{"not_picked":["TheCursedMod:BlessingInDisguise","TheCursedMod:BloodBarrier"],"picked":"TheCursedMod:RapidMovement+1","floor":47},{"not_picked":["TheCursedMod:Evocation","TheCursedMod:SpitefulStrike+1"],"picked":"TheCursedMod:FleshFromBone","floor":48},{"not_picked":["TheCursedMod:CircleOfFlame","TheCursedMod:EmpowerCircles+1"],"picked":"TheCursedMod:CursedBoomerang+1","floor":54}],"player_experience":2594814,"relics_obtained":[{"floor":7,"key":"ReplayTheSpireMod:Lightbulb"},{"floor":10,"key":"Old Coin"},{"floor":23,"key":"Potion Belt"},{"floor":25,"key":"Molten Egg 2"},{"floor":26,"key":"Boot"},{"floor":27,"key":"Replay:Bottled Steam"},{"floor":37,"key":"Ring of Hypnosis"},{"floor":40,"key":"infinitespire:Satchel"},{"floor":43,"key":"Orichalcum"},{"floor":45,"key":"Meat on the Bone"},{"floor":54,"key":"Whetstone"}],"event_choices":[{"damage_healed":0,"gold_gain":1,"player_choice":"Relic Relic ","damage_taken":23,"max_hp_gain":0,"max_hp_loss":0,"event_name":"betterThird:BetterScrap","floor":3,"gold_loss":0,"cards_obtained":["Chill"]},{"damage_healed":0,"gold_gain":0,"player_choice":"Upgraded","damage_taken":0,"max_hp_gain":0,"max_hp_loss":0,"event_name":"Upgrade Shrine","floor":19,"gold_loss":0,"cards_upgraded":["TheCursedMod:CircleOfAbyss"]},{"damage_healed":0,"gold_gain":99,"player_choice":"Steal","damage_taken":0,"max_hp_gain":0,"max_hp_loss":0,"event_name":"betterThird:BetterNest","floor":31,"gold_loss":0},{"damage_healed":0,"gold_gain":0,"player_choice":"Ignored","damage_taken":0,"max_hp_gain":0,"max_hp_loss":0,"event_name":"Tomb of Lord Red Mask","floor":38,"gold_loss":0},{"damage_healed":36,"gold_gain":0,"player_choice":"Writhe","damage_taken":0,"max_hp_gain":0,"max_hp_loss":0,"event_name":"Winding Halls","floor":42,"gold_loss":0,"cards_obtained":["Writhe"]}],"is_beta":false,"boss_relics":[{"not_picked":["Replay:Bronze Core","Philosopher\u0027s Stone"],"picked":"Cursed Key"},{"not_picked":["Runic Dome","aspiration:RitualDagger"],"picked":"Replay:Ancient Bell"},{"not_picked":["Replay:Baseball","Pet Ghost"],"picked":"Strawberry"},{"not_picked":["White Beast Statue","Gremlin Horn"],"picked":"Pear"},{"not_picked":["StoneCalendar","Shovel"],"picked":"StuffTheSpire:DarkSteelAnvil"}],"items_purged_floors":[],"is_endless":false,"potions_floor_spawned":[2,10,12,16,21,22,23,27,40,48],"ascension_level":12}}