{"host":"zuc5xqvlhed5q6ad","time":1608493448,"event":{"mods":["BaseMod","Block Reminder","Colored Powertips","Halation","Highlight Path","Mimic Mod","Minty Spire (QoL Compilation)","Permanent Neow","Practice Mode","Quick Restart","Spikes Relics","StSLib","UnlockEverythingMod"],"gold_per_floor":[112,112,66,66,15,15,40,40,40,50,66,66,107,130,130,240,240,255,12,12,12,12,26,26],"floor_reached":23,"playtime":1141,"items_purged":[],"score":210,"play_id":"e19c4019-71cc-4978-a91d-56d53afa439e","local_time":"20201220224408","is_ascension_mode":false,"campfire_choices":[{"data":"Vigilance","floor":6,"key":"SMITH"},{"floor":8,"key":"RECALL"},{"data":"CrushJoints","floor":12,"key":"SMITH"},{"data":"Prostrate","floor":15,"key":"SMITH"}],"circlet_count":0,"master_deck":["Strike_P","Strike_P","Strike_P","Strike_P","Defend_P","Defend_P","Defend_P","Defend_P","Eruption","Vigilance+1","Prostrate+1","Prostrate+1","CrushJoints+1","Halt","ReachHeaven","Shame","Writhe","FollowUp+1"],"relics":["PureWater","NeowsBlessing","halation:IllGainedPizza","Shuriken","Centennial Puzzle","SlaversCollar","Molten Egg 2","The Courier","Art of War"],"acts_visited":["Exordium","TheCity"],"potions_floor_usage":[16,18,18],"damage_taken":[{"damage":0,"enemies":"Small Slimes","floor":1,"turns":1},{"damage":0,"enemies":"3 Sentries","floor":7,"turns":2},{"damage":0,"enemies":"2 Louse","floor":10,"turns":2},{"damage":0,"enemies":"Jaw Worm","floor":11,"turns":4},{"damage":9,"enemies":"Red Slaver","floor":13,"turns":7},{"damage":0,"enemies":"Red Slaver","floor":14,"turns":4},{"damage":18,"enemies":"Hexaghost","floor":16,"turns":5},{"damage":14,"enemies":"2 Thieves","floor":18,"turns":5},{"damage":62,"enemies":"Book of Stabbing","floor":23,"turns":5}],"seed_played":"-1707219412792512666","potions_obtained":[{"floor":7,"key":"SpeedPotion"},{"floor":11,"key":"FearPotion"},{"floor":16,"key":"ColorlessPotion"}],"is_trial":false,"path_per_floor":["M","?","$","?","$","R","E","R","T","M","M","R","MIM","M","R","B",null,"M","$","?","?","?","E"],"character_chosen":"WATCHER","items_purchased":["Prostrate","AttackPotion","Molten Egg 2"],"campfire_rested":0,"item_purchase_floors":[3,5,19],"current_hp_per_floor":[72,72,72,72,72,72,72,72,72,72,72,72,63,63,63,45,72,58,58,58,58,58,0,0],"gold":26,"neow_bonus":"THREE_ENEMY_KILL","is_daily":false,"chose_seed":false,"campfire_upgraded":3,"win_rate":0.0,"timestamp":1608493448,"path_taken":["M","?","$","?","$","R","E","R","T","M","M","R","?","?","R","BOSS","M","$","?","?","?","E"],"items_purchased_type":["Card","Potion","Relic"],"build_version":"2020-12-13","purchased_purges":0,"victory":false,"max_hp_per_floor":[72,72,72,72,72,72,72,72,72,72,72,72,72,72,72,72,72,72,72,72,72,72,72,72],"card_choices":[{"not_picked":["Protect","FlurryOfBlows","EmptyBody"],"picked":"SKIP","floor":1},{"not_picked":["Adaptation","CrushJoints","Indignation"],"picked":"SKIP","floor":7},{"not_picked":["ThirdEye","LikeWater"],"picked":"Prostrate","floor":10},{"not_picked":["FlurryOfBlows","FlyingSleeves"],"picked":"CrushJoints","floor":11},{"not_picked":["EmptyBody","ForeignInfluence"],"picked":"Halt","floor":14},{"not_picked":["WaveOfTheHand","Conclude+1"],"picked":"ReachHeaven","floor":18}],"player_experience":130850,"relics_obtained":[{"floor":7,"key":"halation:IllGainedPizza"},{"floor":9,"key":"Shuriken"},{"floor":13,"key":"Centennial Puzzle"}],"event_choices":[{"damage_healed":0,"gold_gain":0,"player_choice":"Ignored","damage_taken":0,"max_hp_gain":0,"max_hp_loss":0,"event_name":"Shining Light","floor":2,"gold_loss":0},{"damage_healed":0,"gold_gain":0,"player_choice":"Grow","damage_taken":0,"max_hp_gain":0,"max_hp_loss":0,"event_name":"Living Wall","floor":4,"gold_loss":0,"cards_upgraded":["Prostrate"]},{"damage_healed":0,"gold_gain":0,"player_choice":"Stole Relic","damage_taken":0,"relics_obtained":["The Courier"],"max_hp_gain":0,"max_hp_loss":0,"event_name":"Addict","floor":20,"gold_loss":0,"cards_obtained":["Shame"]},{"damage_healed":0,"gold_gain":0,"player_choice":"Opened","damage_taken":0,"relics_obtained":["Art of War"],"max_hp_gain":0,"max_hp_loss":0,"event_name":"The Mausoleum","floor":21,"gold_loss":0,"cards_obtained":["Writhe"]},{"damage_healed":0,"gold_gain":0,"player_choice":"Read","damage_taken":0,"max_hp_gain":0,"max_hp_loss":0,"event_name":"The Library","floor":22,"gold_loss":0,"cards_obtained":["FollowUp"]}],"is_beta":false,"boss_relics":[{"not_picked":["CosmicIsotope","Empty Cage"],"picked":"SlaversCollar"}],"items_purged_floors":[],"is_endless":false,"potions_floor_spawned":[7,11,14,16],"killed_by":"Book of Stabbing","ascension_level":0}}