{"host":"4par9lyhj7bf4dsa","time":1608444621,"event":{"mods":["AchievementEnabler","BaseMod","Colored Map","Minty Spire (QoL Compilation)","Relic Stats","StSLib"],"gold_per_floor":[118,137,137,9,21,48,48,79,79,110,110,129,154,7,7,105,105,118,128,128,54,70,98,109,144,144,144,174,207,226,260,260,358,358,377,377,599,599,613,613,642,692,692,718,735,745,777,795,795,795,795,795,57,91,91,91],"floor_reached":55,"playtime":3794,"items_purged":["Defend_P","Strike_P+1"],"score":1556,"play_id":"f315fd90-a54a-452c-8b68-3885b5c50ed5","local_time":"20201220171021","is_ascension_mode":true,"campfire_choices":[{"floor":7,"key":"REST"},{"floor":15,"key":"REST"},{"floor":32,"key":"REST"},{"floor":40,"key":"REST"},{"floor":49,"key":"RECALL"},{"floor":52,"key":"REST"}],"circlet_count":0,"master_deck":["AscendersBane","Strike_P+1","Strike_P+1","Strike_P+1","Defend_P+1","Defend_P+1","Defend_P+1","Eruption","Vigilance","CutThroughFate+1","BowlingBash","ThirdEye+1","Halt+1","Tantrum+1","FlurryOfBlows+1","EmptyFist+1","MentalFortress","Halt+1","Sanctity+1","EmptyMind+1","WheelKick+1","Adaptation","Meditate+1","Decay","MentalFortress+1","Wireheading+1","DeusExMachina+1","Deep Breath+1","CrushJoints+1","TalkToTheHand+1","Wallop+1","SpiritShield+1","Wallop+1"],"relics":["Fusion Hammer","Toxic Egg 2","Centennial Puzzle","Vajra","Pantograph","Molten Egg 2","Ancient Tea Set","Medical Kit","Philosopher\u0027s Stone","HornCleat","Whetstone","Mummified Hand","Red Mask","Turnip","Boot","Runic Pyramid","Akabeko","Du-Vu Doll","Unceasing Top","StoneCalendar","FossilizedHelix","TheAbacus","White Beast Statue"],"acts_visited":["Exordium","TheCity","TheBeyond","TheEnding"],"potions_floor_usage":[12,13,16,19,23,31,31,47,50,55,55],"damage_taken":[{"damage":8,"enemies":"Small Slimes","floor":1,"turns":6},{"damage":0,"enemies":"Jaw Worm","floor":2,"turns":2},{"damage":0,"enemies":"2 Louse","floor":5,"turns":2},{"damage":42,"enemies":"Lagavulin","floor":6,"turns":11},{"damage":2,"enemies":"Gremlin Nob","floor":8,"turns":3},{"damage":0,"enemies":"3 Sentries","floor":10,"turns":3},{"damage":1,"enemies":"Looter","floor":12,"turns":2},{"damage":0,"enemies":"Gremlin Nob","floor":13,"turns":2},{"damage":15,"enemies":"The Guardian","floor":16,"turns":6},{"damage":0,"enemies":"Spheric Guardian","floor":18,"turns":1},{"damage":3,"enemies":"3 Byrds","floor":19,"turns":3},{"damage":0,"enemies":"3 Cultists","floor":22,"turns":3},{"damage":11,"enemies":"Book of Stabbing","floor":23,"turns":4},{"damage":0,"enemies":"Cultist and Chosen","floor":24,"turns":3},{"damage":28,"enemies":"Slavers","floor":25,"turns":4},{"damage":0,"enemies":"Masked Bandits","floor":28,"turns":2},{"damage":14,"enemies":"Book of Stabbing","floor":29,"turns":3},{"damage":0,"enemies":"Chosen and Byrds","floor":30,"turns":3},{"damage":3,"enemies":"Slavers","floor":31,"turns":2},{"damage":0,"enemies":"Automaton","floor":33,"turns":6},{"damage":7,"enemies":"3 Shapes","floor":35,"turns":2},{"damage":0,"enemies":"3 Darklings","floor":39,"turns":3},{"damage":0,"enemies":"Giant Head","floor":41,"turns":5},{"damage":2,"enemies":"Mind Bloom Boss Battle","floor":42,"turns":5},{"damage":0,"enemies":"Reptomancer","floor":44,"turns":2},{"damage":0,"enemies":"Spire Growth","floor":45,"turns":3},{"damage":0,"enemies":"Sphere and 2 Shapes","floor":46,"turns":2},{"damage":0,"enemies":"Nemesis","floor":47,"turns":5},{"damage":0,"enemies":"3 Darklings","floor":48,"turns":2},{"damage":18,"enemies":"Time Eater","floor":50,"turns":8},{"damage":14,"enemies":"Shield and Spear","floor":54,"turns":3},{"damage":80,"enemies":"The Heart","floor":55,"turns":6}],"seed_played":"7581349131016808273","potions_obtained":[{"floor":2,"key":"Fruit Juice"},{"floor":6,"key":"Weak Potion"},{"floor":12,"key":"Swift Potion"},{"floor":13,"key":"LiquidMemories"},{"floor":16,"key":"Ancient Potion"},{"floor":22,"key":"Swift Potion"},{"floor":24,"key":"SmokeBomb"},{"floor":29,"key":"PowerPotion"},{"floor":30,"key":"BottledMiracle"},{"floor":42,"key":"Swift Potion"},{"floor":46,"key":"SkillPotion"},{"floor":47,"key":"EssenceOfSteel"},{"floor":54,"key":"DistilledChaos"}],"is_trial":false,"path_per_floor":["M","M","?","$","M","E","R","E","T","E","?","M","E","$","R","B",null,"M","M","?","$","M","E","M","E","T","?","?","E","M","E","R","B",null,"M","?","?","?","M","R","E","?","T","E","M","M","E","M","R","B",null,"R","$","E","B"],"character_chosen":"WATCHER","items_purchased":["ThirdEye+1","Medical Kit","EmptyMind+1","SpiritShield+1","FossilizedHelix","TheAbacus","ColorlessPotion"],"campfire_rested":5,"item_purchase_floors":[4,14,21,53,53,53,53],"current_hp_per_floor":[57,57,54,54,54,12,33,31,31,31,31,35,35,35,58,62,73,73,70,70,70,70,59,59,31,31,31,31,17,17,14,37,62,73,66,66,66,66,66,73,73,71,71,71,71,71,71,71,71,55,69,73,73,59,0,0],"gold":91,"neow_bonus":"BOSS_RELIC","is_daily":false,"chose_seed":false,"campfire_upgraded":0,"win_rate":0.0,"timestamp":1608444621,"path_taken":["M","M","?","$","M","E","R","E","T","E","?","?","E","$","R","BOSS","M","M","?","$","M","E","M","E","T","?","?","E","M","E","R","BOSS","M","?","?","?","M","R","E","?","T","E","M","?","E","M","R","BOSS","R","$","E","BOSS"],"items_purchased_type":["Card","Relic","Card","Card","Relic","Relic","Potion"],"build_version":"2020-12-13","purchased_purges":2,"victory":false,"max_hp_per_floor":[72,72,72,72,72,72,72,72,72,72,72,77,77,77,77,77,77,77,77,77,77,77,77,77,77,77,77,77,77,77,77,77,77,77,77,73,73,73,73,73,73,73,73,73,73,73,73,73,73,73,73,73,73,73,73,73],"relic_stats":{"Centennial Puzzle":[39],"TheAbacus":[12],"counters":[32,117],"Mummified Hand":[45],"Pantograph":60,"StoneCalendar":[52],"Turnip":[2],"Whetstone":["FlurryOfBlows","CutThroughFate"],"Medical Kit":[2],"Boot":[40],"obtain_stats":[{"Vajra":8,"StoneCalendar":47,"Whetstone":25,"Ancient Tea Set":13,"Medical Kit":14,"Boot":31,"Akabeko":41,"White Beast Statue":54,"Du-Vu Doll":42,"Centennial Puzzle":6,"HornCleat":23,"TheAbacus":53,"Mummified Hand":26,"Pantograph":9,"Molten Egg 2":10,"Philosopher\u0027s Stone":17,"Fusion Hammer":0,"Turnip":29,"Red Mask":28,"PureWater":0,"Toxic Egg 2":3,"Unceasing Top":44,"FossilizedHelix":53,"Runic Pyramid":34},{"Vajra":5,"StoneCalendar":28,"Whetstone":15,"Ancient Tea Set":8,"Medical Kit":8,"Boot":19,"Akabeko":23,"White Beast Statue":31,"Du-Vu Doll":24,"Centennial Puzzle":4,"HornCleat":13,"TheAbacus":30,"Mummified Hand":15,"Pantograph":5,"Molten Egg 2":6,"Philosopher\u0027s Stone":9,"Fusion Hammer":0,"Turnip":17,"Red Mask":16,"PureWater":0,"Toxic Egg 2":2,"Unceasing Top":25,"FossilizedHelix":30,"Runic Pyramid":20},{"Vajra":24,"StoneCalendar":98,"Whetstone":55,"Ancient Tea Set":31,"Medical Kit":31,"Boot":65,"Akabeko":81,"White Beast Statue":111,"Du-Vu Doll":86,"Centennial Puzzle":21,"HornCleat":48,"TheAbacus":108,"Mummified Hand":55,"Pantograph":24,"Molten Egg 2":27,"Philosopher\u0027s Stone":37,"Fusion Hammer":0,"Turnip":60,"Red Mask":57,"PureWater":0,"Toxic Egg 2":8,"Unceasing Top":88,"FossilizedHelix":108,"Runic Pyramid":71}],"Unceasing Top":[0]},"card_choices":[{"not_picked":["ClearTheMind","DeceiveReality"],"picked":"CutThroughFate","floor":1},{"not_picked":["WindmillStrike","Wireheading"],"picked":"BowlingBash","floor":2},{"not_picked":["Evaluate+1","CutThroughFate"],"picked":"Halt+1","floor":5},{"not_picked":["Crescendo+1","Halt+1"],"picked":"Tantrum","floor":6},{"not_picked":["JustLucky","Ragnarok"],"picked":"FlurryOfBlows","floor":8},{"not_picked":["Protect+1","CutThroughFate+1"],"picked":"EmptyFist+1","floor":10},{"not_picked":["Evaluate+1","WreathOfFlame+1"],"picked":"MentalFortress","floor":12},{"not_picked":["ThirdEye+1","Consecrate+1","BowlingBash+1"],"picked":"SKIP","floor":13},{"not_picked":["Consecrate+1","EmptyFist+1"],"picked":"Halt+1","floor":18},{"not_picked":["EmptyFist+1","SandsOfTime+1"],"picked":"Sanctity+1","floor":19},{"not_picked":["Wireheading+1","FollowUp+1","SignatureMove+1"],"picked":"SKIP","floor":22},{"not_picked":["DevaForm","Prostrate+1"],"picked":"WheelKick+1","floor":23},{"not_picked":["WaveOfTheHand+1","EmptyFist+1"],"picked":"Adaptation","floor":24},{"not_picked":["Alpha+1","ThirdEye+1"],"picked":"Meditate+1","floor":25},{"not_picked":["Halt+1","EmptyFist+1","ClearTheMind+1"],"picked":"SKIP","floor":29},{"not_picked":["Pray+1","Swivel+1"],"picked":"MentalFortress+1","floor":30},{"not_picked":["Alpha+1","FollowUp+1"],"picked":"Wireheading+1","floor":31},{"not_picked":["LessonLearned+1","MasterReality"],"picked":"DeusExMachina+1","floor":33},{"not_picked":["Meditate+1","Prostrate+1","Crescendo+1"],"picked":"SKIP","floor":35},{"not_picked":["Magnetism","Purity+1"],"picked":"Deep Breath+1","floor":38},{"not_picked":["Weave+1","ForeignInfluence+1"],"picked":"CrushJoints+1","floor":39},{"not_picked":["JustLucky+1","Consecrate+1","FlyingSleeves+1"],"picked":"SKIP","floor":41},{"not_picked":["Wireheading","EmptyMind+1"],"picked":"TalkToTheHand+1","floor":44},{"not_picked":["Protect+1","PathToVictory+1","FollowUp+1"],"picked":"SKIP","floor":45},{"not_picked":["Crescendo+1","Prostrate+1"],"picked":"Wallop+1","floor":46},{"not_picked":["JustLucky+1","Swivel+1","FearNoEvil+1"],"picked":"SKIP","floor":47},{"not_picked":["Crescendo+1","FearNoEvil+1","BowlingBash+1"],"picked":"SKIP","floor":48},{"not_picked":["EmptyFist+1","ClearTheMind+1"],"picked":"Wallop+1","floor":54}],"player_experience":885048,"relics_obtained":[{"floor":6,"key":"Centennial Puzzle"},{"floor":8,"key":"Vajra"},{"floor":9,"key":"Pantograph"},{"floor":10,"key":"Molten Egg 2"},{"floor":13,"key":"Ancient Tea Set"},{"floor":23,"key":"HornCleat"},{"floor":25,"key":"Whetstone"},{"floor":26,"key":"Mummified Hand"},{"floor":28,"key":"Red Mask"},{"floor":29,"key":"Turnip"},{"floor":31,"key":"Boot"},{"floor":41,"key":"Akabeko"},{"floor":42,"key":"Du-Vu Doll"},{"floor":44,"key":"Unceasing Top"},{"floor":47,"key":"StoneCalendar"},{"floor":54,"key":"White Beast Statue"}],"event_choices":[{"damage_healed":0,"gold_gain":0,"player_choice":"Success","damage_taken":3,"relics_obtained":["Toxic Egg 2"],"max_hp_gain":0,"max_hp_loss":0,"event_name":"Scrap Ooze","floor":3,"gold_loss":0},{"damage_healed":0,"gold_gain":0,"player_choice":"Grow","damage_taken":0,"max_hp_gain":0,"max_hp_loss":0,"event_name":"Living Wall","floor":11,"gold_loss":0,"cards_upgraded":["Tantrum"]},{"damage_healed":0,"gold_gain":0,"player_choice":"Simplicity","damage_taken":0,"max_hp_gain":0,"max_hp_loss":0,"event_name":"Back to Basics","floor":20,"gold_loss":0,"cards_upgraded":["Strike_P","Strike_P","Strike_P","Strike_P","Defend_P","Defend_P","Defend_P"]},{"damage_healed":0,"gold_gain":0,"player_choice":"Smashed Altar","damage_taken":0,"max_hp_gain":0,"max_hp_loss":0,"event_name":"Forgotten Altar","floor":27,"gold_loss":0,"cards_obtained":["Decay"]},{"damage_healed":0,"gold_gain":0,"player_choice":"Fought Bandits","damage_taken":0,"max_hp_gain":0,"max_hp_loss":0,"event_name":"Masked Bandits","floor":28,"gold_loss":0},{"damage_healed":0,"gold_gain":0,"player_choice":"Max HP","damage_taken":0,"max_hp_gain":0,"max_hp_loss":4,"event_name":"Winding Halls","floor":36,"gold_loss":0},{"damage_healed":0,"gold_gain":222,"player_choice":"Wore Mask","damage_taken":0,"max_hp_gain":0,"max_hp_loss":0,"event_name":"Tomb of Lord Red Mask","floor":37,"gold_loss":0},{"damage_healed":0,"gold_gain":0,"player_choice":"Memory 1","damage_taken":0,"max_hp_gain":0,"max_hp_loss":0,"event_name":"SensoryStone","floor":38,"gold_loss":0},{"damage_healed":0,"gold_gain":0,"player_choice":"Fight","damage_taken":0,"max_hp_gain":0,"max_hp_loss":0,"event_name":"MindBloom","floor":42,"gold_loss":0}],"is_beta":false,"boss_relics":[{"not_picked":["SlaversCollar","Coffee Dripper"],"picked":"Philosopher\u0027s Stone"},{"not_picked":["Snecko Eye","Pandora\u0027s Box"],"picked":"Runic Pyramid"}],"items_purged_floors":[4,53],"is_endless":false,"potions_floor_spawned":[2,6,12,13,16,22,24,29,30,42,46,47,48,54],"killed_by":"The Heart","ascension_level":11}}