{"host":"abdxwahegzejqccj","time":1608438105,"event":{"mods":["BaseMod","Better Note","BetterRewards","Colored Powertips","Downfall","Hermit","Minty Spire (QoL Compilation)","Replay The Spire","StSLib","The Cursed","The Hierophant"],"gold_per_floor":[112,126,136,148,164,189,189,208,234,269,269,282,302,320,320,418,418,435,435,31,41,58,58,93,93,120,152,172,172,233,233,233,233,233],"floor_reached":33,"playtime":1717,"items_purged":[],"score":428,"play_id":"bc59f639-6ed1-4753-96d9-bdf2e86962e7","local_time":"20201220152145","is_ascension_mode":false,"campfire_choices":[{"data":"hermit:Maintenance","floor":7,"key":"SMITH"},{"data":"hermit:Glare","floor":11,"key":"SMITH"},{"data":"hermit:Quickdraw","floor":23,"key":"SMITH"},{"data":"hermit:DeadOrAlive","floor":25,"key":"SMITH"},{"data":"hermit:Dissolve","floor":29,"key":"SMITH"},{"data":"hermit:Spite","floor":32,"key":"SMITH"}],"circlet_count":0,"master_deck":["hermit:Strike_Hermit","hermit:Strike_Hermit","hermit:Strike_Hermit","hermit:Strike_Hermit","hermit:Defend_Hermit","hermit:Defend_Hermit","hermit:Defend_Hermit","hermit:Defend_Hermit","hermit:Snapshot","hermit:Covet","hermit:Horror","hermit:Vantage","hermit:Quickdraw","hermit:LowProfile","hermit:Quickdraw+1","hermit:Maintenance+1","hermit:Glare+1","hermit:Spite+1","hermit:Vantage","hermit:Desperado+1","hermit:ShadowCloak","hermit:DeadOrAlive+1","hermit:Dissolve+1","hermit:Determination+1","hermit:RoundhouseKick+1","hermit:Gestalt+1","hermit:Manifest+1"],"relics":["hermit:Momento","Torii","FossilizedHelix","Strawberry","Blood Vial","Busted Crown","Bag of Preparation","Bottled Flame","Bronze Scales","hermit:RyeStalk","Centennial Puzzle"],"acts_visited":["Exordium","TheCity"],"potions_floor_usage":[6,16,30,33],"damage_taken":[{"damage":1,"enemies":"Jaw Worm","floor":1,"turns":3},{"damage":0,"enemies":"Cultist","floor":2,"turns":3},{"damage":7,"enemies":"Small Slimes","floor":3,"turns":3},{"damage":1,"enemies":"Looter","floor":4,"turns":3},{"damage":1,"enemies":"Red Slaver","floor":5,"turns":4},{"damage":9,"enemies":"Gremlin Nob","floor":6,"turns":4},{"damage":8,"enemies":"Exordium Thugs","floor":8,"turns":4},{"damage":1,"enemies":"3 Sentries","floor":10,"turns":8},{"damage":0,"enemies":"Blue Slaver","floor":12,"turns":1},{"damage":0,"enemies":"Large Slime","floor":13,"turns":3},{"damage":6,"enemies":"Gremlin Gang","floor":14,"turns":4},{"damage":14,"enemies":"The Guardian","floor":16,"turns":12},{"damage":0,"enemies":"Spheric Guardian","floor":18,"turns":4},{"damage":1,"enemies":"Chosen","floor":21,"turns":4},{"damage":14,"enemies":"Shelled Parasite and Fungi","floor":22,"turns":5},{"damage":0,"enemies":"Gremlin Leader","floor":24,"turns":5},{"damage":2,"enemies":"Snake Plant","floor":27,"turns":3},{"damage":0,"enemies":"Snecko","floor":28,"turns":4},{"damage":15,"enemies":"Slavers","floor":30,"turns":4},{"damage":69,"enemies":"Automaton","floor":33,"turns":12}],"seed_played":"5982193412539605397","potions_obtained":[{"floor":1,"key":"SkillPotion"},{"floor":3,"key":"Adrenaline Potion"},{"floor":5,"key":"Weak Potion"},{"floor":10,"key":"Elixir"},{"floor":18,"key":"champ:CounterPotion"},{"floor":24,"key":"hermit:Tonic"},{"floor":28,"key":"LiquidBronze"}],"is_trial":false,"path_per_floor":["M","M","M","M","M","E","R","M","T","E","R","M","M","M","R","B",null,"M","?","$","M","M","R","E","R","T","M","M","R","E","?","R","B"],"character_chosen":"HERMIT","items_purchased":["Torii","hermit:Horror","Bag of Preparation","Bottled Flame"],"campfire_rested":0,"item_purchase_floors":[0,0,20,20],"current_hp_per_floor":[62,62,55,54,53,44,44,36,43,42,42,44,46,42,66,54,82,82,82,82,81,68,68,70,70,70,70,72,72,59,59,59,0,0],"gold":233,"neow_bonus":"","is_daily":false,"chose_seed":false,"campfire_upgraded":6,"win_rate":0.0,"timestamp":1608438105,"path_taken":["M","M","M","M","M","E","R","M","T","E","R","M","M","M","R","BOSS","M","?","$","M","M","R","E","R","T","M","M","R","E","?","R","BOSS"],"items_purchased_type":["Relic","Card","Relic","Relic"],"build_version":"2020-12-13","purchased_purges":0,"victory":false,"max_hp_per_floor":[75,75,75,75,75,75,75,75,82,82,82,82,82,82,82,82,82,82,82,82,82,82,82,82,82,82,82,82,82,82,82,82,82,82],"card_choices":[{"not_picked":["hermit:BigShot","hermit:WideOpen"],"picked":"hermit:Vantage","floor":1},{"not_picked":["hermit:BigShot","hermit:FullyLoaded"],"picked":"hermit:Quickdraw","floor":2},{"not_picked":["hermit:Roulette","hermit:Grudge"],"picked":"hermit:LowProfile","floor":3},{"not_picked":["hermit:Snipe","hermit:LoneWolf"],"picked":"hermit:Quickdraw","floor":4},{"not_picked":["hermit:Glare","hermit:Feint"],"picked":"hermit:Maintenance","floor":5},{"not_picked":["hermit:HeroicBravado","hermit:BodyArmor"],"picked":"hermit:Glare","floor":6},{"not_picked":["hermit:TakeCover","hermit:Combo"],"picked":"hermit:Spite","floor":8},{"not_picked":["hermit:Cheat","hermit:LowProfile"],"picked":"hermit:Vantage","floor":10},{"not_picked":["hermit:Quickdraw","hermit:Spite"],"picked":"hermit:Desperado","floor":12},{"not_picked":["hermit:TakeCover","hermit:Vantage"],"picked":"hermit:ShadowCloak","floor":13},{"not_picked":["hermit:SprayPray","hermit:BodyArmor"],"picked":"hermit:DeadOrAlive","floor":14},{"not_picked":["hermit:RoundhouseKick","hermit:FinalCanter"],"picked":"hermit:Dissolve","floor":16},{"not_picked":[],"picked":"hermit:Determination+1","floor":18},{"not_picked":["hermit:Spite"],"picked":"SKIP","floor":21},{"not_picked":["hermit:LowProfile+1"],"picked":"SKIP","floor":22},{"not_picked":["hermit:CursedWeapon"],"picked":"SKIP","floor":24},{"not_picked":[],"picked":"hermit:Gestalt+1","floor":27},{"not_picked":["hermit:LuckOfTheDraw"],"picked":"SKIP","floor":28},{"not_picked":[],"picked":"hermit:Manifest+1","floor":30}],"player_experience":381039,"relics_obtained":[{"floor":6,"key":"FossilizedHelix"},{"floor":9,"key":"Strawberry"},{"floor":10,"key":"Blood Vial"},{"floor":24,"key":"Bronze Scales"},{"floor":26,"key":"hermit:RyeStalk"},{"floor":30,"key":"Centennial Puzzle"}],"event_choices":[{"cards_removed":["hermit:Maintenance"],"damage_healed":0,"gold_gain":0,"player_choice":"Take \u0026 Give","damage_taken":0,"max_hp_gain":0,"max_hp_loss":0,"event_name":"betterNote:BetterNote","floor":19,"gold_loss":0,"cards_obtained":["hermit:RoundhouseKick"]},{"damage_healed":0,"gold_gain":0,"player_choice":"Ignored","damage_taken":0,"max_hp_gain":0,"max_hp_loss":0,"event_name":"Vampires","floor":31,"gold_loss":0}],"is_beta":false,"boss_relics":[{"not_picked":["Painkiller Herb","Astrolabe"],"picked":"Busted Crown"}],"items_purged_floors":[],"is_endless":false,"potions_floor_spawned":[1,3,5,10,13,18,22,24,28],"killed_by":"Automaton","ascension_level":0}}