{"host":"wonp23fsqqcu31ie","time":1608459955,"event":{"mods":["2.2 Compatiblity","AchievementEnabler","Aspiration","BaseMod","Bestiary","Better Altar","Better Match","Better Sensory Stone","Better Skull","Better Third Choice","BetterRewards","Block Reminder","Colored Map","Colored Powertips","Conspire","DeckTracker","Displayed Cursed Tome","Downfall","Hermit","Highlight Path","Hubris","Minty Spire (QoL Compilation)","Permanent Neow","Quick Restart","Rare Cards Sparkle","Relic Stats","Replay The Spire","Shade Mod","Shop Mod","StSLib","SuperFastMode","The Animator","The Cursed","The Dragon Tamer","The Gatherer","The Necromancer","The Runesmith","The Servant 0.9.4"],"gold_per_floor":[114,81,256,256,271,271,285,285,310,341,114,176,176,176,176,271,271,283,12,12,12,12,12,12,12],"floor_reached":24,"playtime":513,"items_purged":["Pain"],"score":207,"play_id":"344e9e38-8c64-4b31-ac33-8f29619e1ab4","local_time":"20201220212555","is_ascension_mode":true,"campfire_choices":[{"floor":6,"key":"REST"},{"floor":8,"key":"RECALL"},{"floor":13,"key":"REST"},{"data":"Eruption","floor":15,"key":"SMITH"},{"data":"Barrage","floor":23,"key":"SMITH"}],"circlet_count":0,"master_deck":["Strike_P","Strike_P","Strike_P","Strike_P","Defend_P","Defend_P","Defend_P","Defend_P","Eruption+1","Vigilance","Doubt","PathToVictory","FollowUp","Brilliance","CutThroughFate","Omniscience","Ball Lightning+1","Barrage+1"],"relics":["PureWater","aspiration:Nostalgia","Guardian:ModeShifter","betterThird:SlimedRelic","WarpedTongs","aspiration:ChemicalBlood","Pantograph","Lee\u0027s Waffle","hubris:Potato","Damaru","aspiration:DefectSkillbook","aspiration:SeaSaltIceCream","Ring of Chaos","hubris:BottledHeart"],"acts_visited":["Exordium","TheCity"],"potions_floor_usage":[10,10,12,16,24],"damage_taken":[{"damage":0,"enemies":"Small Slimes","floor":1,"turns":3},{"damage":10,"enemies":"Jaw Worm","floor":5,"turns":2},{"damage":7,"enemies":"Cultist","floor":7,"turns":4},{"damage":22,"enemies":"Lagavulin","floor":10,"turns":8},{"damage":20,"enemies":"3 Sentries","floor":12,"turns":7},{"damage":31,"enemies":"Fading Forest","floor":16,"turns":11},{"damage":12,"enemies":"Spheric Guardian","floor":18,"turns":3},{"damage":16,"enemies":"conspire:SneckoGhost","floor":24,"turns":3}],"seed_played":"-2094514599909274868","potions_obtained":[{"floor":5,"key":"Explosive Potion"},{"floor":7,"key":"SkillPotion"},{"floor":24,"key":"ColorlessPotion"}],"is_trial":false,"path_per_floor":["M","?","?","?","M","R","M","R","T","E","$","?","R","?","R","B",null,"M","$","T","?","$","R","E"],"character_chosen":"WATCHER","items_purchased":["Lee\u0027s Waffle","aspiration:SeaSaltIceCream","Barrage"],"campfire_rested":2,"item_purchase_floors":[11,19,19],"current_hp_per_floor":[72,61,61,61,51,72,65,65,65,43,79,59,79,79,79,72,79,67,67,67,1,1,1,0,0],"gold":12,"neow_bonus":"NOSTALGIA","is_daily":false,"chose_seed":false,"campfire_upgraded":2,"win_rate":0.0,"timestamp":1608459955,"path_taken":["M","?","?","?","?","R","M","R","T","E","$","?","R","?","R","BOSS","M","$","?","?","$","R","E"],"items_purchased_type":["Relic","Relic","Card"],"build_version":"2020-12-13","purchased_purges":1,"victory":false,"max_hp_per_floor":[72,72,72,72,72,72,72,72,72,72,79,79,79,79,79,79,79,79,79,79,1,1,1,1,1],"relic_stats":{"Lee\u0027s Waffle":36,"counters":[8,41],"Pantograph":0,"obtain_stats":[{"Lee\u0027s Waffle":11,"aspiration:Nostalgia":0,"Guardian:ModeShifter":0,"Damaru":14,"Ring of Chaos":19,"aspiration:SeaSaltIceCream":19,"WarpedTongs":4,"aspiration:DefectSkillbook":17,"hubris:BottledHeart":21,"betterThird:SlimedRelic":2,"Pantograph":10,"PureWater":0,"hubris:Potato":12,"aspiration:ChemicalBlood":9},{"Lee\u0027s Waffle":4,"aspiration:Nostalgia":0,"Guardian:ModeShifter":0,"Damaru":5,"Ring of Chaos":7,"aspiration:SeaSaltIceCream":7,"WarpedTongs":1,"aspiration:DefectSkillbook":6,"hubris:BottledHeart":7,"betterThird:SlimedRelic":1,"Pantograph":4,"PureWater":0,"hubris:Potato":5,"aspiration:ChemicalBlood":3},{"Lee\u0027s Waffle":17,"aspiration:Nostalgia":0,"Guardian:ModeShifter":0,"Damaru":24,"Ring of Chaos":38,"aspiration:SeaSaltIceCream":38,"WarpedTongs":3,"aspiration:DefectSkillbook":35,"hubris:BottledHeart":38,"betterThird:SlimedRelic":3,"Pantograph":17,"PureWater":0,"hubris:Potato":24,"aspiration:ChemicalBlood":9}],"WarpedTongs":[37]},"card_choices":[{"not_picked":["Evaluate","Replay:Anticipation","Vengeance"],"picked":"SKIP","floor":1},{"not_picked":["Consecrate","Indignation"],"picked":"PathToVictory","floor":5},{"not_picked":["CrushJoints","Replay:AtTheReady"],"picked":"FollowUp","floor":7},{"not_picked":["CutThroughFate","WaveOfTheHand"],"picked":"Brilliance","floor":10},{"not_picked":["EmptyFist","Vengeance"],"picked":"CutThroughFate","floor":12},{"not_picked":["Blasphemy","Vault"],"picked":"Omniscience","floor":16},{"not_picked":["Stack","Rebound","Conserve Battery"],"picked":"Ball Lightning+1","floor":18}],"player_experience":655927,"relics_obtained":[{"floor":9,"key":"aspiration:ChemicalBlood"},{"floor":10,"key":"Pantograph"},{"floor":12,"key":"hubris:Potato"}],"event_choices":[{"damage_healed":0,"gold_gain":0,"player_choice":"Slimed","damage_taken":11,"max_hp_gain":0,"max_hp_loss":0,"event_name":"betterThird:BetterGoop","floor":2,"gold_loss":33},{"damage_healed":0,"gold_gain":175,"player_choice":"AGREE","damage_taken":81,"max_hp_gain":0,"max_hp_loss":0,"event_name":"betterThird:BetterSerpent","floor":3,"gold_loss":0},{"damage_healed":0,"gold_gain":0,"player_choice":"Rummage","damage_taken":0,"relics_obtained":["WarpedTongs"],"max_hp_gain":0,"max_hp_loss":0,"event_name":"Accursed Blacksmith","floor":4,"gold_loss":0,"cards_obtained":["Pain"]},{"damage_healed":0,"gold_gain":0,"player_choice":"Searched \u00271\u0027 times","damage_taken":0,"max_hp_gain":0,"max_hp_loss":0,"event_name":"Dead Adventurer","floor":12,"gold_loss":0},{"damage_healed":0,"gold_gain":0,"player_choice":"Gave Potion","damage_taken":0,"relics_obtained":["Damaru"],"max_hp_gain":0,"max_hp_loss":0,"event_name":"WeMeetAgain","floor":14,"gold_loss":0}],"is_beta":false,"boss_relics":[{"not_picked":["Empty Cage","aspiration:RunicSpoon"],"picked":"aspiration:DefectSkillbook"}],"items_purged_floors":[11],"is_endless":false,"potions_floor_spawned":[5,7],"killed_by":"conspire:SneckoGhost","ascension_level":2}}