{"host":"mqhvlr3kpxebko0t","time":1608462623,"event":{"mods":["AchievementEnabler","BaseMod","Colored Map","Colored Powertips","Keyboard Shortcuts","Minty Spire (QoL Compilation)","StSLib","SuperFastMode"],"gold_per_floor":[115,131,131,56,75,75,45,45,71,88,108,122,122,45,45,45,45],"floor_reached":16,"playtime":240,"items_purged":["Defend_G"],"score":156,"play_id":"5d04df1f-7d36-4991-8399-9e23a6a9309f","local_time":"20201220201023","is_ascension_mode":true,"campfire_choices":[{"data":"Neutralize","floor":6,"key":"SMITH"},{"data":"Dagger Spray","floor":8,"key":"SMITH"},{"data":"Noxious Fumes","floor":13,"key":"SMITH"},{"data":"Prepared","floor":15,"key":"SMITH"}],"circlet_count":0,"master_deck":["AscendersBane","Strike_G","Strike_G","Strike_G","Defend_G","Defend_G","Defend_G","Defend_G","Survivor","Neutralize+1","Dagger Spray+1","Prepared+1","Masterful Stab","Noxious Fumes+1","Dash","Reflex"],"relics":["Ring of the Snake","Tiny Chest"],"acts_visited":["Exordium"],"potions_floor_usage":[],"damage_taken":[{"damage":2,"enemies":"Small Slimes","floor":1,"turns":6},{"damage":3,"enemies":"Jaw Worm","floor":2,"turns":3},{"damage":0,"enemies":"Cultist","floor":5,"turns":4},{"damage":0,"enemies":"Looter","floor":7,"turns":4},{"damage":0,"enemies":"Exordium Wildlife","floor":10,"turns":4},{"damage":4,"enemies":"Large Slime","floor":11,"turns":6},{"damage":0,"enemies":"Gremlin Gang","floor":12,"turns":5},{"damage":48,"enemies":"Slime Boss","floor":16,"turns":6}],"seed_played":"-6663585371436162660","potions_obtained":[{"floor":10,"key":"GamblersBrew"},{"floor":11,"key":"BlessingOfTheForge"},{"floor":12,"key":"Poison Potion"}],"is_trial":false,"path_per_floor":["M","M","?","$","M","R","M","R","T","M","M","M","R","$","R","B"],"character_chosen":"THE_SILENT","items_purchased":["Reflex"],"campfire_rested":0,"item_purchase_floors":[14],"current_hp_per_floor":[57,54,47,47,47,47,47,47,47,47,43,43,43,43,43,0,0],"gold":45,"neow_bonus":"REMOVE_CARD","is_daily":false,"chose_seed":false,"campfire_upgraded":4,"win_rate":0.0,"timestamp":1608462623,"path_taken":["M","M","?","$","M","R","M","R","T","M","M","M","R","$","R","BOSS"],"items_purchased_type":["Card"],"build_version":"2020-12-13","purchased_purges":1,"victory":false,"max_hp_per_floor":[66,66,66,66,66,66,66,66,66,66,66,66,66,66,66,66,66],"card_choices":[{"not_picked":["Flying Knee","Riddle With Holes"],"picked":"Dagger Spray","floor":1},{"not_picked":["Endless Agony","Skewer","Flying Knee"],"picked":"SKIP","floor":2},{"not_picked":["Acrobatics","Infinite Blades"],"picked":"Prepared","floor":5},{"not_picked":["Sucker Punch","Dagger Spray","Deflect"],"picked":"SKIP","floor":7},{"not_picked":["Backstab","Riddle With Holes"],"picked":"Masterful Stab","floor":10},{"not_picked":["Underhanded Strike","Outmaneuver"],"picked":"Noxious Fumes","floor":11},{"not_picked":["Prepared","Blade Dance"],"picked":"Dash","floor":12}],"player_experience":662400,"relics_obtained":[{"floor":9,"key":"Tiny Chest"}],"event_choices":[{"cards_removed":["Strike_G"],"damage_healed":0,"gold_gain":0,"player_choice":"Card Removal","damage_taken":7,"max_hp_gain":0,"max_hp_loss":0,"event_name":"Golden Wing","floor":3,"gold_loss":0}],"is_beta":false,"boss_relics":[],"items_purged_floors":[4],"is_endless":false,"potions_floor_spawned":[10,11,12],"killed_by":"Slime Boss","ascension_level":14}}