{"host":"cbu6enf2xtq4r7r3","time":1608462061,"event":{"mods":["2.2 Compatiblity","AlwaysNeverKeys","BaseMod","Better Altar","Better Match","Better Note","Better Sensory Stone","Better Skull","Better Third Choice","Colored Map","Colored Powertips","Defuse TimeMaze Blight","Emptier Cage","Minty Spire (QoL Compilation)","Permanent Neow","Quick Restart","Random Character Button","Relic Sorter","Reorder Act Four","Shop Mod","StSLib"],"gold_per_floor":[116,130,130,140,152,180,180,180,180,180,255,255,274,304,304,409,409,422,422,28,103,103,103,129,129,176,176,209,209,209,228,228,328,328,338,56,74,92,92,92,92,106,106],"floor_reached":42,"playtime":1287,"items_purged":["Strike_G","Defend_G"],"score":517,"play_id":"400f5b17-9683-4567-a1ea-10a460e8c0b7","local_time":"20201220120101","is_ascension_mode":false,"campfire_choices":[{"data":"Dagger Spray","floor":10,"key":"SMITH"},{"data":"Neutralize","floor":12,"key":"SMITH"},{"data":"Deadly Poison","floor":15,"key":"SMITH"},{"data":"Noxious Fumes","floor":23,"key":"SMITH"},{"data":"Bandage Up","floor":25,"key":"SMITH"},{"data":"Survivor","floor":29,"key":"SMITH"},{"data":"Caltrops","floor":32,"key":"SMITH"},{"data":"Dodge and Roll","floor":41,"key":"SMITH"}],"circlet_count":0,"master_deck":["Defend_G","Defend_G","Survivor+1","Neutralize+1","Dagger Throw","Dagger Spray+1","Dagger Throw","Quick Slash+1","Deadly Poison+1","After Image","CurseOfTheBell","Dagger Spray+1","Noxious Fumes+1","Bandage Up+1","Backstab+1","Deadly Poison+1","Caltrops+1","PiercingWail","Leg Sweep","Dodge and Roll+1","Envenom","Night Terror"],"relics":["Cursed Key","Art of War","Bag of Marbles","Juzu Bracelet","Boot","Calling Bell","Toy Ornithopter","Gremlin Horn","Tough Bandages","Omamori","Molten Egg 2","Vajra","Calipers","Empty Cage","Medical Kit"],"acts_visited":["Exordium","TheCity","TheBeyond"],"potions_floor_usage":[6,16,28,31,33,33],"damage_taken":[{"damage":0,"enemies":"2 Louse","floor":1,"turns":3},{"damage":0,"enemies":"Jaw Worm","floor":2,"turns":3},{"damage":0,"enemies":"Small Slimes","floor":4,"turns":2},{"damage":0,"enemies":"Looter","floor":5,"turns":3},{"damage":17,"enemies":"Gremlin Nob","floor":6,"turns":4},{"damage":0,"enemies":"Exordium Wildlife","floor":13,"turns":1},{"damage":2,"enemies":"3 Sentries","floor":14,"turns":6},{"damage":0,"enemies":"Hexaghost","floor":16,"turns":8},{"damage":1,"enemies":"2 Thieves","floor":18,"turns":3},{"damage":4,"enemies":"Slavers","floor":24,"turns":3},{"damage":9,"enemies":"Book of Stabbing","floor":28,"turns":5},{"damage":0,"enemies":"3 Byrds","floor":31,"turns":3},{"damage":33,"enemies":"Automaton","floor":33,"turns":8},{"damage":0,"enemies":"3 Darklings","floor":35,"turns":1},{"damage":0,"enemies":"Orb Walker","floor":37,"turns":3},{"damage":14,"enemies":"Transient","floor":38,"turns":5},{"damage":0,"enemies":"4 Shapes","floor":42,"turns":1}],"seed_played":"-6218930278304952015","potions_obtained":[{"floor":2,"key":"Dexterity Potion"},{"floor":4,"key":"Swift Potion"},{"floor":16,"key":"Weak Potion"},{"floor":24,"key":"LiquidBronze"},{"floor":30,"key":"EssenceOfSteel"},{"floor":30,"key":"Swift Potion"},{"floor":31,"key":"DuplicationPotion"},{"floor":35,"key":"Regen Potion"}],"is_trial":false,"path_per_floor":["M","M","?","M","M","E","?","?","T","R","?","R","M","E","R","B",null,"M","?","$","?","?","R","E","R","T","?","E","R","?","M","R","B",null,"M","$","M","M","?","$","R","M"],"character_chosen":"THE_SILENT","items_purchased":["Noxious Fumes","Omamori","Bandage Up","Medical Kit","Leg Sweep"],"campfire_rested":0,"item_purchase_floors":[20,20,20,36,36],"current_hp_per_floor":[70,70,58,58,58,41,41,41,41,41,30,30,30,28,28,28,70,69,69,69,62,62,62,62,62,62,62,64,64,64,70,70,44,70,70,70,70,62,62,62,62,68,68],"gold":106,"neow_bonus":"BOSS_RELIC","is_daily":false,"chose_seed":false,"campfire_upgraded":8,"win_rate":0.0,"timestamp":1608462061,"path_taken":["M","M","?","M","M","E","?","?","T","R","?","R","M","E","R","BOSS","M","?","$","?","?","R","E","R","T","?","E","R","?","M","R","BOSS","M","$","M","M","?","?","R","M"],"items_purchased_type":["Card","Relic","Card","Relic","Card"],"build_version":"2020-12-13","purchased_purges":2,"victory":false,"max_hp_per_floor":[70,70,70,70,70,70,70,70,70,70,70,70,70,70,70,70,70,70,70,70,70,70,70,70,70,70,70,70,70,70,70,70,70,70,70,70,70,70,70,70,70,70,70],"card_choices":[{"not_picked":["Blade Dance","All Out Attack"],"picked":"Dagger Throw","floor":1},{"not_picked":["Acrobatics","Infinite Blades"],"picked":"Dagger Spray","floor":2},{"not_picked":["Well Laid Plans","Prepared","Blade Dance"],"picked":"SKIP","floor":4},{"not_picked":["Blade Dance","Wraith Form v2"],"picked":"Dagger Throw","floor":5},{"not_picked":["Slice","All Out Attack"],"picked":"Quick Slash","floor":6},{"not_picked":["Poisoned Stab","Flying Knee","Eviscerate"],"picked":"SKIP","floor":13},{"not_picked":["Cloak And Dagger","Flying Knee"],"picked":"Deadly Poison","floor":14},{"not_picked":["Unload","Die Die Die"],"picked":"After Image","floor":16},{"not_picked":["Dagger Throw","Setup"],"picked":"Dagger Spray+1","floor":18},{"not_picked":["Accuracy","Tools of the Trade","Flying Knee+1"],"picked":"SKIP","floor":24},{"not_picked":["Heel Hook+1","Distraction+1"],"picked":"Deadly Poison+1","floor":28},{"not_picked":["Terror","Backstab+1"],"picked":"Caltrops","floor":31},{"not_picked":["Dagger Spray+1","Prepared"],"picked":"PiercingWail","floor":35},{"not_picked":["Expertise+1","Tactician+1"],"picked":"Dodge and Roll","floor":37},{"not_picked":["Bane+1","Dagger Throw+1","Dagger Spray+1"],"picked":"SKIP","floor":38},{"not_picked":["PiercingWail","Catalyst"],"picked":"Night Terror","floor":42}],"player_experience":47872,"relics_obtained":[{"floor":6,"key":"Bag of Marbles"},{"floor":14,"key":"Boot"},{"floor":17,"key":"Toy Ornithopter"},{"floor":17,"key":"Gremlin Horn"},{"floor":17,"key":"Tough Bandages"},{"floor":24,"key":"Molten Egg 2"},{"floor":26,"key":"Vajra"},{"floor":28,"key":"Calipers"}],"event_choices":[{"damage_healed":0,"gold_gain":0,"player_choice":"Relic ","damage_taken":12,"max_hp_gain":0,"max_hp_loss":0,"event_name":"betterThird:BetterScrap","floor":3,"gold_loss":0,"cards_obtained":["Rip and Tear"]},{"damage_healed":0,"gold_gain":0,"player_choice":"Searched \u00271\u0027 times","damage_taken":0,"relics_obtained":["Juzu Bracelet"],"max_hp_gain":0,"max_hp_loss":0,"event_name":"Dead Adventurer","floor":7,"gold_loss":0},{"cards_removed":["Strike_G"],"damage_healed":0,"gold_gain":0,"player_choice":"Forget","damage_taken":0,"max_hp_gain":0,"max_hp_loss":0,"event_name":"Living Wall","floor":8,"gold_loss":0},{"damage_healed":0,"gold_gain":75,"player_choice":"Gold","damage_taken":11,"max_hp_gain":0,"max_hp_loss":0,"event_name":"betterThird:BetterGoop","floor":11,"gold_loss":0},{"damage_healed":0,"gold_gain":0,"player_choice":"Upgraded","damage_taken":0,"max_hp_gain":0,"max_hp_loss":0,"event_name":"Upgrade Shrine","floor":19,"gold_loss":0,"cards_upgraded":["Quick Slash"]},{"damage_healed":0,"gold_gain":75,"player_choice":"Touch","damage_taken":7,"max_hp_gain":0,"max_hp_loss":0,"event_name":"FaceTrader","floor":21,"gold_loss":0},{"cards_removed":["Neutralize"],"damage_healed":0,"gold_gain":0,"player_choice":"Take \u0026 Give","damage_taken":0,"max_hp_gain":0,"max_hp_loss":0,"event_name":"betterNote:BetterNote","floor":22,"gold_loss":0,"cards_obtained":["Backstab"]},{"cards_removed":["Strike_G"],"damage_healed":0,"gold_gain":0,"player_choice":"Offered Basic","damage_taken":0,"max_hp_gain":0,"max_hp_loss":0,"event_name":"Bonfire Elementals","floor":27,"gold_loss":0},{"damage_healed":0,"gold_gain":0,"player_choice":"Got Potions","damage_taken":0,"max_hp_gain":0,"max_hp_loss":0,"event_name":"Lab","floor":30,"gold_loss":0},{"damage_healed":0,"gold_gain":0,"cards_transformed":["Defend_G"],"player_choice":"Transformed","damage_taken":0,"max_hp_gain":0,"max_hp_loss":0,"event_name":"Transmorgrifier","floor":39,"gold_loss":0,"cards_obtained":["Envenom"]}],"is_beta":false,"boss_relics":[{"not_picked":["Busted Crown","Snecko Eye"],"picked":"Calling Bell"},{"not_picked":["Runic Pyramid","Sozu"],"picked":"Empty Cage"}],"items_purged_floors":[20,36],"is_endless":false,"potions_floor_spawned":[2,4,16,24,31,35],"killed_by":"4 Shapes","ascension_level":0}}