{"host":"04aht2z7d1qbuefv","time":1608504660,"event":{"mods":["AchievementEnabler","BaseMod","Downfall","Minty Spire (QoL Compilation)","StSLib","The Cursed","The Necromancer"],"gold_per_floor":[111,141,170,209,60,75,100,100,125,125,135,152,137,156,166,270,270,270,15,115,115,115],"floor_reached":21,"playtime":1209,"items_purged":["Slimebound:Strike_Slimebound"],"score":189,"play_id":"89496a86-a9ed-4802-9e59-4965fdb88dbe","local_time":"20201220195100","is_ascension_mode":false,"campfire_choices":[{"floor":1,"key":"RECALL"},{"data":"Slimebound:MassFeed","floor":8,"key":"SMITH"},{"data":"Slimebound:FirmFortitude","floor":10,"key":"SMITH"},{"data":"Slimebound:DuplicatedForm","floor":18,"key":"SMITH"}],"circlet_count":0,"master_deck":["Slimebound:Strike_Slimebound","Slimebound:Strike_Slimebound","Slimebound:Tackle","Slimebound:Defend_Slimebound","Slimebound:Defend_Slimebound","Slimebound:Defend_Slimebound","Slimebound:Defend_Slimebound","Slimebound:Split","Slimebound:CorrosiveSpit","Slimebound:SplitMire","Slimebound:SplitMire","Slimebound:Nibble","Slimebound:RejuvenatingLick","Slimebound:MassFeed+1","Slimebound:FirmFortitude+1","Slimebound:LevelUp","Slimebound:FirmFortitude","Slimebound:HauntingLick","Slimebound:RallyTheTroops","Slimebound:DuplicatedForm+1","Slimebound:MegaLick","Slimebound:Gluttony+1"],"relics":["Slimebound:AbsorbEndCombat","MawBank","MealTicket","Membership Card","Eternal Feather","Slimebound:TarBlob","White Beast Statue","Toolbox","Calipers","Bottled Tornado"],"acts_visited":["Exordium","TheCity"],"potions_floor_usage":[4,9,9,21],"damage_taken":[{"damage":11,"enemies":"Cultist","floor":2,"turns":4},{"damage":13,"enemies":"Small Slimes","floor":3,"turns":4},{"damage":48,"enemies":"Gremlin Nob","floor":4,"turns":4},{"damage":15,"enemies":"downfall:FleeingMerchant","floor":5,"turns":4},{"damage":15,"enemies":"Jaw Worm","floor":6,"turns":3},{"damage":11,"enemies":"Lagavulin","floor":9,"turns":2},{"damage":5,"enemies":"3 Louse","floor":11,"turns":2},{"damage":24,"enemies":"Exordium Wildlife","floor":12,"turns":5},{"damage":9,"enemies":"downfall:FleeingMerchant","floor":13,"turns":4},{"damage":0,"enemies":"Large Slime","floor":14,"turns":5},{"damage":13,"enemies":"Blue Slaver","floor":15,"turns":4},{"damage":43,"enemies":"downfall:Watcher","floor":16,"turns":9},{"damage":26,"enemies":"downfall:FleeingMerchant","floor":19,"turns":4},{"damage":48,"enemies":"Colosseum Nobs","floor":20,"turns":4},{"damage":54,"enemies":"Slavers","floor":21,"turns":2}],"seed_played":"-6979231897530049715","potions_obtained":[{"floor":3,"key":"DuplicationPotion"},{"floor":4,"key":"SteroidPotion"},{"floor":6,"key":"Slimebound:ThreeZeroPotion"},{"floor":15,"key":"FearPotion"},{"floor":16,"key":"SneckoOil"},{"floor":20,"key":"Energy Potion"}],"is_trial":false,"path_per_floor":["R","M","M","E","$","M","T","R","E","R","M","M","$","M","M","B",null,"R","$","?","E"],"character_chosen":"SLIMEBOUND","items_purchased":["Membership Card","White Beast Statue","Toolbox"],"campfire_rested":0,"item_purchase_floors":[5,19,19],"current_hp_per_floor":[60,57,56,26,44,49,49,49,58,60,63,53,68,68,63,30,68,68,68,44,0,0],"gold":115,"neow_bonus":"RANDOM_COMMON_RELIC","is_daily":false,"chose_seed":false,"campfire_upgraded":3,"win_rate":0.0,"timestamp":1608504660,"path_taken":["R","M","M","E","$","M","T","R","E","R","M","?","$","M","M","BOSS","R","$","?","E"],"items_purchased_type":["Relic","Relic","Relic"],"build_version":"2020-12-13","purchased_purges":1,"victory":false,"max_hp_per_floor":[60,60,60,60,60,60,60,60,60,60,68,68,68,68,68,68,68,68,68,72,72,72],"card_choices":[{"not_picked":["Slimebound:SamplingLick","Slimebound:MegaLick"],"picked":"Slimebound:SplitMire","floor":2},{"not_picked":["Slimebound:GrowthPunch","Slimebound:ServeAndProtect"],"picked":"Slimebound:SplitMire","floor":3},{"not_picked":["Slimebound:GrowthPunch","Slimebound:SplitLeeching"],"picked":"Slimebound:Nibble","floor":4},{"not_picked":["Slimebound:Schlurp","Slimebound:SplitMire"],"picked":"Slimebound:RejuvenatingLick","floor":5},{"not_picked":["Slimebound:GrowthPunch","Slimebound:SplitBruiser"],"picked":"Slimebound:MassFeed","floor":6},{"not_picked":["Slimebound:GoopSpray","Slimebound:LeechEnergy"],"picked":"Slimebound:FirmFortitude","floor":9},{"not_picked":["Slimebound:ServeAndProtect","Slimebound:FinishingTackle"],"picked":"Slimebound:LevelUp","floor":11},{"not_picked":["Slimebound:SamplingLick","Slimebound:Schlurp"],"picked":"Slimebound:FirmFortitude","floor":12},{"not_picked":["Slimebound:ForwardTackle","Slimebound:PressTheAttack","Slimebound:SplitBruiser"],"picked":"SKIP","floor":13},{"not_picked":["Slimebound:DivideAndConquer","Slimebound:Nibble"],"picked":"Slimebound:HauntingLick","floor":14},{"not_picked":["Slimebound:RainOfGoop","Slimebound:Equalize"],"picked":"Slimebound:RallyTheTroops","floor":15},{"not_picked":["Slimebound:RallyTheTroops","Slimebound:PrepareCrush"],"picked":"Slimebound:DuplicatedForm","floor":16},{"not_picked":["Slimebound:GrowthPunch","Slimebound:SlimeTap"],"picked":"Slimebound:MegaLick","floor":19},{"not_picked":["Slimebound:ViciousTackle+1","Slimebound:SplitBruiser"],"picked":"Slimebound:Gluttony+1","floor":20}],"player_experience":142393,"relics_obtained":[{"floor":4,"key":"MealTicket"},{"floor":9,"key":"Eternal Feather"},{"floor":20,"key":"Calipers"},{"floor":20,"key":"Bottled Tornado"}],"event_choices":[],"is_beta":false,"boss_relics":[{"not_picked":["Snecko Eye","Pandora\u0027s Box"],"picked":"Slimebound:TarBlob"}],"items_purged_floors":[19],"is_endless":false,"potions_floor_spawned":[3,4,6,15,16,20],"killed_by":"Slavers","ascension_level":0}}