{"host":"8l1xuphorofpdxlv","time":1608472576,"event":{"mods":["AchievementEnabler","BaseMod","DeckTracker","Minty Spire (QoL Compilation)","Quick Restart","SuperFastMode"],"gold_per_floor":[114,132,132,18,18,18,30,30,30,49,66,66,66,99,99,199,199,215,228,239,2,202,202,202,202],"floor_reached":24,"playtime":1055,"items_purged":["Strike_G","Strike_G"],"score":216,"play_id":"13db7da4-fe48-43a2-b493-24b1e9aa7d71","local_time":"20201220225616","is_ascension_mode":true,"campfire_choices":[{"data":"Magnetism","floor":6,"key":"SMITH"},{"data":"Dagger Spray","floor":8,"key":"SMITH"},{"data":"Prepared","floor":15,"key":"SMITH"},{"data":"Venomology","floor":23,"key":"SMITH"}],"circlet_count":0,"master_deck":["Strike_G","Defend_G","Defend_G","Defend_G","Defend_G","Defend_G","Survivor","Neutralize","Magnetism+1","Acrobatics","Crippling Poison","Infinite Blades","Dagger Spray+1","Footwork","Prepared+1","Venomology+1","Backflip","Noxious Fumes","Blade Dance","Corpse Explosion"],"relics":["Ring of the Snake","Bird Faced Urn","Ninja Scroll","SlaversCollar"],"acts_visited":["Exordium","TheCity"],"potions_floor_usage":[18,20,20,20,20],"damage_taken":[{"damage":8,"enemies":"Small Slimes","floor":1,"turns":4},{"damage":2,"enemies":"2 Louse","floor":2,"turns":3},{"damage":0,"enemies":"Cultist","floor":7,"turns":4},{"damage":2,"enemies":"Exordium Wildlife","floor":10,"turns":3},{"damage":0,"enemies":"3 Louse","floor":11,"turns":2},{"damage":0,"enemies":"Large Slime","floor":14,"turns":4},{"damage":23,"enemies":"The Guardian","floor":16,"turns":12},{"damage":3,"enemies":"3 Byrds","floor":18,"turns":5},{"damage":9,"enemies":"Spheric Guardian","floor":19,"turns":10},{"damage":22,"enemies":"Shelled Parasite and Fungi","floor":20,"turns":8},{"damage":57,"enemies":"Cultist and Chosen","floor":24,"turns":6}],"seed_played":"-2005491019345241272","potions_obtained":[{"floor":1,"key":"BlessingOfTheForge"},{"floor":7,"key":"SkillPotion"},{"floor":14,"key":"LiquidBronze"},{"floor":16,"key":"GamblersBrew"},{"floor":18,"key":"DuplicationPotion"}],"is_trial":false,"path_per_floor":["M","M","?","$","?","R","M","R","T","M","M","T","?","M","R","B",null,"M","M","M","$","?","R","M"],"character_chosen":"THE_SILENT","items_purchased":["Infinite Blades","Corpse Explosion"],"campfire_rested":0,"item_purchase_floors":[4,21],"current_hp_per_floor":[55,53,46,46,46,46,46,46,46,46,48,48,48,52,52,39,63,60,56,42,42,42,42,0,0],"gold":202,"neow_bonus":"RANDOM_COLORLESS_2","is_daily":false,"chose_seed":false,"campfire_upgraded":4,"win_rate":0.0,"timestamp":1608472576,"path_taken":["M","M","?","$","?","R","M","R","T","M","?","?","?","M","R","BOSS","M","M","M","$","?","R","M"],"items_purchased_type":["Card","Card"],"build_version":"2020-12-13","purchased_purges":2,"victory":false,"max_hp_per_floor":[63,63,63,63,63,63,63,63,63,63,63,63,63,63,63,63,63,63,63,63,63,63,63,63,63],"card_choices":[{"not_picked":["HandOfGreed","Secret Technique"],"picked":"Magnetism","floor":0},{"not_picked":["Outmaneuver","Sucker Punch"],"picked":"Acrobatics","floor":1},{"not_picked":["Bane","Cloak And Dagger"],"picked":"Crippling Poison","floor":2},{"not_picked":["Bane","Slice"],"picked":"Dagger Spray","floor":7},{"not_picked":["Calculated Gamble","Dagger Spray","Slice"],"picked":"SKIP","floor":10},{"not_picked":["Bouncing Flask","Leg Sweep"],"picked":"Footwork","floor":11},{"not_picked":["Flechettes","Deflect"],"picked":"Prepared","floor":14},{"not_picked":["Night Terror","Die Die Die"],"picked":"Venomology","floor":16},{"not_picked":["Cloak And Dagger","Skewer+1"],"picked":"Backflip","floor":18},{"not_picked":["Underhanded Strike","Distraction"],"picked":"Noxious Fumes","floor":19},{"not_picked":["Bane","Cloak And Dagger"],"picked":"Blade Dance","floor":20}],"player_experience":71026,"relics_obtained":[{"floor":9,"key":"Bird Faced Urn"},{"floor":12,"key":"Ninja Scroll"}],"event_choices":[{"cards_removed":["Strike_G"],"damage_healed":0,"gold_gain":0,"player_choice":"Card Removal","damage_taken":7,"max_hp_gain":0,"max_hp_loss":0,"event_name":"Golden Wing","floor":3,"gold_loss":0},{"cards_removed":["Strike_G"],"damage_healed":0,"gold_gain":0,"player_choice":"Offered Basic","damage_taken":0,"max_hp_gain":0,"max_hp_loss":0,"event_name":"Bonfire Elementals","floor":5,"gold_loss":0},{"damage_healed":0,"gold_gain":0,"player_choice":"Ignored","damage_taken":0,"max_hp_gain":0,"max_hp_loss":0,"event_name":"Shining Light","floor":13,"gold_loss":0},{"damage_healed":0,"gold_gain":200,"player_choice":"Gold","damage_taken":0,"max_hp_gain":0,"max_hp_loss":0,"event_name":"Wheel of Change","floor":22,"gold_loss":0}],"is_beta":false,"boss_relics":[{"not_picked":["Runic Pyramid","Fusion Hammer"],"picked":"SlaversCollar"}],"items_purged_floors":[4,21],"is_endless":false,"potions_floor_spawned":[1,7,14,16,18],"killed_by":"Cultist and Chosen","ascension_level":3}}