{"host":"gbop6m4qugddaz18","time":1608427437,"event":{"mods":["2.2 Compatiblity","BaseMod","Better Third Choice","Block Reminder","Downfall","GifTheSpireLib","Highlight Path","Minty Spire (QoL Compilation)","Replay The Spire","StSLib"],"gold_per_floor":[349,361,0,13,38,38,64,64,64,95,112,123,123,136,154,257,257,257,269,285,13,13,24,103,103,103,103],"floor_reached":26,"playtime":989,"items_purged":["Clumsy"],"score":250,"play_id":"a6d2e816-268d-4669-b2c9-d16caefd69c9","local_time":"20201219202357","is_ascension_mode":true,"campfire_choices":[{"data":"Bash","floor":1,"key":"SMITH"},{"data":"Cleave","floor":6,"key":"SMITH"},{"data":"Shrug It Off","floor":9,"key":"SMITH"},{"data":"Thunderclap","floor":18,"key":"SMITH"},{"data":"Anger","floor":22,"key":"SMITH"},{"floor":25,"key":"REST"}],"circlet_count":0,"master_deck":["Strike_R+2","Strike_R+1","Strike_R+1","Strike_R+1","Strike_R+1","Defend_R+2","Defend_R","Defend_R+1","Defend_R","Bash+1","Dropkick","Cleave+1","Run Through","Shrug It Off+1","Sword Boomerang","Cleave","Pummel","Thunderclap+1","ReplayTheSpireMod:Stacked","Pommel Strike","Juggernaut","Rampage","Ghostly Armor","Anger+1","Shrug It Off","Havoc"],"relics":["Black Blood","Membership Card","Snack Pack","Simple Rune","War Paint","Replay:Bottled Eggs","Happy Flower","Spirit Poop","Replay:Towering Pillar of Hats","Pen Nib","Gremlin Horn"],"acts_visited":["Exordium","TheCity"],"potions_floor_usage":[5,16,26],"damage_taken":[{"damage":1,"enemies":"Small Slimes","floor":2,"turns":4},{"damage":5,"enemies":"downfall:FleeingMerchant","floor":3,"turns":4},{"damage":1,"enemies":"Cultist","floor":4,"turns":3},{"damage":16,"enemies":"Gremlin Nob","floor":5,"turns":4},{"damage":15,"enemies":"Lagavulin","floor":10,"turns":5},{"damage":0,"enemies":"Jaw Worm","floor":11,"turns":2},{"damage":0,"enemies":"Looter","floor":12,"turns":3},{"damage":12,"enemies":"Large Slime","floor":14,"turns":4},{"damage":14,"enemies":"3 Louse","floor":15,"turns":3},{"damage":46,"enemies":"Slime Boss","floor":16,"turns":10},{"damage":19,"enemies":"3 Byrds","floor":19,"turns":5},{"damage":46,"enemies":"Sentry and Sphere","floor":20,"turns":5},{"damage":5,"enemies":"downfall:FleeingMerchant","floor":21,"turns":4},{"damage":38,"enemies":"Chosen and Byrds","floor":23,"turns":6},{"damage":77,"enemies":"Slavers","floor":26,"turns":4}],"seed_played":"-7136551854200199105","potions_obtained":[{"floor":4,"key":"FearPotion"},{"floor":12,"key":"SteroidPotion"},{"floor":15,"key":"sneckomod:MuddlingPotion"},{"floor":16,"key":"sneckomod:MuddlingPotion"},{"floor":23,"key":"Dexterity Potion"}],"is_trial":false,"path_per_floor":["R","M","$","M","E","R","T","?","R","E","M","M","?","M","M","B",null,"R","M","M","$","R","M","T","R","E"],"character_chosen":"IRONCLAD","items_purchased":["Membership Card","Snack Pack","Run Through","Replay:Towering Pillar of Hats","Pen Nib","Shrug It Off"],"campfire_rested":1,"item_purchase_floors":[3,3,3,21,21,21],"current_hp_per_floor":[80,80,80,80,72,72,72,72,72,67,75,80,80,76,68,36,80,80,77,48,61,61,41,41,65,0,0],"gold":103,"neow_bonus":"TWO_FIFTY_GOLD","is_daily":false,"chose_seed":false,"campfire_upgraded":5,"win_rate":0.0,"timestamp":1608427437,"path_taken":["R","M","$","M","E","R","T","?","R","E","M","M","?","M","M","BOSS","R","M","M","$","R","?","T","R","E"],"items_purchased_type":["Relic","Relic","Card","Relic","Relic","Card"],"build_version":"2020-12-13","purchased_purges":1,"victory":false,"max_hp_per_floor":[80,80,80,80,80,80,80,80,80,80,80,80,80,80,80,80,80,80,80,80,80,80,80,80,80,80,80],"card_choices":[{"not_picked":["Shockwave","ReplayTheSpireMod:Strike From Hell"],"picked":"Dropkick","floor":2},{"not_picked":["Warcry","Body Slam"],"picked":"Cleave","floor":3},{"not_picked":["Heavy Blade","Demonic Infusion"],"picked":"Shrug It Off","floor":4},{"not_picked":["Clash","Clothesline"],"picked":"Sword Boomerang","floor":5},{"not_picked":["Hemogenesis","ReplayTheSpireMod:Muscle Training"],"picked":"Cleave","floor":10},{"not_picked":["Clash","ReplayTheSpireMod:Strike From Hell"],"picked":"Pummel","floor":11},{"not_picked":["Replay:Undeath\u0027s Touch","Feel No Pain"],"picked":"Thunderclap","floor":12},{"not_picked":["Inflame","Battle Trance"],"picked":"ReplayTheSpireMod:Stacked","floor":14},{"not_picked":["Clash","ReplayTheSpireMod:Strike From Hell"],"picked":"Pommel Strike","floor":15},{"not_picked":["Impervious","Immolate"],"picked":"Juggernaut","floor":16},{"not_picked":["Twin Strike","Havoc"],"picked":"Rampage","floor":19},{"not_picked":["Burning Pact","Rage"],"picked":"Ghostly Armor","floor":20},{"not_picked":["Sever Soul+1","ReplayTheSpireMod:Stacked+1"],"picked":"Anger","floor":21},{"not_picked":["Carnage","Body Slam"],"picked":"Havoc","floor":23}],"player_experience":486726,"relics_obtained":[{"floor":5,"key":"Simple Rune"},{"floor":7,"key":"War Paint"},{"floor":10,"key":"Happy Flower"},{"floor":24,"key":"Gremlin Horn"}],"event_choices":[{"damage_healed":0,"gold_gain":0,"player_choice":"Box","damage_taken":0,"relics_obtained":["Replay:Bottled Eggs"],"max_hp_gain":0,"max_hp_loss":0,"event_name":"Big Fish","floor":8,"gold_loss":0,"cards_obtained":["Regret"]},{"cards_removed":["Regret"],"damage_healed":0,"gold_gain":0,"player_choice":"Offered Curse","damage_taken":0,"relics_obtained":["Spirit Poop"],"max_hp_gain":0,"max_hp_loss":0,"event_name":"Bonfire Elementals","floor":13,"gold_loss":0}],"is_beta":false,"boss_relics":[{"not_picked":["Replay:Drink Me","Coffee Dripper"],"picked":"Black Blood"}],"items_purged_floors":[3],"is_endless":false,"potions_floor_spawned":[4,12,15,16,23],"killed_by":"Slavers","ascension_level":3}}