{"host":"pbf6u3tyx46snqc7","time":1608427267,"event":{"mods":["AchievementEnabler","BaseMod","Colored Map","Minty Spire (QoL Compilation)","Rare Cards Sparkle","Shop Mod","SuperFastMode"],"gold_per_floor":[114,129,129,129,148,148,28,47,72,72,72,91,110,129,129,254,254,273,292,311,84,84,84,84,103,103,3,22,22,60,60,60,60,60],"floor_reached":33,"playtime":1656,"items_purged":["Strike_G","Strike_G"],"score":309,"play_id":"b1b4c97a-0301-463e-9407-b35b2426a640","local_time":"20201220102107","daily_mods":["Specialized","Flight","Terminal"],"is_ascension_mode":false,"campfire_choices":[{"data":"Dodge and Roll","floor":6,"key":"SMITH"},{"data":"Finisher","floor":10,"key":"SMITH"},{"data":"All Out Attack","floor":15,"key":"SMITH"},{"data":"Adrenaline","floor":23,"key":"SMITH"},{"data":"Adrenaline","floor":24,"key":"SMITH"},{"data":"Footwork","floor":29,"key":"SMITH"},{"data":"Infinite Blades","floor":32,"key":"SMITH"}],"circlet_count":0,"master_deck":["Strike_G","Strike_G","Strike_G","Defend_G","Defend_G","Defend_G","Defend_G","Defend_G","Survivor","Neutralize","Choke","Choke","Choke","Choke","Choke","Finisher+1","Dodge and Roll+1","Backflip","PiercingWail","Flying Knee","All Out Attack+1","Adrenaline+1","CurseOfTheBell","Infinite Blades+1","Adrenaline+1","Footwork+1","Calculated Gamble+1"],"relics":["Ring of the Snake","Golden Idol","Ancient Tea Set","Potion Belt","Calling Bell","FossilizedHelix","Bronze Scales","Singing Bowl","Lee\u0027s Waffle","Toxic Egg 2","Blood Vial"],"acts_visited":["Exordium","TheCity"],"potions_floor_usage":[16,20,33,33,33],"damage_taken":[{"damage":0,"enemies":"Small Slimes","floor":1,"turns":3},{"damage":1,"enemies":"2 Louse","floor":2,"turns":2},{"damage":0,"enemies":"Jaw Worm","floor":5,"turns":3},{"damage":0,"enemies":"Gremlin Gang","floor":8,"turns":4},{"damage":0,"enemies":"Large Slime","floor":12,"turns":3},{"damage":3,"enemies":"Lots of Slimes","floor":13,"turns":4},{"damage":0,"enemies":"Blue Slaver","floor":14,"turns":4},{"damage":30,"enemies":"The Guardian","floor":16,"turns":18},{"damage":13,"enemies":"Spheric Guardian","floor":18,"turns":7},{"damage":13,"enemies":"Shell Parasite","floor":19,"turns":7},{"damage":0,"enemies":"Snake Plant","floor":20,"turns":4},{"damage":8,"enemies":"Centurion and Healer","floor":25,"turns":5},{"damage":0,"enemies":"Snecko","floor":28,"turns":5},{"damage":0,"enemies":"Book of Stabbing","floor":30,"turns":5},{"damage":52,"enemies":"Automaton","floor":33,"turns":14}],"seed_played":"4005297234989847306","potions_obtained":[{"floor":1,"key":"Energy Potion"},{"floor":5,"key":"BlessingOfTheForge"},{"floor":14,"key":"ColorlessPotion"},{"floor":18,"key":"Weak Potion"},{"floor":20,"key":"PowerPotion"}],"is_trial":false,"path_per_floor":["M","M","?","?","M","R","$","M","T","R","$","M","M","M","R","B",null,"M","M","M","$","?","R","R","M","T","$","M","R","E","$","R","B"],"character_chosen":"THE_SILENT","items_purchased":["Backflip","Infinite Blades","Lee\u0027s Waffle"],"campfire_rested":0,"item_purchase_floors":[7,21,21],"current_hp_per_floor":[68,67,51,39,39,39,39,39,39,39,39,39,36,36,36,6,52,41,30,32,61,60,59,58,52,52,52,52,52,52,52,52,0,0],"gold":60,"neow_bonus":"","is_daily":true,"chose_seed":false,"campfire_upgraded":7,"win_rate":0.0,"timestamp":1608427267,"path_taken":["M","M","?","?","?","R","$","M","T","R","$","M","M","M","R","BOSS","M","M","?","$","?","R","R","M","T","$","M","R","E","$","R","BOSS"],"items_purchased_type":["Card","Card","Relic"],"build_version":"2020-12-13","purchased_purges":2,"victory":false,"max_hp_per_floor":[68,67,66,65,64,63,62,61,60,59,58,57,56,55,54,53,52,53,54,55,61,60,59,58,59,58,57,56,55,54,53,52,52,52],"card_choices":[{"not_picked":["Dodge and Roll","Setup"],"picked":"Finisher","floor":1},{"not_picked":["Expertise","Concentrate"],"picked":"Dodge and Roll","floor":2},{"not_picked":["Outmaneuver","Bane","Sucker Punch"],"picked":"SKIP","floor":5},{"not_picked":["Deflect","Flying Knee"],"picked":"PiercingWail","floor":8},{"not_picked":["Deadly Poison","Dodge and Roll"],"picked":"Flying Knee","floor":12},{"not_picked":["Outmaneuver","Slice","Skewer"],"picked":"SKIP","floor":13},{"not_picked":["Outmaneuver","Poisoned Stab"],"picked":"All Out Attack","floor":14},{"not_picked":["Phantasmal Killer","Bullet Time"],"picked":"Adrenaline","floor":16},{"not_picked":["Bane+1","Prepared","Poisoned Stab+1"],"picked":"Singing Bowl","floor":18},{"not_picked":["Finisher","Deflect","Backflip"],"picked":"Singing Bowl","floor":19},{"not_picked":["Outmaneuver+1","Finisher","Well Laid Plans"],"picked":"Singing Bowl","floor":20},{"not_picked":["Slice","Deflect","Setup"],"picked":"Singing Bowl","floor":25},{"not_picked":["Leg Sweep+1","Acrobatics+1"],"picked":"Footwork","floor":28},{"not_picked":["Backflip+1","Leg Sweep+1"],"picked":"Calculated Gamble+1","floor":30}],"player_experience":292548,"relics_obtained":[{"floor":9,"key":"Potion Belt"},{"floor":17,"key":"FossilizedHelix"},{"floor":17,"key":"Bronze Scales"},{"floor":17,"key":"Singing Bowl"},{"floor":26,"key":"Toxic Egg 2"},{"floor":30,"key":"Blood Vial"}],"event_choices":[{"damage_healed":0,"gold_gain":0,"player_choice":"Take Damage","damage_taken":16,"relics_obtained":["Golden Idol"],"max_hp_gain":0,"max_hp_loss":0,"event_name":"Golden Idol","floor":3,"gold_loss":0},{"damage_healed":0,"gold_gain":0,"player_choice":"Success","damage_taken":12,"relics_obtained":["Ancient Tea Set"],"max_hp_gain":0,"max_hp_loss":0,"event_name":"Scrap Ooze","floor":4,"gold_loss":0},{"damage_healed":0,"gold_gain":0,"player_choice":"Copied","damage_taken":0,"max_hp_gain":0,"max_hp_loss":0,"event_name":"Duplicator","floor":22,"gold_loss":0,"cards_obtained":["Adrenaline"]}],"is_beta":false,"boss_relics":[{"not_picked":["Coffee Dripper","Velvet Choker"],"picked":"Calling Bell"}],"items_purged_floors":[7,27],"is_endless":false,"potions_floor_spawned":[1,5,14,18,20],"killed_by":"Automaton","ascension_level":0}}