{"host":"5iqr6jnxsq1ojyp4","time":1608429849,"event":{"mods":["AchievementEnabler","BaseMod","Better Altar","Better Match","Better Note","Better Sensory Stone","Better Skull","Better Third Choice","BetterRewards","Block Reminder","CCEM","Colored Map","Colored Powertips","Downfall","Googly Eyes","Highlight Path","Minty Spire (QoL Compilation)","Permanent Neow","Quick Restart","Rare Cards Sparkle","Relic Stats","Replay The Spire","StSLib","Unceasing Turn Reminder"],"gold_per_floor":[99,111,211,223,258,34,34,34,19,48,48,63,86,103,114,218,218,218,218,233,265,265,282,282,282,299,299,317,417,435,435,454,549,549,549,565,565,915,935,969,992,1011,1011,1044,1044,1061,361,381,391,391],"floor_reached":51,"playtime":5457,"items_purged":[],"score":889,"play_id":"01009bb3-77d9-4fd8-9023-871c9728951b","local_time":"20201219180409","is_ascension_mode":false,"campfire_choices":[{"data":"Slimebound:Split","floor":1,"key":"SMITH"},{"data":"Slimebound:OneTwoCombo","floor":18,"key":"SMITH"},{"data":"Slimebound:Overexert","floor":25,"key":"SMITH"},{"data":"Slimebound:FirmFortitude","floor":27,"key":"SMITH"},{"data":"Slimebound:WasteNot","floor":35,"key":"SMITH"},{"data":"Slimebound:Schlurp","floor":43,"key":"SMITH"}],"circlet_count":0,"master_deck":["Slimebound:Strike_Slimebound","Slimebound:Tackle","Slimebound:Defend_Slimebound","Slimebound:Defend_Slimebound","Slimebound:Defend_Slimebound","Slimebound:Defend_Slimebound","Slimebound:Split+1","Slimebound:CorrosiveSpit","Slimebound:SamplingLick","Slimebound:SplitMire","Slimebound:Overexert+1","Slimebound:Dissolve","Slimebound:ProtectTheBoss+1","Slimebound:FirmFortitude+1","Pot Of Greed","Pot Of Greed","Slimebound:LeechingTouch","Slimebound:Prepare","Slimebound:SplitLeeching","Slimebound:Schlurp","Slimebound:OneTwoCombo+1","Slimebound:MegaLick+1","Slimebound:SlimeTap+1","Pot Of Greed","Slimebound:LivingWall","Slimebound:ComboTackle","Slimebound:GoopSpray","Slimebound:TongueLash+1","Slimebound:Gluttony+1","Slimebound:PressTheAttack","Slimebound:SplitAcid+1","Slimebound:LeechLife","Slimebound:OneTwoCombo","Slimebound:WasteNot+1","Slimebound:SamplingLick","Slimebound:ViciousTackle+1","Pot Of Greed","Slimebound:RollThrough+1","Slimebound:SplitBruiser","Parasite","Slimebound:Schlurp+1","Slimebound:ViciousTackle+1","Replay:SS_forest_5","expansioncontent:FaceSlap","Slimebound:Schlurp","Slimebound:HauntingLick","Slimebound:RejuvenatingLick","Violence","Slimebound:SplitLeeching+1","Pot Of Greed","Slimebound:RainOfGoop+1"],"relics":["Slimebound:AbsorbEndCombat","Art of War","Potion Belt","CCEMRelics:BiPhaseBiplane","Darkstone Periapt","Grinning Jar","Odd Mushroom","ChewingGum","Ginger","FossilizedHelix","Thread and Needle","StrikeDummy","CCEMRelics:TransientCore","Bottled Flame","Old Coin","Lantern","Blood Vial","TungstenRod","Replay:Wax Seal","ClockworkSouvenir","Replay:Ringing Soul"],"acts_visited":["Exordium","TheCity","TheBeyond"],"potions_floor_usage":[39,40,47,47,47,47,50,50,50],"damage_taken":[{"damage":15,"enemies":"Jaw Worm","floor":2,"turns":4},{"damage":11,"enemies":"Cultist","floor":4,"turns":3},{"damage":34,"enemies":"3 Sentries","floor":5,"turns":6},{"damage":14,"enemies":"downfall:FleeingMerchant","floor":6,"turns":4},{"damage":29,"enemies":"downfall:FleeingMerchant","floor":9,"turns":4},{"damage":11,"enemies":"Lagavulin","floor":10,"turns":6},{"damage":12,"enemies":"2 Louse","floor":12,"turns":2},{"damage":15,"enemies":"The Mushroom Lair","floor":13,"turns":4},{"damage":22,"enemies":"Large Slime","floor":14,"turns":3},{"damage":21,"enemies":"2 Fungi Beasts","floor":15,"turns":2},{"damage":28,"enemies":"downfall:Ironclad","floor":16,"turns":8},{"damage":7,"enemies":"Shell Parasite","floor":20,"turns":3},{"damage":34,"enemies":"Slavers","floor":21,"turns":4},{"damage":16,"enemies":"3 Byrds","floor":23,"turns":3},{"damage":4,"enemies":"Snake Plant","floor":26,"turns":2},{"damage":8,"enemies":"3 Cultists","floor":28,"turns":3},{"damage":8,"enemies":"downfall:Watcher","floor":29,"turns":4},{"damage":8,"enemies":"Centurion and Healer","floor":30,"turns":4},{"damage":15,"enemies":"Snecko","floor":32,"turns":5},{"damage":39,"enemies":"downfall:Silent","floor":33,"turns":5},{"damage":7,"enemies":"Orb Walker","floor":36,"turns":3},{"damage":8,"enemies":"Mind Bloom Boss Battle","floor":38,"turns":2},{"damage":4,"enemies":"3 Darklings","floor":39,"turns":3},{"damage":27,"enemies":"Reptomancer","floor":40,"turns":3},{"damage":23,"enemies":"Writhing Mass","floor":42,"turns":4},{"damage":1,"enemies":"Giant Head","floor":44,"turns":3},{"damage":8,"enemies":"4 Shapes","floor":46,"turns":2},{"damage":0,"enemies":"downfall:FleeingMerchant","floor":47,"turns":4},{"damage":3,"enemies":"Maw","floor":48,"turns":5},{"damage":26,"enemies":"Writhing Mass","floor":49,"turns":4},{"damage":41,"enemies":"downfall:Defect","floor":50,"turns":7}],"seed_played":"3254793377693201614","potions_obtained":[{"floor":4,"key":"Block Potion"},{"floor":12,"key":"AttackPotion"},{"floor":14,"key":"EntropicBrew"},{"floor":16,"key":"BlessingOfTheForge"},{"floor":21,"key":"EssenceOfSteel"},{"floor":23,"key":"Elixir"},{"floor":26,"key":"Energy Potion"},{"floor":29,"key":"Slimebound:ThreeZeroPotion"},{"floor":39,"key":"sneckomod:MuddlingPotion"},{"floor":40,"key":"Strength Potion"}],"is_trial":false,"path_per_floor":["R","M","?","M","E","$","T","?","$","E","?","M","?","M","M","B",null,"R","?","M","E","?","M","T","R","M","R","M","?","M","?","M","B",null,"R","M","?","?","M","E","T","M","R","E","?","M","$","M","M","B",null],"character_chosen":"SLIMEBOUND","items_purchased":["CCEMRelics:BiPhaseBiplane","Slimebound:ProtectTheBoss+1","Replay:Wax Seal","ClockworkSouvenir","Replay:Ringing Soul","Slimebound:RejuvenatingLick","Violence"],"campfire_rested":0,"item_purchase_floors":[6,6,47,47,47,47,47],"current_hp_per_floor":[60,58,58,59,49,59,59,64,56,65,65,65,65,65,65,65,65,65,65,65,59,51,65,65,65,65,65,65,65,65,65,65,65,65,65,69,69,70,78,82,82,81,81,95,86,100,105,110,108,116],"gold":391,"neow_bonus":"RANDOM_COMMON_RELIC","is_daily":false,"chose_seed":false,"campfire_upgraded":6,"win_rate":0.0,"timestamp":1608429849,"path_taken":["R","M","?","M","E","?","T","?","$","E","?","M","?","M","M","BOSS","R","?","M","E","?","?","T","R","M","R","M","?","M","?","M","BOSS","R","M","?","?","M","E","T","M","R","E","?","M","$","M","M","BOSS"],"items_purchased_type":["Relic","Card","Relic","Relic","Relic","Card","Card"],"build_version":"2020-12-13","purchased_purges":0,"victory":true,"max_hp_per_floor":[60,60,60,60,60,60,60,65,65,65,65,65,65,65,65,65,65,65,65,65,65,65,65,65,65,65,65,65,65,65,65,65,65,65,65,69,69,74,78,82,82,91,91,95,95,100,105,110,116,116],"relic_stats":{"Darkstone Periapt":6,"Blood Vial":6,"counters":[31,114],"Art of War":[26],"Ginger":[11],"obtain_stats":[{"Potion Belt":5,"Darkstone Periapt":7,"Lantern":40,"Thread and Needle":29,"Ginger":21,"Odd Mushroom":13,"Old Coin":38,"ClockworkSouvenir":47,"CCEMRelics:TransientCore":34,"Blood Vial":41,"Replay:Ringing Soul":47,"Bottled Flame":37,"CCEMRelics:BiPhaseBiplane":6,"ChewingGum":17,"Slimebound:AbsorbEndCombat":0,"Art of War":0,"Grinning Jar":10,"Replay:Wax Seal":47,"StrikeDummy":29,"FossilizedHelix":24,"TungstenRod":44},{"Potion Belt":3,"Darkstone Periapt":4,"Lantern":24,"Thread and Needle":17,"Ginger":13,"Odd Mushroom":8,"Old Coin":22,"ClockworkSouvenir":28,"CCEMRelics:TransientCore":20,"Blood Vial":24,"Replay:Ringing Soul":28,"Bottled Flame":21,"CCEMRelics:BiPhaseBiplane":4,"ChewingGum":11,"Slimebound:AbsorbEndCombat":0,"Art of War":0,"Grinning Jar":6,"Replay:Wax Seal":28,"StrikeDummy":17,"FossilizedHelix":14,"TungstenRod":26},{"Potion Belt":12,"Darkstone Periapt":16,"Lantern":85,"Thread and Needle":60,"Ginger":49,"Odd Mushroom":30,"Old Coin":79,"ClockworkSouvenir":98,"CCEMRelics:TransientCore":74,"Blood Vial":85,"Replay:Ringing Soul":98,"Bottled Flame":77,"CCEMRelics:BiPhaseBiplane":16,"ChewingGum":42,"Slimebound:AbsorbEndCombat":0,"Art of War":0,"Grinning Jar":26,"Replay:Wax Seal":98,"StrikeDummy":60,"FossilizedHelix":51,"TungstenRod":92}],"TungstenRod":20},"card_choices":[{"not_picked":["Slimebound:ViciousTackle","Slimebound:RainOfGoop"],"picked":"Slimebound:SamplingLick","floor":2},{"not_picked":["Slimebound:PressTheAttack","Slimebound:FinishingTackle"],"picked":"Slimebound:SplitMire","floor":4},{"not_picked":["Slimebound:SplitMire","Slimebound:AcidTongue"],"picked":"Slimebound:Overexert","floor":5},{"not_picked":["Slimebound:SamplingLick","Slimebound:Schlurp"],"picked":"Slimebound:Dissolve","floor":6},{"not_picked":["Slimebound:SamplingLick","Slimebound:FinishingTackle"],"picked":"Slimebound:FirmFortitude","floor":9},{"not_picked":["Slimebound:GrowthPunch","Slimebound:AcidTongue"],"picked":"Slimebound:LeechingTouch","floor":10},{"not_picked":["Slimebound:SplitMire","Slimebound:AcidTongue"],"picked":"Slimebound:Prepare","floor":12},{"not_picked":["Slimebound:SlimeBrawl","Slimebound:DuplicatedForm"],"picked":"Slimebound:SplitLeeching","floor":13},{"not_picked":["Slimebound:SplitBruiser","Slimebound:ComboTackle"],"picked":"Slimebound:Schlurp","floor":14},{"not_picked":["Slimebound:SplitAcid","Slimebound:GrowthPunch"],"picked":"Slimebound:Prepare","floor":15},{"not_picked":["Slimebound:LeechLife","Slimebound:Overexert"],"picked":"Slimebound:OneTwoCombo","floor":16},{"not_picked":["Slimebound:AcidTongue","Slimebound:Equalize"],"picked":"Slimebound:MegaLick+1","floor":20},{"not_picked":["Slimebound:FirmFortitude+1","Slimebound:LivingWall"],"picked":"Slimebound:SlimeTap+1","floor":21},{"not_picked":["Slimebound:GrowthPunch","Slimebound:FinishingTackle+1"],"picked":"Slimebound:GoopSpray","floor":23},{"not_picked":["Slimebound:DisruptingSlam","Slimebound:SlimeSpikes+1"],"picked":"Slimebound:TongueLash+1","floor":26},{"not_picked":["Slimebound:SplitMire+1","Slimebound:FinishingTackle"],"picked":"Slimebound:Gluttony+1","floor":28},{"not_picked":["Slimebound:ComboTackle+1","Slimebound:GoopSpray"],"picked":"Slimebound:PressTheAttack","floor":29},{"not_picked":["Slimebound:ViciousTackle","Slimebound:MegaLick"],"picked":"Slimebound:SplitAcid+1","floor":30},{"not_picked":["Slimebound:SplitBruiser+1","Slimebound:ForwardTackle"],"picked":"Slimebound:OneTwoCombo","floor":32},{"not_picked":["Slimebound:OozeBath","Slimebound:PrepareCrush"],"picked":"Slimebound:WasteNot","floor":33},{"not_picked":["Slimebound:SplitLeeching+1","Slimebound:SlimeSpikes+1"],"picked":"Slimebound:SamplingLick","floor":36},{"not_picked":["Slimebound:AcidTongue","Slimebound:LeechingTouch"],"picked":"Slimebound:ViciousTackle+1","floor":38},{"not_picked":["Slimebound:SlimeSpikes+1","Slimebound:SplitLeeching"],"picked":"Slimebound:RollThrough+1","floor":39},{"not_picked":["Slimebound:SpikyOuterGoop","Slimebound:Teamwork"],"picked":"Slimebound:SplitBruiser","floor":40},{"not_picked":["Slimebound:HauntingLick+1","Slimebound:GoopSpray"],"picked":"Slimebound:Schlurp","floor":42},{"not_picked":["Slimebound:LeechingTouch+1","Slimebound:ComboTackle+1"],"picked":"Slimebound:ViciousTackle+1","floor":44},{"not_picked":["expansioncontent:ChargeUp","Replay:SS_forest_6"],"picked":"Replay:SS_forest_5","floor":45},{"not_picked":["Replay:SS_fish_3","Replay:SS_fish_1"],"picked":"expansioncontent:FaceSlap","floor":45},{"not_picked":["Slimebound:SlimeBrawl+1","Slimebound:GrowthPunch"],"picked":"Slimebound:Schlurp","floor":46},{"not_picked":["Slimebound:PressTheAttack","Slimebound:ViciousTackle+1"],"picked":"Slimebound:HauntingLick","floor":47},{"not_picked":["Slimebound:FirmFortitude+1","Slimebound:ViciousTackle+1"],"picked":"Slimebound:SplitLeeching+1","floor":48},{"not_picked":["Slimebound:FormOfPuddle","Slimebound:SlimeSpikes+1"],"picked":"Slimebound:RainOfGoop+1","floor":49}],"player_experience":273034,"relics_obtained":[{"floor":5,"key":"Potion Belt"},{"floor":7,"key":"Darkstone Periapt"},{"floor":10,"key":"Grinning Jar"},{"floor":13,"key":"Odd Mushroom"},{"floor":21,"key":"Ginger"},{"floor":24,"key":"FossilizedHelix"},{"floor":29,"key":"Thread and Needle"},{"floor":29,"key":"StrikeDummy"},{"floor":37,"key":"Bottled Flame"},{"floor":38,"key":"Old Coin"},{"floor":40,"key":"Lantern"},{"floor":41,"key":"Blood Vial"},{"floor":44,"key":"TungstenRod"}],"event_choices":[{"damage_healed":0,"gold_gain":0,"player_choice":"Donut","damage_taken":0,"max_hp_gain":5,"max_hp_loss":0,"event_name":"Big Fish","floor":8,"gold_loss":0},{"damage_healed":0,"gold_gain":0,"player_choice":"Fought Mushrooms","damage_taken":0,"max_hp_gain":0,"max_hp_loss":0,"event_name":"Mushrooms","floor":13,"gold_loss":0},{"cards_removed":["Slimebound:Split"],"damage_healed":0,"gold_gain":0,"player_choice":"Give","damage_taken":0,"max_hp_gain":0,"max_hp_loss":0,"event_name":"betterNote:BetterNote","floor":19,"gold_loss":0,"cards_obtained":["None"]},{"damage_healed":0,"gold_gain":0,"player_choice":"Read","damage_taken":0,"max_hp_gain":0,"max_hp_loss":0,"event_name":"The Library","floor":31,"gold_loss":0,"cards_obtained":["Slimebound:LeechLife"]}],"is_beta":false,"boss_relics":[{"not_picked":["Busted Crown","SlaversCollar"],"picked":"ChewingGum"},{"not_picked":["Tiny House","Painkiller Herb"],"picked":"CCEMRelics:TransientCore"}],"items_purged_floors":[],"is_endless":false,"potions_floor_spawned":[4,12,14,16,21,23,26,29,30,39,40,44,49],"ascension_level":0}}