{"host":"ymmeoa1x24ihslbm","time":1608499949,"event":{"mods":["AchievementEnabler","BaseMod","Colored Map","Colored Powertips","Defuse TimeMaze Blight","Highlight Path","Minty Spire (QoL Compilation)","Permanent Neow","Quick Restart","StSLib","Unceasing Turn Reminder"],"gold_per_floor":[111,111,111,130,230,230,242,275,298,298,312,312,342,354,354,449,449,467,478,493,409,421,421,453,453,478,495,508,508,508,535,535,535,535],"floor_reached":33,"playtime":1200,"items_purged":[],"score":297,"play_id":"50d0c91e-898a-4a5d-9bc0-e20e4e7d7aa3","local_time":"20201220223229","is_ascension_mode":false,"campfire_choices":[{"data":"Vigilance","floor":6,"key":"SMITH"},{"data":"FollowUp","floor":10,"key":"SMITH"},{"data":"EmptyFist","floor":12,"key":"SMITH"},{"data":"Defend_P","floor":15,"key":"SMITH"},{"data":"Dramatic Entrance","floor":23,"key":"SMITH"},{"data":"Conclude","floor":25,"key":"SMITH"},{"data":"Ragnarok","floor":30,"key":"SMITH"},{"data":"Strike_P","floor":32,"key":"SMITH"}],"circlet_count":0,"master_deck":["Strike_P","Strike_P","Strike_P","Strike_P+1","Defend_P+1","Defend_P","Defend_P","Defend_P","Eruption+1","Vigilance+1","Perseverance+1","EmptyFist+1","FollowUp+1","Ragnarok+1","Conclude+1","Dramatic Entrance+1","PathToVictory+1","TalkToTheHand+1","ThirdEye+1","Decay"],"relics":["PureWater","Pen Nib","Potion Belt","Mercury Hourglass","Sozu","Juzu Bracelet","Tiny Chest","Peace Pipe"],"acts_visited":["Exordium","TheCity"],"potions_floor_usage":[13,16,20],"damage_taken":[{"damage":0,"enemies":"Jaw Worm","floor":1,"turns":3},{"damage":0,"enemies":"2 Louse","floor":4,"turns":1},{"damage":0,"enemies":"Small Slimes","floor":7,"turns":2},{"damage":27,"enemies":"Gremlin Nob","floor":8,"turns":4},{"damage":3,"enemies":"Exordium Thugs","floor":11,"turns":4},{"damage":31,"enemies":"Lagavulin","floor":13,"turns":8},{"damage":0,"enemies":"Gremlin Gang","floor":14,"turns":3},{"damage":1,"enemies":"Slime Boss","floor":16,"turns":8},{"damage":1,"enemies":"3 Byrds","floor":18,"turns":4},{"damage":0,"enemies":"Spheric Guardian","floor":19,"turns":3},{"damage":11,"enemies":"Snake Plant","floor":20,"turns":3},{"damage":0,"enemies":"Centurion and Healer","floor":22,"turns":2},{"damage":10,"enemies":"Slavers","floor":24,"turns":4},{"damage":17,"enemies":"Shelled Parasite and Fungi","floor":27,"turns":2},{"damage":0,"enemies":"Chosen and Byrds","floor":28,"turns":2},{"damage":16,"enemies":"Book of Stabbing","floor":31,"turns":4},{"damage":30,"enemies":"Collector","floor":33,"turns":5}],"seed_played":"7943670935498124680","potions_obtained":[{"floor":7,"key":"StancePotion"},{"floor":8,"key":"DuplicationPotion"},{"floor":14,"key":"DistilledChaos"},{"floor":16,"key":"BlessingOfTheForge"}],"is_trial":false,"path_per_floor":["M","?","?","M","?","R","M","E","T","R","M","R","E","M","R","B",null,"M","M","M","$","M","R","E","R","T","M","M","?","R","E","R","B"],"character_chosen":"WATCHER","items_purchased":["Dramatic Entrance"],"campfire_rested":0,"item_purchase_floors":[21],"current_hp_per_floor":[72,77,77,77,77,77,77,50,50,50,47,47,16,16,16,15,77,76,76,65,65,65,65,55,55,55,38,38,38,38,22,22,0,0],"gold":535,"neow_bonus":"UPGRADE_CARD","is_daily":false,"chose_seed":false,"campfire_upgraded":8,"win_rate":0.0,"timestamp":1608499949,"path_taken":["M","?","?","M","?","R","?","E","T","R","M","R","E","M","R","BOSS","M","M","M","$","M","R","E","R","T","M","M","?","R","E","R","BOSS"],"items_purchased_type":["Card"],"build_version":"2020-12-13","purchased_purges":0,"victory":false,"max_hp_per_floor":[72,77,77,77,77,77,77,77,77,77,77,77,77,77,77,77,77,77,77,77,77,77,77,77,77,77,77,77,77,77,77,77,77,77],"card_choices":[{"not_picked":["JustLucky","WaveOfTheHand"],"picked":"Perseverance","floor":1},{"not_picked":["Wallop","FlyingSleeves","CutThroughFate"],"picked":"SKIP","floor":4},{"not_picked":["Crescendo","DeceiveReality"],"picked":"EmptyFist","floor":7},{"not_picked":["WreathOfFlame","Protect"],"picked":"FollowUp","floor":8},{"not_picked":["BowlingBash","FlyingSleeves","Tantrum"],"picked":"SKIP","floor":11},{"not_picked":["Sanctity","Weave","FlyingSleeves"],"picked":"SKIP","floor":13},{"not_picked":["BowlingBash","Evaluate","JustLucky"],"picked":"SKIP","floor":14},{"not_picked":["Blasphemy","Vault"],"picked":"Ragnarok","floor":16},{"not_picked":["EmptyFist","CutThroughFate","SignatureMove"],"picked":"SKIP","floor":18},{"not_picked":["Consecrate","CrushJoints"],"picked":"Conclude","floor":19},{"not_picked":["Study","PathToVictory","Crescendo"],"picked":"SKIP","floor":20},{"not_picked":["Halt","CrushJoints","PathToVictory"],"picked":"SKIP","floor":22},{"not_picked":["SignatureMove","BowlingBash+1"],"picked":"PathToVictory+1","floor":24},{"not_picked":["Crescendo","LessonLearned"],"picked":"TalkToTheHand+1","floor":27},{"not_picked":["Crescendo+1","CrushJoints"],"picked":"ThirdEye+1","floor":28},{"not_picked":["Vengeance","ThirdEye","Scrawl"],"picked":"SKIP","floor":31}],"player_experience":581504,"relics_obtained":[{"floor":8,"key":"Pen Nib"},{"floor":9,"key":"Potion Belt"},{"floor":13,"key":"Mercury Hourglass"},{"floor":24,"key":"Juzu Bracelet"},{"floor":26,"key":"Tiny Chest"},{"floor":31,"key":"Peace Pipe"}],"event_choices":[{"damage_healed":0,"gold_gain":0,"player_choice":"Donut","damage_taken":0,"max_hp_gain":5,"max_hp_loss":0,"event_name":"Big Fish","floor":2,"gold_loss":0},{"damage_healed":0,"gold_gain":0,"player_choice":"Grow","damage_taken":0,"max_hp_gain":0,"max_hp_loss":0,"event_name":"Living Wall","floor":3,"gold_loss":0,"cards_upgraded":["Perseverance"]},{"damage_healed":0,"gold_gain":100,"player_choice":"Pray","damage_taken":0,"max_hp_gain":0,"max_hp_loss":0,"event_name":"Golden Shrine","floor":5,"gold_loss":0},{"damage_healed":0,"gold_gain":0,"player_choice":"Cursed","damage_taken":0,"max_hp_gain":0,"max_hp_loss":0,"event_name":"Wheel of Change","floor":29,"gold_loss":0,"cards_obtained":["Decay"]}],"is_beta":false,"boss_relics":[{"not_picked":["Busted Crown","Pandora\u0027s Box"],"picked":"Sozu"}],"items_purged_floors":[],"is_endless":false,"potions_floor_spawned":[7,8,14,16,19,24,27,28],"killed_by":"Collector","ascension_level":0}}