{"host":"usewcu4ohw2wtmxk","time":1608459400,"event":{"mods":["BaseMod","Minty Spire (QoL Compilation)","Permanent Neow","Quick Restart","Relic Stats"],"gold_per_floor":[109,119,136,61,61,96,96,129,129,129,155,155,230,54,54,129,129,143,153,171,96,21,21,56,56,79,113,113,113,130,147,147,225,225,239,282,282,323,323,382,382,437,437,437,169,169,213,275,287,329,371,383,395,75,106,106],"floor_reached":57,"playtime":1720,"items_purged":["Strike_P","Strike_P"],"score":3388,"play_id":"12bf2cf4-594f-4488-bf2e-04361eed393a","local_time":"20201220181640","is_ascension_mode":true,"campfire_choices":[{"data":"Eruption","floor":7.0,"key":"SMITH"},{"data":"BowlingBash","floor":10.0,"key":"SMITH"},{"floor":12.0,"key":"RECALL"},{"data":"CutThroughFate","floor":15.0,"key":"SMITH"},{"data":"Ragnarok","floor":23.0,"key":"SMITH"},{"data":"Vigilance","floor":25.0,"key":"SMITH"},{"data":"WheelKick","floor":28.0,"key":"SMITH"},{"data":"Wallop","floor":32.0,"key":"SMITH"},{"data":"Defend_P","floor":44.0,"key":"SMITH"},{"data":"Defend_P","floor":49.0,"key":"SMITH"}],"circlet_count":0,"master_deck":["AscendersBane","Defend_P+1","Defend_P+1","Eruption+1","Vigilance+1","CutThroughFate+1","BowlingBash+1","FearNoEvil+1","DevaForm+1","Omniscience+1","TalkToTheHand+1","Ragnarok+1","WheelKick+1","Brilliance+1","Worship+1","Wallop+1","Wish+1","Fasting2+1","Scrawl+1","Omniscience+1","InnerPeace+1"],"relics":["PureWater","PreservedInsect","Juzu Bracelet","Toxic Egg 2","Singing Bowl","Frozen Egg 2","Eternal Feather","Snecko Eye","Whetstone","Nunchaku","Coffee Dripper","Pantograph","Bag of Preparation","InkBottle","DollysMirror","MawBank","Centennial Puzzle","Melange","Damaru"],"acts_visited":["Exordium","TheCity","TheBeyond","TheEnding"],"potions_floor_usage":[56],"damage_taken":[{"damage":2.0,"enemies":"Small Slimes","floor":1.0,"turns":6.0},{"damage":3.0,"enemies":"2 Louse","floor":2.0,"turns":3.0},{"damage":0.0,"enemies":"Jaw Worm","floor":3.0,"turns":2.0},{"damage":0.0,"enemies":"3 Sentries","floor":6.0,"turns":2.0},{"damage":7.0,"enemies":"Lagavulin","floor":8.0,"turns":5.0},{"damage":0.0,"enemies":"Gremlin Nob","floor":11.0,"turns":1.0},{"damage":20.0,"enemies":"Slime Boss","floor":16.0,"turns":8.0},{"damage":13.0,"enemies":"Spheric Guardian","floor":18.0,"turns":4.0},{"damage":2.0,"enemies":"Chosen","floor":19.0,"turns":3.0},{"damage":5.0,"enemies":"3 Cultists","floor":20.0,"turns":3.0},{"damage":0.0,"enemies":"Slavers","floor":24.0,"turns":1.0},{"damage":0.0,"enemies":"Gremlin Leader","floor":27.0,"turns":3.0},{"damage":12.0,"enemies":"Snake Plant","floor":30.0,"turns":2.0},{"damage":0.0,"enemies":"Shelled Parasite and Fungi","floor":31.0,"turns":1.0},{"damage":0.0,"enemies":"Champ","floor":33.0,"turns":6.0},{"damage":0.0,"enemies":"3 Darklings","floor":35.0,"turns":2.0},{"damage":0.0,"enemies":"3 Shapes","floor":36.0,"turns":2.0},{"damage":0.0,"enemies":"Maw","floor":38.0,"turns":5.0},{"damage":0.0,"enemies":"Reptomancer","floor":40.0,"turns":2.0},{"damage":0.0,"enemies":"Giant Head","floor":42.0,"turns":4.0},{"damage":0.0,"enemies":"Transient","floor":47.0,"turns":3.0},{"damage":0.0,"enemies":"Reptomancer","floor":48.0,"turns":2.0},{"damage":42.0,"enemies":"Donu and Deca","floor":50.0,"turns":4.0},{"damage":0.0,"enemies":"Awakened One","floor":51.0,"turns":4.0},{"damage":18.0,"enemies":"Shield and Spear","floor":55.0,"turns":3.0},{"damage":32,"enemies":"The Heart","floor":56,"turns":8}],"seed_played":"184635099122855570","potions_obtained":[{"floor":2.0,"key":"EntropicBrew"},{"floor":8.0,"key":"SpeedPotion"},{"floor":19.0,"key":"Ancient Potion"},{"floor":27.0,"key":"Energy Potion"},{"floor":42.0,"key":"Explosive Potion"},{"floor":55.0,"key":"SkillPotion"}],"is_trial":false,"path_per_floor":["M","M","M","?","?","E","R","E","T","R","E","R","?","$","R","B",null,"M","M","M","?","$","R","E","R","T","E","R","?","M","M","R","B",null,"M","M","?","M","?","E","?","E","T","R","$","?","M","E","R","B","B",null,"R","$","E","B",null],"character_chosen":"WATCHER","items_purchased":["DevaForm+1","DollysMirror","Centennial Puzzle","Melange"],"campfire_rested":0,"item_purchase_floors":[14,45,54,54],"current_hp_per_floor":[59,56,56,56,38,38,38,45,45,45,45,51,40,40,49,29,58,45,45,40,40,40,49,51,60,60,60,69,69,59,59,68,68,73,73,75,71,73,73,73,73,75,75,86,86,86,88,90,90,48,73,86,90,90,72,58],"gold":106,"neow_bonus":"RANDOM_COMMON_RELIC","is_daily":false,"chose_seed":false,"campfire_upgraded":9,"win_rate":0.0,"timestamp":1608459400,"path_taken":["M","M","M","?","?","E","R","E","T","R","E","R","?","$","R","BOSS","M","M","M","?","$","R","E","R","T","E","R","?","M","M","R","BOSS","M","M","?","M","?","E","?","E","T","R","?","?","M","E","R","BOSS","BOSS","R","$","E","BOSS"],"items_purchased_type":["Card","Relic","Relic","Relic"],"build_version":"2020-12-13","purchased_purges":2,"victory":true,"max_hp_per_floor":[68,68,68,68,68,68,68,68,68,68,68,68,68,68,68,68,68,68,70,70,70,70,70,72,72,72,72,72,72,74,74,74,74,74,74,76,82,84,84,84,84,86,86,86,86,86,88,90,90,90,90,90,90,90,90,90],"relic_stats":{"Singing Bowl":22,"counters":[26,89],"Melange":[27],"Eternal Feather":66,"PreservedInsect":512,"Juzu Bracelet":1,"Bag of Preparation":[12],"Whetstone":["TalkToTheHand","FearNoEvil"],"MawBank":72,"Nunchaku":[14],"Centennial Puzzle":[4],"Pantograph":43,"Snecko Eye":[132,111,141,140],"obtain_stats":[{"Singing Bowl":8,"Melange":54,"Damaru":55,"Eternal Feather":11,"PreservedInsect":0,"Juzu Bracelet":5,"Bag of Preparation":42,"Whetstone":24,"Frozen Egg 2":9,"MawBank":48,"Nunchaku":27,"Centennial Puzzle":54,"DollysMirror":45,"Pantograph":40,"Snecko Eye":17,"Coffee Dripper":34,"PureWater":0,"Toxic Egg 2":6,"InkBottle":43},{"Singing Bowl":5,"Melange":24,"Damaru":25,"Eternal Feather":6,"PreservedInsect":0,"Juzu Bracelet":3,"Bag of Preparation":20,"Whetstone":11,"Frozen Egg 2":5,"MawBank":22,"Nunchaku":12,"Centennial Puzzle":24,"DollysMirror":20,"Pantograph":19,"Snecko Eye":7,"Coffee Dripper":15,"PureWater":0,"Toxic Egg 2":4,"InkBottle":20},{"Singing Bowl":18,"Melange":78,"Damaru":81,"Eternal Feather":19,"PreservedInsect":0,"Juzu Bracelet":11,"Bag of Preparation":65,"Whetstone":38,"Frozen Egg 2":18,"MawBank":70,"Nunchaku":41,"Centennial Puzzle":78,"DollysMirror":65,"Pantograph":61,"Snecko Eye":27,"Coffee Dripper":50,"PureWater":0,"Toxic Egg 2":13,"InkBottle":65}],"InkBottle":[14]},"card_choices":[{"not_picked":["FlyingSleeves","FollowUp"],"picked":"CutThroughFate","floor":1.0},{"not_picked":["SignatureMove","Evaluate","Weave"],"picked":"SKIP","floor":2.0},{"not_picked":["Perseverance","ClearTheMind"],"picked":"BowlingBash","floor":3.0},{"not_picked":["Protect+1","MentalFortress","Evaluate+1"],"picked":"SKIP","floor":6.0},{"not_picked":["MentalFortress","ThirdEye+1"],"picked":"Blasphemy+1","floor":8.0},{"not_picked":["PathToVictory+1","CrushJoints"],"picked":"FearNoEvil","floor":11.0},{"not_picked":["ConjureBlade+1","Alpha+1"],"picked":"Omniscience+1","floor":16.0},{"not_picked":["ClearTheMind+1","Wireheading+1"],"picked":"TalkToTheHand","floor":18.0},{"not_picked":["FlurryOfBlows","FollowUp","DeceiveReality+1"],"picked":"Singing Bowl","floor":19.0},{"not_picked":["Crescendo+1","PathToVictory+1"],"picked":"Ragnarok","floor":20.0},{"not_picked":["EmptyFist","Protect+1","ForeignInfluence+1"],"picked":"Singing Bowl","floor":24.0},{"not_picked":["EmptyBody+1","WindmillStrike"],"picked":"WheelKick","floor":27.0},{"not_picked":["FollowUp+1","EmptyFist","ClearTheMind+1"],"picked":"Singing Bowl","floor":30.0},{"not_picked":["TalkToTheHand","Study+1"],"picked":"Wallop","floor":31.0},{"not_picked":["Judgement+1","Blasphemy+1"],"picked":"Wish+1","floor":33.0},{"not_picked":["Evaluate+1","ThirdEye+1"],"picked":"Fasting2+1","floor":35.0},{"not_picked":["CrushJoints","FearNoEvil+1","EmptyBody+1"],"picked":"Singing Bowl","floor":36.0},{"not_picked":["Thinking Ahead+1","Dramatic Entrance","Mind Blast"],"picked":"Singing Bowl","floor":37.0},{"not_picked":["Forethought+1","Jack Of All Trades+1","Impatience+1"],"picked":"Singing Bowl","floor":37.0},{"not_picked":["Dark Shackles+1","Forethought+1","Deep Breath+1"],"picked":"Singing Bowl","floor":37.0},{"not_picked":["BowlingBash","Consecrate","Evaluate+1"],"picked":"Singing Bowl","floor":38.0},{"not_picked":["ReachHeaven+1","CrushJoints"],"picked":"Scrawl+1","floor":40.0},{"not_picked":["ConjureBlade+1","ClearTheMind+1","Consecrate+1"],"picked":"Singing Bowl","floor":42.0},{"not_picked":["EmptyMind+1","Consecrate","Vengeance+1"],"picked":"Singing Bowl","floor":47.0},{"not_picked":["ForeignInfluence+1","ThirdEye+1","CrushJoints"],"picked":"Singing Bowl","floor":48.0},{"not_picked":["ThirdEye+1","Consecrate"],"picked":"InnerPeace+1","floor":55.0}],"player_experience":227014,"relics_obtained":[{"floor":6.0,"key":"Toxic Egg 2"},{"floor":8.0,"key":"Singing Bowl"},{"floor":9.0,"key":"Frozen Egg 2"},{"floor":11.0,"key":"Eternal Feather"},{"floor":24.0,"key":"Whetstone"},{"floor":27.0,"key":"Nunchaku"},{"floor":40.0,"key":"Pantograph"},{"floor":42.0,"key":"Bag of Preparation"},{"floor":43.0,"key":"InkBottle"},{"floor":48.0,"key":"MawBank"},{"floor":55.0,"key":"Damaru"}],"event_choices":[{"cards_removed":["Defend_P"],"damage_healed":0.0,"max_hp_gain":0.0,"max_hp_loss":0.0,"gold_gain":0.0,"event_name":"The Cleric","player_choice":"Card Removal","floor":4.0,"gold_loss":75.0,"damage_taken":0.0},{"damage_healed":0.0,"max_hp_gain":0.0,"max_hp_loss":0.0,"gold_gain":0.0,"event_name":"Scrap Ooze","player_choice":"Success","floor":5.0,"gold_loss":0.0,"damage_taken":18.0,"relics_obtained":["Juzu Bracelet"]},{"damage_healed":0.0,"max_hp_gain":0.0,"max_hp_loss":0.0,"gold_gain":75.0,"event_name":"World of Goop","player_choice":"Gather Gold","floor":13.0,"gold_loss":0.0,"damage_taken":11.0},{"cards_removed":["Defend_P"],"damage_healed":0.0,"max_hp_gain":0.0,"max_hp_loss":0.0,"gold_gain":0.0,"event_name":"Beggar","player_choice":"Gave Gold","floor":21.0,"gold_loss":75.0,"damage_taken":0.0},{"damage_healed":0.0,"max_hp_gain":0.0,"max_hp_loss":0.0,"gold_gain":0.0,"cards_transformed":["Strike_P","Blasphemy"],"event_name":"Drug Dealer","player_choice":"Became Test Subject","floor":29.0,"gold_loss":0.0,"damage_taken":0.0,"cards_obtained":["Brilliance","Worship"]},{"damage_healed":0.0,"max_hp_gain":0.0,"max_hp_loss":0.0,"gold_gain":0.0,"event_name":"SensoryStone","player_choice":"Memory 3","floor":37.0,"gold_loss":0.0,"damage_taken":10.0},{"cards_removed":["Strike_P"],"damage_healed":0.0,"max_hp_gain":0.0,"max_hp_loss":0.0,"gold_gain":0.0,"event_name":"Purifier","player_choice":"Purged","floor":39.0,"gold_loss":0.0,"damage_taken":0.0},{"damage_healed":0.0,"max_hp_gain":0.0,"max_hp_loss":0.0,"gold_gain":0.0,"event_name":"Accursed Blacksmith","player_choice":"Forge","floor":41.0,"gold_loss":0.0,"damage_taken":0.0,"cards_upgraded":["Brilliance"]},{"damage_healed":0.0,"max_hp_gain":0.0,"max_hp_loss":0.0,"gold_gain":0.0,"event_name":"Tomb of Lord Red Mask","player_choice":"Ignored","floor":46.0,"gold_loss":0.0,"damage_taken":0.0}],"is_beta":false,"boss_relics":[{"not_picked":["Empty Cage","Velvet Choker"],"picked":"Snecko Eye"},{"not_picked":["VioletLotus","Busted Crown"],"picked":"Coffee Dripper"}],"items_purged_floors":[22,45],"is_endless":false,"potions_floor_spawned":[2,8,19,20,27,36,38,42,47,55],"ascension_level":20}}