{"host":"qgwlv9366poilr0p","time":1608486094,"event":{"mods":["Aspiration","BaseMod","Better Match","Better Note","Colored Powertips","Conspire","Dota2Spire","Friendly Minions","Halation","Hubris","Infinite Spire","JesterMod","Minty Spire (QoL Compilation)","Relic Stats","Replay The Spire","Shop Mod","StSLib","The Blue Laboratory","Wandering Minibosses","vexMod"],"gold_per_floor":[117,117,128,139,157,187,187,222,290,290,290],"floor_reached":10,"playtime":1525,"items_purged":[],"score":137,"play_id":"2588bed7-27ac-43a6-ab65-dab3d12ac5e0","local_time":"20201220184134","is_ascension_mode":true,"campfire_choices":[{"floor":7,"key":"REST"}],"circlet_count":0,"master_deck":["AscendersBane","Strike_B","Strike_B","Strike_B","Defend_B","Defend_B","Defend_B","Defend_B","Zap","Dualcast","Go for the Eyes","ReplayTheSpireMod:Omega Cannon","Loop","ReplayRNGCard","Chaos"],"relics":["Cracked Core","aspiration:Nostalgia","Iron Core","infinitespire:Lucky Rock","infinitespire:Bottled Soul","White Beast Statue"],"acts_visited":["Exordium"],"potions_floor_usage":[8,10,10],"damage_taken":[{"damage":1,"enemies":"Cultist","floor":1,"turns":3},{"damage":2,"enemies":"2 Louse","floor":3,"turns":2},{"damage":0,"enemies":"Jaw Worm","floor":4,"turns":1},{"damage":20,"enemies":"Large Slime","floor":5,"turns":3},{"damage":29,"enemies":"Gremlin Nob","floor":6,"turns":5},{"damage":20,"enemies":"3 Sentries","floor":8,"turns":3},{"damage":15,"enemies":"Lagavulin","floor":10,"turns":2}],"seed_played":"-7812276878577798663","potions_obtained":[{"floor":3,"key":"blueLaboratory:FruitPunch"},{"floor":4,"key":"Strength Potion"},{"floor":8,"key":"Strength Potion"}],"is_trial":false,"path_per_floor":["M","?","M","M","M","E","R","E","T","E"],"character_chosen":"DEFECT","items_purchased":[],"campfire_rested":1,"item_purchase_floors":[],"current_hp_per_floor":[63,63,61,61,41,12,33,15,15,0,0],"gold":290,"neow_bonus":"NOSTALGIA","is_daily":false,"chose_seed":false,"campfire_upgraded":0,"win_rate":0.0,"timestamp":1608486094,"path_taken":["M","?","M","M","?","E","R","E","T","E"],"items_purchased_type":[],"build_version":"2020-12-13","purchased_purges":0,"victory":false,"max_hp_per_floor":[71,71,71,71,71,71,71,73,73,73,73],"relic_stats":{"counters":[7,19],"obtain_stats":[{"Iron Core":0,"aspiration:Nostalgia":0,"infinitespire:Bottled Soul":8,"infinitespire:Lucky Rock":6,"Cracked Core":0,"White Beast Statue":9},{"Iron Core":0,"aspiration:Nostalgia":0,"infinitespire:Bottled Soul":6,"infinitespire:Lucky Rock":5,"Cracked Core":0,"White Beast Statue":6},{"Iron Core":0,"aspiration:Nostalgia":0,"infinitespire:Bottled Soul":17,"infinitespire:Lucky Rock":14,"Cracked Core":0,"White Beast Statue":17}]},"card_choices":[{"not_picked":["Hologram","Warcry"],"picked":"Go for the Eyes","floor":1},{"not_picked":["ReplayReversal","Fire Breathing"],"picked":"Loop","floor":3},{"not_picked":["Hologram","Warcry"],"picked":"ReplayRNGCard","floor":4},{"not_picked":["Leap","Clash"],"picked":"Chaos","floor":5},{"not_picked":["Heavy Blade","Ball Lightning","Cold Snap"],"picked":"SKIP","floor":6},{"not_picked":["Streamline","Fire Breathing","Barrage"],"picked":"SKIP","floor":8}],"player_experience":1078674,"relics_obtained":[{"floor":6,"key":"infinitespire:Lucky Rock"},{"floor":8,"key":"infinitespire:Bottled Soul"},{"floor":9,"key":"White Beast Statue"}],"event_choices":[{"damage_healed":0,"gold_gain":0,"cards_transformed":["Strike_B"],"player_choice":"Transformed","damage_taken":0,"max_hp_gain":0,"max_hp_loss":0,"event_name":"Transmorgrifier","floor":2,"gold_loss":0,"cards_obtained":["ReplayTheSpireMod:Omega Cannon"]}],"is_beta":false,"boss_relics":[],"items_purged_floors":[],"is_endless":false,"potions_floor_spawned":[3,4,8],"killed_by":"Lagavulin","ascension_level":15}}