{"host":"87fdiiwflhrwsj8a","time":1608502339,"event":{"mods":["Aspiration","BaseMod","Better Match","Better Third Choice","BetterRewards","Colored Map","Downfall","GifTheSpireLib","Infinite Spire","Minty Spire (QoL Compilation)","Relic Sorter","Replay The Spire","Robot Space Explorer","StSLib","Stuff the Spire","The Cursed"],"gold_per_floor":[116,266,266,266,279,304,304,331,383,383,383,411,411,533,533,619,619,674,674,674,674,707,707,707,719,731,743,755,771,771],"floor_reached":29,"playtime":547,"items_purged":[],"score":654,"play_id":"60643eca-1ec7-4c85-a255-f76cf194489e","local_time":"20201220171219","is_ascension_mode":true,"campfire_choices":[{"data":"Limit Break","floor":7.0,"key":"SMITH"},{"data":"Sword Boomerang","floor":10.0,"key":"SMITH"},{"floor":15.0,"key":"REST"},{"data":"True Grit","floor":23,"key":"SMITH"},{"floor":25,"key":"REST"},{"data":"StuffTheSpire:WarGroove","floor":28,"key":"SMITH"}],"circlet_count":0,"master_deck":["AscendersBane","Strike_R","Strike_R","Strike_R","Strike_R","Strike_R","Defend_R","Defend_R","Defend_R","Defend_R","Bash","ReplayTheSpireMod:Strike From Hell","Sword Boomerang+1","Limit Break+1","Battle Trance","Wish","Inflame","Limit Break","StuffTheSpire:WarGroove+1","infinitespire:NeuralNetwork","ReplayTheSpireMod:Faulty Equipment","StuffTheSpire:WarCurse","True Grit+1"],"relics":["Burning Blood","NeowsBlessing","Replay:Bandana","StuffTheSpire:TintedRock","TungstenRod","infinitespire:EmpoweringShard","Runic Pyramid","White Beast Statue","Painkiller Herb","MawBank","Replay:Towering Pillar of Hats"],"acts_visited":["Exordium","TheCity"],"potions_floor_usage":[16,18,18,29,29],"damage_taken":[{"damage":0.0,"enemies":"2 Louse","floor":1.0,"turns":1.0},{"damage":0.0,"enemies":"Jaw Worm","floor":5.0,"turns":1.0},{"damage":0.0,"enemies":"Gremlin Nob","floor":6.0,"turns":1.0},{"damage":4.0,"enemies":"Small Slimes","floor":8.0,"turns":3.0},{"damage":6.0,"enemies":"2 Fungi Beasts","floor":12.0,"turns":4.0},{"damage":52.0,"enemies":"3 Sentries","floor":14.0,"turns":9.0},{"damage":0,"enemies":"Fading Forest","floor":16,"turns":8},{"damage":10,"enemies":"3 Byrds","floor":18,"turns":5},{"damage":15,"enemies":"2 Thieves","floor":22,"turns":2},{"damage":40,"enemies":"Slavers","floor":29,"turns":2}],"seed_played":"-8826584337293973880","potions_obtained":[{"floor":6.0,"key":"GamblersBrew"},{"floor":8.0,"key":"EntropicBrew"},{"floor":18,"key":"SteroidPotion"}],"is_trial":false,"path_per_floor":["M","?","?","?","M","E","R","M","T","R","?","M","?","E","R","B",null,"M","?","?","?","M","R","AVR","T","T","?","T","E"],"character_chosen":"IRONCLAD","items_purchased":[],"campfire_rested":2,"item_purchase_floors":[],"current_hp_per_floor":[74,74,67,67,73,75,75,75,75,75,75,75,62,16,38,52,69,65,43,26,26,17,17,17,39,39,36,36,0,0],"gold":771,"neow_bonus":"THREE_ENEMY_KILL","is_daily":false,"chose_seed":false,"campfire_upgraded":4,"win_rate":0.0,"timestamp":1608502339,"path_taken":["M","?","?","?","?","E","R","M","T","R","?","M","?","E","R","BOSS","M","?","?","?","?","R","AVR","T","T","?","T","E"],"items_purchased_type":[],"build_version":"2020-12-13","purchased_purges":0,"victory":false,"max_hp_per_floor":[75,75,75,75,75,75,75,75,75,75,75,75,75,75,75,75,75,75,75,75,75,75,75,75,75,75,75,75,75,75],"card_choices":[{"not_picked":["Life Link","Pommel Strike"],"picked":"ReplayTheSpireMod:Strike From Hell","floor":1.0},{"not_picked":["Defy Death","Shrug It Off"],"picked":"Sword Boomerang","floor":5.0},{"not_picked":["Anger","Inflame"],"picked":"Limit Break","floor":6.0},{"not_picked":["Headbutt","Perfected Strike"],"picked":"Battle Trance","floor":8.0},{"not_picked":["Dark Embrace","Run Through","StuffTheSpire:Incineration"],"picked":"SKIP","floor":12.0},{"not_picked":["Whirlwind","Flex"],"picked":"Inflame","floor":14.0},{"not_picked":["Offering","Exhume"],"picked":"Limit Break","floor":16},{"not_picked":["Thunderclap","Dark Embrace","ReplayTheSpireMod:Strike From Hell"],"picked":"SKIP","floor":18},{"not_picked":["infinitespire:SealOfDarkness+","ReplayTheSpireMod:Book of Names"],"picked":"infinitespire:NeuralNetwork","floor":20},{"not_picked":["ReplayTheSpireMod:Strike From Hell+1","Battle Trance"],"picked":"True Grit","floor":22}],"player_experience":2603558,"relics_obtained":[{"floor":6.0,"key":"Replay:Bandana"},{"floor":9.0,"key":"StuffTheSpire:TintedRock"},{"floor":14.0,"key":"infinitespire:EmpoweringShard"},{"floor":26,"key":"Replay:Towering Pillar of Hats"}],"event_choices":[{"damage_healed":0.0,"max_hp_gain":0.0,"max_hp_loss":0.0,"gold_gain":150.0,"event_name":"betterThird:BetterSerpent","player_choice":"AGREE","floor":2.0,"gold_loss":0.0,"damage_taken":116.0},{"cards_removed":["Doubt"],"damage_healed":0.0,"max_hp_gain":0.0,"max_hp_loss":0.0,"gold_gain":0.0,"event_name":"Golden Wing","player_choice":"Card Removal","floor":3.0,"gold_loss":0.0,"damage_taken":7.0},{"damage_healed":0.0,"max_hp_gain":0.0,"max_hp_loss":0.0,"gold_gain":0.0,"event_name":"The Cleric","player_choice":"Leave","floor":4.0,"gold_loss":0.0,"damage_taken":0.0},{"damage_healed":0,"gold_gain":0,"player_choice":"Bought 0 Potions","damage_taken":0,"max_hp_gain":0,"max_hp_loss":0,"event_name":"The Woman in Blue","floor":27,"gold_loss":0}],"is_beta":false,"boss_relics":[{"not_picked":["Pandora\u0027s Box","Busted Crown"],"picked":"Runic Pyramid"}],"items_purged_floors":[],"is_endless":false,"potions_floor_spawned":[6,8,18,22],"killed_by":"Slavers","ascension_level":20}}