{"host":"363c1o4m0ew2jbar","time":1608443372,"event":{"mods":["AchievementEnabler","BaseMod","Better Note","Downfall","Minty Spire (QoL Compilation)","StSLib"],"gold_per_floor":[99,164,164,89,118,69,69,86,86,121,121,144,144,164,175,175,175],"floor_reached":16,"playtime":433,"items_purged":[],"score":151,"play_id":"a14fc24d-8f1a-4b02-b27a-ce7a1fef4aa0","local_time":"20201219194932","is_ascension_mode":true,"campfire_choices":[{"floor":1,"key":"RECALL"},{"data":"Slimebound:Split","floor":4,"key":"SMITH"},{"data":"Slimebound:LevelUp","floor":9,"key":"SMITH"}],"circlet_count":0,"master_deck":["Slimebound:Strike_Slimebound","Slimebound:Strike_Slimebound","Slimebound:Strike_Slimebound+1","Slimebound:Tackle+1","Slimebound:Defend_Slimebound","Slimebound:Defend_Slimebound","Slimebound:Defend_Slimebound","Slimebound:Defend_Slimebound","Slimebound:Split+1","Slimebound:CorrosiveSpit+1","Slimebound:LevelUp+1","Slimebound:Recollect","Slimebound:SlimeSpikes","Slimebound:SplitMire","Regret","Slimebound:SlimeBrawl","Slimebound:RejuvenatingLick","Slimebound:SplitSpecialist"],"relics":["Slimebound:AbsorbEndCombat","downfall:HeartsMalice","Bag of Preparation","downfall:ShatteredFragment","downfall:HeartBlessingRed","Mango","CaptainsWheel","Boot","Odd Mushroom"],"acts_visited":["Exordium"],"potions_floor_usage":[],"damage_taken":[{"damage":0,"enemies":"Gremlin Nob","floor":2,"turns":1},{"damage":0,"enemies":"3 Sentries","floor":5,"turns":1},{"damage":0,"enemies":"downfall:FleeingMerchant","floor":6,"turns":1},{"damage":8,"enemies":"Small Slimes","floor":8,"turns":3},{"damage":22,"enemies":"Lagavulin","floor":10,"turns":5},{"damage":23,"enemies":"The Mushroom Lair","floor":12,"turns":3},{"damage":10,"enemies":"Jaw Worm","floor":14,"turns":3},{"damage":0,"enemies":"2 Louse","floor":15,"turns":2},{"damage":73,"enemies":"downfall:Defect","floor":16,"turns":5}],"seed_played":"8450409809999922897","potions_obtained":[{"floor":2,"key":"Swift Potion"},{"floor":10,"key":"SkillPotion"},{"floor":12,"key":"AttackPotion"}],"is_trial":false,"path_per_floor":["R","?","?","R","E","$","T","M","R","E","?","?","T","M","M","B"],"character_chosen":"SLIMEBOUND","items_purchased":["Slimebound:SlimeSpikes"],"campfire_rested":0,"item_purchase_floors":[6],"current_hp_per_floor":[60,60,42,42,56,56,56,58,58,54,54,47,47,47,49,0,0],"gold":175,"neow_bonus":"THREE_ENEMY_KILL","is_daily":false,"chose_seed":false,"campfire_upgraded":2,"win_rate":0.0,"timestamp":1608443372,"path_taken":["R","?","?","R","E","$","T","M","R","E","?","?","?","?","M","BOSS"],"items_purchased_type":["Card"],"build_version":"2020-12-13","purchased_purges":0,"victory":false,"max_hp_per_floor":[60,60,60,60,74,74,74,74,74,74,74,74,74,74,74,74,74],"card_choices":[{"not_picked":["Slimebound:SplitAcid","Slimebound:MassRepurpose"],"picked":"Slimebound:LevelUp","floor":5},{"not_picked":["Slimebound:SplitMire","Slimebound:FinishingTackle"],"picked":"Slimebound:Recollect","floor":6},{"not_picked":["Slimebound:Schlurp","Slimebound:FinishingTackle"],"picked":"Slimebound:SplitMire","floor":8},{"not_picked":["Slimebound:SplitMire","Slimebound:LeechLife","Slimebound:SplitAcid"],"picked":"SKIP","floor":10},{"not_picked":["Slimebound:LeechEnergy","Slimebound:GoopSpray"],"picked":"Slimebound:SlimeBrawl","floor":12},{"not_picked":["Slimebound:SplitAcid","Slimebound:LeechingTouch"],"picked":"Slimebound:RejuvenatingLick","floor":14},{"not_picked":["Slimebound:ViciousTackle","Slimebound:Repurpose"],"picked":"Slimebound:SplitSpecialist","floor":15}],"player_experience":1116497,"relics_obtained":[{"floor":2,"key":"Bag of Preparation"},{"floor":5,"key":"Mango"},{"floor":7,"key":"CaptainsWheel"},{"floor":10,"key":"Boot"},{"floor":12,"key":"Odd Mushroom"}],"event_choices":[{"damage_healed":0,"gold_gain":0,"player_choice":"Fought Mushrooms","damage_taken":0,"max_hp_gain":0,"max_hp_loss":0,"event_name":"Mushrooms","floor":12,"gold_loss":0}],"is_beta":false,"boss_relics":[],"items_purged_floors":[],"is_endless":false,"potions_floor_spawned":[2,10,12],"killed_by":"downfall:Defect","ascension_level":3}}