{"host":"w3rfvrgd3h0p0rzh","time":1608481460,"event":{"mods":["2.2 Compatiblity","AchievementEnabler","Act Like it!","BaseMod","Block Reminder","Hallownest","Infinite Spire","Jorbs\u0027s Wanderer Trilogy","Minty Spire (QoL Compilation)","Permanent Neow","Replay The Spire","StSLib","The Blue Laboratory","The Construct","The Jungle","Uncapped"],"gold_per_floor":[115,115,130,130,150,150,164,164,164,164,264,275,287,297,297,394,394,413,413,413,413,441,441,441],"floor_reached":23,"playtime":1917,"items_purged":[],"score":181,"play_id":"4bd911cc-5594-4305-b6c8-e8630f789eb5","local_time":"20201220172420","is_ascension_mode":false,"campfire_choices":[{"data":"Loop","floor":6,"key":"SMITH"},{"data":"Zap","floor":8,"key":"SMITH"},{"data":"Aggregate","floor":10,"key":"SMITH"},{"floor":15,"key":"REST"}],"circlet_count":0,"master_deck":["Strike_B","Strike_B","Strike_B","Strike_B","Defend_B","Defend_B","Defend_B","Defend_B","Zap+1","Dualcast","Loop+1","Turbo","Aggregate+1","Conserve Battery","Go for the Eyes","Chill","Beam Cell","Buffer","Time Bomb","Storm","Turbo+1"],"relics":["Cracked Core","NeowsBlessing","Replay:Towering Pillar of Hats","Philosopher\u0027s Stone","Replay:Blank Codex","Red Mask"],"acts_visited":["Exordium","TheCity"],"potions_floor_usage":[5,16,22],"damage_taken":[{"damage":0,"enemies":"Jaw Worm","floor":1,"turns":1},{"damage":0,"enemies":"Cultist","floor":3,"turns":1},{"damage":0,"enemies":"infinitespire:Voidling","floor":5,"turns":1},{"damage":0,"enemies":"Large Slime","floor":7,"turns":4},{"damage":1,"enemies":"Red Slaver","floor":12,"turns":4},{"damage":13,"enemies":"3 Louse","floor":13,"turns":4},{"damage":14,"enemies":"Exordium Wildlife","floor":14,"turns":5},{"damage":47,"enemies":"Hexaghost","floor":16,"turns":12},{"damage":20,"enemies":"Chosen","floor":18,"turns":6},{"damage":29,"enemies":"Masked Bandits","floor":22,"turns":6},{"damage":15,"enemies":"Slavers","floor":23,"turns":1}],"seed_played":"6236089567988957848","potions_obtained":[{"floor":1,"key":"SkillPotion"},{"floor":4,"key":"blueLaboratory:BiasPotion"},{"floor":4,"key":"blueLaboratory:EmptyBottle"},{"floor":5,"key":"Fire Potion"},{"floor":12,"key":"blueLaboratory:EnragingPotion"},{"floor":22,"key":"SpeedPotion"}],"is_trial":false,"path_per_floor":["M","?","M","?","M","R","M","R","T","R","?","M","M","M","R","B",null,"M","?","?","?","?","E"],"character_chosen":"DEFECT","items_purchased":[],"campfire_rested":1,"item_purchase_floors":[],"current_hp_per_floor":[75,75,75,75,75,75,75,75,75,75,75,74,61,47,69,22,75,55,55,39,39,10,0,0],"gold":441,"neow_bonus":"THREE_ENEMY_KILL","is_daily":false,"chose_seed":false,"campfire_upgraded":3,"win_rate":0.0,"timestamp":1608481460,"path_taken":["M","?","?","?","?","R","M","R","T","R","?","M","?","M","R","BOSS","M","?","?","?","?","E"],"items_purchased_type":[],"build_version":"2020-12-13","purchased_purges":0,"victory":false,"max_hp_per_floor":[75,75,75,75,75,75,75,75,75,75,75,75,75,75,75,75,75,75,75,75,75,75,75,75],"card_choices":[{"not_picked":["Redo","Leap"],"picked":"Loop","floor":1},{"not_picked":["Steam Power","FTL"],"picked":"Turbo","floor":3},{"not_picked":["Turbo","Panic Button"],"picked":"Aggregate","floor":5},{"not_picked":["BootSequence","Steam"],"picked":"Conserve Battery","floor":7},{"not_picked":["Leap","Steam"],"picked":"Go for the Eyes","floor":12},{"not_picked":["Gash","BootSequence"],"picked":"Chill","floor":13},{"not_picked":["Auto Shields","Leap"],"picked":"Beam Cell","floor":14},{"not_picked":["Hyperbeam","Rainbow"],"picked":"Buffer","floor":16},{"not_picked":["Steam","Panic Button"],"picked":"Time Bomb","floor":18},{"not_picked":["BasicCrystalCard","Go for the Eyes"],"picked":"Turbo+1","floor":22}],"player_experience":170228,"relics_obtained":[{"floor":9,"key":"Replay:Towering Pillar of Hats"},{"floor":20,"key":"Replay:Blank Codex"},{"floor":22,"key":"Red Mask"}],"event_choices":[{"damage_healed":0,"gold_gain":0,"player_choice":"Bought 0 Potions","damage_taken":0,"max_hp_gain":0,"max_hp_loss":0,"event_name":"The Woman in Blue","floor":2,"gold_loss":0},{"damage_healed":0,"gold_gain":0,"player_choice":"Got Potions","damage_taken":0,"max_hp_gain":0,"max_hp_loss":0,"event_name":"Lab","floor":4,"gold_loss":0},{"damage_healed":0,"gold_gain":100,"player_choice":"Pray","damage_taken":0,"max_hp_gain":0,"max_hp_loss":0,"event_name":"Golden Shrine","floor":11,"gold_loss":0},{"damage_healed":0,"gold_gain":0,"player_choice":"Read","damage_taken":0,"max_hp_gain":0,"max_hp_loss":0,"event_name":"The Library","floor":19,"gold_loss":0,"cards_obtained":["Storm"]},{"damage_healed":0,"gold_gain":0,"player_choice":"Obtained Book","damage_taken":16,"max_hp_gain":0,"max_hp_loss":0,"event_name":"Cursed Tome","floor":20,"gold_loss":0},{"damage_healed":0,"gold_gain":0,"player_choice":"Fought Bandits","damage_taken":0,"max_hp_gain":0,"max_hp_loss":0,"event_name":"Masked Bandits","floor":22,"gold_loss":0}],"is_beta":false,"boss_relics":[{"not_picked":["Fusion Hammer","Runic Pyramid"],"picked":"Philosopher\u0027s Stone"}],"items_purged_floors":[],"is_endless":false,"potions_floor_spawned":[1,5,12,22],"killed_by":"Slavers","ascension_level":0}}