{"host":"10b2ljh1rg6srmxa","time":1608471159,"event":{"mods":["AchievementEnabler","BaseMod","Colored Powertips","Infinite Spire","Minty Spire (QoL Compilation)","Replay The Spire","StSLib"],"gold_per_floor":[109,120,120,45,45,71,71,71,121,133,166,178,189,206,206,301,301,314,314,314,348,360,360,377,126,126,141,159,173,173,185,185,285,285,304,304,304,318,332,343,360,582,608,608,624,637,637,637,637,663,663,663],"floor_reached":53,"playtime":4364,"items_purged":["Strike_P"],"score":530,"play_id":"1c790d2d-78fc-400c-8823-e66986a6553b","local_time":"20201220143239","is_ascension_mode":false,"campfire_choices":[{"data":"LikeWater","floor":8.0,"key":"SMITH"},{"floor":15,"key":"REST"},{"data":"Replay:LoomingThreat","floor":23,"key":"SMITH"},{"floor":32,"key":"REST"},{"floor":49,"key":"REST"},{"floor":51,"key":"REST"}],"circlet_count":0,"master_deck":["Strike_P","Strike_P","Strike_P","Defend_P","Defend_P","Defend_P","Defend_P","Eruption","Vigilance","PathToVictory","LikeWater+1","PathToVictory","WindmillStrike","Consecrate","Replay:LoomingThreat+1","Replay:ManipulateFuture","infinitespire:SevenWalls","RitualDagger","SashWhip+1","FlyingSleeves","DeusExMachina","LikeWater","Weave+1","Replay:LoomingThreat","Wallop+1","infinitespire:UltimateForm","ReplayTheSpireMod:Chaos Vortex","Pot Of Greed","Pot Of Greed","Pot Of Greed","Replay:DivineShield+1","Ragnarok"],"relics":["PureWater","NeowsBlessing","Pen Nib","Pear","Simple Rune","Mummified Hand","Snecko Eye","BargainBundle","HolyWater","Red Mask","Orrery","Bottled Tornado","Busted Crown","Calipers","Replay:Mystery Machine","Grinning Jar","infinitespire:Satchel"],"acts_visited":["Exordium","TheCity","TheBeyond"],"potions_floor_usage":[14,21,33,33,33,35,41,52,52],"damage_taken":[{"damage":0.0,"enemies":"Cultist","floor":1.0,"turns":1.0},{"damage":0.0,"enemies":"2 Louse","floor":2.0,"turns":1.0},{"damage":0.0,"enemies":"3 Sentries","floor":6.0,"turns":2.0},{"damage":0.0,"enemies":"Jaw Worm","floor":10.0,"turns":4.0},{"damage":15.0,"enemies":"Gremlin Nob","floor":11.0,"turns":4.0},{"damage":6,"enemies":"Large Slime","floor":12,"turns":6},{"damage":7,"enemies":"Blue Slaver","floor":13,"turns":2},{"damage":0,"enemies":"Exordium Thugs","floor":14,"turns":3},{"damage":27,"enemies":"Slime Boss","floor":16,"turns":9},{"damage":10,"enemies":"Spheric Guardian","floor":18,"turns":4},{"damage":2,"enemies":"Masked Bandits","floor":21,"turns":6},{"damage":2,"enemies":"3 Byrds","floor":22,"turns":4},{"damage":13,"enemies":"3 Cultists","floor":24,"turns":4},{"damage":13,"enemies":"Sentry and Sphere","floor":27,"turns":4},{"damage":0,"enemies":"Centurion and Healer","floor":28,"turns":6},{"damage":0,"enemies":"Snecko","floor":29,"turns":4},{"damage":29,"enemies":"Cultist and Chosen","floor":31,"turns":7},{"damage":8,"enemies":"Champ","floor":33,"turns":10},{"damage":14,"enemies":"3 Darklings","floor":35,"turns":5},{"damage":13,"enemies":"Orb Walker","floor":38,"turns":3},{"damage":0,"enemies":"Jaw Worm Horde","floor":39,"turns":3},{"damage":27,"enemies":"3 Darklings","floor":40,"turns":6},{"damage":3,"enemies":"Sphere and 2 Shapes","floor":41,"turns":6},{"damage":0,"enemies":"Transient","floor":45,"turns":5},{"damage":0,"enemies":"Writhing Mass","floor":46,"turns":4},{"damage":15,"enemies":"Nemesis","floor":50,"turns":7},{"damage":0,"enemies":"Replay:Hell Engine","floor":52,"turns":7}],"seed_played":"4047444181912938893","potions_obtained":[{"floor":10.0,"key":"StancePotion"},{"floor":11.0,"key":"SneckoOil"},{"floor":12,"key":"Dexterity Potion"},{"floor":13,"key":"Dexterity Potion"},{"floor":18,"key":"Swift Potion"},{"floor":21,"key":"Swift Potion"},{"floor":28,"key":"DuplicationPotion"},{"floor":33,"key":"PowerPotion"},{"floor":35,"key":"CultistPotion"},{"floor":39,"key":"PowerPotion"},{"floor":40,"key":"LiquidBronze"},{"floor":45,"key":"LiquidMemories"},{"floor":50,"key":"Adrenaline Potion"}],"is_trial":false,"path_per_floor":["M","M","T","$","?","E","?","R","T","M","E","M","M","M","R","B",null,"M","AVR","?","?","M","R","M","$","T","M","M","M","?","M","R","B",null,"M","AVR","?","M","M","M","M","?","T","?","M","M","PTL","PTL","R","E","R","B",null],"character_chosen":"WATCHER","items_purchased":["LikeWater","FlyingSleeves","Orrery"],"campfire_rested":4,"item_purchase_floors":[4,25,25],"current_hp_per_floor":[72,72,72,72,82,82,66,66,66,66,51,45,38,38,62,35,82,72,72,66,64,62,62,49,49,49,36,36,36,36,7,31,23,82,68,68,48,35,35,8,5,5,5,5,5,5,5,5,29,14,38,38],"gold":663,"neow_bonus":"THREE_ENEMY_KILL","is_daily":false,"chose_seed":false,"campfire_upgraded":2,"win_rate":0.0,"timestamp":1608471159,"path_taken":["M","M","?","$","?","E","?","R","T","M","E","M","M","M","R","BOSS","M","AVR","?","?","M","R","M","$","T","M","M","M","?","M","R","BOSS","M","AVR","?","M","M","M","M","?","T","?","M","M","PTL","PTL","R","E","R","BOSS"],"items_purchased_type":["Card","Card","Relic"],"build_version":"2020-12-13","purchased_purges":1,"victory":true,"max_hp_per_floor":[72,72,72,72,82,82,82,82,82,82,82,82,82,82,82,82,82,82,82,82,82,82,82,82,82,82,82,82,82,82,82,82,82,82,82,82,82,82,82,82,82,82,82,82,82,82,82,82,82,82,82,82],"card_choices":[{"not_picked":["Protect","EmptyFist"],"picked":"PathToVictory","floor":1.0},{"not_picked":["Nirvana","Indignation","Replay:AtTheReady"],"picked":"SKIP","floor":2.0},{"not_picked":["ForeignInfluence","ClearTheMind"],"picked":"PathToVictory","floor":6.0},{"not_picked":["ThirdEye","EmptyBody","CarveReality"],"picked":"SKIP","floor":10.0},{"not_picked":["Vengeance","ThirdEye","CarveReality"],"picked":"SKIP","floor":11.0},{"not_picked":["EmptyBody","SandsOfTime"],"picked":"WindmillStrike","floor":12},{"not_picked":["Alpha","FollowUp","Study"],"picked":"SKIP","floor":13},{"not_picked":["EmptyMind","CarveReality"],"picked":"Consecrate","floor":14},{"not_picked":["Ragnarok","DeusExMachina"],"picked":"Replay:LoomingThreat","floor":16},{"not_picked":["DeceiveReality","Halt"],"picked":"Replay:ManipulateFuture","floor":18},{"not_picked":["FlurryOfBlows+1","Nirvana"],"picked":"SashWhip+1","floor":21},{"not_picked":["Replay:AtTheReady","FlurryOfBlows","Prostrate+1"],"picked":"SKIP","floor":22},{"not_picked":["Replay:Anticipation","Evaluate","Vengeance"],"picked":"SKIP","floor":24},{"not_picked":["FlyingSleeves","Evaluate"],"picked":"DeusExMachina","floor":25},{"not_picked":["Evaluate","WreathOfFlame"],"picked":"LikeWater","floor":25},{"not_picked":["Worship","Crescendo","ReachHeaven"],"picked":"SKIP","floor":27},{"not_picked":["Adaptation","CrushJoints","Evaluate"],"picked":"SKIP","floor":28},{"not_picked":["Adaptation","ClearTheMind","Replay:Anticipation"],"picked":"SKIP","floor":29},{"not_picked":["Devotion","Consecrate"],"picked":"Weave+1","floor":31},{"not_picked":["Scrawl","Brilliance"],"picked":"Replay:LoomingThreat","floor":33},{"not_picked":[],"picked":"Wallop+1","floor":35},{"not_picked":["infinitespire:TheBestDefense","infinitespire:Punishment"],"picked":"ReplayTheSpireMod:Chaos Vortex","floor":37},{"not_picked":["Collect"],"picked":"SKIP","floor":38},{"not_picked":["JustLucky"],"picked":"SKIP","floor":39},{"not_picked":["Evaluate"],"picked":"SKIP","floor":40},{"not_picked":["Vengeance"],"picked":"SKIP","floor":41},{"not_picked":[],"picked":"Replay:DivineShield+1","floor":45},{"not_picked":["FlurryOfBlows+1"],"picked":"SKIP","floor":46},{"not_picked":[],"picked":"Ragnarok","floor":50}],"player_experience":239406,"relics_obtained":[{"floor":3.0,"key":"Pen Nib"},{"floor":5.0,"key":"Pear"},{"floor":9.0,"key":"Simple Rune"},{"floor":11.0,"key":"Mummified Hand"},{"floor":21,"key":"Red Mask"},{"floor":26,"key":"Bottled Tornado"},{"floor":43,"key":"Replay:Mystery Machine"},{"floor":50,"key":"infinitespire:Satchel"}],"event_choices":[{"damage_healed":0.0,"max_hp_gain":0.0,"max_hp_loss":0.0,"gold_gain":0.0,"event_name":"Shining Light","player_choice":"Entered Light","floor":7.0,"gold_loss":0.0,"damage_taken":16.0,"cards_upgraded":["Defend_P","Strike_P"]},{"damage_healed":0,"gold_gain":0,"player_choice":"Joined the Cult","damage_taken":6,"max_hp_gain":0,"max_hp_loss":0,"event_name":"Nest","floor":20,"gold_loss":0,"cards_obtained":["RitualDagger"]},{"damage_healed":0,"gold_gain":0,"player_choice":"Fought Bandits","damage_taken":0,"max_hp_gain":0,"max_hp_loss":0,"event_name":"Masked Bandits","floor":21,"gold_loss":0},{"damage_healed":0,"gold_gain":0,"player_choice":"Bought 0 Potions","damage_taken":0,"max_hp_gain":0,"max_hp_loss":0,"event_name":"The Woman in Blue","floor":30,"gold_loss":0},{"damage_healed":0,"gold_gain":222,"player_choice":"Wore Mask","damage_taken":0,"max_hp_gain":0,"max_hp_loss":0,"event_name":"Tomb of Lord Red Mask","floor":42,"gold_loss":0},{"damage_healed":0,"gold_gain":0,"player_choice":"Gave Potion","damage_taken":0,"relics_obtained":["Grinning Jar"],"max_hp_gain":0,"max_hp_loss":0,"event_name":"WeMeetAgain","floor":44,"gold_loss":0}],"is_beta":false,"boss_relics":[{"not_picked":["Pandora\u0027s Box","Ectoplasm"],"picked":"Snecko Eye"},{"not_picked":["SlaversCollar","Abe\u0027s Treasure"],"picked":"Busted Crown"}],"items_purged_floors":[25],"is_endless":false,"potions_floor_spawned":[10,11,12,13,18,21,28,33,35,39,40,45,50],"ascension_level":0}}