{"host":"y89x8uui45kcjy42","time":1608424589,"event":{"mods":["2.2 Compatiblity","BaseMod","CapriCore","Colored Map","Colored Powertips","Custom Start","Friendly Minions","Highlight Path","Keyboard Shortcuts","Minty Spire (QoL Compilation)","Relic Stats","Slay the Relics Exporter","StSLib","SuperFastMode","Waifu the Spire"],"gold_per_floor":[114,114,127,127,127,127,158,172,172,172,19,19,44,65,65,160,160,185,208,72,85,99,99,99],"floor_reached":23,"playtime":461,"items_purged":["Strike_B","Defend_B"],"score":536,"play_id":"a2f17fd6-fc8d-4b72-ae93-4ead179d0163","local_time":"20201220093629","is_ascension_mode":true,"campfire_choices":[{"data":"Zap","floor":6,"key":"SMITH"},{"data":"Coolheaded","floor":10,"key":"SMITH"},{"data":"Loop","floor":12,"key":"SMITH"},{"data":"Consume","floor":15,"key":"SMITH"}],"circlet_count":0,"master_deck":["AscendersBane","Strike_B","Defend_B","Zap+1","Dualcast","Coolheaded+1","Cold Snap","Loop+1","Consume+1","Seek","Glacier+1","Capacitor+1","Electrodynamics+1","Chaos"],"relics":["Cracked Core","NeowsBlessing","Singing Bowl","Golden Idol","Pocketwatch","Astrolabe"],"acts_visited":["Exordium","TheCity"],"potions_floor_usage":[16,23],"damage_taken":[{"damage":0,"enemies":"Small Slimes","floor":1,"turns":1},{"damage":0,"enemies":"Jaw Worm","floor":3,"turns":1},{"damage":0,"enemies":"Lagavulin","floor":7,"turns":1},{"damage":0,"enemies":"Cultist","floor":8,"turns":4},{"damage":14,"enemies":"Gremlin Gang","floor":13,"turns":5},{"damage":23,"enemies":"Lots of Slimes","floor":14,"turns":4},{"damage":0,"enemies":"Slime Boss","floor":16,"turns":6},{"damage":19,"enemies":"3 Byrds","floor":18,"turns":3},{"damage":10,"enemies":"Shell Parasite","floor":19,"turns":5},{"damage":0,"enemies":"Snecko","floor":21,"turns":5},{"damage":22,"enemies":"Sentry and Sphere","floor":22,"turns":5},{"damage":20,"enemies":"Slavers","floor":23,"turns":1}],"seed_played":"2341759984834574520","potions_obtained":[{"floor":3,"key":"AttackPotion"},{"floor":13,"key":"Swift Potion"},{"floor":14,"key":"EssenceOfSteel"},{"floor":19,"key":"Explosive Potion"},{"floor":21,"key":"LiquidBronze"}],"is_trial":false,"path_per_floor":["M","?","M","?","?","R","E","M","T","R","$","R","M","M","R","B",null,"M","M","$","M","M","E"],"character_chosen":"DEFECT","items_purchased":["Loop","Chaos"],"campfire_rested":0,"item_purchase_floors":[11,20],"current_hp_per_floor":[64,59,61,54,54,54,54,56,56,56,56,56,44,21,21,21,58,41,33,33,35,15,0,0],"gold":99,"neow_bonus":"THREE_ENEMY_KILL","is_daily":false,"chose_seed":false,"campfire_upgraded":4,"win_rate":0.0,"timestamp":1608424589,"path_taken":["M","?","M","?","?","R","E","M","T","R","?","R","?","M","R","BOSS","M","?","?","M","M","E"],"items_purchased_type":["Card","Card"],"build_version":"2020-12-13","purchased_purges":2,"victory":false,"max_hp_per_floor":[71,71,73,73,66,66,66,68,68,68,68,68,70,70,70,70,70,72,74,74,76,78,78,78],"relic_stats":{"Singing Bowl":14,"counters":[12,38],"Golden Idol":53,"Astrolabe":["Glacier","Capacitor","Electrodynamics"],"obtain_stats":[{"NeowsBlessing":0,"Singing Bowl":2,"Golden Idol":5,"Astrolabe":17,"Cracked Core":0,"Pocketwatch":7},{"NeowsBlessing":0,"Singing Bowl":1,"Golden Idol":2,"Astrolabe":7,"Cracked Core":0,"Pocketwatch":3},{"NeowsBlessing":0,"Singing Bowl":1,"Golden Idol":2,"Astrolabe":21,"Cracked Core":0,"Pocketwatch":3}],"Pocketwatch":[48]},"card_choices":[{"not_picked":["Leap","Sweeping Beam"],"picked":"Coolheaded","floor":1},{"not_picked":["Rebound","Hello World","Steam"],"picked":"Singing Bowl","floor":3},{"not_picked":["Hologram","Beam Cell"],"picked":"Cold Snap","floor":7},{"not_picked":["Reboot","Redo","Conserve Battery"],"picked":"Singing Bowl","floor":8},{"not_picked":["Leap","Storm","Stack"],"picked":"Singing Bowl","floor":13},{"not_picked":["Sweeping Beam","Cold Snap"],"picked":"Consume","floor":14},{"not_picked":["Machine Learning","Meteor Strike"],"picked":"Seek","floor":16},{"not_picked":["Hologram","Conserve Battery","Streamline"],"picked":"Singing Bowl","floor":18},{"not_picked":["Undo","Turbo","Scrape"],"picked":"Singing Bowl","floor":19},{"not_picked":["Doom and Gloom","FTL","Turbo"],"picked":"Singing Bowl","floor":21},{"not_picked":["Streamline","Stack","Consume"],"picked":"Singing Bowl","floor":22}],"player_experience":506948,"relics_obtained":[{"floor":7,"key":"Pocketwatch"}],"event_choices":[{"damage_healed":0,"gold_gain":0,"player_choice":"Success","damage_taken":5,"relics_obtained":["Singing Bowl"],"max_hp_gain":0,"max_hp_loss":0,"event_name":"Scrap Ooze","floor":2,"gold_loss":0},{"cards_removed":["Strike_B"],"damage_healed":0,"gold_gain":0,"player_choice":"Card Removal","damage_taken":7,"max_hp_gain":0,"max_hp_loss":0,"event_name":"Golden Wing","floor":4,"gold_loss":0},{"damage_healed":0,"gold_gain":0,"player_choice":"Lose Max HP","damage_taken":0,"relics_obtained":["Golden Idol"],"max_hp_gain":0,"max_hp_loss":7,"event_name":"Golden Idol","floor":5,"gold_loss":0}],"is_beta":false,"boss_relics":[{"not_picked":["Cursed Key","Nuclear Battery"],"picked":"Astrolabe"}],"items_purged_floors":[11,20],"is_endless":false,"potions_floor_spawned":[3,13,14,19,21],"killed_by":"Slavers","ascension_level":20}}