{"host":"a5lz0e76zb3fcwkm","time":1608497225,"event":{"mods":["AchievementEnabler","BaseMod","Colored Map","Colored Powertips","Minty Spire (QoL Compilation)","StSLib","SuperFastMode"],"gold_per_floor":[114,130,145,165,90,90,120,20,20,34,44,44,44,44],"floor_reached":13,"playtime":328,"items_purged":["Writhe","Strike_R"],"score":174,"play_id":"ff3b20b8-13d5-4f50-82c0-4e306aa7af1b","local_time":"20201221054705","is_ascension_mode":true,"campfire_choices":[{"data":"Blood for Blood","floor":6,"key":"SMITH"},{"data":"Blood for Blood","floor":12,"key":"SMITH"}],"circlet_count":0,"master_deck":["AscendersBane","Strike_R","Strike_R","Strike_R","Strike_R","Defend_R","Defend_R","Defend_R","Defend_R","Bash","Transmutation","Disarm","Hemokinesis","Blood for Blood+1","Blood for Blood+1","Shockwave"],"relics":["Burning Blood","Question Card"],"acts_visited":["Exordium"],"potions_floor_usage":[7,7],"damage_taken":[{"damage":7.0,"enemies":"Small Slimes","floor":1.0,"turns":5.0},{"damage":13,"enemies":"Jaw Worm","floor":2,"turns":5},{"damage":4,"enemies":"2 Louse","floor":3,"turns":4},{"damage":22,"enemies":"Blue Slaver","floor":4,"turns":5},{"damage":19,"enemies":"3 Sentries","floor":7,"turns":7},{"damage":11,"enemies":"Red Slaver","floor":10,"turns":4},{"damage":19,"enemies":"Large Slime","floor":11,"turns":6},{"damage":26,"enemies":"Lagavulin","floor":13,"turns":5}],"seed_played":"-1785406692810484442","potions_obtained":[{"floor":2,"key":"HeartOfIron"},{"floor":4,"key":"BlessingOfTheForge"}],"is_trial":false,"path_per_floor":["M","M","M","M","$","R","E","$","T","M","M","R","E"],"character_chosen":"IRONCLAD","items_purchased":[],"campfire_rested":0,"item_purchase_floors":[],"current_hp_per_floor":[67,60,62,46,46,46,33,33,33,28,15,15,0,0],"gold":44,"neow_bonus":"RANDOM_COLORLESS_2","is_daily":false,"chose_seed":false,"campfire_upgraded":2,"win_rate":0.0,"timestamp":1608497225,"path_taken":["M","M","M","M","$","R","E","$","T","M","M","R","E"],"items_purchased_type":[],"build_version":"2020-12-13","purchased_purges":2,"victory":false,"max_hp_per_floor":[75,75,75,75,75,75,75,75,75,75,75,75,75,75],"card_choices":[{"not_picked":["Sadistic Nature","Secret Weapon"],"picked":"Transmutation","floor":0.0},{"not_picked":["Flex","Armaments"],"picked":"Disarm","floor":1.0},{"not_picked":["Rage","Cleave"],"picked":"Hemokinesis","floor":2},{"not_picked":["Headbutt","Bloodletting"],"picked":"Blood for Blood","floor":3},{"not_picked":["Searing Blow","Flex"],"picked":"Blood for Blood","floor":4},{"not_picked":["Seeing Red","Iron Wave"],"picked":"Shockwave","floor":7},{"not_picked":["Disarm","Heavy Blade","Feed","Headbutt"],"picked":"SKIP","floor":10},{"not_picked":["Clothesline","Cleave","Heavy Blade","Metallicize"],"picked":"SKIP","floor":11}],"player_experience":1628202,"relics_obtained":[{"floor":7,"key":"Question Card"}],"event_choices":[],"is_beta":false,"boss_relics":[],"items_purged_floors":[5,8],"is_endless":false,"potions_floor_spawned":[2,4],"killed_by":"Lagavulin","ascension_level":20}}