{"host":"69rply1jf2d1wbmp","time":1608471958,"event":{"mods":["BaseMod","Minty Spire (QoL Compilation)","Quick Restart"],"gold_per_floor":[117,42,58,73,85,120,137,163,163,163,175,190,85,21,21,123,123,141,157,157,32,55,90,90,38,38,70,70,90,90,103,103,200,200,210,223,243,49,60,87,87,97,97,97,0,0,0,29,29,29,29,29,29,54,54,54],"floor_reached":55,"playtime":2218,"items_purged":["Defend_R","Strike_R"],"score":727,"play_id":"a5c5783a-9e79-43e8-b1e2-3c8a6426f56d","local_time":"20201220084558","is_ascension_mode":false,"campfire_choices":[{"data":"Metallicize","floor":10,"key":"SMITH"},{"data":"Bash","floor":15,"key":"SMITH"},{"data":"Armaments","floor":24,"key":"SMITH"},{"floor":28,"key":"REST"},{"data":"Demon Form","floor":30,"key":"SMITH"},{"floor":32,"key":"RECALL"},{"floor":41,"key":"REST"},{"data":"Limit Break","floor":47,"key":"SMITH"},{"floor":49,"key":"REST"},{"data":"Metallicize","floor":52,"key":"SMITH"}],"circlet_count":0,"master_deck":["Strike_R","Strike_R","Defend_R","Bash+1","Shrug It Off","Metallicize+1","Twin Strike","Carnage","Anger","Pommel Strike","Impervious","Infernal Blade","Metallicize+1","Armaments+1","Demon Form+1","Metallicize","Rage","Feed","Shrug It Off","Flame Barrier","Limit Break+1"],"relics":["Burning Blood","Ginger","Magic Flower","Juzu Bracelet","SlaversCollar","Boot","Ice Cream","Mummified Hand","PreservedInsect","Mark of Pain","Brimstone","HornCleat","Meat on the Bone","Red Mask","Paper Frog","Red Skull"],"acts_visited":["Exordium","TheCity","TheBeyond","TheEnding"],"potions_floor_usage":[6,16,23,29,33,36,50,54,55],"damage_taken":[{"damage":0,"enemies":"Cultist","floor":1,"turns":5},{"damage":0,"enemies":"2 Louse","floor":3,"turns":3},{"damage":0,"enemies":"Jaw Worm","floor":4,"turns":3},{"damage":21,"enemies":"Large Slime","floor":5,"turns":7},{"damage":3,"enemies":"3 Sentries","floor":6,"turns":7},{"damage":3,"enemies":"3 Louse","floor":7,"turns":3},{"damage":9,"enemies":"Gremlin Nob","floor":8,"turns":4},{"damage":10,"enemies":"Blue Slaver","floor":11,"turns":3},{"damage":6,"enemies":"Large Slime","floor":12,"turns":4},{"damage":46,"enemies":"The Guardian","floor":16,"turns":9},{"damage":10,"enemies":"Chosen","floor":18,"turns":4},{"damage":13,"enemies":"3 Byrds","floor":19,"turns":7},{"damage":42,"enemies":"Slavers","floor":23,"turns":12},{"damage":13,"enemies":"Book of Stabbing","floor":27,"turns":5},{"damage":2,"enemies":"3 Cultists","floor":29,"turns":7},{"damage":18,"enemies":"Snake Plant","floor":31,"turns":4},{"damage":47,"enemies":"Automaton","floor":33,"turns":11},{"damage":17,"enemies":"3 Darklings","floor":35,"turns":5},{"damage":14,"enemies":"Orb Walker","floor":36,"turns":6},{"damage":10,"enemies":"4 Shapes","floor":37,"turns":9},{"damage":0,"enemies":"Transient","floor":39,"turns":5},{"damage":42,"enemies":"Nemesis","floor":40,"turns":5},{"damage":8,"enemies":"Jaw Worm Horde","floor":42,"turns":6},{"damage":13,"enemies":"Reptomancer","floor":48,"turns":5},{"damage":44,"enemies":"Donu and Deca","floor":50,"turns":7},{"damage":41,"enemies":"Shield and Spear","floor":54,"turns":6},{"damage":98,"enemies":"The Heart","floor":55,"turns":3}],"seed_played":"-4838096024972641960","potions_obtained":[{"floor":1,"key":"DuplicationPotion"},{"floor":4,"key":"Fire Potion"},{"floor":11,"key":"ColorlessPotion"},{"floor":16,"key":"SpeedPotion"},{"floor":31,"key":"Swift Potion"},{"floor":33,"key":"GamblersBrew"},{"floor":36,"key":"Explosive Potion"},{"floor":40,"key":"PowerPotion"},{"floor":42,"key":"HeartOfIron"},{"floor":54,"key":"FearPotion"}],"is_trial":false,"path_per_floor":["M","$","M","M","M","E","M","E","T","R","M","M","$","?","R","B",null,"M","M","?","$","T","E","R","$","T","E","R","M","R","M","R","B",null,"M","M","M","$","M","E","R","M","T","?","?","$","R","E","R","B",null,"R","$","E","B"],"character_chosen":"IRONCLAD","items_purchased":["FairyPotion","Armaments","Fire Potion","Brimstone","Shrug It Off"],"campfire_rested":3,"item_purchase_floors":[13,21,25,38,38],"current_hp_per_floor":[62,62,68,74,59,62,65,62,62,62,61,64,64,64,64,27,80,79,75,75,75,75,42,42,42,42,38,62,69,69,60,60,22,80,72,67,66,66,75,42,66,73,73,73,73,73,73,69,84,67,84,84,84,52,0,0],"gold":54,"neow_bonus":"TRANSFORM_TWO_CARDS","is_daily":false,"chose_seed":false,"campfire_upgraded":6,"win_rate":0.0,"timestamp":1608471958,"path_taken":["M","$","M","M","?","E","M","E","T","R","M","M","?","?","R","BOSS","M","M","?","$","?","E","R","?","T","E","R","M","R","M","R","BOSS","M","M","M","$","M","E","R","M","T","?","?","$","R","E","R","BOSS","R","$","E","BOSS"],"items_purchased_type":["Potion","Card","Potion","Relic","Card"],"build_version":"2020-12-13","purchased_purges":2,"victory":false,"max_hp_per_floor":[80,80,80,80,80,80,80,80,80,80,80,80,80,80,80,80,80,80,80,80,80,80,80,80,80,80,80,80,80,80,80,80,80,80,80,80,80,80,80,80,80,84,84,84,84,84,84,84,84,84,84,84,84,84,84,84],"card_choices":[{"not_picked":["Power Through","Dark Embrace"],"picked":"Twin Strike","floor":1},{"not_picked":["Havoc","Blood for Blood","Flex"],"picked":"SKIP","floor":3},{"not_picked":["Headbutt","Wild Strike"],"picked":"Carnage","floor":4},{"not_picked":["Pommel Strike","Ghostly Armor"],"picked":"Anger","floor":5},{"not_picked":["True Grit","Dark Embrace"],"picked":"Pommel Strike","floor":6},{"not_picked":["Flex","True Grit","Burning Pact"],"picked":"SKIP","floor":7},{"not_picked":["Anger","Body Slam","Intimidate"],"picked":"SKIP","floor":8},{"not_picked":["Clothesline","Wild Strike","True Grit"],"picked":"SKIP","floor":11},{"not_picked":["Thunderclap","Warcry","Twin Strike"],"picked":"SKIP","floor":12},{"not_picked":["Bludgeon","Brutality"],"picked":"Impervious","floor":16},{"not_picked":["Dual Wield","Dark Embrace"],"picked":"Infernal Blade","floor":18},{"not_picked":["Burning Pact","Bloodletting+1"],"picked":"Metallicize","floor":19},{"not_picked":["Havoc","True Grit","Evolve+1"],"picked":"SKIP","floor":23},{"not_picked":["Warcry","Hemokinesis"],"picked":"Demon Form","floor":27},{"not_picked":["Clothesline","Second Wind"],"picked":"Metallicize","floor":29},{"not_picked":["Feel No Pain","Wild Strike+1"],"picked":"Rage","floor":31},{"not_picked":["Corruption","Immolate"],"picked":"Feed","floor":33},{"not_picked":["Havoc","Heavy Blade","Rupture+1"],"picked":"SKIP","floor":35},{"not_picked":["Hemokinesis","Iron Wave","Body Slam+1"],"picked":"SKIP","floor":36},{"not_picked":["Warcry","Sentinel+1","Perfected Strike+1"],"picked":"SKIP","floor":37},{"not_picked":["Clothesline+1","Cleave"],"picked":"Flame Barrier","floor":39},{"not_picked":["Wild Strike+1","Body Slam+1"],"picked":"Limit Break","floor":40},{"not_picked":["Anger","Wild Strike+1","Armaments+1"],"picked":"SKIP","floor":42},{"not_picked":["Clothesline","Sword Boomerang+1","Perfected Strike"],"picked":"SKIP","floor":48},{"not_picked":["Fire Breathing","Perfected Strike","Havoc"],"picked":"SKIP","floor":54}],"player_experience":361020,"relics_obtained":[{"floor":6,"key":"Ginger"},{"floor":8,"key":"Magic Flower"},{"floor":22,"key":"Boot"},{"floor":23,"key":"Ice Cream"},{"floor":26,"key":"Mummified Hand"},{"floor":27,"key":"PreservedInsect"},{"floor":40,"key":"HornCleat"},{"floor":43,"key":"Meat on the Bone"},{"floor":48,"key":"Paper Frog"},{"floor":54,"key":"Red Skull"}],"event_choices":[{"damage_healed":0,"gold_gain":0,"player_choice":"Paid Gold","damage_taken":0,"relics_obtained":["Juzu Bracelet"],"max_hp_gain":0,"max_hp_loss":0,"event_name":"WeMeetAgain","floor":14,"gold_loss":64},{"cards_removed":["Strike_R"],"damage_healed":0,"gold_gain":0,"player_choice":"Offered Basic","damage_taken":0,"max_hp_gain":0,"max_hp_loss":0,"event_name":"Bonfire Elementals","floor":20,"gold_loss":0},{"cards_removed":["Defend_R"],"damage_healed":0,"gold_gain":0,"player_choice":"Removed Skill","damage_taken":0,"max_hp_gain":0,"max_hp_loss":0,"event_name":"Falling","floor":44,"gold_loss":0},{"damage_healed":0,"gold_gain":0,"player_choice":"Paid","damage_taken":0,"relics_obtained":["Red Mask"],"max_hp_gain":0,"max_hp_loss":0,"event_name":"Tomb of Lord Red Mask","floor":45,"gold_loss":97}],"is_beta":false,"boss_relics":[{"not_picked":["Sozu","Runic Pyramid"],"picked":"SlaversCollar"},{"not_picked":["Coffee Dripper","Pandora\u0027s Box"],"picked":"Mark of Pain"}],"items_purged_floors":[2,21],"is_endless":false,"potions_floor_spawned":[1,4,11,16,18,27,31,33,36,39,40,42,54],"killed_by":"The Heart","ascension_level":0}}