{"host":"5jn3rki867005t18","time":1608457783,"event":{"mods":["AchievementEnabler","BaseMod","Colored Map","Minty Spire (QoL Compilation)","Rare Cards Sparkle","StSLib","SuperFastMode"],"gold_per_floor":[119,134,144,159,175,175,187,177,177,352,62,80,80,98,98,195,195,214,228,228,240,240,240],"floor_reached":22,"playtime":1248,"items_purged":["Doubt"],"score":284,"play_id":"0e286424-7e76-4eec-8891-38fe1a97fa5b","local_time":"20201220184943","is_ascension_mode":false,"campfire_choices":[{"data":"Flame Barrier","floor":6,"key":"SMITH"},{"data":"Mayhem","floor":13,"key":"SMITH"},{"floor":15,"key":"REST"}],"circlet_count":0,"master_deck":["Strike_R","Strike_R","Strike_R","Strike_R","Strike_R","Defend_R","Defend_R","Defend_R","Defend_R","Bash","Flame Barrier+1","Pommel Strike","True Grit","Anger","Cleave","Mayhem+1","Double Tap","Flex","Limit Break","Shockwave+1","Shockwave+1","Juggernaut+1","Seeing Red+1","Uppercut","Writhe","Intimidate"],"relics":["Burning Blood","Regal Pillow","Matryoshka","Astrolabe","Bird Faced Urn"],"acts_visited":["TheCity"],"potions_floor_usage":[16,16,16,22],"damage_taken":[{"damage":5,"enemies":"Cultist","floor":1,"turns":4},{"damage":4,"enemies":"2 Louse","floor":2,"turns":3},{"damage":0,"enemies":"Small Slimes","floor":3,"turns":4},{"damage":9,"enemies":"Blue Slaver","floor":4,"turns":5},{"damage":15,"enemies":"Looter","floor":5,"turns":4},{"damage":31,"enemies":"Exordium Wildlife","floor":7,"turns":7},{"damage":4,"enemies":"Exordium Thugs","floor":8,"turns":4},{"damage":13,"enemies":"Large Slime","floor":12,"turns":5},{"damage":1,"enemies":"Red Slaver","floor":14,"turns":2},{"damage":12,"enemies":"Slime Boss","floor":16,"turns":8},{"damage":31,"enemies":"3 Byrds","floor":18,"turns":5},{"damage":8,"enemies":"Spheric Guardian","floor":19,"turns":4},{"damage":51,"enemies":"3 Cultists","floor":21,"turns":6},{"damage":16,"enemies":"Snecko","floor":22,"turns":4}],"seed_played":"7071383658769952953","potions_obtained":[{"floor":1,"key":"FearPotion"},{"floor":5,"key":"Strength Potion"},{"floor":7,"key":"SkillPotion"},{"floor":19,"key":"Dexterity Potion"}],"is_trial":false,"path_per_floor":["M","M","M","M","M","R","M","M","T","?","$","M","R","M","R","B",null,"M","M","?","M","M"],"character_chosen":"IRONCLAD","items_purchased":["Carnage","Mayhem"],"campfire_rested":1,"item_purchase_floors":[11,11],"current_hp_per_floor":[80,80,80,77,68,68,43,45,45,45,45,38,38,43,80,74,80,55,53,53,10,0,0],"gold":240,"neow_bonus":"RANDOM_COMMON_RELIC","is_daily":false,"chose_seed":false,"campfire_upgraded":2,"win_rate":0.0,"timestamp":1608457783,"path_taken":["M","M","?","?","M","R","M","M","T","?","$","M","R","M","R","BOSS","M","M","?","M","M"],"items_purchased_type":["Card","Card"],"build_version":"2020-12-13","purchased_purges":1,"victory":false,"max_hp_per_floor":[80,80,80,80,80,80,80,80,80,80,80,80,80,80,80,80,80,80,80,80,80,80,80],"card_choices":[{"not_picked":["Entrench","Iron Wave"],"picked":"Flame Barrier","floor":1},{"not_picked":["Sword Boomerang","Metallicize"],"picked":"Pommel Strike","floor":2},{"not_picked":["Clash","Twin Strike"],"picked":"Heavy Blade","floor":3},{"not_picked":["Heavy Blade","Reckless Charge"],"picked":"True Grit","floor":4},{"not_picked":["Metallicize","Brutality"],"picked":"Anger","floor":5},{"not_picked":["Metallicize","Pommel Strike"],"picked":"Infernal Blade","floor":7},{"not_picked":["Dual Wield","Whirlwind"],"picked":"Cleave","floor":8},{"not_picked":["Flex","Twin Strike"],"picked":"Double Tap","floor":12},{"not_picked":["Clothesline","Shrug It Off"],"picked":"Flex","floor":14},{"not_picked":["Offering","Barricade"],"picked":"Limit Break","floor":16},{"not_picked":["Warcry","True Grit"],"picked":"Seeing Red+1","floor":18},{"not_picked":["Clothesline","Sword Boomerang"],"picked":"Uppercut","floor":19},{"not_picked":["Whirlwind","Shockwave"],"picked":"Intimidate","floor":21}],"player_experience":19904,"relics_obtained":[{"floor":9,"key":"Matryoshka"}],"event_choices":[{"damage_healed":0,"gold_gain":175,"player_choice":"AGREE","damage_taken":0,"max_hp_gain":0,"max_hp_loss":0,"event_name":"Liars Game","floor":10,"gold_loss":0,"cards_obtained":["Doubt"]},{"damage_healed":0,"gold_gain":0,"player_choice":"Opened","damage_taken":0,"relics_obtained":["Bird Faced Urn"],"max_hp_gain":0,"max_hp_loss":0,"event_name":"The Mausoleum","floor":20,"gold_loss":0,"cards_obtained":["Writhe"]}],"is_beta":false,"boss_relics":[{"not_picked":["Philosopher\u0027s Stone","Empty Cage"],"picked":"Astrolabe"}],"items_purged_floors":[11],"is_endless":false,"potions_floor_spawned":[1,5,7,14,19],"killed_by":"Snecko","ascension_level":0}}