{"host":"nurunjbu2afj84ko","time":1608470725,"event":{"mods":["Act Like it!","BaseMod","Downfall","Hallownest","Minty Spire (QoL Compilation)","Say the Spire","StSLib"],"gold_per_floor":[99,99,99,99,99,127,182,199,211,61,80,65,240,251,261,356,356,356,376,8,8,35,35,35,35,58,103,115,127,156,193,219,326,338,275,297,342,369,381,423,435,474,43,43,34,34,44,56,71,71,71,98,28,28,28],"floor_reached":56,"playtime":6912,"items_purged":["Doubt","Writhe","Guardian:Defend_Guardian"],"score":1473,"play_id":"4b34d558-27f2-4d43-ac7e-f9c95eb8f683","local_time":"20201220212525","is_ascension_mode":false,"campfire_choices":[{"floor":1.0,"key":"RECALL"},{"data":"Guardian:ArmoredProtocol","floor":10.0,"key":"SMITH"},{"data":"Guardian:SphericShield","floor":18.0,"key":"SMITH"},{"data":"Guardian:DecasProtection","floor":21.0,"key":"SMITH"},{"data":"Guardian:AncientConstruct","floor":23.0,"key":"SMITH"},{"floor":35.0,"key":"REST"},{"floor":44.0,"key":"REST"},{"floor":54.0,"key":"REST"}],"circlet_count":0,"master_deck":["Guardian:Strike_Guardian","Guardian:Strike_Guardian","Guardian:Strike_Guardian","Guardian:Defend_Guardian","Guardian:Defend_Guardian","Guardian:Defend_Guardian","Guardian:CurlUp","Guardian:TwinSlam","Guardian:ArmoredProtocol+1","Guardian:BronzeOrb","Guardian:Suspension","Guardian:SphericShield+1","Guardian:Reroute","Guardian:FloatingOrbs","Guardian:ChargeCore","Guardian:RevengeProtocol","Guardian:AncientConstruct+1","Guardian:Emergency+1","Guardian:DecasProtection+1","Guardian:Harden","Guardian:BronzeOrb","Guardian:SentryBeam","Guardian:Planning","Guardian:ShieldCharger+1","Guardian:PrismaticBeam","Guardian:DonusPower","Guardian:DonusPower+1","Guardian:ChargeCore","Guardian:StasisField","Guardian:ExploitGems","Guardian:TimeCapacitor","Guardian:Preprogram+1","Guardian:SpikerProtocol+1","Guardian:DecasProtection+1","Guardian:SpikerProtocol+1","Guardian:TimeCapacitor"],"relics":["Guardian:ModeShifterPlus","downfall:HeartsMalice","PreservedInsect","downfall:HeartBlessingRed","downfall:HeartBlessingGreen","Letter Opener","Sundial","Gremlin Horn","MawBank","InkBottle","Enchiridion","Guardian:SackOfGems","MealTicket","Fusion Hammer","downfall:HeartBlessingBlue","Ornamental Fan","Pen Nib","Question Card","Eternal Feather","Mummified Hand","Toolbox","White Beast Statue"],"acts_visited":["Exordium","TheCity","TheBeyond","TheEnding"],"potions_floor_usage":[55,55,55,55],"damage_taken":[{"damage":0.0,"enemies":"2 Louse","floor":2.0,"turns":1.0},{"damage":0.0,"enemies":"Small Slimes","floor":5.0,"turns":1.0},{"damage":0.0,"enemies":"Lagavulin","floor":6.0,"turns":1.0},{"damage":0.0,"enemies":"Cultist","floor":8.0,"turns":4.0},{"damage":0.0,"enemies":"2 Fungi Beasts","floor":9.0,"turns":5.0},{"damage":0.0,"enemies":"Blue Slaver","floor":11.0,"turns":5.0},{"damage":0.0,"enemies":"downfall:FleeingMerchant","floor":12.0,"turns":4.0},{"damage":0.0,"enemies":"2 Fungi Beasts","floor":14.0,"turns":4.0},{"damage":0.0,"enemies":"Exordium Thugs","floor":15.0,"turns":5.0},{"damage":24.0,"enemies":"downfall:Defect","floor":16.0,"turns":9.0},{"damage":3.0,"enemies":"Chosen","floor":19.0,"turns":7.0},{"damage":1.0,"enemies":"downfall:FleeingMerchant","floor":20.0,"turns":4.0},{"damage":0.0,"enemies":"Gremlin Leader","floor":22.0,"turns":6.0},{"damage":0.0,"enemies":"3 Byrds","floor":26.0,"turns":4.0},{"damage":0.0,"enemies":"Book of Stabbing","floor":27.0,"turns":5.0},{"damage":0.0,"enemies":"3 Cultists","floor":30.0,"turns":5.0},{"damage":5.0,"enemies":"Snake Plant","floor":32.0,"turns":4.0},{"damage":5.0,"enemies":"downfall:Ironclad","floor":33.0,"turns":9.0},{"damage":0.0,"enemies":"3 Shapes","floor":36.0,"turns":4.0},{"damage":25.0,"enemies":"Nemesis","floor":37.0,"turns":7.0},{"damage":0.0,"enemies":"3 Darklings","floor":38.0,"turns":5.0},{"damage":2.0,"enemies":"Reptomancer","floor":40.0,"turns":4.0},{"damage":0.0,"enemies":"Giant Head","floor":42.0,"turns":6.0},{"damage":0.0,"enemies":"downfall:FleeingMerchant","floor":43.0,"turns":4.0},{"damage":0.0,"enemies":"downfall:FleeingMerchant","floor":45.0,"turns":3.0},{"damage":0.0,"enemies":"Jaw Worm Horde","floor":47.0,"turns":3.0},{"damage":0.0,"enemies":"Transient","floor":48.0,"turns":5.0},{"damage":0.0,"enemies":"4 Shapes","floor":49.0,"turns":3.0},{"damage":0.0,"enemies":"downfall:Watcher","floor":50.0,"turns":5.0},{"damage":56.0,"enemies":"downfall:CharBossMerchant","floor":52.0,"turns":9.0},{"damage":0,"enemies":"downfall:NeowBoss","floor":55,"turns":15}],"seed_played":"5542753478293409678","potions_obtained":[{"floor":6.0,"key":"ColorlessPotion"},{"floor":8.0,"key":"Swift Potion"},{"floor":14.0,"key":"DuplicationPotion"},{"floor":15.0,"key":"Dexterity Potion"},{"floor":19.0,"key":"Fire Potion"},{"floor":22.0,"key":"SkillPotion"},{"floor":32.0,"key":"DistilledChaos"},{"floor":33.0,"key":"FearPotion"},{"floor":46.0,"key":"EntropicBrew"},{"floor":47.0,"key":"CultistPotion"},{"floor":52.0,"key":"ColorlessPotion"}],"is_trial":false,"path_per_floor":["R","M","?","?","M","E","T","M","M","R","M","$","?","M","M","B",null,"R","M","$","R","E","R","T","?","M","E","?","?","M","T","M","B",null,"R","M","E","M","?","E","T","E","$","R","$","?","M","M","M","B",null,"E","$","R","B",null],"character_chosen":"GUARDIAN","items_purchased":["Letter Opener","Guardian:DecasProtection","Guardian:TimeCapacitor","Mummified Hand","Toolbox","DuplicationPotion","Guardian:TimeCapacitor"],"campfire_rested":3,"item_purchase_floors":[20,20,43,43,45,45,53],"current_hp_per_floor":[80,80,80,80,80,80,80,80,80,80,80,80,80,80,80,56,80,80,77,76,76,76,76,76,76,76,76,60,60,60,60,55,50,80,90,90,65,65,65,63,63,63,78,90,90,90,90,90,90,90,90,34,49,90,90],"gold":28,"neow_bonus":"THREE_ENEMY_KILL","is_daily":false,"chose_seed":false,"campfire_upgraded":4,"win_rate":0.0,"timestamp":1608470725,"path_taken":["R","M","?","?","M","E","T","M","?","R","M","$","?","M","M","BOSS","R","M","$","R","E","R","T","?","M","E","?","?","M","?","M","BOSS","R","M","E","M","?","E","T","E","$","R","?","?","?","M","M","BOSS","E","$","R","BOSS"],"items_purchased_type":["Relic","Card","Card","Relic","Relic","Potion","Card"],"build_version":"2020-12-13","purchased_purges":3,"victory":true,"max_hp_per_floor":[80,80,80,80,80,80,80,80,80,80,80,80,80,80,80,80,80,80,80,80,80,80,80,80,80,80,80,80,80,80,80,80,80,80,90,90,90,90,90,90,90,90,90,90,90,90,90,90,90,90,90,90,90,90,90],"card_choices":[{"not_picked":["Guardian:TimeBomb","Guardian:PiercingHide"],"picked":"Guardian:ArmoredProtocol","floor":2.0},{"not_picked":["Guardian:Suspension","Guardian:Gem_Fragmented"],"picked":"Guardian:BronzeOrb","floor":5.0},{"not_picked":["Guardian:Gem_Green","Guardian:Clone"],"picked":"Guardian:Suspension","floor":6.0},{"not_picked":["Guardian:Incinerate","Guardian:Gem_Lightblue"],"picked":"Guardian:SphericShield","floor":8.0},{"not_picked":["Guardian:PolyBeam","Guardian:PrimingBeam"],"picked":"Guardian:Reroute","floor":9.0},{"not_picked":["Guardian:CrystalBeam","Guardian:PolyBeam"],"picked":"Guardian:Gem_Cyan","floor":11.0},{"not_picked":["Guardian:ShieldCharger","Guardian:PrimingBeam"],"picked":"Guardian:FloatingOrbs","floor":12.0},{"not_picked":["Guardian:PrimingBeam","Guardian:WalkerClaw"],"picked":"Guardian:ChargeCore","floor":14.0},{"not_picked":["Guardian:Recover","Guardian:CrystalBeam"],"picked":"Guardian:RevengeProtocol","floor":15.0},{"not_picked":["Guardian:ConstructionForm","Guardian:HyperBeam_Guardian"],"picked":"Guardian:AncientConstruct","floor":16.0},{"not_picked":["Guardian:TemporalShield+1","Guardian:Gem_Lightblue"],"picked":"Guardian:Gem_Cyan","floor":19.0},{"not_picked":["Guardian:Suspension","Guardian:PrimingBeam"],"picked":"Guardian:Emergency+1","floor":20.0},{"not_picked":["Guardian:PiercingHide+1","Guardian:PrimingBeam"],"picked":"Guardian:Harden","floor":22.0},{"not_picked":["Guardian:Planning","Guardian:Gem_Blue"],"picked":"Guardian:BronzeOrb","floor":26.0},{"not_picked":["Guardian:Gem_Fragmented","Guardian:Repulse"],"picked":"Guardian:SentryBeam","floor":27.0},{"not_picked":["Guardian:Incinerate","Guardian:Recover"],"picked":"Guardian:Planning","floor":30.0},{"not_picked":["Guardian:Preprogram","Guardian:Gem_Purple"],"picked":"Guardian:ShieldCharger+1","floor":32.0},{"not_picked":["Guardian:HyperBeam_Guardian","Guardian:Gem_Synthetic"],"picked":"Guardian:Gem_Orange","floor":33.0},{"not_picked":["Guardian:Emergency","Guardian:TemporalShield+1"],"picked":"Guardian:PrismaticBeam","floor":36.0},{"not_picked":["Guardian:PolyBeam","Guardian:Gem_White"],"picked":"Guardian:DonusPower","floor":37.0},{"not_picked":["Guardian:GuardianWhirl","Guardian:SentryBeam"],"picked":"Guardian:DonusPower+1","floor":38.0},{"not_picked":["Guardian:Planning+1","Guardian:Gem_Red"],"picked":"Guardian:ChargeCore","floor":40.0},{"not_picked":["Guardian:PrimingBeam+1","Guardian:Incinerate","Guardian:Recover"],"picked":"Guardian:StasisField","floor":42.0},{"not_picked":["Guardian:Gem_Purple","Guardian:ShieldCharger","Guardian:DecasProtection"],"picked":"Guardian:ExploitGems","floor":43.0},{"not_picked":["Guardian:RollAttack","Guardian:SentryBeam","Guardian:RevengeProtocol"],"picked":"Guardian:Gem_Purple","floor":45.0},{"not_picked":["Guardian:Reroute","Guardian:SentryBeam+1","Guardian:RollAttack"],"picked":"Guardian:Preprogram+1","floor":47.0},{"not_picked":["Guardian:FloatingOrbs+1","Guardian:Emergency","Guardian:DonusPower"],"picked":"Guardian:SpikerProtocol+1","floor":48.0},{"not_picked":["Guardian:Gem_Cyan","Guardian:PiercingHide","Guardian:GuardianWhirl+1"],"picked":"Guardian:DecasProtection+1","floor":49.0},{"not_picked":["Guardian:Harden","Guardian:Gem_Purple","Guardian:Emergency+1"],"picked":"Guardian:SpikerProtocol+1","floor":52.0}],"player_experience":101513,"relics_obtained":[{"floor":6.0,"key":"PreservedInsect"},{"floor":22.0,"key":"Sundial"},{"floor":24.0,"key":"Gremlin Horn"},{"floor":27.0,"key":"InkBottle"},{"floor":28.0,"key":"Enchiridion"},{"floor":31.0,"key":"MealTicket"},{"floor":37.0,"key":"Ornamental Fan"},{"floor":40.0,"key":"Pen Nib"},{"floor":41.0,"key":"Question Card"},{"floor":42.0,"key":"Eternal Feather"},{"floor":52.0,"key":"White Beast Statue"}],"event_choices":[{"damage_healed":0.0,"max_hp_gain":0.0,"max_hp_loss":0.0,"gold_gain":0.0,"event_name":"Addict","player_choice":"Stole Relic","floor":29.0,"gold_loss":0.0,"damage_taken":0.0,"relics_obtained":["Guardian:SackOfGems"],"cards_obtained":["Shame"]},{"cards_removed":["Shame"],"damage_healed":0.0,"max_hp_gain":0.0,"max_hp_loss":0.0,"gold_gain":0.0,"event_name":"Purifier","player_choice":"Purged","floor":39.0,"gold_loss":0.0,"damage_taken":0.0},{"damage_healed":0.0,"max_hp_gain":0.0,"max_hp_loss":0.0,"gold_gain":0.0,"event_name":"Lab","player_choice":"Got Potions","floor":46.0,"gold_loss":0.0,"damage_taken":0.0}],"is_beta":false,"boss_relics":[{"not_picked":["Calling Bell","Busted Crown"],"picked":"Guardian:ModeShifterPlus"},{"not_picked":["Tiny House","Empty Cage"],"picked":"Fusion Hammer"}],"items_purged_floors":[20,43,45],"is_endless":false,"potions_floor_spawned":[6,8,14,15,19,22,30,32,33,37,38,47,48,49,52],"ascension_level":0}}