{"host":"o3b7ow6d1xe49css","time":1608462925,"event":{"mods":["2.2 Compatiblity","Act Like it!","Aspiration","BaseMod","Bestiary","Better Altar","Better Match","Better Note","Better Sensory Stone","Better Skull","Better Third Choice","Colored Powertips","Conspire","Elementarium","Energized Spire","Force Act Four","GifTheSpireLib","Halation","Hermit","Hubris","Infinite Spire","Lobotomy","Minty Spire (QoL Compilation)","Quick Restart","Replay The Spire","Spicy Shops","Spikes Relics","StSLib","Stuff the Spire","The Blue Laboratory","The Jungle","Wandering Minibosses","vexMod"],"gold_per_floor":[119,134,146,146,24,24,58,58,111,144,158,189,189,223,223,322,322,337,349,349,299,299,329,360,390,390,22,22,22,22,55,55,154,154,164,164,164,164,184,211,236,270,294,356,356,43,43,43,43,43,43,43,73,175],"floor_reached":55,"playtime":2232,"items_purged":["Strike_P","Strike_P","Strike_P"],"score":2095,"play_id":"db36b371-48cd-4341-8408-f6f7f9ee5a22","local_time":"20201220021525","daily_mods":["Heirloom","Flight"],"is_ascension_mode":true,"campfire_choices":[{"data":"BattleHymn","floor":6,"key":"SMITH"},{"data":"Eruption","floor":8,"key":"SMITH"},{"data":"Vault","floor":13,"key":"SMITH"},{"floor":15,"key":"RECALL"},{"data":"1","floor":29,"key":"LIFT"},{"floor":30,"key":"REST"},{"floor":32,"key":"REST"},{"floor":45,"key":"REST"},{"floor":47,"key":"REST"},{"data":"Injury","floor":49,"key":"PURGE"},{"data":"2","floor":51,"key":"LIFT"}],"circlet_count":0,"master_deck":["Defend_P","Defend_P","Defend_P","Defend_P","Eruption+1","Vigilance","Vault+1","BattleHymn+1","BowlingBash","Tantrum","Consecrate","Wireheading","Vault","Protect","Apotheosis+1","ThirdEye","CrushJoints","StuffTheSpire:Brawn","DeusExMachina","infinitespire:UltimateForm+1","Protect+1","DevaForm","Scrawl","MasterReality"],"relics":["HolyWater","Ring of Chaos","hubris:BundleOfHerbs","halation:KoshaPiece","StuffTheSpire:OldFever","hubris:Reverence","infinitespire:Bottled Soul","aspiration:SeaSaltIceCream","aspiration:HatOfInfinitePower","wanderingMiniBosses:CarrionFlame","ReplayTheSpireMod:ShopPack","Rawhide","Dream Catcher","Sundial","Girya","vexMod:HeadHunter","Orichalcum","vexMod:BigBerry","StuffTheSpire:HeavyRock","Peace Pipe","Eternal Feather","Yang","Happy Flower","vexMod:Dragonfruit","SnailShell","infinitespire:PuzzleCube"],"acts_visited":["Exordium","TheCity","TheBeyond","TheEnding"],"potions_floor_usage":[3,7,19,31,54],"damage_taken":[{"damage":0,"enemies":"2 Louse","floor":1,"turns":2},{"damage":0,"enemies":"Cultist","floor":2,"turns":2},{"damage":14,"enemies":"Jaw Worm","floor":3,"turns":5},{"damage":0,"enemies":"Gremlin Nob","floor":7,"turns":3},{"damage":0,"enemies":"Lagavulin","floor":10,"turns":4},{"damage":7,"enemies":"3 Louse","floor":11,"turns":2},{"damage":0,"enemies":"Gremlin Nob","floor":12,"turns":2},{"damage":0,"enemies":"Lagavulin","floor":14,"turns":3},{"damage":0,"enemies":"Fading Forest","floor":16,"turns":11},{"damage":0,"enemies":"Chosen","floor":18,"turns":3},{"damage":21,"enemies":"2 Thieves","floor":19,"turns":7},{"damage":0,"enemies":"Book of Stabbing","floor":23,"turns":4},{"damage":14,"enemies":"Replay:Snechameleon","floor":24,"turns":6},{"damage":0,"enemies":"Book of Stabbing","floor":25,"turns":4},{"damage":10,"enemies":"Slavers","floor":31,"turns":2},{"damage":24,"enemies":"conspire:MysteriousRune","floor":33,"turns":6},{"damage":0,"enemies":"Orb Walker","floor":35,"turns":3},{"damage":0,"enemies":"3 Darklings","floor":39,"turns":2},{"damage":0,"enemies":"Giant Head","floor":40,"turns":3},{"damage":48,"enemies":"Nightmare","floor":41,"turns":11},{"damage":0,"enemies":"Reptomancer","floor":42,"turns":2},{"damage":32,"enemies":"R_Hoarder","floor":44,"turns":6},{"damage":0,"enemies":"conspire:OrnateMirror","floor":50,"turns":9},{"damage":25,"enemies":"Shield and Spear","floor":53,"turns":5},{"damage":26,"enemies":"The Heart","floor":54,"turns":11}],"seed_played":"1242218808609129921","potions_obtained":[{"floor":2,"key":"Energy Potion"},{"floor":3,"key":"Elixir"},{"floor":4,"key":"Languid Potion"},{"floor":4,"key":"blueLaboratory:BottledTrinity"},{"floor":24,"key":"blueLaboratory:FrostheartPotion"},{"floor":40,"key":"SteroidPotion"},{"floor":44,"key":"blueLaboratory:CorrosionFlask"},{"floor":54,"key":"Swift Potion"}],"is_trial":true,"path_per_floor":["M","M","M","?","$","R","E","R","T","E","M","E","R","E","R","B",null,"M","M","AVR","?","?","E","E","E","T","$","?","R","R","E","R","B",null,"M","AVR","?","?","M","E","NM","E","T","E","R","$","R","?","R","B","R","$","E","B",null],"character_chosen":"WATCHER","items_purchased":["BattleHymn","BowlingBash","vexMod:HeadHunter","vexMod:Dragonfruit","SnailShell"],"campfire_rested":4,"item_purchase_floors":[5,5,27,46,46],"current_hp_per_floor":[72,72,58,58,58,58,58,58,58,58,51,51,51,51,51,59,69,69,48,48,48,48,48,34,34,34,34,19,19,40,30,51,27,91,91,91,91,101,101,101,53,53,53,21,63,68,107,107,107,107,107,107,82,56],"gold":175,"neow_bonus":"","is_daily":false,"chose_seed":false,"campfire_upgraded":3,"win_rate":0.0,"timestamp":1608462925,"path_taken":["M","M","M","?","$","R","E","R","T","E","M","E","R","E","R","BOSS","M","M","AVR","?","?","E","E","E","T","$","?","R","R","E","R","BOSS","M","AVR","?","?","M","E","NM","E","T","E","R","$","R","?","R","BOSS","R","$","E","BOSS"],"items_purchased_type":["Card","Card","Relic","Relic","Relic"],"build_version":"2020-12-13","purchased_purges":3,"victory":true,"max_hp_per_floor":[72,72,72,72,72,72,72,72,72,72,72,72,72,72,72,72,72,72,72,72,72,72,72,72,72,72,72,72,72,72,72,72,72,102,102,102,102,102,102,102,102,102,102,102,102,107,107,107,107,107,107,107,107,107],"card_choices":[{"not_picked":["TalkToTheHand","Replay:BluntJabs","EmptyBody"],"picked":"SKIP","floor":1},{"not_picked":["EmptyFist","FollowUp","Replay:AtTheReady"],"picked":"SKIP","floor":2},{"not_picked":["CrushJoints","Halt"],"picked":"Vault","floor":3},{"not_picked":["Wireheading","Replay:Hum"],"picked":"Tantrum","floor":7},{"not_picked":["Nirvana","DeceiveReality","Replay:DivineShield"],"picked":"SKIP","floor":10},{"not_picked":["Halt","ClearTheMind"],"picked":"Consecrate","floor":11},{"not_picked":["CrushJoints","Brilliance","InnerPeace"],"picked":"SKIP","floor":12},{"not_picked":["MasterReality","Adaptation"],"picked":"Wireheading","floor":14},{"not_picked":["Ragnarok","MasterReality"],"picked":"Vault","floor":16},{"not_picked":["Consecrate+1","ForeignInfluence"],"picked":"Protect","floor":18},{"not_picked":["EmptyFist+1","SashWhip","Prostrate+1"],"picked":"SKIP","floor":19},{"not_picked":["Secret Weapon","StuffTheSpire:Recharge"],"picked":"Apotheosis","floor":20},{"not_picked":["LessonLearned","FlurryOfBlows","ClearTheMind+1"],"picked":"SKIP","floor":23},{"not_picked":["Replay:AtTheReady","BowlingBash"],"picked":"ThirdEye","floor":24},{"not_picked":["PathToVictory","Brilliance"],"picked":"CrushJoints","floor":25},{"not_picked":["Replay:LoomingThreat","Brilliance"],"picked":"DeusExMachina","floor":31},{"not_picked":["PathToVictory","EmptyFist","SashWhip"],"picked":"SKIP","floor":31},{"not_picked":["ThirdEye","SashWhip+1","Adaptation"],"picked":"SKIP","floor":35},{"not_picked":["Prostrate","LikeWater"],"picked":"Protect+1","floor":39},{"not_picked":["Alpha","Judgement"],"picked":"DevaForm","floor":40},{"not_picked":["BowlingBash","EmptyMind","DeceiveReality+1"],"picked":"SKIP","floor":40},{"not_picked":["Omniscience","DevaForm","Brilliance"],"picked":"SKIP","floor":41},{"not_picked":["SandsOfTime","PathToVictory","Replay:ManipulateFuture+1"],"picked":"SKIP","floor":41},{"not_picked":["Replay:AllIn","Replay:LoomingThreat"],"picked":"Scrawl","floor":42},{"not_picked":["Ragnarok","ConjureBlade","PathToVictory"],"picked":"SKIP","floor":42},{"not_picked":["DevaForm","Alpha","Blasphemy"],"picked":"SKIP","floor":44},{"not_picked":["Indignation","Wish","Replay:Battleflow"],"picked":"SKIP","floor":44},{"not_picked":["MasterReality","Brilliance","Blasphemy"],"picked":"SKIP","floor":53},{"not_picked":["WreathOfFlame","BowlingBash","Replay:ManipulateFuture+1"],"picked":"SKIP","floor":53},{"not_picked":["MasterReality","Brilliance","Blasphemy"],"picked":"SKIP","floor":53},{"not_picked":["WreathOfFlame","BowlingBash","Replay:ManipulateFuture+1"],"picked":"SKIP","floor":53},{"not_picked":["Brilliance","Blasphemy"],"picked":"MasterReality","floor":53},{"not_picked":["WreathOfFlame","BowlingBash","Replay:ManipulateFuture+1"],"picked":"SKIP","floor":53}],"player_experience":1766271,"relics_obtained":[{"floor":7,"key":"halation:KoshaPiece"},{"floor":9,"key":"StuffTheSpire:OldFever"},{"floor":10,"key":"hubris:Reverence"},{"floor":12,"key":"infinitespire:Bottled Soul"},{"floor":14,"key":"aspiration:SeaSaltIceCream"},{"floor":19,"key":"wanderingMiniBosses:CarrionFlame"},{"floor":23,"key":"Rawhide"},{"floor":24,"key":"Dream Catcher"},{"floor":25,"key":"Sundial"},{"floor":26,"key":"Girya"},{"floor":31,"key":"Orichalcum"},{"floor":40,"key":"Peace Pipe"},{"floor":41,"key":"Eternal Feather"},{"floor":42,"key":"Yang"},{"floor":44,"key":"Happy Flower"},{"floor":53,"key":"infinitespire:PuzzleCube"}],"event_choices":[{"damage_healed":0,"gold_gain":0,"player_choice":"Got Potions","damage_taken":0,"max_hp_gain":0,"max_hp_loss":0,"event_name":"Lab","floor":4,"gold_loss":0},{"damage_healed":0,"gold_gain":0,"player_choice":"Bet on Murderer","damage_taken":0,"max_hp_gain":0,"max_hp_loss":0,"event_name":"The Joust","floor":21,"gold_loss":50},{"cards_removed":["Strike_P"],"damage_healed":0,"gold_gain":0,"player_choice":"Give","damage_taken":0,"max_hp_gain":0,"max_hp_loss":0,"event_name":"betterNote:BetterNote","floor":22,"gold_loss":0,"cards_obtained":["Strike_P"]},{"damage_healed":0,"gold_gain":0,"player_choice":"Upgraded","damage_taken":0,"max_hp_gain":0,"max_hp_loss":0,"event_name":"Upgrade Shrine","floor":48,"gold_loss":0,"cards_upgraded":["infinitespire:UltimateForm"]}],"is_beta":false,"boss_relics":[{"not_picked":["halation:CatFaceCupcake","energizedSpire:HugeHouse"],"picked":"HolyWater"},{"not_picked":["infinitespire:Cupcake","halation:ForbiddenBikini"],"picked":"vexMod:BigBerry"}],"items_purged_floors":[20,27,36],"is_endless":true,"potions_floor_spawned":[2,3,24,40,44,54],"ascension_level":5}}