{"host":"egyxg9lnjq7g2hmw","time":1608443577,"event":{"mods":["AchievementEnabler","BaseMod","Block Reminder","Colored Map","Colored Powertips","Highlight Path","Minty Spire (QoL Compilation)","Rare Cards Sparkle","StSLib"],"gold_per_floor":[116,116,126,137,151,185,185,185,208,231,140,167,167,46,46,46,46],"floor_reached":16,"playtime":692,"items_purged":["Strike_G","Strike_G"],"score":204,"play_id":"866ef45c-cc34-4a10-a6b8-83b05908b44d","local_time":"20201219215257","is_ascension_mode":true,"campfire_choices":[{"floor":8.0,"key":"REST"},{"floor":15.0,"key":"REST"}],"circlet_count":0,"master_deck":["AscendersBane","Strike_G","Strike_G","Strike_G","Defend_G","Defend_G","Defend_G","Defend_G","Defend_G","Survivor","Neutralize+1","Flying Knee","Underhanded Strike","Well Laid Plans","Blur","Glass Knife","Acrobatics","Dagger Throw","Backflip","Acrobatics"],"relics":["Ring of the Snake","Anchor","CeramicFish","Golden Idol"],"acts_visited":["Exordium"],"potions_floor_usage":[16,16],"damage_taken":[{"damage":4.0,"enemies":"Jaw Worm","floor":1.0,"turns":6.0},{"damage":0.0,"enemies":"Cultist","floor":3.0,"turns":4.0},{"damage":1.0,"enemies":"Small Slimes","floor":4.0,"turns":4.0},{"damage":10.0,"enemies":"3 Louse","floor":5.0,"turns":4.0},{"damage":49.0,"enemies":"Lagavulin","floor":6.0,"turns":11.0},{"damage":2.0,"enemies":"Exordium Wildlife","floor":10.0,"turns":6.0},{"damage":6.0,"enemies":"Exordium Thugs","floor":12.0,"turns":4.0},{"damage":40,"enemies":"Slime Boss","floor":16,"turns":11}],"seed_played":"4960376668793647566","potions_obtained":[{"floor":1.0,"key":"AttackPotion"},{"floor":3.0,"key":"Dexterity Potion"},{"floor":12.0,"key":"Swift Potion"}],"is_trial":false,"path_per_floor":["M","?","M","M","M","E","?","R","T","M","$","M","?","$","R","B"],"character_chosen":"THE_SILENT","items_purchased":["Dagger Throw","Acrobatics"],"campfire_rested":2,"item_purchase_floors":[11,14],"current_hp_per_floor":[61,61,61,60,50,1,1,22,22,20,20,14,14,14,33,0,0],"gold":46,"neow_bonus":"TEN_PERCENT_HP_BONUS","is_daily":false,"chose_seed":false,"campfire_upgraded":0,"win_rate":0.0,"timestamp":1608443577,"path_taken":["M","?","M","?","M","E","?","R","T","M","$","M","?","$","R","BOSS"],"items_purchased_type":["Card","Card"],"build_version":"2020-12-13","purchased_purges":2,"victory":false,"max_hp_per_floor":[72,72,72,72,72,72,72,72,72,72,72,72,65,65,65,65,65],"card_choices":[{"not_picked":["Slice","PiercingWail"],"picked":"Flying Knee","floor":1.0},{"not_picked":["Poisoned Stab","Dagger Spray"],"picked":"Underhanded Strike","floor":3.0},{"not_picked":["All Out Attack","Riddle With Holes"],"picked":"Well Laid Plans","floor":4.0},{"not_picked":["Slice","Deflect"],"picked":"Blur","floor":5.0},{"not_picked":["Poisoned Stab","Endless Agony"],"picked":"Glass Knife","floor":6.0},{"not_picked":["Deadly Poison","Quick Slash"],"picked":"Acrobatics","floor":10.0},{"not_picked":["Sucker Punch","Endless Agony"],"picked":"Backflip","floor":12.0}],"player_experience":545853,"relics_obtained":[{"floor":6.0,"key":"Anchor"},{"floor":9.0,"key":"CeramicFish"}],"event_choices":[{"damage_healed":0.0,"max_hp_gain":0.0,"max_hp_loss":0.0,"gold_gain":0.0,"event_name":"Accursed Blacksmith","player_choice":"Forge","floor":2.0,"gold_loss":0.0,"damage_taken":0.0,"cards_upgraded":["Neutralize"]},{"damage_healed":0.0,"max_hp_gain":0.0,"max_hp_loss":0.0,"gold_gain":0.0,"event_name":"Scrap Ooze","player_choice":"Fled","floor":7.0,"gold_loss":0.0,"damage_taken":0.0},{"damage_healed":0.0,"max_hp_gain":0.0,"max_hp_loss":7.0,"gold_gain":0.0,"event_name":"Golden Idol","player_choice":"Lose Max HP","floor":13.0,"gold_loss":0.0,"damage_taken":0.0,"relics_obtained":["Golden Idol"]}],"is_beta":false,"boss_relics":[],"items_purged_floors":[11,14],"is_endless":false,"potions_floor_spawned":[1,3,12],"killed_by":"Slime Boss","ascension_level":20}}