{"host":"njruw0b0uprlitpx","time":1608434716,"event":{"mods":["2.2 Compatiblity","Astrologer","BaseMod","Better Altar","Better Note","Better Sensory Stone","Better Skull","Better Third Choice","BetterRewards","Block Reminder","Colored Map","Colored Powertips","Hermit","Jedi Mod","Keyboard Shortcuts","Minty Spire (QoL Compilation)","Quick Restart","Relic Stats","Replay The Spire","SacredBarkPlus","Spicy Shops","StSLib","SuperFastMode","The Blackbeard","The Bug Knight","The Construct","The Evolution","The Forsaken","The Mystic","The Problem Sleuth","The Runesmith","The Spell Scribe","Wandering Minibosses"],"gold_per_floor":[116,116,126,139,8,8,8,8,8,8,8,29,52,52,52,172,172,192,205,228,15,34,54,54,97,149,149,33,33,33,33,33,46,46,172,172,187,211,334,20,20,20,0,40,65,100,125,143,159,192,192,192],"floor_reached":53,"playtime":2878,"items_purged":["theForsaken:TheForsaken_Defend"],"score":1205,"play_id":"b7abdb1a-eb5e-4a19-8e3f-8a96fac46957","local_time":"20201219212516","is_ascension_mode":false,"campfire_choices":[{"data":"theForsaken:WordsOfMight","floor":6,"key":"SMITH"},{"floor":10,"key":"REST"},{"data":"theForsaken:WrathOfGod","floor":14,"key":"SMITH"},{"data":"theForsaken:WrathOfGod+1","floor":15,"key":"SMITH"},{"data":"theForsaken:WrathOfGod+2","floor":24,"key":"SMITH"},{"data":"theForsaken:WrathOfGod+3","floor":32,"key":"SMITH"},{"data":"theForsaken:Horror","floor":34,"key":"SMITH"},{"data":"theForsaken:WrathOfGod+4","floor":41,"key":"SMITH"},{"data":"theForsaken:WrathOfGod+5","floor":42,"key":"SMITH"},{"data":"theForsaken:Prudence","floor":51,"key":"SMITH"}],"circlet_count":0,"master_deck":["theForsaken:TheForsaken_Strike+1","theForsaken:TheForsaken_Strike","theForsaken:TheForsaken_Strike","theForsaken:TheForsaken_Strike","theForsaken:TheForsaken_Defend","theForsaken:TheForsaken_Defend+1","theForsaken:TheForsaken_Defend","theForsaken:Smite+1","theForsaken:Penitence","theForsaken:Mantra+1","theForsaken:AncientWords","theForsaken:ShieldBash","Jack Of All Trades","theForsaken:CowardsBrand+1","theForsaken:CleansingLight","theForsaken:FountainOfLife","theForsaken:WordsOfMight+1","Flash of Steel+1","theForsaken:WrathOfGod+6","theForsaken:Horror+1","theForsaken:SiphonStrike","theForsaken:Eulogy","jedi:LeechingStrike","theForsaken:ScorchingSunlight+1","theForsaken:InspiringBlow+1","theForsaken:DarkBargain+1","construct:SiegeForm+1","theForsaken:PreciseStrike","theForsaken:NobleSacrifice+1","theForsaken:Prudence+1","theForsaken:Eulogy+1","theForsaken:FuryStrikes","theForsaken:SacredOath","theForsaken:RainingSunlight+1","theForsaken:LightRoll","theForsaken:Devotion+1","theForsaken:NobleSacrifice+1","theForsaken:StoreUp+1","theForsaken:Confusion","theForsaken:Purification","Pot Of Greed","Pot Of Greed","Pot Of Greed","Pot Of Greed","theForsaken:BlessedWeapon","Parasite","theForsaken:FatRoll","theForsaken:Enfeeble+1","theForsaken:QuickAttack+1","theForsaken:MagicWeapon"],"relics":["theForsaken:JudgementScales","theForsaken:Kindling","BargainBundle","Blue Doll","Guide Book","jedi:arcanewood","Toy Ornithopter","jedi:crownofsimplicity","Golden Idol","CaptainsWheel","Nunchaku","ChewingGum","Art of War","Regal Pillow","Honey Jar","Ancient Tea Set","Orrery","Lantern","Red Mask","Potion Belt","Blood Vial","Grinning Jar","Pen Nib"],"acts_visited":["Exordium","TheCity","TheBeyond"],"potions_floor_usage":[16,16,16,20,25,35,38,38,47,50,52,52],"damage_taken":[{"damage":1,"enemies":"Jaw Worm","floor":1,"turns":5},{"damage":0,"enemies":"Small Slimes","floor":3,"turns":3},{"damage":0,"enemies":"2 Louse","floor":4,"turns":2},{"damage":2,"enemies":"Looter","floor":12,"turns":3},{"damage":0,"enemies":"Slime Boss","floor":16,"turns":6},{"damage":27,"enemies":"3 Byrds","floor":18,"turns":5},{"damage":4,"enemies":"Chosen","floor":19,"turns":5},{"damage":6,"enemies":"Centurion and Healer","floor":20,"turns":7},{"damage":6,"enemies":"3 Cultists","floor":22,"turns":5},{"damage":0,"enemies":"Snake Plant","floor":23,"turns":4},{"damage":31,"enemies":"Slavers","floor":25,"turns":4},{"damage":0,"enemies":"Sentry and Sphere","floor":33,"turns":4},{"damage":33,"enemies":"Automaton","floor":35,"turns":7},{"damage":1,"enemies":"3 Shapes","floor":37,"turns":3},{"damage":17,"enemies":"3 Darklings","floor":38,"turns":4},{"damage":0,"enemies":"Nemesis","floor":44,"turns":5},{"damage":3,"enemies":"Giant Head","floor":46,"turns":5},{"damage":0,"enemies":"Writhing Mass","floor":47,"turns":5},{"damage":5,"enemies":"Spire Growth","floor":48,"turns":4},{"damage":6,"enemies":"3 Darklings","floor":49,"turns":3},{"damage":4,"enemies":"HollowMod:StalkingDevout","floor":50,"turns":4},{"damage":0,"enemies":"Time Eater","floor":52,"turns":6}],"seed_played":"-5058202251967930173","potions_obtained":[{"floor":4,"key":"LiquidMemories"},{"floor":18,"key":"SkillPotion"},{"floor":33,"key":"Swift Potion"},{"floor":35,"key":"LiquidBronze"},{"floor":46,"key":"Weak Potion"},{"floor":47,"key":"Ancient Potion"},{"floor":48,"key":"Weak Potion"},{"floor":49,"key":"Fire Potion"}],"is_trial":false,"path_per_floor":["M","?","M","M","$","R","?","?","T","R","$","M","T","R","R","B",null,"M","M","M","$","M","M","R","E","T","?","$","?","PTL","PTL","R","M","R","B",null,"M","M","?","$","R","R","?","E","T","E","M","M","M","E","R","B",null],"character_chosen":"THE_FORSAKEN","items_purchased":["theForsaken:Mantra","BargainBundle","Blue Doll","Guide Book","theForsaken:AncientWords","theForsaken:ShieldBash","Adrenaline Potion","Explosive Potion","jedi:StrikingPotion","Jack Of All Trades","jedi:arcanewood","Toy Ornithopter","theForsaken:WordsOfMight","jedi:crownofsimplicity","Flash of Steel+1","PowerPotion","jedi:LeechingStrike","PowerPotion","theForsaken:PreciseStrike","Block Potion","Orrery","Lantern"],"campfire_rested":1,"item_purchase_floors":[0,0,0,0,0,0,0,0,0,0,0,0,5,5,5,5,21,21,28,28,40,40],"current_hp_per_floor":[64,64,65,65,65,65,52,36,36,60,60,58,58,58,58,72,72,57,72,69,69,74,74,74,63,63,63,63,63,63,63,63,63,63,43,76,78,78,78,78,78,78,78,78,78,78,78,80,80,80,80,80],"gold":192,"neow_bonus":"","is_daily":false,"chose_seed":false,"campfire_upgraded":9,"win_rate":0.0,"timestamp":1608434716,"path_taken":["M","?","M","M","$","R","?","?","T","R","?","?","?","?","R","BOSS","M","M","?","$","?","M","R","E","T","?","?","?","PTL","PTL","?","M","R","BOSS","M","M","?","$","?","R","?","E","T","E","?","M","M","E","R","BOSS"],"items_purchased_type":["Card","Relic","Relic","Relic","Card","Card","Potion","Potion","Potion","Card","Relic","Relic","Card","Relic","Card","Potion","Card","Potion","Card","Potion","Relic","Relic"],"build_version":"2020-12-13","purchased_purges":1,"victory":true,"max_hp_per_floor":[65,65,65,65,65,65,65,65,65,70,70,70,70,70,70,72,72,72,74,74,74,74,74,74,74,74,74,74,74,74,74,74,74,74,76,76,78,78,78,78,78,78,78,78,78,78,78,80,80,80,80,80],"relic_stats":{"Blood Vial":0,"Nunchaku":[18],"Regal Pillow":0,"counters":[80,306],"Golden Idol":177,"Pen Nib":[0],"Art of War":[2],"obtain_stats":[{"jedi:angrymask":26,"Gremlin Horn":45,"jedi:bottledfury":15,"construct:ClockworkPhoenix":22,"Sling":19,"Replay:Wanted Poster":34,"Blood Vial":45,"Centennial Puzzle":5,"Ribbon":10,"Honey Jar":36,"MealTicket":13,"Iron Hammer":10,"Replay:Wax Seal":13,"jedi:othersneckoeye":43,"Pear":12,"ReplayTheSpireMod:CursedCoin":25,"Astrolabe":36,"Ring of Chaos":19,"Pen Nib":50,"Letter Opener":39,"Akabeko":7,"Runic Dome":17,"Replay:Baseball":43,"Bottled Flame":28,"Simple Rune":9,"Nloth\u0027s Gift":22,"Grinning Jar":46,"Mirror":25,"Abe\u0027s Treasure":19,"ReplayTheSpireMod:Ring of Exchange":36,"Regal Pillow":25,"Lantern":40,"Torii":14,"Blue Doll":0,"Mythril_Glove":43,"TeardropLocket":0,"theForsaken:Gavel":46,"Ancient Tea Set":39,"Dream Catcher":15,"Nunchaku":13,"Matryoshka":26,"theSleuth:Tectrixcalibur":40,"theForsaken:Kindling":0,"jedi:matchstick":19,"Red Mask":43,"Potion Belt":44,"Lee\u0027s Waffle":13,"BargainBundle":19,"Golden Idol":8,"Guide Book":0,"Damaru":9,"PreservedInsect":13,"jedi:crownofsimplicity":5,"White Beast Statue":11,"Replay:Arrowhead":16,"CaptainsWheel":9,"jedi:ominousloannote":26,"Orrery":40,"ChewingGum":17,"Garlic":23,"Art of War":25,"PureWater":0,"jedi:arcanewood":0,"Toy Ornithopter":0},{"jedi:angrymask":34,"Gremlin Horn":41,"jedi:bottledfury":53,"construct:ClockworkPhoenix":56,"Sling":10,"Replay:Wanted Poster":17,"Blood Vial":74,"Centennial Puzzle":23,"Ribbon":6,"Honey Jar":71,"MealTicket":7,"Iron Hammer":51,"Replay:Wax Seal":7,"jedi:othersneckoeye":41,"Pear":52,"ReplayTheSpireMod:CursedCoin":13,"Astrolabe":39,"Ring of Chaos":30,"Pen Nib":79,"Letter Opener":40,"Akabeko":5,"Runic Dome":9,"Replay:Baseball":20,"Bottled Flame":35,"Simple Rune":24,"Nloth\u0027s Gift":56,"Grinning Jar":75,"Mirror":13,"Abe\u0027s Treasure":54,"ReplayTheSpireMod:Ring of Exchange":18,"Regal Pillow":34,"Lantern":73,"Torii":8,"Blue Doll":58,"Mythril_Glove":20,"TeardropLocket":21,"theForsaken:Gavel":42,"Ancient Tea Set":73,"Dream Catcher":28,"Nunchaku":62,"Matryoshka":13,"theSleuth:Tectrixcalibur":40,"theForsaken:Kindling":21,"jedi:matchstick":10,"Red Mask":73,"Potion Belt":74,"Lee\u0027s Waffle":7,"BargainBundle":10,"Golden Idol":61,"Guide Book":21,"Damaru":5,"PreservedInsect":7,"jedi:crownofsimplicity":61,"White Beast Statue":51,"Replay:Arrowhead":53,"CaptainsWheel":61,"jedi:ominousloannote":34,"Orrery":73,"ChewingGum":63,"Garlic":13,"Art of War":69,"PureWater":0,"jedi:arcanewood":58,"Toy Ornithopter":58},{"jedi:angrymask":104,"Gremlin Horn":133,"jedi:bottledfury":184,"construct:ClockworkPhoenix":197,"Sling":27,"Replay:Wanted Poster":51,"Blood Vial":279,"Centennial Puzzle":71,"Ribbon":14,"Honey Jar":267,"MealTicket":17,"Iron Hammer":172,"Replay:Wax Seal":17,"jedi:othersneckoeye":133,"Pear":181,"ReplayTheSpireMod:CursedCoin":35,"Astrolabe":127,"Ring of Chaos":88,"Pen Nib":300,"Letter Opener":131,"Akabeko":11,"Runic Dome":23,"Replay:Baseball":61,"Bottled Flame":109,"Simple Rune":73,"Nloth\u0027s Gift":197,"Grinning Jar":284,"Mirror":35,"Abe\u0027s Treasure":191,"ReplayTheSpireMod:Ring of Exchange":54,"Regal Pillow":104,"Lantern":274,"Torii":19,"Blue Doll":207,"Mythril_Glove":61,"TeardropLocket":67,"theForsaken:Gavel":136,"Ancient Tea Set":274,"Dream Catcher":82,"Nunchaku":220,"Matryoshka":35,"theSleuth:Tectrixcalibur":131,"theForsaken:Kindling":67,"jedi:matchstick":27,"Red Mask":274,"Potion Belt":279,"Lee\u0027s Waffle":17,"BargainBundle":27,"Golden Idol":217,"Guide Book":67,"Damaru":11,"PreservedInsect":17,"jedi:crownofsimplicity":217,"White Beast Statue":172,"Replay:Arrowhead":184,"CaptainsWheel":217,"jedi:ominousloannote":104,"Orrery":274,"ChewingGum":226,"Garlic":35,"Art of War":256,"PureWater":0,"jedi:arcanewood":207,"Toy Ornithopter":207}],"Toy Ornithopter":16},"card_choices":[{"not_picked":["theForsaken:HymnOfPatience","theForsaken:CreepingInfection"],"picked":"theForsaken:CowardsBrand","floor":1},{"not_picked":["theForsaken:Thunderbolt","theForsaken:Backlash"],"picked":"theForsaken:CleansingLight","floor":3},{"not_picked":["theForsaken:BindingThorns","theForsaken:HorrifyingStrike"],"picked":"theForsaken:FountainOfLife","floor":4},{"not_picked":["theForsaken:Eulogy","theForsaken:LightRoll"],"picked":"theForsaken:WrathOfGod","floor":12},{"not_picked":["theForsaken:CorruptDeck","theForsaken:Mantra"],"picked":"theForsaken:Horror","floor":16},{"not_picked":["theForsaken:StoreUp+1","theForsaken:CowardsBrand","theForsaken:WardingHymn"],"picked":"SKIP","floor":18},{"not_picked":["theForsaken:Backlash","theForsaken:CorruptedWord"],"picked":"theForsaken:SiphonStrike","floor":19},{"not_picked":["theForsaken:ChargeAttack+1","theForsaken:QuickAttack+1"],"picked":"theForsaken:Eulogy","floor":20},{"not_picked":["theForsaken:FatRoll","theForsaken:Thunderbolt+1"],"picked":"theForsaken:ScorchingSunlight+1","floor":22},{"not_picked":["theForsaken:Parry","theForsaken:SpreadingPlague"],"picked":"theForsaken:InspiringBlow+1","floor":23},{"not_picked":["theForsaken:BattleHymn","theForsaken:ScorchingSunlight"],"picked":"theForsaken:DarkBargain+1","floor":25},{"not_picked":["theForsaken:BottledPlague","theForsaken:PowerUp"],"picked":"theForsaken:NobleSacrifice+1","floor":33},{"not_picked":["theForsaken:FountainOfLife","theForsaken:SacrificeSoul"],"picked":"theForsaken:Prudence","floor":35},{"not_picked":["theForsaken:ShieldBash+1","theForsaken:CowardsBrand+1","theForsaken:Backlash+1"],"picked":"theForsaken:Eulogy+1","floor":37},{"not_picked":["theForsaken:BlightOfFamine","theForsaken:NobleSacrifice+1","theForsaken:ChargeAttack+1"],"picked":"theForsaken:FuryStrikes","floor":38},{"not_picked":["theForsaken:WordsOfPestilence","theForsaken:QuickAttack","theForsaken:Parry"],"picked":"theForsaken:SacredOath","floor":39},{"not_picked":["theForsaken:BlightOfFamine+1","theForsaken:HymnOfPatience","theForsaken:BottledPlague+1"],"picked":"theForsaken:RainingSunlight+1","floor":39},{"not_picked":["theForsaken:NobleSacrifice+1","theForsaken:CreepingInfection","theForsaken:Parry"],"picked":"theForsaken:LightRoll","floor":40},{"not_picked":["theForsaken:WrathOfGod+1","theForsaken:LightRoll","theForsaken:BindingThorns+1"],"picked":"theForsaken:Devotion+1","floor":40},{"not_picked":["theForsaken:WrathOfGod+1","theForsaken:DarkBargain+1","theForsaken:DefensiveStance"],"picked":"theForsaken:NobleSacrifice+1","floor":40},{"not_picked":["theForsaken:Eulogy","theForsaken:ScorchingSunlight+1","theForsaken:CowardsBrand"],"picked":"theForsaken:StoreUp+1","floor":40},{"not_picked":["theForsaken:QuickAttack","theForsaken:Devotion","theForsaken:Backlash+1"],"picked":"theForsaken:Confusion","floor":40},{"not_picked":["theForsaken:HymnOfPatience","theForsaken:WordsOfPestilence+1","theForsaken:Eulogy+1"],"picked":"theForsaken:Purification","floor":44},{"not_picked":["theForsaken:StoreUp+1","theForsaken:Thunderbolt","theForsaken:CowardsBrand"],"picked":"theForsaken:BlessedWeapon","floor":46},{"not_picked":["theForsaken:WordOfPower+1","theForsaken:ChargeAttack","theForsaken:ShieldCharge+1"],"picked":"theForsaken:FatRoll","floor":47},{"not_picked":["theForsaken:Parry+1","theForsaken:ShieldCharge","theForsaken:QuickAttack"],"picked":"theForsaken:Enfeeble+1","floor":48},{"not_picked":["theForsaken:MagicWeapon","theForsaken:WardingHymn","theForsaken:FatRoll+1"],"picked":"theForsaken:QuickAttack+1","floor":49},{"not_picked":["theForsaken:PowerUp","theForsaken:DefensiveStance","theForsaken:FuryStrikes"],"picked":"theForsaken:MagicWeapon","floor":50}],"player_experience":1806948,"relics_obtained":[{"floor":9,"key":"CaptainsWheel"},{"floor":13,"key":"Nunchaku"},{"floor":25,"key":"Art of War"},{"floor":26,"key":"Regal Pillow"},{"floor":39,"key":"Ancient Tea Set"},{"floor":44,"key":"Potion Belt"},{"floor":45,"key":"Blood Vial"},{"floor":46,"key":"Grinning Jar"},{"floor":50,"key":"Pen Nib"}],"event_choices":[{"damage_healed":65,"gold_gain":0,"player_choice":"Upgrade","damage_taken":13,"max_hp_gain":0,"max_hp_loss":65,"event_name":"betterThird:BetterShining","floor":7,"gold_loss":0,"cards_upgraded":["theForsaken:CowardsBrand","theForsaken:TheForsaken_Defend"]},{"damage_healed":0,"gold_gain":0,"player_choice":"Take Damage","damage_taken":16,"relics_obtained":["Golden Idol"],"max_hp_gain":0,"max_hp_loss":0,"event_name":"Golden Idol","floor":8,"gold_loss":0},{"cards_removed":["theForsaken:Mantra"],"damage_healed":0,"gold_gain":0,"player_choice":"Take \u0026 Give","damage_taken":0,"max_hp_gain":0,"max_hp_loss":0,"event_name":"betterNote:BetterNote","floor":27,"gold_loss":0,"cards_obtained":["construct:SiegeForm"]},{"damage_healed":0,"gold_gain":0,"player_choice":"Ignored","damage_taken":0,"max_hp_gain":0,"max_hp_loss":0,"event_name":"Ghosts","floor":29,"gold_loss":0},{"damage_healed":0,"gold_gain":0,"player_choice":"Paid","damage_taken":0,"relics_obtained":["Red Mask"],"max_hp_gain":0,"max_hp_loss":0,"event_name":"Tomb of Lord Red Mask","floor":43,"gold_loss":20}],"is_beta":false,"boss_relics":[{"not_picked":["Kintsugi","Calling Bell"],"picked":"ChewingGum"},{"not_picked":["jedi:paperlyon","SlaversCollar"],"picked":"Honey Jar"}],"items_purged_floors":[0],"is_endless":false,"potions_floor_spawned":[4,18,33,35,46,47,48,49],"ascension_level":0}}