{"host":"bxn2em57qlx5u4i0","time":1608479828,"event":{"mods":["BaseMod","Colored Map","Colored Powertips","Highlight Path","Minty Spire (QoL Compilation)","Random Character Button","Relic Sorter","Relic Stats","StSLib","SuperFastMode"],"gold_per_floor":[114,128,128,73,73,73,73,73],"floor_reached":7,"playtime":158,"items_purged":[],"score":78,"play_id":"2272df3e-e3d7-480f-86f7-62aac0160f17","local_time":"20201220105708","is_ascension_mode":true,"campfire_choices":[{"data":"Tactician","floor":6,"key":"SMITH"}],"circlet_count":0,"master_deck":["AscendersBane","Strike_G","Strike_G+1","Strike_G","Defend_G+1","Defend_G","Defend_G","Defend_G","Defend_G","Survivor","Neutralize","Acrobatics","Blade Dance","Tactician+1","Heel Hook"],"relics":["Ring of the Snake","Juzu Bracelet"],"acts_visited":["Exordium"],"potions_floor_usage":[],"damage_taken":[{"damage":0,"enemies":"2 Louse","floor":1,"turns":4},{"damage":0,"enemies":"Cultist","floor":2,"turns":3},{"damage":39,"enemies":"Lagavulin","floor":7,"turns":7}],"seed_played":"1345876430880656627","potions_obtained":[],"is_trial":false,"path_per_floor":["M","M","?","?","?","R","E"],"character_chosen":"THE_SILENT","items_purchased":[],"campfire_rested":0,"item_purchase_floors":[],"current_hp_per_floor":[59,59,39,39,39,39,0,0],"gold":73,"neow_bonus":"TRANSFORM_CARD","is_daily":false,"chose_seed":false,"campfire_upgraded":1,"win_rate":0.0,"timestamp":1608479828,"path_taken":["M","M","?","?","?","R","E"],"items_purchased_type":[],"build_version":"2020-12-13","purchased_purges":0,"victory":false,"max_hp_per_floor":[66,66,66,66,66,66,66,66],"relic_stats":{"counters":[3,14],"Juzu Bracelet":1,"obtain_stats":[{"Juzu Bracelet":4,"Ring of the Snake":0},{"Juzu Bracelet":2,"Ring of the Snake":0},{"Juzu Bracelet":7,"Ring of the Snake":0}],"Ring of the Snake":[6]},"card_choices":[{"not_picked":["Outmaneuver","Concentrate"],"picked":"Blade Dance","floor":1},{"not_picked":["Skewer","Bane"],"picked":"Tactician","floor":2}],"player_experience":2824465,"relics_obtained":[],"event_choices":[{"damage_healed":0,"gold_gain":0,"player_choice":"Entered Light","damage_taken":20,"max_hp_gain":0,"max_hp_loss":0,"event_name":"Shining Light","floor":3,"gold_loss":0,"cards_upgraded":["Strike_G","Defend_G"]},{"damage_healed":0,"gold_gain":0,"player_choice":"Paid Gold","damage_taken":0,"relics_obtained":["Juzu Bracelet"],"max_hp_gain":0,"max_hp_loss":0,"event_name":"WeMeetAgain","floor":4,"gold_loss":55},{"damage_healed":0,"gold_gain":0,"cards_transformed":["Strike_G"],"player_choice":"Transformed","damage_taken":0,"max_hp_gain":0,"max_hp_loss":0,"event_name":"Transmorgrifier","floor":5,"gold_loss":0,"cards_obtained":["Heel Hook"]}],"is_beta":false,"boss_relics":[],"items_purged_floors":[],"is_endless":false,"potions_floor_spawned":[],"killed_by":"Lagavulin","ascension_level":20}}