{"host":"a4s27ghlnr83kbqz","time":1608460649,"event":{"mods":["AchievementEnabler","BaseMod","Colored Map","Minty Spire (QoL Compilation)","Permanent Neow","SuperFastMode"],"gold_per_floor":[109,109,129,142,160,174,174,194,220,247,263,213,233,249,249,249,249],"floor_reached":16,"playtime":346,"items_purged":[],"score":162,"play_id":"dd0fe997-43e9-4400-988f-740ef59ad8fd","local_time":"20201220183729","is_ascension_mode":true,"campfire_choices":[{"data":"Fusion","floor":7,"key":"SMITH"},{"floor":15,"key":"REST"}],"circlet_count":0,"master_deck":["AscendersBane","Strike_B","Strike_B","Strike_B","Defend_B","Defend_B","Defend_B","Defend_B","Zap","Dualcast+1","Ball Lightning","Streamline","Meteor Strike","Turbo","Hologram","Biased Cognition","Fusion+1","Redo","Defragment","Reboot"],"relics":["Cracked Core","Tiny Chest","Oddly Smooth Stone"],"acts_visited":["Exordium"],"potions_floor_usage":[5],"damage_taken":[{"damage":1.0,"enemies":"Cultist","floor":1.0,"turns":3.0},{"damage":2.0,"enemies":"Jaw Worm","floor":3.0,"turns":2.0},{"damage":5,"enemies":"Small Slimes","floor":4,"turns":2},{"damage":11,"enemies":"Exordium Thugs","floor":5,"turns":3},{"damage":11,"enemies":"Looter","floor":6,"turns":2},{"damage":0,"enemies":"Large Slime","floor":8,"turns":4},{"damage":6,"enemies":"Exordium Wildlife","floor":11,"turns":2},{"damage":8,"enemies":"Blue Slaver","floor":13,"turns":2},{"damage":4,"enemies":"3 Louse","floor":14,"turns":3},{"damage":44,"enemies":"Slime Boss","floor":16,"turns":6}],"seed_played":"-5398884249330303003","potions_obtained":[{"floor":4,"key":"LiquidMemories"},{"floor":5,"key":"Strength Potion"},{"floor":6,"key":"Ancient Potion"}],"is_trial":false,"path_per_floor":["M","?","M","M","M","M","R","M","T","T","M","?","M","M","R","B"],"character_chosen":"DEFECT","items_purchased":[],"campfire_rested":1,"item_purchase_floors":[],"current_hp_per_floor":[67,67,65,60,49,38,38,38,38,38,32,32,24,20,42,0,0],"gold":249,"neow_bonus":"UPGRADE_CARD","is_daily":false,"chose_seed":false,"campfire_upgraded":1,"win_rate":0.0,"timestamp":1608460649,"path_taken":["M","?","?","M","M","M","R","M","T","?","?","?","M","M","R","BOSS"],"items_purchased_type":[],"build_version":"2020-12-13","purchased_purges":0,"victory":false,"max_hp_per_floor":[75,75,75,75,75,75,75,75,75,75,75,75,75,75,75,75,75],"card_choices":[{"not_picked":["Undo","Coolheaded"],"picked":"Ball Lightning","floor":1.0},{"not_picked":["White Noise","Beam Cell"],"picked":"Turbo","floor":3.0},{"not_picked":["Compile Driver","Barrage"],"picked":"Hologram","floor":4},{"not_picked":["Rebound","Leap"],"picked":"Biased Cognition","floor":5},{"not_picked":["Reinforced Body","Undo"],"picked":"Fusion","floor":6},{"not_picked":["Ball Lightning","Streamline"],"picked":"Redo","floor":8},{"not_picked":["Force Field","Scrape"],"picked":"Defragment","floor":11},{"not_picked":["Redo","Steam"],"picked":"Reboot","floor":13},{"not_picked":["Blizzard","Consume","Ball Lightning"],"picked":"SKIP","floor":14}],"player_experience":1036123,"relics_obtained":[{"floor":9,"key":"Tiny Chest"},{"floor":10,"key":"Oddly Smooth Stone"}],"event_choices":[{"damage_healed":0.0,"max_hp_gain":0.0,"max_hp_loss":0.0,"gold_gain":0.0,"event_name":"Match and Keep!","player_choice":"2 cards matched","floor":2.0,"gold_loss":0.0,"damage_taken":0.0,"cards_obtained":["Streamline","Meteor Strike"]},{"cards_removed":["Strike_B"],"damage_healed":0,"gold_gain":0,"player_choice":"Card Removal","damage_taken":0,"max_hp_gain":0,"max_hp_loss":0,"event_name":"The Cleric","floor":12,"gold_loss":50}],"is_beta":false,"boss_relics":[],"items_purged_floors":[],"is_endless":false,"potions_floor_spawned":[4,5,6,13],"killed_by":"Slime Boss","ascension_level":13}}