{"host":"121m0oxswv9tg9hk","time":1608423956,"event":{"mods":["AchievementEnabler","BaseMod","Better Third Choice","Downfall","Hermit","Hubris","Infinite Spire","MarisaÅiñ∂âJÅ@ñÇóùçπÅj","Minty Spire (QoL Compilation)","Replay The Spire","Shade Mod","StSLib","The Construct","The Cursed","The Gatherer","The Hierophant","The Mystic"],"gold_per_floor":[199,75,0,0,0,29,56,89,14,42,55,69,69,69,88,189,189,189,199,231,192,203,203,203,229,229,257,257,257,257,277,277,377,389,490,490,415,465,496,496,516,542,542,542,189,189,205,215,162,162,177,177,177,206,56,56,56],"floor_reached":58,"playtime":5442,"items_purged":["champ:DancingMaster","champ:Defend","champ:Execute","champ:Strike","Writhe"],"score":1576,"play_id":"0772cfd5-2000-40c1-9d7c-52895780046f","local_time":"20201220012554","is_ascension_mode":true,"campfire_choices":[{"floor":1,"key":"RECALL"},{"data":"champ:Taunt","floor":3,"key":"SMITH"},{"data":"champ:DefensiveShout","floor":5,"key":"SMITH"},{"data":"champ:PerfectedStrike","floor":9,"key":"SMITH"},{"floor":23,"key":"REST"},{"data":"champ:FocusedBerserking","floor":26,"key":"SMITH"},{"data":"champ:EnragedBash","floor":37,"key":"SMITH"},{"data":"champ:TornadoPunch","floor":40,"key":"SMITH"},{"data":"champ:CalledShot","floor":44,"key":"SMITH"},{"data":"champ:DeathBlow","floor":46,"key":"SMITH"},{"data":"champ:Control","floor":56,"key":"SMITH"}],"circlet_count":0,"master_deck":["champ:Strike","champ:Strike","champ:Defend","champ:Defend","champ:Taunt+1","champ:DefensiveShout+1","champ:EndlessRage","champ:EndlessRage","champ:DefensiveStyle","champ:PerfectedStrike+1","champ:DeathBlow+1","champ:TornadoPunch+1","champ:Backstep","Flying Knee","champ:FocusedBerserking+1","champ:FanOfKnives","champ:AdrenalArmor+1","champ:EnragedBash+1","champ:ShieldSigil","champ:ArenaPreparation","champ:CalledShot+1","champ:Backstep","Replay:Fractal Strike","champ:BringItOn+1","champ:VampiricStrike+1","champ:BerserkerStyle+1","champ:Encircle+1","champ:BerserkersShout","ReplayTheSpireMod:Brewmster","champ:Control+1","champ:HoldFirm","champ:Encircle+1","infinitespire:NeuralNetwork"],"relics":["Replay:M_StaffOfTheSnake","downfall:HeartBlessingRed","Ring of Misfortune","Bottled Tornado","downfall:HeartBlessingBlue","Mirror","infinitespire:Cubic Diamond","Philosopher\u0027s Stone","Potion Belt","ReplayTheSpireMod:CursedCoin","infinitespire:ShieldingShard","Ginger","Vajra","downfall:RedIOU","ChewingGum","Molten Egg 2","hubris:Backtick","Magic Flower","downfall:HeartBlessingGreen","Torii","Gambling Chip","Question Card","Chameleon Ring","hubris:EmptyBottle","champ:ChampionCrownUpgraded","infinitespire:Lychee Nut","infinitespire:Bottled Soul","hubris:ToyBattleship"],"acts_visited":["Exordium","TheCity","TheBeyond","TheEnding"],"potions_floor_usage":[16,19,19,27,39,48,49,57,57,57,57,57,57,57,57,57,57,57,57],"damage_taken":[{"damage":10,"enemies":"downfall:FleeingMerchant","floor":2,"turns":4},{"damage":16,"enemies":"Lagavulin","floor":6,"turns":8},{"damage":18,"enemies":"3 Sentries","floor":8,"turns":9},{"damage":17,"enemies":"Replay:BlueRogue","floor":10,"turns":5},{"damage":4,"enemies":"Cultist","floor":11,"turns":3},{"damage":28,"enemies":"Jaw Worm","floor":12,"turns":4},{"damage":0,"enemies":"2 Louse","floor":15,"turns":2},{"damage":34,"enemies":"downfall:Ironclad","floor":16,"turns":8},{"damage":19,"enemies":"3 Byrds","floor":19,"turns":4},{"damage":64,"enemies":"Book of Stabbing","floor":20,"turns":7},{"damage":28,"enemies":"downfall:FleeingMerchant","floor":21,"turns":4},{"damage":9,"enemies":"Spheric Guardian","floor":22,"turns":3},{"damage":29,"enemies":"Replay:Snechameleon","floor":25,"turns":6},{"damage":65,"enemies":"Book of Stabbing","floor":27,"turns":5},{"damage":44,"enemies":"Chosen and Byrds","floor":31,"turns":5},{"damage":7,"enemies":"Sentry and Sphere","floor":34,"turns":4},{"damage":72,"enemies":"downfall:Watcher","floor":35,"turns":7},{"damage":45,"enemies":"Mind Bloom Boss Battle","floor":38,"turns":8},{"damage":38,"enemies":"Reptomancer","floor":39,"turns":5},{"damage":15,"enemies":"Orb Walker","floor":41,"turns":2},{"damage":82,"enemies":"Nemesis","floor":42,"turns":7},{"damage":34,"enemies":"downfall:FleeingMerchant","floor":45,"turns":4},{"damage":31,"enemies":"3 Shapes","floor":47,"turns":2},{"damage":46,"enemies":"Jaw Worm Horde","floor":48,"turns":1},{"damage":66,"enemies":"downfall:FleeingMerchant","floor":49,"turns":3},{"damage":69,"enemies":"4 Shapes","floor":51,"turns":3},{"damage":46,"enemies":"downfall:Defect","floor":52,"turns":3},{"damage":99,"enemies":"downfall:CharBossMerchant","floor":54,"turns":5},{"damage":238,"enemies":"downfall:NeowBoss","floor":57,"turns":11}],"seed_played":"5872815147452481587","potions_obtained":[{"floor":8,"key":"Reflective Coating"},{"floor":11,"key":"Slimebound:ThreeZeroPotion"},{"floor":15,"key":"champ:TechniquePotion"},{"floor":16,"key":"Adrenaline Potion"},{"floor":19,"key":"Milkshake"},{"floor":20,"key":"Strength Potion"},{"floor":22,"key":"hexamod:EctoCoolerPotion"},{"floor":35,"key":"Explosive Potion"},{"floor":41,"key":"sneckomod:MuddlingPotion"},{"floor":47,"key":"champ:CounterPotion"},{"floor":48,"key":"EntropicBrew"},{"floor":51,"key":"PowerPotion"}],"is_trial":false,"path_per_floor":["R","$","R","?","R","E","T","E","R","E","M","M","?","?","M","B",null,"R","M","E","$","M","R","T","E","R","E","?","PTL","PTL","M","AVR","?","M","B",null,"R","?","E","R","M","E","T","R","$","R","M","M","$","AVR","M","B",null,"E","$","R","B",null],"character_chosen":"THE_CHAMP","items_purchased":["champ:EndlessRage","Fire Potion","ReplayTheSpireMod:CursedCoin","champ:EnragedBash","champ:ShieldSigil","champ:BerserkersShout","ReplayTheSpireMod:Brewmster","hubris:EmptyBottle","champ:Encircle+1","Ancient Potion","hubris:ToyBattleship"],"campfire_rested":1,"item_purchase_floors":[2,2,21,21,21,45,45,49,49,49,55],"current_hp_per_floor":[90,90,90,90,90,81,81,63,73,62,58,63,63,63,63,39,100,100,81,46,45,56,86,86,97,97,75,75,75,75,65,65,65,72,66,100,100,100,100,100,100,72,72,72,100,100,100,100,100,75,75,75,75,75,75,75,75],"gold":56,"neow_bonus":"HUNDRED_GOLD","is_daily":false,"chose_seed":false,"campfire_upgraded":9,"win_rate":0.0,"timestamp":1608423954,"path_taken":["R","$","R","?","R","E","T","E","R","E","M","M","?","?","M","BOSS","R","M","E","$","M","R","T","E","R","E","?","PTL","PTL","M","AVR","?","M","BOSS","R","?","E","R","M","E","T","R","$","R","M","M","$","AVR","M","BOSS","E","$","R","BOSS"],"items_purchased_type":["Card","Potion","Relic","Card","Card","Card","Card","Relic","Card","Potion","Relic"],"build_version":"2020-12-13","purchased_purges":5,"victory":true,"max_hp_per_floor":[90,90,90,90,90,90,90,90,100,100,100,100,100,100,100,100,100,100,100,100,100,100,100,100,100,100,100,100,100,100,100,100,100,100,100,100,100,100,100,100,100,100,100,100,100,100,100,100,100,75,75,75,75,75,75,75,75],"card_choices":[{"not_picked":["champ:CrookedStrike","champ:FlashCut"],"picked":"champ:DefensiveShout","floor":2},{"not_picked":["champ:FaceSlap","champ:GladiatorStyle"],"picked":"champ:DefensiveStyle","floor":6},{"not_picked":["champ:Encircle","champ:IgnorePain"],"picked":"champ:PerfectedStrike","floor":8},{"not_picked":["champ:EndlessRage","champ:HeartStrike"],"picked":"champ:DeathBlow","floor":10},{"not_picked":["champ:Shatter","champ:StanceDance"],"picked":"champ:TornadoPunch","floor":11},{"not_picked":["champ:Encircle","champ:Lariat"],"picked":"champ:Backstep","floor":12},{"not_picked":["champ:CrookedStrike","EmptyMind"],"picked":"Flying Knee","floor":15},{"not_picked":["champ:GladiatorsShout","champ:FanOfKnives"],"picked":"champ:FocusedBerserking","floor":19},{"not_picked":["champ:RisingSlash","champ:SwordThrow"],"picked":"champ:FanOfKnives","floor":20},{"not_picked":["champ:TornadoPunch+1","champ:HoldFirm"],"picked":"champ:AdrenalArmor+1","floor":21},{"not_picked":["champ:Balance","champ:SwordSigil+1"],"picked":"champ:ArenaPreparation","floor":22},{"not_picked":["champ:FlashCut","champ:PreciseThrust"],"picked":"champ:CalledShot","floor":25},{"not_picked":["champ:Riposte","champ:PerfectedStrike"],"picked":"champ:Backstep","floor":27},{"not_picked":["champ:Circumvent","champ:CrookedStrike","champ:Aggression+1"],"picked":"SKIP","floor":31},{"not_picked":["champ:FanOfKnives+1","champ:PerfectedStrike+1"],"picked":"champ:BringItOn+1","floor":34},{"not_picked":["champ:PerfectForm","champ:CrownThrow+1"],"picked":"champ:VampiricStrike+1","floor":35},{"not_picked":["champ:DefensiveStyle+1","champ:Riposte","champ:GladiatorStyle+1"],"picked":"SKIP","floor":39},{"not_picked":["champ:PreciseThrust+1","champ:IronFortress","champ:PerfectedStrike+1"],"picked":"SKIP","floor":41},{"not_picked":["champ:FocusedDefense","champ:DancingMaster"],"picked":"champ:BerserkerStyle+1","floor":42},{"not_picked":["champ:FlashCut+1","champ:GladiatorsShout","champ:Backstep"],"picked":"champ:Encircle+1","floor":45},{"not_picked":["champ:Backstep","champ:Shatter+1","champ:SwordSigil+1","champ:CrookedStrike+1"],"picked":"SKIP","floor":47},{"not_picked":["champ:DefensiveShout+1","champ:FlashCut+1","champ:ShieldWall+1"],"picked":"champ:Control","floor":48},{"not_picked":["champ:DefensiveShout","champ:CrookedStrike+1","champ:SkillfulDodge"],"picked":"champ:HoldFirm","floor":49},{"not_picked":["champ:SwordSigil","champ:DefensiveShout","champ:Encircle+1","champ:ViciousMockery+1"],"picked":"SKIP","floor":51},{"not_picked":["champ:SwordSigil","champ:DefensiveShout","champ:Encircle+1","champ:ViciousMockery+1"],"picked":"SKIP","floor":51},{"not_picked":["champ:ShieldSigil","champ:EnragedBash+1","champ:Aggression","champ:DancingMaster"],"picked":"SKIP","floor":54}],"player_experience":2882005,"relics_obtained":[{"floor":4,"key":"Ring of Misfortune"},{"floor":6,"key":"Bottled Tornado"},{"floor":8,"key":"ReplayFunnel"},{"floor":10,"key":"Mirror"},{"floor":20,"key":"Potion Belt"},{"floor":24,"key":"infinitespire:ShieldingShard"},{"floor":25,"key":"Ginger"},{"floor":27,"key":"Vajra"},{"floor":38,"key":"Torii"},{"floor":39,"key":"Gambling Chip"},{"floor":42,"key":"Question Card"},{"floor":43,"key":"Chameleon Ring"},{"floor":54,"key":"infinitespire:Bottled Soul"}],"event_choices":[],"is_beta":false,"boss_relics":[{"not_picked":["hubris:TerracottaHorce","Replay:Drink Me"],"picked":"Philosopher\u0027s Stone"},{"not_picked":["hubris:Stopwatch","Fusion Hammer"],"picked":"hubris:Backtick"}],"items_purged_floors":[21,32,45,49,50],"is_endless":false,"potions_floor_spawned":[8,11,15,16,19,20,22,35,41,47,48,51],"ascension_level":2}}