{"host":"a5lz0e76zb3fcwkm","time":1608452776,"event":{"mods":["AchievementEnabler","BaseMod","Colored Map","Colored Powertips","Minty Spire (QoL Compilation)","StSLib","SuperFastMode"],"gold_per_floor":[119,137,157,157,157,183,183,213,213,213,225,243,261,322,322,399,399,413,413,428,446,446,481,481,481,528,628,641,289,289,309,309,387,387,399,412,466,386,27,62,73,89,89,108,108,134,134,153,153,153,153,153,153,46,71,71],"floor_reached":57,"playtime":3939,"items_purged":[],"score":2813,"play_id":"255b77b8-cc57-450a-bee1-f9e184a7a048","local_time":"20201220172616","is_ascension_mode":true,"campfire_choices":[{"data":"Trip","floor":7.0,"key":"SMITH"},{"floor":10.0,"key":"REST"},{"data":"Pommel Strike","floor":15.0,"key":"SMITH"},{"data":"Perfected Strike","floor":25.0,"key":"SMITH"},{"data":"Corruption","floor":30.0,"key":"SMITH"},{"data":"Body Slam","floor":32.0,"key":"SMITH"},{"floor":49,"key":"RECALL"},{"data":"Barricade","floor":53,"key":"SMITH"}],"circlet_count":0,"master_deck":["AscendersBane","Strike_R","Strike_R","Strike_R","Strike_R","Strike_R","Defend_R","Defend_R+1","Defend_R","Defend_R","Trip+1","Power Through","Perfected Strike+1","Pommel Strike","Shrug It Off","Second Wind","Pommel Strike+1","Immolate","Seeing Red","Pommel Strike","Perfected Strike+1","Sentinel","Corruption+1","Battle Trance","Impervious","Body Slam+1","Evolve","Barricade+1","Seeing Red","Battle Trance+1","Ghostly Armor+1","Exhume","Corruption+1","Sentinel","Burning Pact","Armaments","Intimidate"],"relics":["Burning Blood","Blue Candle","Anchor","Paper Frog","Omamori","Cursed Key","HornCleat","Dead Branch","Kunai","Orrery","Calling Bell","Potion Belt","Pantograph","Lizard Tail","Ice Cream","DollysMirror","Akabeko","Centennial Puzzle","Bronze Scales"],"acts_visited":["Exordium","TheCity","TheBeyond","TheEnding"],"potions_floor_usage":[44,50,51,56,56,56,56,56,56,56,56],"damage_taken":[{"damage":2.0,"enemies":"2 Louse","floor":1.0,"turns":2.0},{"damage":7.0,"enemies":"Small Slimes","floor":2.0,"turns":3.0},{"damage":14.0,"enemies":"Jaw Worm","floor":3.0,"turns":4.0},{"damage":8.0,"enemies":"Gremlin Nob","floor":6.0,"turns":3.0},{"damage":25.0,"enemies":"3 Sentries","floor":8.0,"turns":8.0},{"damage":13.0,"enemies":"Exordium Thugs","floor":11.0,"turns":5.0},{"damage":0.0,"enemies":"Large Slime","floor":12.0,"turns":2.0},{"damage":6.0,"enemies":"Lots of Slimes","floor":13.0,"turns":5.0},{"damage":8.0,"enemies":"Gremlin Nob","floor":14.0,"turns":3.0},{"damage":12.0,"enemies":"Slime Boss","floor":16.0,"turns":7.0},{"damage":0.0,"enemies":"Spheric Guardian","floor":18.0,"turns":3.0},{"damage":3.0,"enemies":"3 Byrds","floor":20.0,"turns":3.0},{"damage":4.0,"enemies":"3 Cultists","floor":21.0,"turns":3.0},{"damage":33.0,"enemies":"Slavers","floor":23.0,"turns":4.0},{"damage":2.0,"enemies":"Colosseum Slavers","floor":27.0,"turns":3.0},{"damage":0.0,"enemies":"Colosseum Nobs","floor":27.0,"turns":5.0},{"damage":8.0,"enemies":"Centurion and Healer","floor":28.0,"turns":3.0},{"damage":0.0,"enemies":"Snecko","floor":31.0,"turns":4.0},{"damage":55.0,"enemies":"Automaton","floor":33.0,"turns":8.0},{"damage":0.0,"enemies":"Orb Walker","floor":35.0,"turns":3.0},{"damage":0.0,"enemies":"3 Shapes","floor":36.0,"turns":5.0},{"damage":27.0,"enemies":"2 Orb Walkers","floor":37.0,"turns":4.0},{"damage":15.0,"enemies":"Nemesis","floor":40.0,"turns":5.0},{"damage":2.0,"enemies":"Spire Growth","floor":41.0,"turns":2.0},{"damage":34.0,"enemies":"Writhing Mass","floor":42.0,"turns":7.0},{"damage":0,"enemies":"Maw","floor":44,"turns":5},{"damage":15,"enemies":"Reptomancer","floor":46,"turns":4},{"damage":6,"enemies":"4 Shapes","floor":48,"turns":4},{"damage":12,"enemies":"Time Eater","floor":50,"turns":5},{"damage":9,"enemies":"Donu and Deca","floor":51,"turns":6},{"damage":2,"enemies":"Shield and Spear","floor":55,"turns":5},{"damage":63,"enemies":"The Heart","floor":56,"turns":6}],"seed_played":"-1904258747410115437","potions_obtained":[{"floor":1.0,"key":"Energy Potion"},{"floor":3.0,"key":"Strength Potion"},{"floor":6.0,"key":"SteroidPotion"},{"floor":8.0,"key":"LiquidMemories"},{"floor":18.0,"key":"Explosive Potion"},{"floor":20.0,"key":"CultistPotion"},{"floor":28.0,"key":"BlessingOfTheForge"},{"floor":35.0,"key":"Strength Potion"},{"floor":42.0,"key":"Regen Potion"},{"floor":46,"key":"CultistPotion"},{"floor":48,"key":"CultistPotion"}],"is_trial":false,"path_per_floor":["M","M","M","?","?","E","R","E","T","R","M","M","M","?","R","B",null,"M","$","M","M","?","E","?","R","T","?","M","$","R","M","R","B",null,"M","M","?","$","$","E","M","M","T","M","?","E","?","M","R","B","B",null,"R","$","E","B",null],"character_chosen":"IRONCLAD","items_purchased":["Corruption","Orrery","Exhume","DollysMirror","Sentinel","EntropicBrew","Block Potion","Weak Potion"],"campfire_rested":1,"item_purchase_floors":[29,29,38,39,39,39,54,54],"current_hp_per_floor":[72,71,63,40,33,31,31,12,12,34,27,33,33,31,31,25,63,69,69,72,74,74,47,47,47,47,57,55,55,55,61,61,12,59,65,71,50,50,50,41,45,17,17,37,37,28,28,28,28,47,68,70,70,70,71,14],"gold":71,"neow_bonus":"RANDOM_COLORLESS","is_daily":false,"chose_seed":false,"campfire_upgraded":6,"win_rate":0.0,"timestamp":1608452776,"path_taken":["M","M","M","?","?","E","R","E","T","R","M","M","M","?","R","BOSS","M","$","M","M","?","E","?","R","T","?","M","$","R","M","R","BOSS","M","M","?","?","$","E","M","M","T","M","?","E","?","M","R","BOSS","BOSS","R","$","E","BOSS"],"items_purchased_type":["Card","Relic","Card","Relic","Card","Potion","Potion","Potion"],"build_version":"2020-12-13","purchased_purges":0,"victory":true,"max_hp_per_floor":[75,75,75,75,75,75,75,75,75,75,75,75,75,75,75,75,75,75,75,75,75,75,75,75,75,75,75,75,75,75,75,75,75,75,75,75,75,75,75,75,75,75,75,75,71,71,71,71,71,71,71,71,71,71,71,71],"card_choices":[{"not_picked":["Panacea","Dark Shackles"],"picked":"Trip","floor":0.0},{"not_picked":["Disarm","Headbutt"],"picked":"Power Through","floor":1.0},{"not_picked":["Dark Embrace","Twin Strike","Headbutt"],"picked":"SKIP","floor":2.0},{"not_picked":["Infernal Blade","Clash"],"picked":"Perfected Strike","floor":3.0},{"not_picked":["Clothesline","Power Through"],"picked":"Pommel Strike","floor":6.0},{"not_picked":["Cleave","Brutality","Blood for Blood"],"picked":"SKIP","floor":8.0},{"not_picked":["True Grit","Flex"],"picked":"Shrug It Off","floor":11.0},{"not_picked":["Shockwave","Havoc","Ghostly Armor"],"picked":"SKIP","floor":12.0},{"not_picked":["Wild Strike","Headbutt"],"picked":"Second Wind","floor":13.0},{"not_picked":["Warcry","Thunderclap"],"picked":"Pommel Strike","floor":14.0},{"not_picked":["Reaper","Demon Form"],"picked":"Immolate","floor":16.0},{"not_picked":["Warcry","Twin Strike","Spot Weakness"],"picked":"SKIP","floor":18.0},{"not_picked":["Clash","Shrug It Off+1"],"picked":"Seeing Red","floor":20.0},{"not_picked":["Blood for Blood","Cleave","Havoc"],"picked":"SKIP","floor":21.0},{"not_picked":["Anger","Thunderclap+1"],"picked":"Pommel Strike","floor":23.0},{"not_picked":["True Grit","Sword Boomerang+1"],"picked":"Sentinel","floor":28.0},{"not_picked":["Armaments","Intimidate"],"picked":"Battle Trance","floor":29.0},{"not_picked":["Metallicize","Anger"],"picked":"Impervious","floor":29.0},{"not_picked":["Flex","Clothesline"],"picked":"Body Slam","floor":29.0},{"not_picked":["Berserk","Body Slam"],"picked":"Evolve","floor":29.0},{"not_picked":["Dark Embrace+1","Rage","Clash"],"picked":"SKIP","floor":31.0},{"not_picked":["Bludgeon","Impervious"],"picked":"Barricade","floor":33.0},{"not_picked":["Whirlwind+1","Armaments+1"],"picked":"Seeing Red","floor":35.0},{"not_picked":["Hemokinesis+1","Flame Barrier"],"picked":"Battle Trance+1","floor":36.0},{"not_picked":["Body Slam+1","Cleave"],"picked":"Ghostly Armor+1","floor":37.0},{"not_picked":["Reckless Charge","Wild Strike+1","Clothesline"],"picked":"SKIP","floor":40.0},{"not_picked":["Sever Soul","Power Through"],"picked":"Burning Pact","floor":41.0},{"not_picked":["Wild Strike","True Grit","Twin Strike"],"picked":"SKIP","floor":42.0},{"not_picked":["Thunderclap","Twin Strike+1","Pummel"],"picked":"SKIP","floor":44},{"not_picked":["Uppercut","Perfected Strike+1"],"picked":"Armaments","floor":46},{"not_picked":["Body Slam","Carnage","Infernal Blade"],"picked":"SKIP","floor":48},{"not_picked":["Anger","Thunderclap+1"],"picked":"Intimidate","floor":55}],"player_experience":1621964,"relics_obtained":[{"floor":6.0,"key":"Blue Candle"},{"floor":8.0,"key":"Anchor"},{"floor":9.0,"key":"Paper Frog"},{"floor":14.0,"key":"Omamori"},{"floor":23.0,"key":"HornCleat"},{"floor":27.0,"key":"Dead Branch"},{"floor":27.0,"key":"Kunai"},{"floor":34.0,"key":"Potion Belt"},{"floor":34.0,"key":"Pantograph"},{"floor":34.0,"key":"Lizard Tail"},{"floor":37.0,"key":"Ice Cream"},{"floor":40.0,"key":"Akabeko"},{"floor":46,"key":"Centennial Puzzle"},{"floor":55,"key":"Bronze Scales"}],"event_choices":[{"damage_healed":0.0,"max_hp_gain":0.0,"max_hp_loss":0.0,"gold_gain":0.0,"event_name":"Shining Light","player_choice":"Entered Light","floor":4.0,"gold_loss":0.0,"damage_taken":23.0,"cards_upgraded":["Defend_R","Perfected Strike"]},{"cards_removed":["Bash"],"damage_healed":0.0,"max_hp_gain":0.0,"max_hp_loss":0.0,"gold_gain":0.0,"event_name":"Golden Wing","player_choice":"Card Removal","floor":5.0,"gold_loss":0.0,"damage_taken":7.0},{"damage_healed":0.0,"max_hp_gain":0.0,"max_hp_loss":0.0,"gold_gain":0.0,"event_name":"Dead Adventurer","player_choice":"Searched \u00271\u0027 times","floor":14.0,"gold_loss":0.0,"damage_taken":0.0},{"damage_healed":0.0,"max_hp_gain":0.0,"max_hp_loss":0.0,"gold_gain":0.0,"event_name":"Beggar","player_choice":"Ignored","floor":22.0,"gold_loss":0.0,"damage_taken":0.0},{"damage_healed":0.0,"max_hp_gain":0.0,"max_hp_loss":0.0,"gold_gain":0.0,"event_name":"The Library","player_choice":"Read","floor":24.0,"gold_loss":0.0,"damage_taken":0.0,"cards_obtained":["Perfected Strike"]},{"damage_healed":0.0,"max_hp_gain":0.0,"max_hp_loss":0.0,"gold_gain":0.0,"event_name":"Colosseum","player_choice":"Fight","floor":27.0,"gold_loss":0.0,"damage_taken":0.0},{"damage_healed":0.0,"max_hp_gain":0.0,"max_hp_loss":0.0,"gold_gain":0.0,"event_name":"Colosseum","player_choice":"Fought Nobs","floor":27.0,"gold_loss":0.0,"damage_taken":0.0},{"damage_healed":0.0,"max_hp_gain":0.0,"max_hp_loss":0.0,"gold_gain":0.0,"event_name":"Mysterious Sphere","player_choice":"Fight","floor":37.0,"gold_loss":0.0,"damage_taken":0.0},{"damage_healed":0,"gold_gain":0,"player_choice":"Max HP","damage_taken":0,"max_hp_gain":0,"max_hp_loss":4,"event_name":"Winding Halls","floor":45,"gold_loss":0},{"damage_healed":0,"gold_gain":0,"player_choice":"Ignored","damage_taken":0,"max_hp_gain":0,"max_hp_loss":0,"event_name":"SecretPortal","floor":47,"gold_loss":0}],"is_beta":false,"boss_relics":[{"not_picked":["Empty Cage","Tiny House"],"picked":"Cursed Key"},{"not_picked":["Black Star","Pandora\u0027s Box"],"picked":"Calling Bell"}],"items_purged_floors":[],"is_endless":false,"potions_floor_spawned":[1,3,6,8,18,20,28,31,35,42,46,48],"ascension_level":20}}