{"host":"ijaho54sjpvyy1fy","time":1608423401,"event":{"mods":["BaseMod","Colored Map","DeckTracker","Minty Spire (QoL Compilation)","Permanent Neow","Quick Restart","StSLib","The Bug Knight","The Cursed","The Witch"],"gold_per_floor":[15,30,30,30,30,73,73,117,117,117,138,138,138,178,178,309,309,309],"floor_reached":17,"playtime":1225,"items_purged":[],"score":171,"play_id":"fb132d14-b2cf-4e42-86c6-cc06d6c781fe","local_time":"20201219211641","is_ascension_mode":false,"campfire_choices":[{"data":"MercuryWand","floor":7,"key":"SMITH"},{"data":"MercuryWand","floor":10,"key":"SMITH"},{"data":"Foresight","floor":15,"key":"SMITH"}],"circlet_count":0,"master_deck":["Strike_Witch","Defend_Witch","Defend_Witch","Hexguard","ZombieSpit","IllusionOfStrength","SummonCatFamiliar","MercuryWand+1","Foresight+1","PainBolt","SkullFlask","MercuryWand+1","SkullFlask+1","MysticUnburial","MercuryWand+1","Athame+1","Parasite"],"relics":["BlackCat","Golden Idol","Ancient Tea Set","Bottled Flame","Molten Egg 2","Lizard Tail","Astrolabe"],"acts_visited":["Exordium","TheCity"],"potions_floor_usage":[],"damage_taken":[{"damage":3.0,"enemies":"Jaw Worm","floor":1.0,"turns":4.0},{"damage":0.0,"enemies":"2 Louse","floor":2.0,"turns":3.0},{"damage":16,"enemies":"Gremlin Nob","floor":6,"turns":5},{"damage":26,"enemies":"3 Sentries","floor":8,"turns":6},{"damage":2,"enemies":"Small Slimes","floor":11,"turns":3},{"damage":7,"enemies":"Gremlin Nob","floor":14,"turns":4},{"damage":43,"enemies":"Slime Boss","floor":16,"turns":9}],"seed_played":"7045999372594097924","potions_obtained":[{"floor":6,"key":"FearPotion"},{"floor":8,"key":"Energy Potion"},{"floor":16,"key":"Fruit Juice"}],"is_trial":false,"path_per_floor":["M","M","$","?","?","E","R","E","T","R","M","?","?","E","R","B",null],"character_chosen":"WITCH","items_purchased":[],"campfire_rested":0,"item_purchase_floors":[],"current_hp_per_floor":[64,64,64,64,64,48,48,22,22,22,20,20,42,35,35,33,67,67],"gold":309,"neow_bonus":"TRANSFORM_TWO_CARDS","is_daily":false,"chose_seed":false,"campfire_upgraded":3,"win_rate":0.0,"timestamp":1608423401,"path_taken":["M","M","$","?","?","E","R","E","T","R","M","?","?","E","R","BOSS"],"items_purchased_type":[],"build_version":"2020-12-13","purchased_purges":0,"victory":false,"max_hp_per_floor":[67,67,67,67,67,67,67,67,67,67,67,67,67,67,67,67,67,67],"card_choices":[{"not_picked":["MagicFang","Demonfyre"],"picked":"MercuryWand","floor":1.0},{"not_picked":["CursedBlade","Shrooms"],"picked":"Foresight","floor":2.0},{"not_picked":["WretchedNails","KarmaDrain"],"picked":"SkullFlask","floor":6},{"not_picked":["Graveburst","SkullFlask"],"picked":"MercuryWand","floor":8},{"not_picked":["PainBolt+1","RiteOfWinter"],"picked":"SkullFlask+1","floor":11},{"not_picked":["Broomstick+1","CursedBlade+1","Schadenfreude"],"picked":"SKIP","floor":14},{"not_picked":["RiteOfSpring","VileEgg"],"picked":"MysticUnburial","floor":16}],"player_experience":9876,"relics_obtained":[{"floor":6,"key":"Ancient Tea Set"},{"floor":8,"key":"Bottled Flame"},{"floor":9,"key":"Molten Egg 2"},{"floor":14,"key":"Lizard Tail"}],"event_choices":[{"damage_healed":0.0,"max_hp_gain":0.0,"max_hp_loss":0.0,"gold_gain":0.0,"cards_transformed":["Strike_Witch"],"event_name":"Living Wall","player_choice":"Change","floor":4.0,"gold_loss":0.0,"damage_taken":0.0,"cards_obtained":["PainBolt"]},{"damage_healed":0.0,"max_hp_gain":0.0,"max_hp_loss":0.0,"gold_gain":0.0,"event_name":"Golden Idol","player_choice":"Take Wound","floor":5.0,"gold_loss":0.0,"damage_taken":0.0,"relics_obtained":["Golden Idol"],"cards_obtained":["Injury"]},{"damage_healed":0,"gold_gain":0,"player_choice":"Fled","damage_taken":0,"max_hp_gain":0,"max_hp_loss":0,"event_name":"Scrap Ooze","floor":12,"gold_loss":0},{"damage_healed":22,"gold_gain":0,"player_choice":"Banana","damage_taken":0,"max_hp_gain":0,"max_hp_loss":0,"event_name":"Big Fish","floor":13,"gold_loss":0}],"is_beta":false,"boss_relics":[{"not_picked":["Sozu","Black Star"],"picked":"Astrolabe"}],"items_purged_floors":[],"is_endless":false,"potions_floor_spawned":[6,8,16],"ascension_level":0}}