{"host":"8fjsnt81u6xsmhji","time":1608457224,"event":{"mods":["BaseMod","Colored Powertips","Downfall","Glutton Mod","Minty Spire (QoL Compilation)","Quick Restart","Somnambulant","StSLib","The Bug Knight","The Construct","The Forsaken","The Hierophant","The Mystic"],"gold_per_floor":[99,274,309,234,266,277,304,324,649,649,649,673,684,696,715,820,820,745,759,759,759,759,380,427,440,440,472,483,46,65,65,77,180,180,180,230,263,279,279,279,279],"floor_reached":40,"playtime":2347,"items_purged":["Doubt","theForsaken:PlagueCurse"],"score":553,"play_id":"99aa51de-6d7d-4901-b4b4-453c8105b93d","local_time":"20201220034024","is_ascension_mode":true,"campfire_choices":[{"floor":1.0,"key":"RECALL"},{"floor":4.0,"key":"REST"},{"floor":10.0,"key":"REST"},{"data":"champ:Devastate","floor":18.0,"key":"SMITH"},{"data":"champ:StrikeOfGenius","floor":22.0,"key":"SMITH"},{"floor":26.0,"key":"REST"},{"data":"champ:CalledShot","floor":35.0,"key":"SMITH"},{"floor":39.0,"key":"REST"}],"circlet_count":0,"master_deck":["champ:Strike","champ:Strike","champ:Strike","champ:Defend","champ:Defend","champ:Defend","champ:Defend","champ:Execute","champ:Taunt","champ:StrikeOfGenius+1","champ:EnGarde+1","champ:BringItOn+1","champ:Riposte+1","champ:CrookedStrike","champ:SteelEdge","champ:FocusedDefense+1","champ:PerfectedStrike","champ:Devastate+1","champ:LastStand","champ:CalledShot+1","champ:RisingSlash+1","expansioncontent:QuickStudy+1","champ:HeavySlash","champ:Lariat+1"],"relics":["champ:ChampionCrown","Toxic Egg 2","downfall:HeartBlessingRed","Happy Flower","Old Coin","Philosopher\u0027s Stone","downfall:HeartBlessingBlue","theForsaken:PlagueMask","downfall:RedIOU","theForsaken:Lifeblossom","Lantern","Akabeko","Pen Nib","Juzu Bracelet","downfall:KnowingSkull","champ:ChampionCrownUpgraded","Orichalcum"],"acts_visited":["Exordium","TheCity","TheBeyond"],"potions_floor_usage":[],"damage_taken":[{"damage":40.0,"enemies":"3 Sentries","floor":3.0,"turns":9.0},{"damage":51.0,"enemies":"Gremlin Nob","floor":5.0,"turns":5.0},{"damage":14.0,"enemies":"Jaw Worm","floor":6.0,"turns":4.0},{"damage":0.0,"enemies":"Cultist","floor":8.0,"turns":3.0},{"damage":24.0,"enemies":"3 Sentries","floor":9.0,"turns":8.0},{"damage":6.0,"enemies":"2 Louse","floor":13.0,"turns":3.0},{"damage":2.0,"enemies":"Exordium Wildlife","floor":14.0,"turns":5.0},{"damage":3.0,"enemies":"Red Slaver","floor":15.0,"turns":2.0},{"damage":31.0,"enemies":"downfall:Watcher","floor":16.0,"turns":9.0},{"damage":14.0,"enemies":"Shell Parasite","floor":19.0,"turns":6.0},{"damage":15.0,"enemies":"downfall:FleeingMerchant","floor":23.0,"turns":4.0},{"damage":7.0,"enemies":"Snake Plant","floor":25.0,"turns":2.0},{"damage":39.0,"enemies":"Gremlin Leader","floor":27.0,"turns":7.0},{"damage":5.0,"enemies":"Sentry and Sphere","floor":28.0,"turns":3.0},{"damage":34.0,"enemies":"downfall:FleeingMerchant","floor":29.0,"turns":4.0},{"damage":19.0,"enemies":"Chosen and Byrds","floor":30.0,"turns":4.0},{"damage":0.0,"enemies":"Snake Plant","floor":32.0,"turns":1.0},{"damage":22.0,"enemies":"downfall:Ironclad","floor":33.0,"turns":6.0},{"damage":12.0,"enemies":"3 Shapes","floor":36.0,"turns":1.0},{"damage":47.0,"enemies":"Giant Head","floor":37.0,"turns":6.0},{"damage":0.0,"enemies":"Orb Walker","floor":38.0,"turns":1.0}],"seed_played":"1889921307985965554","potions_obtained":[{"floor":5.0,"key":"sneckomod:MuddlingPotion"},{"floor":8.0,"key":"hexamod:EctoCoolerPotion"},{"floor":9.0,"key":"EssenceOfSteel"},{"floor":13.0,"key":"FearPotion"},{"floor":16.0,"key":"SneckoOil"},{"floor":19.0,"key":"DistilledChaos"},{"floor":25.0,"key":"Weak Potion"},{"floor":30.0,"key":"Fire Potion"},{"floor":33.0,"key":"ColorlessPotion"},{"floor":36.0,"key":"ColorlessPotion"}],"is_trial":false,"path_per_floor":["R","?","E","R","E","M","T","M","E","R","?","T","M","M","M","B",null,"R","M","?","?","R","$","T","M","R","E","M","$","M","?","M","B",null,"R","M","E","M","R","?"],"character_chosen":"THE_CHAMP","items_purchased":["theForsaken:Lifeblossom","Lantern","Juzu Bracelet","expansioncontent:QuickStudy+1"],"campfire_rested":4,"item_purchase_floors":[23,23,29,29],"current_hp_per_floor":[90,90,61,88,42,36,43,43,24,53,53,53,52,55,52,26,97,107,96,96,96,96,86,86,82,107,72,73,59,46,37,37,34,107,107,104,69,69,101,0,0],"gold":279,"neow_bonus":"ONE_RANDOM_RARE_CARD","is_daily":false,"chose_seed":false,"campfire_upgraded":3,"win_rate":0.0,"timestamp":1608457224,"path_taken":["R","?","E","R","E","M","T","M","E","R","?","?","M","?","M","BOSS","R","M","?","?","R","$","T","M","R","E","?","$","M","?","M","BOSS","R","M","E","M","R","?"],"items_purchased_type":["Relic","Relic","Relic","Card"],"build_version":"2020-12-13","purchased_purges":2,"victory":false,"max_hp_per_floor":[90,90,90,90,90,90,97,97,97,97,97,97,97,97,97,97,97,107,107,107,107,107,107,107,107,107,107,107,107,107,107,107,107,107,107,107,107,107,107,107,107],"card_choices":[{"not_picked":["champ:Riposte+1","champ:Encircle"],"picked":"champ:EnGarde+1","floor":3.0},{"not_picked":["champ:Aggression+1","champ:FlashCut"],"picked":"champ:BringItOn+1","floor":5.0},{"not_picked":["champ:Haymaker","champ:ViciousMockery+1"],"picked":"champ:Riposte+1","floor":6.0},{"not_picked":["champ:FanOfKnives","champ:DefensiveShout+1"],"picked":"champ:CrookedStrike","floor":8.0},{"not_picked":["champ:Backstep+1","champ:ShieldWall"],"picked":"champ:SteelEdge","floor":9.0},{"not_picked":["champ:FocusedGladiator+1","champ:BerserkersShout+1"],"picked":"champ:FocusedDefense+1","floor":13.0},{"not_picked":["champ:DeathBlow","champ:BerserkersShout+1","champ:Riposte+1"],"picked":"SKIP","floor":14.0},{"not_picked":["champ:FocusedDefense+1","champ:BerserkersShout+1"],"picked":"champ:PerfectedStrike","floor":15.0},{"not_picked":["champ:EnchantCrown+1","champ:EnchantSword+1"],"picked":"champ:Devastate","floor":16.0},{"not_picked":["champ:BladeFlurry","champ:Haymaker","champ:GladiatorsShout+1"],"picked":"SKIP","floor":19.0},{"not_picked":["champ:Encircle","champ:GladiatorsShout+1"],"picked":"champ:LastStand","floor":23.0},{"not_picked":["champ:GladiatorsShout+1","champ:Encircle+1","champ:BerserkersShout+1"],"picked":"SKIP","floor":25.0},{"not_picked":["champ:BringItOn+1","champ:Circumvent+1"],"picked":"champ:CalledShot","floor":27.0},{"not_picked":["champ:ArenaPreparation+1","champ:GutPunch+1"],"picked":"champ:RisingSlash+1","floor":28.0},{"not_picked":["champ:BladeFlurry+1","champ:AdrenalArmor+1","champ:BringItOn+1"],"picked":"SKIP","floor":29.0},{"not_picked":["champ:TornadoPunch","champ:GladiatorsShout+1","champ:BringItOn+1"],"picked":"SKIP","floor":30.0},{"not_picked":["champ:FaceSlap","champ:FalseCounter+1","champ:Encircle+1"],"picked":"SKIP","floor":32.0},{"not_picked":["champ:EnchantShield+1","champ:SteelEdge"],"picked":"champ:HeavySlash","floor":33.0},{"not_picked":["champ:FlashCut","champ:HeartStrike"],"picked":"champ:Lariat+1","floor":36.0},{"not_picked":["champ:SwordThrow","champ:PerfectedStrike","champ:Circumvent+1"],"picked":"SKIP","floor":37.0},{"not_picked":["champ:FaceSlap","champ:BringItOn+1","champ:DefensiveShout+1"],"picked":"SKIP","floor":38.0}],"player_experience":603025,"relics_obtained":[{"floor":3.0,"key":"Toxic Egg 2"},{"floor":5.0,"key":"Happy Flower"},{"floor":7.0,"key":"Strawberry"},{"floor":9.0,"key":"Old Coin"},{"floor":24.0,"key":"Akabeko"},{"floor":27.0,"key":"Pen Nib"},{"floor":37.0,"key":"Orichalcum"}],"event_choices":[{"damage_healed":0.0,"max_hp_gain":0.0,"max_hp_loss":0.0,"gold_gain":0.0,"event_name":"Plague Doctor","player_choice":"Obtain Plague Curse","floor":20.0,"gold_loss":0.0,"damage_taken":0.0,"cards_obtained":["theForsaken:PlagueCurse"]}],"is_beta":false,"boss_relics":[{"not_picked":["Tiny House","construct:WeddingRing"],"picked":"Philosopher\u0027s Stone"},{"not_picked":["SacredBark","Snecko Eye"],"picked":"champ:ChampionCrownUpgraded"}],"items_purged_floors":[23,29],"is_endless":false,"potions_floor_spawned":[5,8,9,13,16,19,25,30,33,36],"ascension_level":1}}