{"host":"9v3x998ddbx8o276","time":1608426612,"event":{"mods":["AchievementEnabler","BaseMod","Colored Map","Highlight Path","Minty Spire (QoL Compilation)","Quick Restart","Rare Cards Sparkle"],"gold_per_floor":[112,187,207,221,221,221,260,260,332,371,54,54,79,103,103,187,187,184,184,184],"floor_reached":19,"playtime":794,"items_purged":[],"score":310,"play_id":"dca3165f-cf6c-43a3-b070-233785622203","local_time":"20201220114012","is_ascension_mode":true,"campfire_choices":[{"floor":6,"key":"REST"},{"floor":8,"key":"REST"},{"data":"TalkToTheHand","floor":12,"key":"SMITH"},{"floor":15,"key":"REST"}],"circlet_count":0,"master_deck":["AscendersBane","Strike_P","Strike_P","Strike_P","Defend_P+1","Defend_P","Defend_P","Defend_P","Eruption","Vigilance+1","CarveReality","CutThroughFate","TalkToTheHand+1","FollowUp","Vengeance","Halt+1","CutThroughFate","Alpha","WaveOfTheHand","LessonLearned","Tantrum"],"relics":["HolyWater","War Paint","CeramicFish","Eternal Feather","The Courier","Pear"],"acts_visited":["Exordium","TheCity"],"potions_floor_usage":[10,11,19],"damage_taken":[{"damage":12,"enemies":"Cultist","floor":1,"turns":3},{"damage":0,"enemies":"Small Slimes","floor":3,"turns":3},{"damage":0,"enemies":"Jaw Worm","floor":4,"turns":2},{"damage":14,"enemies":"Lagavulin","floor":7,"turns":5},{"damage":37,"enemies":"3 Sentries","floor":10,"turns":6},{"damage":2,"enemies":"2 Fungi Beasts","floor":13,"turns":3},{"damage":3,"enemies":"Looter","floor":14,"turns":2},{"damage":32,"enemies":"The Guardian","floor":16,"turns":9},{"damage":23,"enemies":"2 Thieves","floor":18,"turns":4},{"damage":24,"enemies":"Masked Bandits","floor":19,"turns":3}],"seed_played":"-187367343337536590","potions_obtained":[{"floor":1,"key":"GamblersBrew"},{"floor":3,"key":"BlessingOfTheForge"},{"floor":13,"key":"LiquidBronze"},{"floor":18,"key":"PowerPotion"}],"is_trial":false,"path_per_floor":["M","?","M","M","?","R","E","R","T","E","$","R","M","M","R","B",null,"M","?"],"character_chosen":"WATCHER","items_purchased":["Pear","Fruit Juice","Halt","CutThroughFate"],"campfire_rested":3,"item_purchase_floors":[11,11,11,11],"current_hp_per_floor":[49,38,38,38,31,51,37,57,57,20,35,44,42,39,72,40,72,49,25,25],"gold":184,"neow_bonus":"RANDOM_COMMON_RELIC","is_daily":false,"chose_seed":false,"campfire_upgraded":1,"win_rate":0.0,"timestamp":1608426612,"path_taken":["M","?","M","M","?","R","E","R","T","E","?","R","M","M","R","BOSS","M","?"],"items_purchased_type":["Relic","Potion","Card","Card"],"build_version":"2020-12-13","purchased_purges":0,"victory":false,"max_hp_per_floor":[68,68,68,68,68,68,68,68,68,68,83,83,83,83,83,83,83,83,83,83],"card_choices":[{"not_picked":["ThirdEye","Evaluate"],"picked":"CarveReality","floor":1},{"not_picked":["FlurryOfBlows","WindmillStrike"],"picked":"CutThroughFate","floor":3},{"not_picked":["Wallop","Halt"],"picked":"TalkToTheHand","floor":4},{"not_picked":["EmptyFist","Wireheading"],"picked":"FollowUp","floor":7},{"not_picked":["FollowUp","SashWhip"],"picked":"Vengeance","floor":10},{"not_picked":["ClearTheMind","SandsOfTime"],"picked":"Alpha","floor":13},{"not_picked":["FollowUp","Crescendo"],"picked":"WaveOfTheHand","floor":14},{"not_picked":["Scrawl","Alpha"],"picked":"LessonLearned","floor":16},{"not_picked":["JustLucky","SandsOfTime"],"picked":"Tantrum","floor":18}],"player_experience":2040549,"relics_obtained":[{"floor":7,"key":"CeramicFish"},{"floor":9,"key":"Eternal Feather"},{"floor":10,"key":"The Courier"}],"event_choices":[{"damage_healed":0,"gold_gain":75,"player_choice":"Gather Gold","damage_taken":11,"max_hp_gain":0,"max_hp_loss":0,"event_name":"World of Goop","floor":2,"gold_loss":0},{"cards_removed":["Strike_P"],"damage_healed":0,"gold_gain":0,"player_choice":"Card Removal","damage_taken":7,"max_hp_gain":0,"max_hp_loss":0,"event_name":"Golden Wing","floor":5,"gold_loss":0},{"damage_healed":0,"gold_gain":0,"player_choice":"Fought Bandits","damage_taken":0,"max_hp_gain":0,"max_hp_loss":0,"event_name":"Masked Bandits","floor":19,"gold_loss":0}],"is_beta":false,"boss_relics":[{"not_picked":["Philosopher\u0027s Stone","SlaversCollar"],"picked":"HolyWater"}],"items_purged_floors":[],"is_endless":false,"potions_floor_spawned":[1,3,13,14,18],"killed_by":"Masked Bandits","ascension_level":15}}