{"host":"5gc11emcm5chfr5t","time":1608434496,"event":{"mods":["2.2 Compatiblity","AchievementEnabler","BaseMod","Bestiary","Better Note","Colored Map","Colored Powertips","Downfall","Googly Eyes","Minty Spire (QoL Compilation)","Rare Cards Sparkle","StSLib"],"gold_per_floor":[99,149,149,149,249,282,282,132,161,161,181,199,199,3,3,77,127,127,166,175,203,226,226,226,226,245,277,298,298,319,11,21,106,106,106,100,126,126,155,94,143,159,84,126,147,173,173,182,203,203,203,239,25,25,25],"floor_reached":56,"playtime":2536,"items_purged":["Regret"],"score":2279,"play_id":"023c6aa4-e6cb-49d9-9091-f23b9891ebdd","local_time":"20201219222136","is_ascension_mode":true,"campfire_choices":[{"floor":1,"key":"RECALL"},{"floor":8,"key":"REST"},{"floor":10,"key":"REST"},{"data":"expansioncontent:DefensiveStance","floor":18,"key":"SMITH"},{"floor":25,"key":"REST"},{"data":"sneckomod:UnknownRarePower","floor":35,"key":"SMITH"},{"data":"expansioncontent:DefensiveMode","floor":43,"key":"SMITH"},{"data":"sneckomod:Mudshield","floor":54,"key":"SMITH"}],"circlet_count":0,"master_deck":["AscendersBane","sneckomod:Strike","sneckomod:Strike+1","sneckomod:Strike","sneckomod:Defend","sneckomod:Defend","sneckomod:Defend","sneckomod:TailWhip","sneckomod:SnekBite","sneckomod:Unknown","sneckomod:Unknown","sneckomod:Unknown3Cost","sneckomod:TrashToTreasure","sneckomod:WideSting","hexamod:Haunted","TalkToTheHand","Slimebound:Icky","sneckomod:ImprovisedAttack","sneckomod:UnknownUncommonAttack","sneckomod:ImprovisedAttack","sneckomod:SlitherStrike","sneckomod:UnknownCommonAttack","sneckomod:UnknownRareAttack","expansioncontent:DefensiveStance+1","sneckomod:ImprovisedGuard","sneckomod:SoulRoll","sneckomod:SnakeSap","Shame","sneckomod:Nope+1","sneckomod:TrashToTreasure","sneckomod:UnknownStrength","sneckomod:IronFang+1","sneckomod:QuickMove+1","sneckomod:UnknownCommonAttack+1","sneckomod:UnknownRareAttack","sneckomod:MasterEye","sneckomod:UnknownRarePower+1","sneckomod:PureSnecko+1","sneckomod:QuickBite","sneckomod:DiceBoulder+1","sneckomod:DangerNoodle","expansioncontent:DefensiveMode+1","sneckomod:Cheat","sneckomod:UnknownStrength+1","Pain","sneckomod:MasterEye+1","sneckomod:Mudshield+1","sneckomod:UnknownVulnerable+1"],"relics":["Black Star","Pear","downfall:GremlinSack","Calipers","Question Card","Turnip","downfall:HeartBlessingRed","downfall:HeartBlessingGreen","Pen Nib","Thread and Needle","Tiny Chest","Tiny House","CeramicFish","Smiling Mask","Du-Vu Doll","Singing Bowl","Mercury Hourglass","Toy Ornithopter","Eternal Feather","Lee\u0027s Waffle","Snecko Eye","sneckomod:UnknownEgg","downfall:HeartBlessingBlue","Happy Flower","Bronze Scales","Centennial Puzzle","WarpedTongs","FossilizedHelix","Nunchaku","Oddly Smooth Stone"],"acts_visited":["Exordium","TheCity","TheBeyond","TheEnding"],"potions_floor_usage":[6,19,19,22,22,27,27,32,33,33,44,45],"damage_taken":[{"damage":24,"enemies":"downfall:NeowBoss","floor":5,"turns":4},{"damage":25,"enemies":"Lagavulin","floor":6,"turns":4},{"damage":35,"enemies":"3 Sentries","floor":9,"turns":6},{"damage":13,"enemies":"Small Slimes","floor":11,"turns":3},{"damage":0,"enemies":"Jaw Worm","floor":12,"turns":3},{"damage":0,"enemies":"downfall:FleeingMerchant","floor":14,"turns":4},{"damage":0,"enemies":"Cultist","floor":15,"turns":1},{"damage":53,"enemies":"downfall:Defect","floor":16,"turns":6},{"damage":48,"enemies":"Slavers","floor":19,"turns":5},{"damage":0,"enemies":"Chosen","floor":21,"turns":3},{"damage":0,"enemies":"3 Byrds","floor":22,"turns":1},{"damage":6,"enemies":"Cultist and Chosen","floor":26,"turns":8},{"damage":0,"enemies":"Gremlin Leader","floor":27,"turns":3},{"damage":21,"enemies":"Centurion and Healer","floor":28,"turns":5},{"damage":4,"enemies":"Shelled Parasite and Fungi","floor":30,"turns":2},{"damage":0,"enemies":"downfall:FleeingMerchant","floor":31,"turns":4},{"damage":8,"enemies":"Snake Plant","floor":32,"turns":4},{"damage":102,"enemies":"downfall:Silent","floor":33,"turns":10},{"damage":0,"enemies":"downfall:FleeingMerchant","floor":36,"turns":4},{"damage":1,"enemies":"Orb Walker","floor":37,"turns":2},{"damage":0,"enemies":"3 Darklings","floor":39,"turns":4},{"damage":0,"enemies":"downfall:FleeingMerchant","floor":40,"turns":1},{"damage":12,"enemies":"4 Shapes","floor":42,"turns":4},{"damage":27,"enemies":"Reptomancer","floor":44,"turns":4},{"damage":1,"enemies":"Sphere and 2 Shapes","floor":45,"turns":5},{"damage":10,"enemies":"3 Darklings","floor":49,"turns":3},{"damage":15,"enemies":"downfall:Watcher","floor":50,"turns":7},{"damage":31,"enemies":"downfall:CharBossMerchant","floor":52,"turns":6},{"damage":18,"enemies":"downfall:NeowBoss","floor":55,"turns":18}],"seed_played":"8932707990154752729","potions_obtained":[{"floor":5,"key":"DuplicationPotion"},{"floor":11,"key":"SmokeBomb"},{"floor":16,"key":"Explosive Potion"},{"floor":17,"key":"CultistPotion"},{"floor":19,"key":"Fire Potion"},{"floor":21,"key":"Fire Potion"},{"floor":23,"key":"Strength Potion"},{"floor":23,"key":"Strength Potion"},{"floor":32,"key":"EntropicBrew"},{"floor":37,"key":"Guardian:BlockOnCardUsePotion"},{"floor":42,"key":"FearPotion"},{"floor":44,"key":"Block Potion"},{"floor":52,"key":"SteroidPotion"}],"is_trial":false,"path_per_floor":["R","?","?","T","?","E","T","R","E","R","M","M","?","$","M","B",null,"R","E","?","M","M","?","T","R","M","E","M","T","M","$","M","B",null,"R","$","M","?","M","$","T","M","R","E","M","T","?","?","M","B",null,"E","$","R","B",null],"character_chosen":"THE_SNECKO","items_purchased":["expansioncontent:DefensiveStance","Lee\u0027s Waffle","sneckomod:UnknownRareAttack","sneckomod:MasterEye","sneckomod:UnknownEgg","expansioncontent:DefensiveMode","Oddly Smooth Stone","sneckomod:UnknownVulnerable+1"],"campfire_rested":3,"item_purchase_floors":[14,31,31,31,40,40,53,53],"current_hp_per_floor":[75,75,75,85,61,51,51,78,43,70,57,57,57,57,57,24,81,81,35,35,35,35,35,35,64,58,60,39,39,35,107,106,12,85,106,106,105,119,119,119,119,109,131,104,108,108,108,108,98,83,119,88,88,115,97],"gold":25,"neow_bonus":"BOSS_RELIC","is_daily":false,"chose_seed":false,"campfire_upgraded":4,"win_rate":0.0,"timestamp":1608434496,"path_taken":["R","?","?","?","?","E","T","R","E","R","M","?","?","$","M","BOSS","R","E","?","M","M","?","T","R","?","E","M","?","?","$","M","BOSS","R","$","M","?","M","$","T","M","R","E","?","?","?","?","M","BOSS","E","$","R","BOSS"],"items_purchased_type":["Card","Relic","Card","Card","Relic","Card","Relic","Card"],"build_version":"2020-12-13","purchased_purges":1,"victory":true,"max_hp_per_floor":[83,83,83,93,93,93,93,93,93,93,93,93,93,93,93,93,98,98,98,98,98,98,98,98,98,98,100,100,100,100,107,109,109,109,109,109,109,119,119,119,119,121,131,131,131,131,131,131,131,131,131,131,131,131,131],"card_choices":[{"not_picked":["sneckomod:Rotation","sneckomod:UnknownClassHEXA_GHOST_PURPLE"],"picked":"sneckomod:ImprovisedAttack","floor":5},{"not_picked":["sneckomod:UnknownBlock","sneckomod:Unknown1Cost"],"picked":"sneckomod:UnknownUncommonAttack","floor":6},{"not_picked":["sneckomod:PureSnecko","sneckomod:UnknownClassTHE_CHAMP_GRAY","sneckomod:SoulDraw"],"picked":"sneckomod:ImprovisedAttack","floor":9},{"not_picked":["sneckomod:DefensiveFlair","sneckomod:UnknownWeak","sneckomod:Unknown0Cost"],"picked":"sneckomod:SlitherStrike","floor":11},{"not_picked":["sneckomod:DiceBlock","sneckomod:UnknownStrike","sneckomod:SoulDraw"],"picked":"sneckomod:UnknownCommonAttack","floor":12},{"not_picked":["sneckomod:Unknown1Cost","sneckomod:QuickBite","sneckomod:DiceBlock"],"picked":"sneckomod:UnknownRareAttack","floor":14},{"not_picked":["sneckomod:IronFang","sneckomod:QuickBite","sneckomod:RainOfDice"],"picked":"sneckomod:ImprovisedGuard","floor":15},{"not_picked":["sneckomod:Cheat","sneckomod:Transmogrify","sneckomod:SerpentMind"],"picked":"sneckomod:Restock","floor":16},{"not_picked":["sneckomod:DefensiveFlair","sneckomod:DiceCrush","sneckomod:DiceBlock"],"picked":"sneckomod:SoulRoll","floor":17},{"not_picked":["sneckomod:Nope","sneckomod:UnknownCommonSkill+1","sneckomod:PureSnecko"],"picked":"sneckomod:SnakeSap","floor":19},{"not_picked":["sneckomod:UnknownVulnerable","sneckomod:SnakeSap","sneckomod:UnknownUncommonSkill"],"picked":"sneckomod:Nope+1","floor":21},{"not_picked":["sneckomod:WideSting","sneckomod:DiceCrush","sneckomod:UnknownEthereal+1"],"picked":"sneckomod:TrashToTreasure","floor":22},{"not_picked":["sneckomod:SoulRoll","sneckomod:Unknown0Cost","sneckomod:MasterEye"],"picked":"sneckomod:UnknownStrength","floor":26},{"not_picked":["sneckomod:SoulCleanse","sneckomod:PureSnecko","sneckomod:Restock","sneckomod:UnknownClassTHE_CHAMP_GRAY"],"picked":"Singing Bowl","floor":27},{"not_picked":["sneckomod:QuickMove","sneckomod:UnknownClassTHE_CHAMP_GRAY","sneckomod:SoulRoll"],"picked":"sneckomod:IronFang+1","floor":28},{"not_picked":["sneckomod:UnknownVulnerable","sneckomod:MixItUp","sneckomod:Unknown0Cost"],"picked":"sneckomod:QuickMove+1","floor":30},{"not_picked":["sneckomod:DiceBlock","sneckomod:QuickBite","sneckomod:Nope"],"picked":"sneckomod:UnknownCommonAttack+1","floor":31},{"not_picked":["sneckomod:UnknownCommonSkill","sneckomod:UnknownWeak","sneckomod:UnknownBlock+1","sneckomod:Unknown2Cost"],"picked":"Singing Bowl","floor":32},{"not_picked":["sneckomod:Unknown3Cost","sneckomod:Cheat","sneckomod:UnknownRareAttack"],"picked":"sneckomod:UnknownRarePower","floor":33},{"not_picked":["sneckomod:QuickBite","sneckomod:SoulDraw","sneckomod:Rotation"],"picked":"sneckomod:PureSnecko+1","floor":36},{"not_picked":["sneckomod:DiceCrush","sneckomod:QuickMove+1","sneckomod:UnknownClassHEXA_GHOST_PURPLE"],"picked":"sneckomod:QuickBite","floor":37},{"not_picked":["sneckomod:Nope","sneckomod:RainOfDice+1","sneckomod:QuickMove"],"picked":"sneckomod:DiceBoulder+1","floor":39},{"not_picked":["sneckomod:Rotation","sneckomod:UnknownCommonAttack","sneckomod:UnknownBlock"],"picked":"sneckomod:DangerNoodle","floor":40},{"not_picked":["sneckomod:Unknown1Cost+1","sneckomod:WideSting","sneckomod:Nope","sneckomod:UnknownUncommonPower+1"],"picked":"Singing Bowl","floor":42},{"not_picked":["sneckomod:UnknownClassRED+1","sneckomod:DiceCrush","sneckomod:TrashToTreasure"],"picked":"sneckomod:Cheat","floor":44},{"not_picked":["sneckomod:UnknownCommonSkill+1","sneckomod:UnknownEthereal+1","sneckomod:SnakeSap"],"picked":"sneckomod:UnknownStrength+1","floor":45},{"not_picked":["sneckomod:UnknownCommonAttack+1","sneckomod:SoulDraw","sneckomod:IronFang"],"picked":"sneckomod:MasterEye+1","floor":49},{"not_picked":["sneckomod:CheapStock","sneckomod:Nope+1","sneckomod:UnknownClassTHE_CHAMP_GRAY+1"],"picked":"sneckomod:Mudshield","floor":52}],"player_experience":444495,"relics_obtained":[{"floor":4,"key":"Pear"},{"floor":5,"key":"downfall:GremlinSack"},{"floor":6,"key":"Calipers"},{"floor":6,"key":"Question Card"},{"floor":7,"key":"Turnip"},{"floor":9,"key":"Pen Nib"},{"floor":9,"key":"Thread and Needle"},{"floor":19,"key":"CeramicFish"},{"floor":19,"key":"Smiling Mask"},{"floor":24,"key":"Singing Bowl"},{"floor":27,"key":"Mercury Hourglass"},{"floor":27,"key":"Toy Ornithopter"},{"floor":29,"key":"Eternal Feather"},{"floor":44,"key":"Happy Flower"},{"floor":44,"key":"Bronze Scales"},{"floor":46,"key":"Centennial Puzzle"},{"floor":52,"key":"FossilizedHelix"},{"floor":52,"key":"Nunchaku"}],"event_choices":[{"damage_healed":0,"gold_gain":0,"player_choice":"Box","damage_taken":0,"relics_obtained":["Tiny Chest"],"max_hp_gain":0,"max_hp_loss":0,"event_name":"Big Fish","floor":13,"gold_loss":0,"cards_obtained":["Regret"]},{"damage_healed":0,"gold_gain":0,"player_choice":"Stole Relic","damage_taken":0,"relics_obtained":["Du-Vu Doll"],"max_hp_gain":0,"max_hp_loss":0,"event_name":"Addict","floor":20,"gold_loss":0,"cards_obtained":["Shame"]},{"damage_healed":0,"gold_gain":0,"player_choice":"Got Potions","damage_taken":0,"max_hp_gain":0,"max_hp_loss":0,"event_name":"Lab","floor":23,"gold_loss":0},{"cards_removed":["sneckomod:Restock"],"damage_healed":4,"gold_gain":0,"player_choice":"Offered Rare","damage_taken":0,"max_hp_gain":10,"max_hp_loss":0,"event_name":"Bonfire Elementals","floor":38,"gold_loss":0},{"damage_healed":0,"gold_gain":0,"player_choice":"Rummage","damage_taken":0,"relics_obtained":["WarpedTongs"],"max_hp_gain":0,"max_hp_loss":0,"event_name":"Accursed Blacksmith","floor":48,"gold_loss":0,"cards_obtained":["Pain"]}],"is_beta":false,"boss_relics":[{"not_picked":["Ectoplasm","Velvet Choker"],"picked":"Tiny House"},{"not_picked":["Fusion Hammer","Busted Crown"],"picked":"Snecko Eye"}],"items_purged_floors":[14],"is_endless":false,"potions_floor_spawned":[5,11,16,19,21,32,37,42,44,52],"ascension_level":17}}