{"host":"Ian","time":1608443710,"event":{"mods":["BaseMod","Bestiary","Block Reminder","Colored Map","Highlight Path","Key Reminder","Minty Spire (QoL Compilation)","Relic Stats"],"gold_per_floor":[112,131,144,222,222,222,247,247,247,262,295,10,30,44,44,44,44],"floor_reached":16,"playtime":843,"items_purged":[],"score":224,"play_id":"30c59dfd-599c-444b-b66a-cd053a9c1410","local_time":"20201220055510","is_ascension_mode":true,"campfire_choices":[{"data":"Perfected Strike","floor":6,"key":"SMITH"},{"data":"Combust","floor":15,"key":"SMITH"}],"circlet_count":0,"master_deck":["AscendersBane","Strike_R","Strike_R","Strike_R","Strike_R","Strike_R","Defend_R","Defend_R","Defend_R","Bash+1","Perfected Strike+1","Shrug It Off","Feed","Thunderclap","Shrug It Off","Shrug It Off","Dual Wield","Combust+1","Pommel Strike"],"relics":["Burning Blood","NeowsBlessing","Question Card","The Courier","Meat on the Bone","Pantograph"],"acts_visited":["Exordium"],"potions_floor_usage":[11,14,16],"damage_taken":[{"damage":0,"enemies":"Cultist","floor":1,"turns":1},{"damage":0,"enemies":"Jaw Worm","floor":2,"turns":1},{"damage":0,"enemies":"2 Louse","floor":3,"turns":1},{"damage":45,"enemies":"Lagavulin","floor":7,"turns":10},{"damage":13,"enemies":"Exordium Thugs","floor":10,"turns":4},{"damage":21,"enemies":"3 Sentries","floor":11,"turns":8},{"damage":8,"enemies":"Lots of Slimes","floor":13,"turns":7},{"damage":0,"enemies":"Looter","floor":14,"turns":4},{"damage":97,"enemies":"Hexaghost","floor":16,"turns":10}],"seed_played":"-4841216755865529005","potions_obtained":[{"floor":1,"key":"PowerPotion"},{"floor":2,"key":"Ancient Potion"},{"floor":13,"key":"Block Potion"},{"floor":14,"key":"Regen Potion"}],"is_trial":false,"path_per_floor":["M","M","M","?","?","R","E","?","T","M","E","$","M","M","R","B"],"character_chosen":"IRONCLAD","items_purchased":["Pantograph","Dual Wield"],"campfire_rested":0,"item_purchase_floors":[12,12],"current_hp_per_floor":[74,75,75,75,75,75,39,39,39,35,23,23,36,54,54,0,0],"gold":44,"neow_bonus":"THREE_ENEMY_KILL","is_daily":false,"chose_seed":false,"campfire_upgraded":2,"win_rate":0.0,"timestamp":1608443710,"path_taken":["M","M","?","?","?","R","E","?","T","M","E","$","M","M","R","BOSS"],"items_purchased_type":["Relic","Card"],"build_version":"2020-12-18","purchased_purges":0,"victory":false,"max_hp_per_floor":[75,75,75,75,75,75,78,78,78,81,84,84,87,87,87,87,87],"relic_stats":{"counters":[9,46],"Pantograph":25,"Question Card":4,"obtain_stats":[{"NeowsBlessing":0,"Pantograph":12,"The Courier":9,"Question Card":7,"Burning Blood":0,"Meat on the Bone":11},{"NeowsBlessing":0,"Pantograph":6,"The Courier":4,"Question Card":4,"Burning Blood":0,"Meat on the Bone":6},{"NeowsBlessing":0,"Pantograph":25,"The Courier":13,"Question Card":13,"Burning Blood":0,"Meat on the Bone":25}],"Burning Blood":37,"Meat on the Bone":24},"card_choices":[{"not_picked":["Burning Pact","Feel No Pain"],"picked":"Perfected Strike","floor":1},{"not_picked":["Ghostly Armor","Cleave"],"picked":"Shrug It Off","floor":2},{"not_picked":["Clothesline","Warcry"],"picked":"Feed","floor":3},{"not_picked":["Bloodletting","Infernal Blade","Fiend Fire"],"picked":"SKIP","floor":7},{"not_picked":["Seeing Red","Anger","Flex"],"picked":"Shrug It Off","floor":10},{"not_picked":["Whirlwind","Bludgeon","Entrench"],"picked":"Shrug It Off","floor":11},{"not_picked":["Body Slam","Shrug It Off","Battle Trance"],"picked":"Combust","floor":13},{"not_picked":["Body Slam","Sentinel","Perfected Strike"],"picked":"Pommel Strike","floor":14}],"player_experience":2570042,"relics_obtained":[{"floor":7,"key":"Question Card"},{"floor":9,"key":"The Courier"},{"floor":11,"key":"Meat on the Bone"}],"event_choices":[{"damage_healed":0,"gold_gain":78,"player_choice":"Gained Gold","damage_taken":0,"max_hp_gain":0,"max_hp_loss":0,"event_name":"Golden Wing","floor":4,"gold_loss":0},{"damage_healed":0,"gold_gain":0,"player_choice":"Grow","damage_taken":0,"max_hp_gain":0,"max_hp_loss":0,"event_name":"Living Wall","floor":5,"gold_loss":0,"cards_upgraded":["Bash"]},{"damage_healed":0,"gold_gain":0,"cards_transformed":["Defend_R"],"player_choice":"Transformed","damage_taken":0,"max_hp_gain":0,"max_hp_loss":0,"event_name":"Transmorgrifier","floor":8,"gold_loss":0,"cards_obtained":["Thunderclap"]}],"is_beta":true,"boss_relics":[],"items_purged_floors":[],"is_endless":false,"potions_floor_spawned":[1,2,13,14],"killed_by":"Hexaghost","ascension_level":20}}