{"host":"tjcejm7olouw38z7","time":1608425600,"event":{"mods":["BaseMod","BetterRewards","Colored Powertips","Downfall","GifTheSpireLib","Minty Spire (QoL Compilation)","Shop Mod","StSLib"],"gold_per_floor":[99,119,131,191,191,191,191,214,214,245,255,11,27,12,27,130,130,130,141,141,166,150,150,150,165,15,49,9,19,119,137,149,252,252,177,196,223,236,236,286,365,365,365,365,375,450,67,82,101,101,101,127,2,2,2],"floor_reached":56,"playtime":8375,"items_purged":["Slimebound:Strike_Slimebound","Slimebound:Strike_Slimebound","Slimebound:Defend_Slimebound"],"score":1290,"play_id":"c891a215-ef4d-4a21-b1d6-a359e73a466a","local_time":"20201219195320","is_ascension_mode":false,"campfire_choices":[{"data":"Slimebound:CorrosiveSpit","floor":1,"key":"SMITH"},{"floor":5,"key":"REST"},{"floor":9,"key":"REST"},{"data":"Slimebound:PrepareCrush","floor":18,"key":"PURGE"},{"floor":23,"key":"REST"},{"floor":26,"key":"RECALL"},{"data":"Slimebound:MassFeed","floor":35,"key":"PURGE"},{"floor":39,"key":"REST"},{"data":"Slimebound:OozeBath","floor":42,"key":"SMITH"},{"data":"Slimebound:MassRepurpose","floor":44,"key":"PURGE"},{"floor":54,"key":"REST"}],"circlet_count":0,"master_deck":["Slimebound:Tackle","Slimebound:Defend_Slimebound","Slimebound:Defend_Slimebound","Slimebound:Defend_Slimebound","Slimebound:Split","Slimebound:CorrosiveSpit+1","Slimebound:PressTheAttack","Slimebound:RollThrough","Slimebound:SamplingLick","Slimebound:LeechEnergy","Slimebound:HauntingLick","Slimebound:LevelUp","Slimebound:Schlurp","Slimebound:LeechEnergy","Slimebound:SplitLeeching","Slimebound:Overexert","Slimebound:MegaLick","Slimebound:LeechingTouch","Slimebound:SamplingLick","Slimebound:LeechEnergy","Slimebound:OozeBath+1","Slimebound:Chomp","Slimebound:RejuvenatingLick","J.A.X.","Slimebound:SlimeTap","Slimebound:ComboTackle","Slimebound:AcidTongue+1","Slimebound:SplitLeeching+1","Slimebound:FinishingTackle","Slimebound:ComboTackle+1","Slimebound:SlimeSpikes+1","Slimebound:LeechEnergy","expansioncontent:ManipulateTime","expansioncontent:AwakenDeath","expansioncontent:CaCaw","Slimebound:Gluttony+1","Panache","Slimebound:LeechEnergy","Slimebound:SlimeSpikes+1","Slimebound:MegaLick+1","Slimebound:RejuvenatingLick"],"relics":["Slimebound:AbsorbEndCombat","Dead Branch","Slimebound:ScrapOozeRelic","Odd Mushroom","MerchantsRug","Slimebound:TarBlob","Blood Vial","Eternal Feather","Orichalcum","downfall:HeartBlessingBlue","downfall:HeartBlessingGreen","Pocketwatch","MutagenicStrength","downfall:HeartBlessingRed","Pear","Unceasing Top","Mummified Hand","White Beast Statue","Oddly Smooth Stone","Happy Flower"],"acts_visited":["Exordium","TheCity","TheBeyond","TheEnding"],"potions_floor_usage":[14,21,33,33,33,50,55],"damage_taken":[{"damage":12,"enemies":"Cultist","floor":2,"turns":4},{"damage":16,"enemies":"Small Slimes","floor":3,"turns":4},{"damage":37,"enemies":"Gremlin Nob","floor":4,"turns":4},{"damage":8,"enemies":"The Mushroom Lair","floor":8,"turns":2},{"damage":18,"enemies":"Lagavulin","floor":10,"turns":5},{"damage":17,"enemies":"Jaw Worm","floor":11,"turns":3},{"damage":7,"enemies":"downfall:FleeingMerchant","floor":12,"turns":4},{"damage":14,"enemies":"Exordium Wildlife","floor":13,"turns":3},{"damage":15,"enemies":"downfall:FleeingMerchant","floor":14,"turns":4},{"damage":8,"enemies":"Exordium Thugs","floor":15,"turns":3},{"damage":26,"enemies":"downfall:Watcher","floor":16,"turns":6},{"damage":12,"enemies":"Chosen","floor":19,"turns":3},{"damage":45,"enemies":"Gremlin Leader","floor":21,"turns":4},{"damage":6,"enemies":"downfall:FleeingMerchant","floor":22,"turns":2},{"damage":6,"enemies":"Cultist and Chosen","floor":25,"turns":5},{"damage":27,"enemies":"Book of Stabbing","floor":27,"turns":4},{"damage":6,"enemies":"Centurion and Healer","floor":29,"turns":4},{"damage":18,"enemies":"downfall:Augmenter","floor":30,"turns":3},{"damage":9,"enemies":"3 Cultists","floor":31,"turns":2},{"damage":6,"enemies":"Snecko","floor":32,"turns":3},{"damage":52,"enemies":"downfall:Silent","floor":33,"turns":6},{"damage":6,"enemies":"Orb Walker","floor":36,"turns":2},{"damage":49,"enemies":"Nemesis","floor":37,"turns":5},{"damage":33,"enemies":"3 Shapes","floor":38,"turns":3},{"damage":17,"enemies":"Mind Bloom Boss Battle","floor":40,"turns":4},{"damage":27,"enemies":"Jaw Worm Horde","floor":45,"turns":4},{"damage":18,"enemies":"3 Darklings","floor":48,"turns":2},{"damage":0,"enemies":"Writhing Mass","floor":49,"turns":2},{"damage":26,"enemies":"downfall:Ironclad","floor":50,"turns":6},{"damage":81,"enemies":"downfall:CharBossMerchant","floor":52,"turns":6},{"damage":47,"enemies":"downfall:NeowBoss","floor":55,"turns":17}],"seed_played":"6021112773594544265","potions_obtained":[{"floor":3,"key":"SpeedPotion"},{"floor":11,"key":"SkillPotion"},{"floor":13,"key":"ColorlessPotion"},{"floor":16,"key":"SteroidPotion"},{"floor":21,"key":"CultistPotion"},{"floor":29,"key":"Explosive Potion"},{"floor":31,"key":"Strength Potion"},{"floor":37,"key":"ColorlessPotion"},{"floor":38,"key":"FearPotion"},{"floor":40,"key":"Energy Potion"},{"floor":49,"key":"Slimebound:SlimedPotion"},{"floor":52,"key":"Regen Potion"}],"is_trial":false,"path_per_floor":["R","M","M","?","R","?","T","?","R","E","M","$","M","$","M","B",null,"R","M","?","E","$","R","T","M","R","E","$","M","?","M","M","B",null,"R","M","E","M","R","?","T","R","?","R","M","T","$","M","M","B",null,"E","$","R","B",null],"character_chosen":"SLIMEBOUND","items_purchased":["MerchantsRug","Slimebound:LevelUp","Eternal Feather","Slimebound:Chomp","Oddly Smooth Stone","Panache","Slimebound:LeechEnergy"],"campfire_rested":5,"item_purchase_floors":[12,12,22,28,47,47,47],"current_hp_per_floor":[60,53,45,16,34,34,34,36,54,48,35,36,28,31,33,23,60,60,60,50,25,33,64,64,65,75,68,68,75,75,74,75,48,78,78,78,55,38,82,79,79,88,78,88,79,79,79,81,87,81,88,43,43,88,88],"gold":2,"neow_bonus":"RANDOM_COMMON_RELIC","is_daily":false,"chose_seed":false,"campfire_upgraded":2,"win_rate":0.0,"timestamp":1608425600,"path_taken":["R","M","M","?","R","?","T","?","R","E","M","?","?","$","M","BOSS","R","M","?","E","$","R","T","M","R","E","$","M","?","M","M","BOSS","R","M","E","M","R","?","T","R","?","R","M","?","$","?","M","BOSS","E","$","R","BOSS"],"items_purchased_type":["Relic","Card","Relic","Card","Relic","Card","Card"],"build_version":"2020-12-13","purchased_purges":3,"victory":true,"max_hp_per_floor":[60,60,60,60,60,60,60,60,60,60,60,60,60,60,60,60,60,60,60,65,65,65,65,65,65,75,75,75,75,75,75,75,78,78,78,78,88,88,88,88,88,88,88,88,88,88,88,88,88,88,88,88,88,88,88],"card_choices":[{"not_picked":["Slimebound:Schlurp","Slimebound:Grow"],"picked":"Slimebound:PressTheAttack","floor":2},{"not_picked":["Slimebound:ComboTackle","Slimebound:RejuvenatingLick"],"picked":"Slimebound:RollThrough","floor":3},{"not_picked":["Slimebound:GoopSpray","Slimebound:RejuvenatingLick"],"picked":"Slimebound:SamplingLick","floor":4},{"not_picked":["Slimebound:SplitMire","Slimebound:SlimeSpikes"],"picked":"Slimebound:PrepareCrush","floor":8},{"not_picked":["Slimebound:SplitAcid","Slimebound:DivideAndConquer"],"picked":"Slimebound:LeechEnergy","floor":10},{"not_picked":["Slimebound:DivideAndConquer","Slimebound:SplitAcid"],"picked":"Slimebound:GrowthPunch","floor":11},{"not_picked":["Slimebound:ViciousTackle","Slimebound:DouseInSlime"],"picked":"Slimebound:HauntingLick","floor":12},{"not_picked":["Slimebound:GrowthPunch","Slimebound:HauntingLick"],"picked":"Slimebound:Schlurp","floor":13},{"not_picked":["Slimebound:GoopSpray","Slimebound:SplitLeeching"],"picked":"Slimebound:LeechEnergy","floor":14},{"not_picked":["Slimebound:DivideAndConquer","Slimebound:RollThrough"],"picked":"Slimebound:SplitLeeching","floor":15},{"not_picked":["Slimebound:SlimeSlap","Slimebound:PrepareCrush"],"picked":"Slimebound:Overexert","floor":16},{"not_picked":["Slimebound:FinishingTackle","Slimebound:GoopSpray+1"],"picked":"Slimebound:MegaLick","floor":19},{"not_picked":["Slimebound:ProtectTheBoss","Slimebound:Grow"],"picked":"Slimebound:LeechingTouch","floor":21},{"not_picked":["Slimebound:GoopSpray","Slimebound:ViciousTackle"],"picked":"Slimebound:SamplingLick","floor":22},{"not_picked":["Slimebound:FlameTackle","Slimebound:LeechingTouch"],"picked":"Slimebound:LeechEnergy","floor":25},{"not_picked":["Slimebound:LeechEnergy","Slimebound:SplitAcid"],"picked":"Slimebound:OozeBath","floor":27},{"not_picked":["Slimebound:RollThrough","Slimebound:LeechingTouch"],"picked":"Slimebound:RejuvenatingLick","floor":29},{"not_picked":[],"picked":"J.A.X.","floor":30},{"not_picked":["Slimebound:Overexert","Slimebound:RollThrough"],"picked":"Slimebound:SlimeTap","floor":30},{"not_picked":["Slimebound:SplitAcid","Slimebound:Dissolve"],"picked":"Slimebound:AcidTongue+1","floor":31},{"not_picked":["Slimebound:ComboTackle","Slimebound:GoopSpray+1"],"picked":"Slimebound:SplitLeeching+1","floor":32},{"not_picked":["Slimebound:Teamwork","Slimebound:CheckThePlaybook"],"picked":"Slimebound:MassRepurpose","floor":33},{"not_picked":["Slimebound:SplitAcid","Slimebound:ViciousTackle+1"],"picked":"Slimebound:FinishingTackle","floor":36},{"not_picked":["Slimebound:HungryTackle","Slimebound:SplitLeeching"],"picked":"Slimebound:ComboTackle+1","floor":37},{"not_picked":["Slimebound:TongueLash","Slimebound:SplitLeeching"],"picked":"Slimebound:SlimeSpikes+1","floor":38},{"not_picked":["Slimebound:LivingWall","Slimebound:LeechingTouch"],"picked":"Slimebound:LeechEnergy","floor":40},{"not_picked":["expansioncontent:GuardianWhirl","expansioncontent:Torchfire"],"picked":"expansioncontent:ManipulateTime","floor":43},{"not_picked":["expansioncontent:HyperBeam","expansioncontent:DecasProtection"],"picked":"expansioncontent:AwakenDeath","floor":43},{"not_picked":["expansioncontent:HyperBeam","expansioncontent:DefensiveStance"],"picked":"expansioncontent:CaCaw","floor":43},{"not_picked":["Slimebound:FinishingTackle","Slimebound:SplitMire+1"],"picked":"Slimebound:Gluttony+1","floor":45},{"not_picked":["Slimebound:GoopSpray","Slimebound:Grow+1"],"picked":"Slimebound:SlimeSpikes+1","floor":48},{"not_picked":["Slimebound:ComboTackle","Slimebound:GoopSpray+1"],"picked":"Slimebound:MegaLick+1","floor":49},{"not_picked":["Slimebound:GrowthPunch","Slimebound:LeechEnergy+1"],"picked":"Slimebound:RejuvenatingLick","floor":52}],"player_experience":410732,"relics_obtained":[{"floor":4,"key":"Dead Branch"},{"floor":8,"key":"Odd Mushroom"},{"floor":10,"key":"Omamori"},{"floor":21,"key":"Blood Vial"},{"floor":24,"key":"Orichalcum"},{"floor":27,"key":"Pocketwatch"},{"floor":30,"key":"MutagenicStrength"},{"floor":37,"key":"Pear"},{"floor":40,"key":"Unceasing Top"},{"floor":41,"key":"Mummified Hand"},{"floor":46,"key":"White Beast Statue"},{"floor":52,"key":"Happy Flower"}],"event_choices":[{"damage_healed":0,"gold_gain":0,"player_choice":"Fought Mushrooms","damage_taken":0,"max_hp_gain":0,"max_hp_loss":0,"event_name":"Mushrooms","floor":8,"gold_loss":0}],"is_beta":false,"boss_relics":[{"not_picked":["Black Star","Velvet Choker"],"picked":"Slimebound:TarBlob"},{"not_picked":["Busted Crown","Astrolabe","Runic Dome"]}],"items_purged_floors":[12,22,53],"is_endless":false,"potions_floor_spawned":[3,11,13,16,21,29,31,32,37,38,40,48,49,52],"ascension_level":0}}