{"host":"wdiovb6uv7szux0m","time":1608449306,"event":{"mods":["BaseMod","Minty Spire (QoL Compilation)","StSLib","The Bug Knight","The Druid"],"gold_per_floor":[111,111,111,34,60,60,88,98,98,98,108,125,137,196,196,291,291,301,316,24,41,41,75,0,16,40,40,56,56,82,82,82,183,183,200,213,33,47,0,10,10,10],"floor_reached":41,"playtime":7445,"items_purged":["Strike_P","Strike_P"],"score":458,"play_id":"4b40f8b6-2350-4e37-8e55-faa6207be600","local_time":"20201219222826","is_ascension_mode":false,"campfire_choices":[{"data":"Perseverance","floor":6.0,"key":"SMITH"},{"floor":10.0,"key":"REST"},{"floor":15.0,"key":"REST"},{"floor":27,"key":"REST"},{"floor":29,"key":"REST"},{"data":"PathToVictory","floor":32,"key":"SMITH"}],"circlet_count":0,"master_deck":["Strike_P","Defend_P","Defend_P","Defend_P","Eruption","Vigilance","Perseverance+1","Study","PathToVictory+1","CutThroughFate","PathToVictory","InnerPeace","PathToVictory","Judgement","PathToVictory+1","MentalFortress","Wireheading","EmptyBody+1","ThirdEye","SpiritShield","PathToVictory+1","ThirdEye+1","LikeWater"],"relics":["PureWater","Toy Ornithopter","Nunchaku","HollowMod:LifeEnderRelic","Matryoshka","Ancient Tea Set","Runic Pyramid","Melange","PreservedInsect","Singing Bowl","Lantern","Bag of Preparation","SacredBark","Red Mask"],"acts_visited":["Exordium","TheCity","TheBeyond"],"potions_floor_usage":[35,38,41],"damage_taken":[{"damage":7.0,"enemies":"Jaw Worm","floor":1.0,"turns":5.0},{"damage":20.0,"enemies":"Gremlin Nob","floor":7.0,"turns":4.0},{"damage":0.0,"enemies":"2 Louse","floor":8.0,"turns":2.0},{"damage":4.0,"enemies":"Cultist","floor":11.0,"turns":4.0},{"damage":3.0,"enemies":"2 Fungi Beasts","floor":12.0,"turns":4.0},{"damage":0.0,"enemies":"Lots of Slimes","floor":13.0,"turns":2.0},{"damage":21.0,"enemies":"Gremlin Nob","floor":14.0,"turns":4.0},{"damage":11.0,"enemies":"Slime Boss","floor":16.0,"turns":8.0},{"damage":0.0,"enemies":"Spheric Guardian","floor":18.0,"turns":3.0},{"damage":0.0,"enemies":"Chosen","floor":19.0,"turns":3.0},{"damage":23.0,"enemies":"Centurion and Healer","floor":21.0,"turns":6.0},{"damage":33.0,"enemies":"Gremlin Leader","floor":23.0,"turns":4.0},{"damage":14.0,"enemies":"Snake Plant","floor":25.0,"turns":4.0},{"damage":0,"enemies":"Chosen and Byrds","floor":28,"turns":5},{"damage":19,"enemies":"Book of Stabbing","floor":30,"turns":4},{"damage":4,"enemies":"Champ","floor":33,"turns":6},{"damage":0,"enemies":"3 Darklings","floor":35,"turns":4},{"damage":0,"enemies":"3 Shapes","floor":36,"turns":2},{"damage":22,"enemies":"Jaw Worm Horde","floor":38,"turns":3},{"damage":24,"enemies":"3 Darklings","floor":40,"turns":11},{"damage":53,"enemies":"Reptomancer","floor":41,"turns":6}],"seed_played":"-5262184271685444234","potions_obtained":[{"floor":1.0,"key":"PowerPotion"},{"floor":8.0,"key":"Explosive Potion"},{"floor":16.0,"key":"PowerPotion"},{"floor":23.0,"key":"Dexterity Potion"},{"floor":30,"key":"SteroidPotion"},{"floor":33,"key":"CultistPotion"},{"floor":36,"key":"Explosive Potion"},{"floor":40,"key":"SteroidPotion"}],"is_trial":false,"path_per_floor":["M","?","?","$","T","R","E","M","T","R","M","M","M","?","R","B",null,"M","M","$","M","$","E","?","M","T","R","M","R","E","?","R","B",null,"M","M","$","M","?","M","E"],"character_chosen":"WATCHER","items_purchased":["Study","Melange","Wireheading","LikeWater"],"campfire_rested":4,"item_purchase_floors":[4,20,20,37],"current_hp_per_floor":[65,58,33,33,33,33,18,18,18,39,35,32,37,16,37,26,72,72,72,72,49,49,21,21,12,12,33,35,57,40,40,40,36,76,76,76,76,61,61,39,0,0],"gold":10,"neow_bonus":"REMOVE_CARD","is_daily":false,"chose_seed":false,"campfire_upgraded":2,"win_rate":0.0,"timestamp":1608449306,"path_taken":["M","?","?","$","?","R","E","M","T","R","M","M","M","?","R","BOSS","M","M","$","M","$","E","?","M","T","R","M","R","E","?","R","BOSS","M","M","$","M","?","M","E"],"items_purchased_type":["Card","Relic","Card","Card"],"build_version":"2020-12-13","purchased_purges":2,"victory":false,"max_hp_per_floor":[72,72,72,72,72,72,72,72,72,72,72,72,72,72,72,72,72,72,72,72,72,72,72,72,72,72,72,74,74,76,76,76,76,76,76,76,76,78,78,80,80,80],"card_choices":[{"not_picked":["Study","FollowUp"],"picked":"Perseverance","floor":1.0},{"not_picked":["FlyingSleeves","EmptyFist"],"picked":"PathToVictory","floor":7.0},{"not_picked":["Worship","Indignation","TalkToTheHand"],"picked":"SKIP","floor":8.0},{"not_picked":["WheelKick","Fasting2"],"picked":"CutThroughFate","floor":11.0},{"not_picked":["LikeWater","Consecrate"],"picked":"PathToVictory","floor":12.0},{"not_picked":["Evaluate","Prostrate"],"picked":"InnerPeace","floor":13.0},{"not_picked":["Collect","FlyingSleeves"],"picked":"PathToVictory","floor":14.0},{"not_picked":["Vault","Brilliance"],"picked":"Judgement","floor":16.0},{"not_picked":["Consecrate+1","FearNoEvil"],"picked":"PathToVictory+1","floor":18.0},{"not_picked":["BattleHymn","TalkToTheHand"],"picked":"MentalFortress","floor":19.0},{"not_picked":["JustLucky","Prostrate","FollowUp+1"],"picked":"SKIP","floor":21.0},{"not_picked":["Blasphemy","Prostrate"],"picked":"EmptyBody+1","floor":23.0},{"not_picked":["ForeignInfluence","Collect"],"picked":"ThirdEye","floor":25},{"not_picked":["CutThroughFate","FlurryOfBlows+1","EmptyFist"],"picked":"Singing Bowl","floor":28},{"not_picked":["TalkToTheHand","FlyingSleeves+1","ReachHeaven"],"picked":"Singing Bowl","floor":30},{"not_picked":["ConjureBlade","Omniscience"],"picked":"SpiritShield","floor":33},{"not_picked":["Evaluate","Swivel"],"picked":"PathToVictory+1","floor":35},{"not_picked":["ClearTheMind","Prostrate+1"],"picked":"ThirdEye+1","floor":36},{"not_picked":["FollowUp+1","Halt+1","Vengeance+1"],"picked":"Singing Bowl","floor":38},{"not_picked":["Weave","Consecrate","CrushJoints"],"picked":"Singing Bowl","floor":40}],"player_experience":1511519,"relics_obtained":[{"floor":5.0,"key":"Nunchaku"},{"floor":7.0,"key":"HollowMod:LifeEnderRelic"},{"floor":9.0,"key":"Matryoshka"},{"floor":23.0,"key":"PreservedInsect"},{"floor":26,"key":"Singing Bowl"},{"floor":30,"key":"Lantern"}],"event_choices":[{"cards_removed":["Defend_P"],"damage_healed":0.0,"max_hp_gain":0.0,"max_hp_loss":0.0,"gold_gain":0.0,"event_name":"Golden Wing","player_choice":"Card Removal","floor":2.0,"gold_loss":0.0,"damage_taken":7.0},{"damage_healed":0.0,"max_hp_gain":0.0,"max_hp_loss":0.0,"gold_gain":0.0,"event_name":"Scrap Ooze","player_choice":"Success","floor":3.0,"gold_loss":0.0,"damage_taken":25.0,"relics_obtained":["Toy Ornithopter"]},{"damage_healed":0.0,"max_hp_gain":0.0,"max_hp_loss":0.0,"gold_gain":0.0,"event_name":"Dead Adventurer","player_choice":"Searched \u00272\u0027 times","floor":14.0,"gold_loss":0.0,"damage_taken":0.0,"relics_obtained":["Ancient Tea Set"]},{"damage_healed":0.0,"max_hp_gain":0.0,"max_hp_loss":0.0,"gold_gain":0.0,"event_name":"Masked Bandits","player_choice":"Paid Fearfully","floor":24.0,"gold_loss":75.0,"damage_taken":0.0},{"damage_healed":0,"gold_gain":0,"player_choice":"Opened","damage_taken":0,"relics_obtained":["Bag of Preparation"],"max_hp_gain":0,"max_hp_loss":0,"event_name":"The Mausoleum","floor":31,"gold_loss":0},{"damage_healed":0,"gold_gain":0,"player_choice":"Paid","damage_taken":0,"relics_obtained":["Red Mask"],"max_hp_gain":0,"max_hp_loss":0,"event_name":"Tomb of Lord Red Mask","floor":39,"gold_loss":47}],"is_beta":false,"boss_relics":[{"not_picked":["Runic Dome","Snecko Eye"],"picked":"Runic Pyramid"},{"not_picked":["Busted Crown","HolyWater"],"picked":"SacredBark"}],"items_purged_floors":[20,37],"is_endless":false,"potions_floor_spawned":[1,8,16,23,30,33,36,40],"killed_by":"Reptomancer","ascension_level":0}}