{"host":"pbf6u3tyx46snqc7","time":1608449488,"event":{"mods":["AchievementEnabler","BaseMod","Colored Map","Minty Spire (QoL Compilation)","Rare Cards Sparkle","Shop Mod","SuperFastMode"],"gold_per_floor":[113,138,41,56,72,72,89,107,160,335,347,357,357,1,1,125,125,145,170,36,36,61,61,85,103,154,154,180,199,220,0,0,130,130,155,35,98,98,122,122,147,188,188,188,206,6,6,6,6,6],"floor_reached":51,"playtime":2011,"items_purged":["Defend_R","Doubt","Strike_R","Rampage+1","Corruption+1"],"score":896,"play_id":"6cd50788-0996-4477-ba80-1b5cb65d69fa","local_time":"20201220163128","daily_mods":["Vintage"],"is_ascension_mode":false,"campfire_choices":[{"data":"Bash","floor":6.0,"key":"SMITH"},{"data":"Reckless Charge","floor":15.0,"key":"SMITH"},{"floor":23.0,"key":"REST"},{"floor":27.0,"key":"REST"},{"floor":32,"key":"REST"},{"floor":40,"key":"REST"},{"floor":49,"key":"REST"}],"circlet_count":0,"master_deck":["Bash+1","Evolve+1","Reckless Charge+1","Wild Strike+1","Whirlwind+1","Shrug It Off+1","Offering","Fire Breathing+1","Exhume","True Grit","Hemokinesis+1","Seeing Red","Cleave+1","Demon Form+1","Power Through"],"relics":["Burning Blood","MawBank","Frozen Egg 2","Akabeko","StrikeDummy","Self Forming Clay","Tiny Chest","Potion Belt","Molten Egg 2","Blood Vial","Golden Idol","Fusion Hammer","Anchor","The Courier","Pen Nib","Pear","War Paint","Question Card","Oddly Smooth Stone","Centennial Puzzle","Bag of Marbles","Toy Ornithopter","Orichalcum","Pandora\u0027s Box","Bronze Scales","Ginger","Bottled Tornado","Happy Flower","Mercury Hourglass","InkBottle","Lizard Tail","CeramicFish"],"acts_visited":["Exordium","TheCity","TheBeyond"],"potions_floor_usage":[33,33,37,45,50,50,50,50,50,50,50],"damage_taken":[{"damage":1.0,"enemies":"Cultist","floor":1.0,"turns":3.0},{"damage":3.0,"enemies":"Small Slimes","floor":2.0,"turns":4.0},{"damage":10.0,"enemies":"Jaw Worm","floor":4.0,"turns":4.0},{"damage":14.0,"enemies":"Blue Slaver","floor":5.0,"turns":3.0},{"damage":1.0,"enemies":"Exordium Thugs","floor":7.0,"turns":4.0},{"damage":0.0,"enemies":"Exordium Wildlife","floor":8.0,"turns":2.0},{"damage":2.0,"enemies":"Blue Slaver","floor":11.0,"turns":2.0},{"damage":4.0,"enemies":"3 Louse","floor":12.0,"turns":3.0},{"damage":27.0,"enemies":"Slime Boss","floor":16.0,"turns":9.0},{"damage":18.0,"enemies":"Shell Parasite","floor":18.0,"turns":3.0},{"damage":3.0,"enemies":"3 Byrds","floor":19.0,"turns":4.0},{"damage":2.0,"enemies":"Centurion and Healer","floor":22.0,"turns":2.0},{"damage":6.0,"enemies":"Shelled Parasite and Fungi","floor":24.0,"turns":1.0},{"damage":6.0,"enemies":"Snecko","floor":25.0,"turns":2.0},{"damage":6.0,"enemies":"Centurion and Healer","floor":29.0,"turns":4.0},{"damage":6.0,"enemies":"3 Cultists","floor":30.0,"turns":3.0},{"damage":18,"enemies":"Champ","floor":33,"turns":5},{"damage":0,"enemies":"3 Shapes","floor":35,"turns":1},{"damage":18,"enemies":"Mind Bloom Boss Battle","floor":37,"turns":5},{"damage":0,"enemies":"3 Darklings","floor":39,"turns":1},{"damage":10,"enemies":"Giant Head","floor":42,"turns":4},{"damage":20,"enemies":"Writhing Mass","floor":45,"turns":4},{"damage":44,"enemies":"Time Eater","floor":50,"turns":7}],"seed_played":"-1779483585678241955","potions_obtained":[{"floor":2.0,"key":"SpeedPotion"},{"floor":5.0,"key":"Swift Potion"},{"floor":7.0,"key":"Block Potion"},{"floor":12.0,"key":"Weak Potion"},{"floor":19.0,"key":"PowerPotion"},{"floor":22.0,"key":"AttackPotion"},{"floor":42,"key":"Block Potion"},{"floor":45,"key":"ColorlessPotion"}],"is_trial":true,"path_per_floor":["M","M","$","M","M","R","M","M","T","?","M","M","?","$","R","B",null,"M","M","$","?","M","R","M","M","T","R","T","M","M","$","R","B",null,"M","$","?","?","M","R","T","E","T","?","M","$","T","$","R","B",null],"character_chosen":"IRONCLAD","items_purchased":["Evolve+1","Reckless Charge","Wild Strike+1","Whirlwind+1","Shrug It Off","EntropicBrew","Fire Breathing+1","Orichalcum","Ancient Potion"],"campfire_rested":5,"item_purchase_floors":[3,3,14,14,14,14,20,31,46],"current_hp_per_floor":[80,80,80,76,68,68,73,79,79,79,80,80,60,60,60,41,80,68,73,73,73,89,90,90,90,90,90,90,90,90,90,90,78,90,90,90,83,83,90,90,90,86,86,86,79,79,79,79,90,82],"gold":6,"neow_bonus":"","is_daily":false,"chose_seed":false,"campfire_upgraded":2,"win_rate":0.0,"timestamp":1608449488,"path_taken":["M","M","$","M","M","R","?","M","T","?","M","M","?","$","R","BOSS","M","M","$","?","M","R","M","M","T","R","?","M","M","?","R","BOSS","M","$","?","?","M","R","?","E","T","?","?","?","?","$","R","BOSS"],"items_purchased_type":["Card","Card","Card","Card","Card","Potion","Card","Relic","Potion"],"build_version":"2020-12-13","purchased_purges":5,"victory":true,"max_hp_per_floor":[80,80,80,80,80,80,80,80,80,80,80,80,80,80,80,80,80,80,80,80,80,90,90,90,90,90,90,90,90,90,90,90,90,90,90,90,90,90,90,90,90,90,90,90,90,90,90,90,90,90],"card_choices":[{"not_picked":["Corruption+1","Reaper+1"],"picked":"Offering","floor":16.0},{"not_picked":["Barricade+1","Demon Form+1","Berserk+1"],"picked":"Exhume","floor":33},{"not_picked":["Perfected Strike+1","True Grit+1","Clothesline+1"],"picked":"Demon Form+1","floor":37},{"not_picked":["Burning Pact","Wild Strike+1","Warcry"],"picked":"Power Through","floor":42}],"player_experience":294212,"relics_obtained":[{"floor":1.0,"key":"MawBank"},{"floor":2.0,"key":"Frozen Egg 2"},{"floor":4.0,"key":"Akabeko"},{"floor":5.0,"key":"StrikeDummy"},{"floor":7.0,"key":"Self Forming Clay"},{"floor":8.0,"key":"Tiny Chest"},{"floor":9.0,"key":"Potion Belt"},{"floor":11.0,"key":"Molten Egg 2"},{"floor":12.0,"key":"Blood Vial"},{"floor":18.0,"key":"Anchor"},{"floor":19.0,"key":"The Courier"},{"floor":22.0,"key":"Pear"},{"floor":24.0,"key":"War Paint"},{"floor":25.0,"key":"Question Card"},{"floor":26.0,"key":"Oddly Smooth Stone"},{"floor":28.0,"key":"Centennial Puzzle"},{"floor":29.0,"key":"Bag of Marbles"},{"floor":30.0,"key":"Toy Ornithopter"},{"floor":35,"key":"Bronze Scales"},{"floor":37,"key":"Ginger"},{"floor":39,"key":"Bottled Tornado"},{"floor":41,"key":"Happy Flower"},{"floor":42,"key":"Mercury Hourglass"},{"floor":43,"key":"InkBottle"},{"floor":45,"key":"Lizard Tail"},{"floor":47,"key":"CeramicFish"}],"event_choices":[{"damage_healed":0.0,"max_hp_gain":0.0,"max_hp_loss":0.0,"gold_gain":175.0,"event_name":"Liars Game","player_choice":"AGREE","floor":10.0,"gold_loss":0.0,"damage_taken":0.0,"cards_obtained":["Doubt"]},{"damage_healed":0.0,"max_hp_gain":0.0,"max_hp_loss":0.0,"gold_gain":0.0,"event_name":"Golden Idol","player_choice":"Take Damage","floor":13.0,"gold_loss":0.0,"damage_taken":20.0,"relics_obtained":["Golden Idol"]},{"damage_healed":0.0,"max_hp_gain":0.0,"max_hp_loss":0.0,"gold_gain":0.0,"event_name":"WeMeetAgain","player_choice":"Gave Potion","floor":21.0,"gold_loss":0.0,"damage_taken":0.0,"relics_obtained":["Pen Nib"]},{"damage_healed":0,"gold_gain":0,"player_choice":"Fight","damage_taken":0,"max_hp_gain":0,"max_hp_loss":0,"event_name":"MindBloom","floor":37,"gold_loss":0},{"cards_removed":["Pummel"],"damage_healed":0,"gold_gain":0,"player_choice":"Removed Attack","damage_taken":0,"max_hp_gain":0,"max_hp_loss":0,"event_name":"Falling","floor":38,"gold_loss":0},{"damage_healed":0,"gold_gain":0,"player_choice":"Ignored","damage_taken":0,"max_hp_gain":0,"max_hp_loss":0,"event_name":"NoteForYourself","floor":44,"gold_loss":0}],"is_beta":false,"boss_relics":[{"not_picked":["Tiny House","Calling Bell"],"picked":"Fusion Hammer"},{"not_picked":["Busted Crown","Runic Pyramid"],"picked":"Pandora\u0027s Box"}],"items_purged_floors":[14,20,31,36,46],"is_endless":false,"potions_floor_spawned":[2,5,7,12,16,19,22,29,30,42,45],"ascension_level":0}}