{"host":"15dd7v8o90xso62x","time":1608478668,"event":{"mods":["BaseMod","Minty Spire (QoL Compilation)","Quick Restart","StSLib"],"gold_per_floor":[117,117,134,151,164,164,182,182,182,196,224,224,253,268,268,347,347,357,8,26,42,42,42,56,56,80,80,80,111,2,28,28,105,105,115,115,115],"floor_reached":36,"playtime":995,"items_purged":["Defend_P"],"score":978,"play_id":"681e4f0d-ee11-4e92-a597-e277d0f02549","local_time":"20201221003748","is_ascension_mode":true,"campfire_choices":[{"data":"Eruption","floor":6.0,"key":"SMITH"},{"data":"CrushJoints","floor":12.0,"key":"SMITH"},{"data":"MentalFortress","floor":15.0,"key":"SMITH"},{"floor":23.0,"key":"REST"},{"floor":27.0,"key":"REST"},{"data":"CutThroughFate","floor":32.0,"key":"SMITH"}],"circlet_count":0,"master_deck":["AscendersBane","Strike_P","Strike_P","Defend_P","Eruption+1","Vigilance+1","CrushJoints+1","CutThroughFate+1","BowlingBash","MentalFortress+1","Ragnarok","ConjureBlade+1","CurseOfTheBell","Wallop","WaveOfTheHand","MasterReality","InnerPeace+1"],"relics":["PureWater","NeowsBlessing","Happy Flower","Bag of Marbles","The Courier","Calling Bell","Toy Ornithopter","Matryoshka","Turnip","Membership Card","War Paint","Regal Pillow","Omamori","Anchor","Vajra","Letter Opener","Gremlin Horn","Lantern","SlaversCollar"],"acts_visited":["Exordium","TheCity","TheBeyond"],"potions_floor_usage":[33,36,36],"damage_taken":[{"damage":0.0,"enemies":"Cultist","floor":1.0,"turns":1.0},{"damage":0.0,"enemies":"Jaw Worm","floor":3.0,"turns":1.0},{"damage":0.0,"enemies":"2 Louse","floor":4.0,"turns":1.0},{"damage":0.0,"enemies":"2 Fungi Beasts","floor":5.0,"turns":2.0},{"damage":0.0,"enemies":"Blue Slaver","floor":7.0,"turns":1.0},{"damage":11.0,"enemies":"Exordium Wildlife","floor":10.0,"turns":3.0},{"damage":0.0,"enemies":"Gremlin Nob","floor":11.0,"turns":2.0},{"damage":12.0,"enemies":"Lagavulin","floor":13.0,"turns":4.0},{"damage":0.0,"enemies":"Exordium Thugs","floor":14.0,"turns":1.0},{"damage":0.0,"enemies":"Slime Boss","floor":16.0,"turns":2.0},{"damage":46.0,"enemies":"Shell Parasite","floor":18.0,"turns":5.0},{"damage":0.0,"enemies":"Spheric Guardian","floor":20.0,"turns":3.0},{"damage":18.0,"enemies":"Snecko","floor":21.0,"turns":3.0},{"damage":19.0,"enemies":"Snake Plant","floor":24.0,"turns":3.0},{"damage":6.0,"enemies":"Book of Stabbing","floor":29.0,"turns":2.0},{"damage":7.0,"enemies":"Gremlin Leader","floor":31.0,"turns":2.0},{"damage":69,"enemies":"Automaton","floor":33,"turns":8},{"damage":46,"enemies":"3 Shapes","floor":35,"turns":4},{"damage":61,"enemies":"2 Orb Walkers","floor":36,"turns":3}],"seed_played":"-727841359740870581","potions_obtained":[{"floor":1.0,"key":"DistilledChaos"},{"floor":3.0,"key":"ColorlessPotion"},{"floor":10.0,"key":"SpeedPotion"},{"floor":11.0,"key":"AttackPotion"},{"floor":18.0,"key":"Explosive Potion"},{"floor":29.0,"key":"DuplicationPotion"},{"floor":31.0,"key":"Explosive Potion"},{"floor":33,"key":"Weak Potion"},{"floor":35,"key":"Regen Potion"}],"is_trial":false,"path_per_floor":["M","?","M","M","M","R","M","?","T","M","E","R","E","M","R","B",null,"M","$","M","M","?","R","M","?","T","R","?","E","$","E","R","B",null,"M","?"],"character_chosen":"WATCHER","items_purchased":["Membership Card","War Paint","Regal Pillow","Omamori","Gremlin Horn"],"campfire_rested":2,"item_purchase_floors":[19,19,19,19,30],"current_hp_per_floor":[61,66,66,66,66,66,66,59,59,48,48,48,36,36,36,36,64,23,23,23,5,20,56,37,37,37,73,73,67,67,66,66,2,55,9,0,0],"gold":115,"neow_bonus":"THREE_ENEMY_KILL","is_daily":false,"chose_seed":false,"campfire_upgraded":4,"win_rate":0.0,"timestamp":1608478668,"path_taken":["M","?","M","M","M","R","M","?","T","M","E","R","E","M","R","BOSS","M","$","M","M","?","R","M","?","T","R","?","E","?","E","R","BOSS","M","?"],"items_purchased_type":["Relic","Relic","Relic","Relic","Relic"],"build_version":"2020-12-13","purchased_purges":1,"victory":false,"max_hp_per_floor":[68,73,73,73,73,73,73,73,73,73,73,73,73,73,73,73,73,73,73,73,73,73,73,73,73,73,73,73,73,73,73,73,73,73,73,73,73],"card_choices":[{"not_picked":["JustLucky","EmptyMind"],"picked":"CrushJoints","floor":1.0},{"not_picked":["Protect","Collect","EmptyBody"],"picked":"SKIP","floor":3.0},{"not_picked":["ForeignInfluence","Prostrate"],"picked":"CutThroughFate","floor":4.0},{"not_picked":["CrushJoints","Meditate","Crescendo"],"picked":"SKIP","floor":5.0},{"not_picked":["WreathOfFlame","Evaluate"],"picked":"BowlingBash","floor":7.0},{"not_picked":["SashWhip","Evaluate","Weave"],"picked":"SKIP","floor":10.0},{"not_picked":["EmptyBody","Halt","Sanctity"],"picked":"SKIP","floor":11.0},{"not_picked":["Worship","ClearTheMind"],"picked":"MentalFortress","floor":13.0},{"not_picked":["Evaluate","ClearTheMind"],"picked":"Ragnarok","floor":14.0},{"not_picked":["MasterReality","DevaForm"],"picked":"ConjureBlade","floor":16.0},{"not_picked":["ReachHeaven","BowlingBash"],"picked":"Wallop","floor":18.0},{"not_picked":["Crescendo","Conclude","Protect"],"picked":"SKIP","floor":20.0},{"not_picked":["Pray+1","CrushJoints","Worship"],"picked":"SKIP","floor":21.0},{"not_picked":["FlurryOfBlows","SignatureMove","Crescendo"],"picked":"SKIP","floor":24.0},{"not_picked":["WindmillStrike","FollowUp","Halt"],"picked":"SKIP","floor":29.0},{"not_picked":["Fasting2","Consecrate","FlyingSleeves+1"],"picked":"SKIP","floor":31.0},{"not_picked":["ClearTheMind+1","JustLucky"],"picked":"InnerPeace+1","floor":35}],"player_experience":931148,"relics_obtained":[{"floor":9.0,"key":"Happy Flower"},{"floor":11.0,"key":"Bag of Marbles"},{"floor":13.0,"key":"The Courier"},{"floor":17.0,"key":"Toy Ornithopter"},{"floor":17.0,"key":"Matryoshka"},{"floor":17.0,"key":"Turnip"},{"floor":26.0,"key":"Anchor"},{"floor":26.0,"key":"Vajra"},{"floor":29.0,"key":"Letter Opener"},{"floor":31.0,"key":"Lantern"}],"event_choices":[{"damage_healed":0.0,"max_hp_gain":5.0,"max_hp_loss":0.0,"gold_gain":0.0,"event_name":"Big Fish","player_choice":"Donut","floor":2.0,"gold_loss":0.0,"damage_taken":0.0},{"cards_removed":["Defend_P"],"damage_healed":0.0,"max_hp_gain":0.0,"max_hp_loss":0.0,"gold_gain":0.0,"event_name":"Golden Wing","player_choice":"Card Removal","floor":8.0,"gold_loss":0.0,"damage_taken":7.0},{"damage_healed":15.0,"max_hp_gain":0.0,"max_hp_loss":0.0,"gold_gain":0.0,"event_name":"The Library","player_choice":"Heal","floor":22.0,"gold_loss":0.0,"damage_taken":0.0},{"cards_removed":["Strike_P"],"damage_healed":0.0,"max_hp_gain":0.0,"max_hp_loss":0.0,"gold_gain":0.0,"event_name":"Back to Basics","player_choice":"Elegance","floor":25.0,"gold_loss":0.0,"damage_taken":0.0},{"damage_healed":0.0,"max_hp_gain":0.0,"max_hp_loss":0.0,"gold_gain":0.0,"cards_transformed":["Strike_P","Defend_P"],"event_name":"Drug Dealer","player_choice":"Became Test Subject","floor":28.0,"gold_loss":0.0,"damage_taken":0.0,"cards_obtained":["WaveOfTheHand","MasterReality"]},{"damage_healed":0,"gold_gain":0,"player_choice":"Fight","damage_taken":0,"max_hp_gain":0,"max_hp_loss":0,"event_name":"Mysterious Sphere","floor":36,"gold_loss":0}],"is_beta":false,"boss_relics":[{"not_picked":["Ectoplasm","Snecko Eye"],"picked":"Calling Bell"},{"not_picked":["Coffee Dripper","Fusion Hammer"],"picked":"SlaversCollar"}],"items_purged_floors":[19],"is_endless":false,"potions_floor_spawned":[1,3,10,11,18,29,31,33,35],"killed_by":"2 Orb Walkers","ascension_level":20}}