{"host":"xm0mz9ddset2ui4e","time":1608499145,"event":{"mods":["2.2 Compatiblity","AchievementEnabler","Act Like it!","Astrologer","BaseMod","CapriCore","Colored Powertips","Elementarium","Gensokyo","GifTheSpireLib","Hallownest","Hermit","Highlight Path","HololiveMod","Jorbs\u0027s Wanderer Trilogy","Koishi","Lobotomy","LobotomyExtend","Marisa????????","Minty Spire (QoL Compilation)","Remilia??????","Replay The Spire","Shade Mod","StSLib","Td1madao Mod","The Animator","The Bug Knight","The Cursed","The Hierophant","The Immortal","The Runesmith","The Servant 0.9.4","The Wild Card","TheBandit"],"gold_per_floor":[111,126,138,155,230,255,255,285,285,285,305,320,320,338,338,440,440,460,48,67,67,87,87,106,106,106,133,138,141,141,81,81,186,236,256,267,267,47,57,378,378,378,378,378,397,42,56,71,71,41,41],"floor_reached":52,"playtime":3251,"items_purged":["Strike_R"],"score":1019,"play_id":"d411ce25-a37b-4d21-b953-24528997edb4","local_time":"20201220151905","is_ascension_mode":true,"campfire_choices":[{"data":"Corruption","floor":7.0,"key":"SMITH"},{"data":"ReplayTheSpireMod:Limb From Limb","floor":13.0,"key":"SMITH"},{"floor":15.0,"key":"REST"},{"data":"Bash","floor":23,"key":"SMITH"},{"data":"Thunderclap","floor":30,"key":"SMITH"},{"data":"Impervious","floor":41,"key":"SMITH"},{"floor":44,"key":"REST"},{"data":"Brutality","floor":49,"key":"SMITH"}],"circlet_count":0,"master_deck":["Strike_R+1","Defend_R+1","Defend_R","Defend_R+1","Bash+1","Rudolta","ReplayTheSpireMod:Limb From Limb+1","Thunderclap+1","UniverseFragment","QueenOfHatred","Seeing Red","OldLady","Corruption+1","VoidDream","RedShoes","Thunderclap","LongBird","Brutality","Power Through+1","Berserk+1","Power Through+1","Freischutz","LaLuna","Carnage","HereticApostle","Impervious+1","BlueStar","WhiteNight","Exhume","Brutality+1","ReplayTheSpireMod:IOU","GreedKing","Feel No Pain"],"relics":["Burning Blood","CogitoBucket","RabbitCall","LetterFromLob","Bag of Marbles","Tiny Chest","StrikeDummy","Replay:Grab Bag","Busted Crown","ReplayTheSpireMod:Onyx Gauntlets","Astrolabe","Black Star","SkinProphecy","Membership Card","Anchor","Charon\u0027s Ashes","HornCleat","The Courier","Strawberry","AtMidnight","AspirationHeart","Tiny House","Divine Protection","HandDrill","Replay:Baseball","Old Coin","Ginger","AntiCross","Replay:Accelerometer","Kunai","HollowMod:LifeEnderRelic","DollysMirror","Simple Rune","Replay:Wax Seal","Runesmith:Nanobots"],"acts_visited":["Exordium","TheCity","TheBeyond"],"potions_floor_usage":[20,40,50,50],"damage_taken":[{"damage":6.0,"enemies":"Cultist","floor":1.0,"turns":4.0},{"damage":2.0,"enemies":"2 Louse","floor":2.0,"turns":3.0},{"damage":12.0,"enemies":"Jaw Worm","floor":3.0,"turns":3.0},{"damage":19.0,"enemies":"Blue Slaver","floor":4.0,"turns":5.0},{"damage":22.0,"enemies":"3 Sentries","floor":6.0,"turns":8.0},{"damage":35.0,"enemies":"Lagavulin","floor":8.0,"turns":4.0},{"damage":0.0,"enemies":"Red Slaver","floor":10.0,"turns":1.0},{"damage":21.0,"enemies":"Exordium Wildlife","floor":11.0,"turns":4.0},{"damage":1.0,"enemies":"Blue Slaver","floor":12.0,"turns":3.0},{"damage":19.0,"enemies":"Exordium Thugs","floor":14.0,"turns":4.0},{"damage":16.0,"enemies":"Slime Boss","floor":16.0,"turns":8.0},{"damage":22,"enemies":"Chosen","floor":18,"turns":5},{"damage":3,"enemies":"3 Byrds","floor":20,"turns":3},{"damage":4,"enemies":"Cultist and Chosen","floor":22,"turns":6},{"damage":0,"enemies":"Centurion and Healer","floor":24,"turns":2},{"damage":16,"enemies":"Gremlin Leader","floor":27,"turns":6},{"damage":12,"enemies":"3 Cultists","floor":28,"turns":5},{"damage":19,"enemies":"Sentry and Sphere","floor":29,"turns":6},{"damage":51,"enemies":"Collector","floor":33,"turns":7},{"damage":3,"enemies":"3 Shapes","floor":35,"turns":4},{"damage":22,"enemies":"3 Darklings","floor":36,"turns":5},{"damage":0,"enemies":"Sphere and 2 Shapes","floor":39,"turns":3},{"damage":19,"enemies":"Giant Head","floor":40,"turns":8},{"damage":16,"enemies":"4 Shapes","floor":45,"turns":3},{"damage":13,"enemies":"Transient","floor":47,"turns":5},{"damage":2,"enemies":"Spire Growth","floor":48,"turns":3},{"damage":106,"enemies":"Donu and Deca","floor":50,"turns":12}],"seed_played":"4718419970518452495","potions_obtained":[{"floor":2.0,"key":"EntropicBrew"},{"floor":4.0,"key":"SpeedPotion"},{"floor":6.0,"key":"Milkshake"},{"floor":11.0,"key":"Explosive Potion"},{"floor":16.0,"key":"Toxic Potion"},{"floor":20,"key":"Flashbang"},{"floor":29,"key":"EssenceOfSteel"},{"floor":34,"key":"Cursed Concoction"},{"floor":45,"key":"Weak Potion"}],"is_trial":false,"path_per_floor":["M","M","M","M","?","E","R","E","T","M","M","M","R","M","R","B",null,"M","$","M","?","M","R","M","E","T","E","M","M","R","?","R","B",null,"M","M","?","$","M","E","R","T","T","R","M","$","M","M","R","B",null,null],"character_chosen":"IRONCLAD","items_purchased":["Membership Card","Anchor","Charon\u0027s Ashes","Divine Protection","HandDrill","Replay:Baseball","Kunai","HollowMod:LifeEnderRelic","DollysMirror","Simple Rune","Replay:Wax Seal","Runesmith:Nanobots"],"campfire_rested":2,"item_purchase_floors":[19,19,19,38,38,38,46,46,46,46,46,46],"current_hp_per_floor":[80,80,74,61,50,43,43,20,20,26,17,28,28,21,45,41,70,60,60,65,65,69,69,77,77,77,82,84,73,73,73,73,36,36,35,18,107,107,109,98,98,98,98,98,107,107,102,117,117,71,71],"gold":41,"neow_bonus":"","is_daily":false,"chose_seed":false,"campfire_upgraded":6,"win_rate":0.0,"timestamp":1608499145,"path_taken":["M","M","M","?","?","E","R","E","T","M","M","M","R","M","R","BOSS","M","$","M","?","M","R","M","E","T","E","M","M","R","?","R","BOSS","M","M","?","$","M","E","R","?","T","R","M","?","M","?","R","BOSS"],"items_purchased_type":["Relic","Relic","Relic","Relic","Relic","Relic","Relic","Relic","Relic","Relic","Relic","Relic"],"build_version":"2020-12-13","purchased_purges":1,"victory":true,"max_hp_per_floor":[80,80,80,80,80,80,80,80,80,80,80,80,80,80,80,80,80,80,80,82,82,84,84,86,86,86,95,109,111,111,111,111,113,118,120,122,107,107,109,111,111,111,111,111,113,113,115,117,117,121,121],"card_choices":[{"not_picked":["OSAHOGD","MHz"],"picked":"Rudolta","floor":1.0},{"not_picked":["Flex","Cleave"],"picked":"ReplayTheSpireMod:Limb From Limb","floor":1.0},{"not_picked":["Scorched","SpiderBud","OSAHOGD"],"picked":"Singing Bowl","floor":2.0},{"not_picked":["Evolve","Perfected Strike"],"picked":"Thunderclap","floor":2.0},{"not_picked":["Laetitia","HappyTeddy","Alriune"],"picked":"Singing Bowl","floor":3.0},{"not_picked":["HeroicMonk","PunishingBird"],"picked":"UniverseFragment","floor":3.0},{"not_picked":["Replay:Undeath\u0027s Touch","Anger","True Grit"],"picked":"SKIP","floor":3.0},{"not_picked":["Murderer","HeroicMonk","ShyLook"],"picked":"Singing Bowl","floor":4.0},{"not_picked":["OSAHOGD","ShyLook"],"picked":"QueenOfHatred","floor":4.0},{"not_picked":["Clash","Disarm"],"picked":"Seeing Red","floor":4.0},{"not_picked":["CherryBlossoms","FairyFestival"],"picked":"OldLady","floor":6.0},{"not_picked":["Clash","Impervious"],"picked":"Corruption","floor":6.0},{"not_picked":["FairyFestival","SpiderBud"],"picked":"VoidDream","floor":8.0},{"not_picked":["Havoc","True Grit","Flex"],"picked":"SKIP","floor":8.0},{"not_picked":["PunishingBird","WallGazer","SpiderBud"],"picked":"Singing Bowl","floor":11.0},{"not_picked":["Wellcheers","CherryBlossoms"],"picked":"RedShoes","floor":11.0},{"not_picked":["Clothesline","Dark Embrace","ReplayTheSpireMod:Muscle Training"],"picked":"SKIP","floor":11.0},{"not_picked":["True Grit","Wild Strike","Iron Wave"],"picked":"SKIP","floor":12.0},{"not_picked":["LittleHelper","HeroicMonk","Funeral"],"picked":"Singing Bowl","floor":14.0},{"not_picked":["Spot Weakness","Rage"],"picked":"Thunderclap","floor":14.0},{"not_picked":["Scorched","Murderer"],"picked":"LongBird","floor":16.0},{"not_picked":["Impervious","Berserk"],"picked":"Brutality","floor":16.0},{"not_picked":["Bloodbath","SingingMachine","Scorched"],"picked":"Singing Bowl","floor":18},{"not_picked":["Body Slam"],"picked":"SKIP","floor":18},{"not_picked":["Funeral","Wellcheers","NakedNest"],"picked":"Singing Bowl","floor":20},{"not_picked":["Uppercut"],"picked":"SKIP","floor":20},{"not_picked":["Mercenary","CherryBlossoms","Laetitia"],"picked":"Singing Bowl","floor":22},{"not_picked":["Shrug It Off"],"picked":"SKIP","floor":22},{"not_picked":["ShyLook","Murderer","MeatLantern"],"picked":"Singing Bowl","floor":24},{"not_picked":["Bloodbath","SingingMachine"],"picked":"Freischutz","floor":24},{"not_picked":["Sentinel"],"picked":"SKIP","floor":24},{"not_picked":["CherryBlossoms","FairyFestival","DreamingCurrent"],"picked":"Singing Bowl","floor":27},{"not_picked":["GreedKing","BlackSwan"],"picked":"LaLuna","floor":27},{"not_picked":["Sentinel+1"],"picked":"SKIP","floor":27},{"not_picked":["CherryBlossoms","MeatLantern","BigBadWolf"],"picked":"Singing Bowl","floor":28},{"not_picked":["Pommel Strike"],"picked":"SKIP","floor":28},{"not_picked":["ShyLook","CherryBlossoms","Porccubus"],"picked":"Singing Bowl","floor":29},{"not_picked":["ReplayTheSpireMod:LeadingStrike"],"picked":"SKIP","floor":29},{"not_picked":["LittlePrince","Alriune"],"picked":"WhiteNight","floor":33},{"not_picked":[],"picked":"Impervious","floor":33},{"not_picked":["ShyLook","SingingMachine","BigBadWolf"],"picked":"Singing Bowl","floor":35},{"not_picked":["MHz","Yin"],"picked":"BlueStar","floor":35},{"not_picked":["Abandon+1"],"picked":"SKIP","floor":35},{"not_picked":["Variant","CENSORED","FairyFestival"],"picked":"Singing Bowl","floor":36},{"not_picked":["True Grit+1"],"picked":"SKIP","floor":36},{"not_picked":["HeroicMonk","Porccubus","Scarecrow"],"picked":"Singing Bowl","floor":39},{"not_picked":["ReplayReversal"],"picked":"SKIP","floor":39},{"not_picked":["SnowQueen","Alriune"],"picked":"WhiteNight","floor":40},{"not_picked":[],"picked":"Exhume","floor":40},{"not_picked":["WhitesApple","BlackArmy","DreamingCurrent"],"picked":"Singing Bowl","floor":45},{"not_picked":["Flex"],"picked":"SKIP","floor":45},{"not_picked":["NakedNest","Funeral","QueenBee"],"picked":"Singing Bowl","floor":47},{"not_picked":["MeatLantern","DreamingCurrent"],"picked":"GreedKing","floor":47},{"not_picked":[],"picked":"Feel No Pain","floor":47},{"not_picked":["Porccubus","GalaxyChild","QueenBee"],"picked":"Singing Bowl","floor":48},{"not_picked":["Sword Boomerang"],"picked":"SKIP","floor":48}],"player_experience":593741,"relics_obtained":[{"floor":1.0,"key":"LetterFromLob"},{"floor":6.0,"key":"Bag of Marbles"},{"floor":8.0,"key":"Tiny Chest"},{"floor":9.0,"key":"StrikeDummy"},{"floor":26,"key":"HornCleat"},{"floor":27,"key":"The Courier"},{"floor":27,"key":"Strawberry"},{"floor":28,"key":"AtMidnight"},{"floor":40,"key":"Old Coin"},{"floor":40,"key":"Ginger"},{"floor":42,"key":"AntiCross"},{"floor":43,"key":"Replay:Accelerometer"}],"event_choices":[{"damage_healed":0.0,"max_hp_gain":0.0,"max_hp_loss":0.0,"gold_gain":75.0,"event_name":"World of Goop","player_choice":"Gather Gold","floor":5.0,"gold_loss":0.0,"damage_taken":11.0},{"damage_healed":0,"gold_gain":0,"player_choice":"Bought 0 Potions","damage_taken":0,"max_hp_gain":0,"max_hp_loss":0,"event_name":"The Woman in Blue","floor":21,"gold_loss":0},{"damage_healed":107,"gold_gain":0,"player_choice":"Heal","damage_taken":0,"max_hp_gain":0,"max_hp_loss":15,"event_name":"The Moai Head","floor":37,"gold_loss":0}],"is_beta":false,"boss_relics":[{"not_picked":["Black Blood","Runic Pyramid"],"picked":"Replay:Grab Bag"},{"not_picked":["Ooze Armor","Hololive_Finger"],"picked":"Busted Crown"},{"not_picked":["Sozu","Painkiller Herb"],"picked":"ReplayTheSpireMod:Onyx Gauntlets"},{"not_picked":["Empty Cage","SlaversCollar"],"picked":"Astrolabe"},{"not_picked":["Runic Cube","Hololive_TopUpMoneyS"],"picked":"Black Star"},{"not_picked":["Honey Jar","Runesmith:UraniumAnvil"],"picked":"Tiny House"}],"items_purged_floors":[19],"is_endless":false,"potions_floor_spawned":[2,4,6,11,14,16,20,29,39,45,47],"ascension_level":5}}