{"host":"t3t85srljd7l22dc","time":1608444638,"event":{"mods":["Abigail Mod","Act Like it!","BaseMod","Downfall","Gremlin Mod","Hallownest","Lobotomy","LobotomyExtend","Minty Spire (QoL Compilation)","Nova Terra(ÅµÍÞ¡¤Ì©À­)","READ ME - Guardian Mod","Shop Mod","StSLib","The Bug Knight","The Construct"],"gold_per_floor":[110,110,130,130,140,140,140,173,173,173,191,204,204,25,25,25,25],"floor_reached":16,"playtime":519,"items_purged":["NovaMod:Basic_Strike_Nova"],"score":100,"play_id":"117a6383-803b-4e5f-8215-ded2bbd14b4d","local_time":"20201220141038","is_ascension_mode":false,"campfire_choices":[{"data":"NovaMod:BarrageShooting","floor":6,"key":"SMITH"},{"data":"NovaMod:TechLab","floor":10,"key":"SMITH"},{"data":"NovaMod:Bioaugmentation","floor":13,"key":"SMITH"},{"floor":15,"key":"REST"}],"circlet_count":1,"master_deck":["NovaMod:Basic_Strike_Nova","NovaMod:Basic_Strike_Nova","NovaMod:Basic_Strike_Nova","NovaMod:Basic_Defend_Nova","NovaMod:Basic_Defend_Nova","NovaMod:Basic_Defend_Nova","NovaMod:Snipe","NovaMod:PenetratingBlast","NovaMod:SuppressionShells","NovaMod:BarrageShooting+1","NovaMod:TechLab+1","NovaMod:RadiationShooting","NovaMod:Bioaugmentation+1","NovaMod:Blink","NovaMod:SuperStimPack"],"relics":["NovaMod:GhostSuit","LetterFromLob","Hallownest:DreamNailRelic","Circlet","InkBottle","PreservedInsect"],"acts_visited":["Exordium"],"potions_floor_usage":[16,16,16],"damage_taken":[{"damage":9,"enemies":"Hallownest:monsterHuskGuard","floor":1,"turns":4},{"damage":4,"enemies":"Hallownest:2_Baldur","floor":3,"turns":3},{"damage":7,"enemies":"2_ Uuma","floor":5,"turns":5},{"damage":27,"enemies":"Hallownest:eliteVengeflyKing","floor":8,"turns":6},{"damage":12,"enemies":"Hallownest:Wandering_and_Horned","floor":11,"turns":5},{"damage":10,"enemies":"Hallownest:monsterFoolEater","floor":12,"turns":3},{"damage":37,"enemies":"Hallownest:BossFalseKnight","floor":16,"turns":9}],"seed_played":"-1772938991908197050","potions_obtained":[{"floor":1,"key":"Dexterity Potion"},{"floor":3,"key":"Dexterity Potion"},{"floor":8,"key":"SneckoOil"}],"is_trial":false,"path_per_floor":["M","?","M","?","M","R","?","E","T","R","M","M","R","$","R","B"],"character_chosen":"NOVA","items_purchased":["NovaMod:Blink","NovaMod:SuperStimPack"],"campfire_rested":1,"item_purchase_floors":[14,14],"current_hp_per_floor":[71,71,67,67,60,60,60,33,33,33,21,11,11,11,35,0,0],"gold":25,"neow_bonus":"REMOVE_CARD","is_daily":false,"chose_seed":false,"campfire_upgraded":3,"win_rate":0.0,"timestamp":1608444638,"path_taken":["M","?","M","?","?","R","?","E","T","R","M","M","R","$","R","BOSS"],"items_purchased_type":["Card","Card"],"build_version":"2020-12-13","purchased_purges":1,"victory":false,"max_hp_per_floor":[80,80,80,80,80,80,80,80,80,80,80,80,80,80,80,80,80],"card_choices":[{"not_picked":["NovaMod:CovertOps","NovaMod:Detonation"],"picked":"NovaMod:SuppressionShells","floor":1},{"not_picked":["NovaMod:AirDrop","NovaMod:CovertOps"],"picked":"NovaMod:BarrageShooting","floor":3},{"not_picked":["NovaMod:SuppressionShells","NovaMod:Detonation","NovaMod:PulseGrenade"],"picked":"SKIP","floor":5},{"not_picked":["NovaMod:Pollution","NovaMod:Snipe"],"picked":"NovaMod:TechLab","floor":8},{"not_picked":["NovaMod:Snipe","NovaMod:BarrageShooting"],"picked":"NovaMod:RadiationShooting","floor":11},{"not_picked":["NovaMod:ExtremeReovery","NovaMod:WaitingGame"],"picked":"NovaMod:Bioaugmentation","floor":12}],"player_experience":128895,"relics_obtained":[{"floor":1,"key":"LetterFromLob"},{"floor":8,"key":"InkBottle"},{"floor":9,"key":"PreservedInsect"}],"event_choices":[],"is_beta":false,"boss_relics":[],"items_purged_floors":[14],"is_endless":false,"potions_floor_spawned":[1,3,8],"killed_by":"Hallownest:BossFalseKnight","ascension_level":0}}