{"host":"z7h0k8blg7jrnodm","time":1608484040,"event":{"mods":["BaseMod","Challenge The Spire","Colored Map","Colored Powertips","Custom Start","Downfall","Key Reminder","Minty Spire (QoL Compilation)","Quick Restart","Random Character Button","Relic Stats","StSLib","SuperFastMode","Unceasing Turn Reminder"],"gold_per_floor":[0,14,28,28,56,72,95,129,129,157,257,24,39,57,69,165,165,165,196,214,239,239,239,239,272,284,309,409,432,432,445,461,563,563,563,576,602,621,721,721,799,811,841,841,841,857,877,887,901,901],"floor_reached":51,"playtime":2492,"items_purged":["Guardian:Strike_Guardian"],"score":1017,"play_id":"24dfafb0-c510-4cec-8512-f06398dd079b","local_time":"20201220190720","is_ascension_mode":true,"campfire_choices":[{"data":"Guardian:TwinSlam","floor":1.0,"key":"SMITH"},{"data":"Guardian:CurlUp","floor":4.0,"key":"SMITH"},{"data":"Guardian:RollAttack","floor":9.0,"key":"SMITH"},{"data":"Guardian:RevengeProtocol","floor":18.0,"key":"SMITH"},{"data":"Guardian:BronzeOrb","floor":23.0,"key":"SMITH"},{"data":"Guardian:GuardianWhirl","floor":35.0,"key":"SMITH"},{"data":"Guardian:EvasiveProtocol","floor":40,"key":"SMITH"},{"data":"Guardian:SpikerProtocol","floor":44,"key":"SMITH"}],"circlet_count":0,"master_deck":["Guardian:Defend_Guardian","Guardian:Defend_Guardian","Guardian:Defend_Guardian","Guardian:CurlUp+1","Guardian:TwinSlam+1","Guardian:BronzeArmor","Guardian:RollAttack+1","Guardian:Planning","Guardian:StasisStrike","Guardian:BronzeOrb","Guardian:BronzeOrb+1","Guardian:RevengeProtocol+1","Guardian:PiercingHide+1","Guardian:TemporalShield+1","Guardian:BronzeArmor+1","J.A.X.+1","Guardian:GuardianWhirl+1","Guardian:SpikerProtocol+1","Guardian:ExploitGems+1","Guardian:FastForward+1","Guardian:TemporalShield+1","Guardian:FastForward+1","Guardian:TimeCapacitor+1","Guardian:Planning+1"],"relics":["Guardian:ModeShifterPlus","Gambling Chip","Juzu Bracelet","Tiny Chest","White Beast Statue","Strawberry","downfall:GremlinWheel","Pen Nib","Vajra","Art of War","Lizard Tail","Toxic Egg 2","Pear","MutagenicStrength","Smiling Mask","Runic Pyramid","Matryoshka","downfall:GremlinWheel","Oddly Smooth Stone","Shuriken","PreservedInsect"],"acts_visited":["Exordium","TheCity","TheBeyond"],"potions_floor_usage":[46,49,50],"damage_taken":[{"damage":0.0,"enemies":"Small Slimes","floor":2.0,"turns":5.0},{"damage":0.0,"enemies":"Cultist","floor":3.0,"turns":4.0},{"damage":13.0,"enemies":"Lagavulin","floor":5.0,"turns":8.0},{"damage":0.0,"enemies":"2 Louse","floor":6.0,"turns":1.0},{"damage":16.0,"enemies":"Gremlin Nob","floor":8.0,"turns":4.0},{"damage":7.0,"enemies":"3 Sentries","floor":10.0,"turns":4.0},{"damage":11.0,"enemies":"3 Sentries","floor":11.0,"turns":4.0},{"damage":4.0,"enemies":"downfall:FleeingMerchant","floor":12.0,"turns":4.0},{"damage":1.0,"enemies":"Exordium Thugs","floor":13.0,"turns":4.0},{"damage":0.0,"enemies":"2 Fungi Beasts","floor":14.0,"turns":3.0},{"damage":0.0,"enemies":"Gremlin Gang","floor":15.0,"turns":1.0},{"damage":6.0,"enemies":"downfall:Watcher","floor":16.0,"turns":9.0},{"damage":18.0,"enemies":"Book of Stabbing","floor":19.0,"turns":6.0},{"damage":0.0,"enemies":"Shell Parasite","floor":20.0,"turns":4.0},{"damage":6.0,"enemies":"Slavers","floor":21.0,"turns":4.0},{"damage":11.0,"enemies":"Gremlin Leader","floor":25.0,"turns":7.0},{"damage":4.0,"enemies":"Shelled Parasite and Fungi","floor":26.0,"turns":5.0},{"damage":13.0,"enemies":"Slavers","floor":27.0,"turns":3.0},{"damage":5.0,"enemies":"downfall:Augmenter","floor":28.0,"turns":7.0},{"damage":5.0,"enemies":"Snecko","floor":31.0,"turns":3.0},{"damage":10.0,"enemies":"Centurion and Healer","floor":32.0,"turns":6.0},{"damage":39.0,"enemies":"downfall:Ironclad","floor":33.0,"turns":7.0},{"damage":10.0,"enemies":"3 Shapes","floor":36.0,"turns":4.0},{"damage":27.0,"enemies":"Reptomancer","floor":37.0,"turns":4.0},{"damage":3,"enemies":"3 Darklings","floor":38,"turns":3},{"damage":0,"enemies":"3 Darklings","floor":39,"turns":2},{"damage":0,"enemies":"4 Shapes","floor":42,"turns":1},{"damage":3,"enemies":"Giant Head","floor":43,"turns":5},{"damage":19,"enemies":"Transient","floor":46,"turns":5},{"damage":3,"enemies":"Jaw Worm Horde","floor":47,"turns":1},{"damage":3,"enemies":"Maw","floor":48,"turns":6},{"damage":13,"enemies":"Transient","floor":49,"turns":5},{"damage":9,"enemies":"downfall:Defect","floor":50,"turns":6}],"seed_played":"5711691284806393124","potions_obtained":[{"floor":3.0,"key":"PowerPotion"},{"floor":5.0,"key":"SpeedPotion"},{"floor":10.0,"key":"AttackPotion"},{"floor":11.0,"key":"FearPotion"},{"floor":13.0,"key":"Ancient Potion"},{"floor":16.0,"key":"GamblersBrew"},{"floor":19.0,"key":"SteroidPotion"},{"floor":20.0,"key":"Slimebound:ThreeZeroPotion"},{"floor":21.0,"key":"BlessingOfTheForge"},{"floor":26.0,"key":"SteroidPotion"},{"floor":27.0,"key":"Block Potion"},{"floor":31.0,"key":"sneckomod:MuddlingPotion"},{"floor":32.0,"key":"Swift Potion"},{"floor":33.0,"key":"Swift Potion"},{"floor":36.0,"key":"DistilledChaos"},{"floor":37.0,"key":"Ancient Potion"},{"floor":43,"key":"Regen Potion"},{"floor":46,"key":"Explosive Potion"},{"floor":49,"key":"SkillPotion"}],"is_trial":false,"path_per_floor":["R","M","M","R","E","M","T","E","R","E","?","$","M","M","M","B",null,"R","E","M","E","?","R","T","E","M","E","?","T","?","M","M","B",null,"R","M","E","M","?","R","T","M","E","R","?","M","M","M","M","B",null],"character_chosen":"GUARDIAN","items_purchased":["Pen Nib"],"campfire_rested":0,"item_purchase_floors":[12],"current_hp_per_floor":[80,80,80,80,67,67,67,51,51,51,40,36,35,35,35,29,87,87,69,69,63,63,63,63,52,48,45,40,40,72,67,57,18,97,97,87,60,57,57,57,57,57,54,54,54,47,44,41,28,19],"gold":901,"neow_bonus":"ONE_RARE_RELIC","is_daily":false,"chose_seed":false,"campfire_upgraded":8,"win_rate":0.0,"timestamp":1608484040,"path_taken":["R","M","M","R","E","M","T","E","R","E","?","$","M","M","M","BOSS","R","E","M","E","?","R","T","E","M","E","?","?","?","M","M","BOSS","R","M","E","M","?","R","T","M","E","R","?","M","M","M","M","BOSS"],"items_purchased_type":["Relic"],"build_version":"2020-12-13","purchased_purges":1,"victory":true,"max_hp_per_floor":[80,80,80,80,80,80,80,80,80,87,87,87,87,87,87,87,87,87,87,87,87,87,87,87,87,87,97,97,97,97,97,97,97,97,97,97,97,97,97,97,97,97,97,97,97,97,97,97,97,97],"relic_stats":{"Lizard Tail":0,"counters":[33,145],"Shuriken":[12],"Gambling Chip":[66],"Tiny Chest":1,"Pen Nib":[22],"PreservedInsect":0,"Juzu Bracelet":3,"Art of War":[6],"Smiling Mask":0,"obtain_stats":[{"Pear":27,"Guardian:ModeShifterPlus":17,"Guardian:ModeShifter":0,"Vajra":19,"Oddly Smooth Stone":41,"Pen Nib":12,"PreservedInsect":43,"Juzu Bracelet":5,"Smiling Mask":29,"White Beast Statue":8,"Lizard Tail":24,"downfall:GremlinWheel":11,"Matryoshka":37,"Shuriken":41,"Gambling Chip":0,"Strawberry":10,"MutagenicStrength":28,"Tiny Chest":7,"Art of War":21,"Toxic Egg 2":25,"Runic Pyramid":34},{"Pear":18,"Guardian:ModeShifterPlus":12,"Guardian:ModeShifter":0,"Vajra":13,"Oddly Smooth Stone":26,"Pen Nib":8,"PreservedInsect":28,"Juzu Bracelet":3,"Smiling Mask":19,"White Beast Statue":5,"Lizard Tail":15,"downfall:GremlinWheel":7,"Matryoshka":24,"Shuriken":26,"Gambling Chip":0,"Strawberry":6,"MutagenicStrength":19,"Tiny Chest":4,"Art of War":15,"Toxic Egg 2":16,"Runic Pyramid":22},{"Pear":80,"Guardian:ModeShifterPlus":51,"Guardian:ModeShifter":0,"Vajra":57,"Oddly Smooth Stone":116,"Pen Nib":34,"PreservedInsect":122,"Juzu Bracelet":17,"Smiling Mask":87,"White Beast Statue":22,"Lizard Tail":65,"downfall:GremlinWheel":30,"Matryoshka":111,"Shuriken":116,"Gambling Chip":0,"Strawberry":26,"MutagenicStrength":87,"Tiny Chest":18,"Art of War":65,"Toxic Egg 2":72,"Runic Pyramid":103}]},"card_choices":[{"not_picked":["Guardian:PrimingBeam","Guardian:Gem_Lightblue"],"picked":"Guardian:Gem_Blue","floor":2.0},{"not_picked":["Guardian:Reroute","Guardian:Gem_Cyan"],"picked":"Guardian:BronzeArmor","floor":3.0},{"not_picked":["Guardian:Gem_Green","Guardian:FloatingOrbs"],"picked":"Guardian:RollAttack","floor":5.0},{"not_picked":["Guardian:Harden","Guardian:Gem_Purple"],"picked":"Guardian:Planning","floor":6.0},{"not_picked":["Guardian:WalkerClaw","Guardian:DonusPower"],"picked":"Guardian:StasisStrike","floor":8.0},{"not_picked":["Guardian:PrismaticBarrier","Guardian:Suspension"],"picked":"Guardian:BronzeOrb","floor":10.0},{"not_picked":["Guardian:FastForward","Guardian:ChargeCore"],"picked":"Guardian:Gem_Red","floor":12.0},{"not_picked":["Guardian:VentSteam","Guardian:PrimingBeam"],"picked":"Guardian:BronzeOrb","floor":13.0},{"not_picked":["Guardian:WalkerClaw","Guardian:PrimingBeam","Guardian:Suspension"],"picked":"SKIP","floor":14.0},{"not_picked":["Guardian:CrystalBeam","Guardian:Gem_Blue","Guardian:Suspension"],"picked":"SKIP","floor":15.0},{"not_picked":["Guardian:ConstructionForm","Guardian:FastForward"],"picked":"Guardian:RevengeProtocol","floor":16.0},{"not_picked":["Guardian:ShieldCharger+1","Guardian:PiercingHide","Guardian:ChargeCore+1"],"picked":"SKIP","floor":19.0},{"not_picked":["Guardian:Recover","Guardian:BronzeOrb","Guardian:PrismaticBarrier"],"picked":"SKIP","floor":20.0},{"not_picked":["Guardian:VentSteam","Guardian:BronzeArmor","Guardian:Suspension"],"picked":"SKIP","floor":21.0},{"not_picked":["Guardian:RollAttack+1","Guardian:PiercingHide+1"],"picked":"Guardian:EvasiveProtocol","floor":25.0},{"not_picked":["Guardian:Incinerate+1","Guardian:Gem_Lightblue"],"picked":"Guardian:Gem_Purple","floor":26.0},{"not_picked":["Guardian:VentSteam+1","Guardian:ChargeCore"],"picked":"Guardian:PiercingHide+1","floor":27.0},{"not_picked":[],"picked":"J.A.X.+1","floor":28.0},{"not_picked":["Guardian:RollAttack","Guardian:SentryBeam"],"picked":"Guardian:GuardianWhirl","floor":28.0},{"not_picked":["Guardian:MultiBeam","Guardian:Recover+1"],"picked":"Guardian:SpikerProtocol","floor":31.0},{"not_picked":["Guardian:Suspension+1","Guardian:VentSteam+1","Guardian:WalkerClaw"],"picked":"SKIP","floor":32.0},{"not_picked":["Guardian:BaubleBeam","Guardian:AncientConstruct"],"picked":"Guardian:ExploitGems+1","floor":33.0},{"not_picked":["Guardian:VentSteam+1","Guardian:Gem_Lightblue","Guardian:WalkerClaw"],"picked":"SKIP","floor":36.0},{"not_picked":["Guardian:ChargeCore","Guardian:PiercingHide+1","Guardian:Gem_Cyan"],"picked":"SKIP","floor":37.0},{"not_picked":["Guardian:VentSteam+1","Guardian:Gem_Fragmented"],"picked":"Guardian:FastForward+1","floor":38},{"not_picked":["Guardian:ShieldCharger+1","Guardian:WalkerClaw","Guardian:Reroute"],"picked":"SKIP","floor":42},{"not_picked":["Guardian:FloatingOrbs+1","Guardian:SentryBeam+1"],"picked":"Guardian:TemporalShield+1","floor":43},{"not_picked":["Guardian:TemporalShield+1","Guardian:DonusPower+1","Guardian:WalkerClaw"],"picked":"SKIP","floor":46},{"not_picked":["Guardian:Gem_Cyan","Guardian:Gem_Red"],"picked":"Guardian:FastForward+1","floor":47},{"not_picked":["Guardian:Suspension+1","Guardian:ChargeCore+1"],"picked":"Guardian:TimeCapacitor+1","floor":48},{"not_picked":["Guardian:GuardianWhirl+1","Guardian:PiercingHide+1"],"picked":"Guardian:Planning+1","floor":49}],"player_experience":292526,"relics_obtained":[{"floor":5.0,"key":"Juzu Bracelet"},{"floor":7.0,"key":"Tiny Chest"},{"floor":8.0,"key":"White Beast Statue"},{"floor":10.0,"key":"Strawberry"},{"floor":11.0,"key":"downfall:GremlinWheel"},{"floor":19.0,"key":"Vajra"},{"floor":21.0,"key":"Art of War"},{"floor":24.0,"key":"Lizard Tail"},{"floor":25.0,"key":"Toxic Egg 2"},{"floor":27.0,"key":"Pear"},{"floor":28.0,"key":"MutagenicStrength"},{"floor":29.0,"key":"Smiling Mask"},{"floor":37.0,"key":"Matryoshka"},{"floor":39,"key":"downfall:GremlinWheel"},{"floor":41,"key":"Oddly Smooth Stone"},{"floor":41,"key":"Shuriken"},{"floor":43,"key":"PreservedInsect"}],"event_choices":[{"cards_removed":["Guardian:Strike_Guardian"],"damage_healed":0.0,"max_hp_gain":0.0,"max_hp_loss":0.0,"gold_gain":0.0,"event_name":"Wheel of Change","player_choice":"Card Removal","floor":23.0,"gold_loss":0.0,"damage_taken":0.0},{"damage_healed":32.0,"max_hp_gain":0.0,"max_hp_loss":0.0,"gold_gain":0.0,"event_name":"The Library","player_choice":"Heal","floor":30.0,"gold_loss":0.0,"damage_taken":0.0},{"cards_removed":["Guardian:EvasiveProtocol"],"damage_healed":0,"gold_gain":0,"player_choice":"Removed Power","damage_taken":0,"max_hp_gain":0,"max_hp_loss":0,"event_name":"Falling","floor":45,"gold_loss":0}],"is_beta":false,"boss_relics":[{"not_picked":["Sozu","Busted Crown"],"picked":"Guardian:ModeShifterPlus"},{"not_picked":["SacredBark","Velvet Choker"],"picked":"Runic Pyramid"}],"items_purged_floors":[12],"is_endless":false,"potions_floor_spawned":[3,5,10,11,12,13,14,15,16,19,20,21,25,26,27,31,32,33,36,37,38,39,42,43,46,47,48,49],"ascension_level":2}}