{"host":"esx1hwjnbftf3eqj","time":1608492402,"event":{"mods":["BaseMod","Colored Map","Minty Spire (QoL Compilation)","StSLib","The Jungle"],"gold_per_floor":[115,163,176,176,190,190,215,215,239,274,284,284,50,63,63,161,161,180,105,20,20,72,99,114,14,37,37,37,37],"floor_reached":28,"playtime":2524,"items_purged":["Strike_R","Strike_R"],"score":317,"play_id":"52475bfd-727c-44ff-a184-a331720e5fda","local_time":"20201220112642","is_ascension_mode":true,"campfire_choices":[{"data":"Carnage","floor":6,"key":"SMITH"},{"data":"Armaments","floor":8,"key":"SMITH"},{"data":"Evolve","floor":12,"key":"SMITH"},{"data":"Immolate","floor":15,"key":"SMITH"},{"data":"Power Through","floor":27,"key":"SMITH"}],"circlet_count":0,"master_deck":["Strike_R","Defend_R","Defend_R","Defend_R","Defend_R","Bash","Evolve+1","Carnage+1","Impervious","Armaments+1","Wild Strike","Power Through+1","Immolate+1","Metallicize+1","Reaper","Wild Strike","Pummel","Armaments+1"],"relics":["Burning Blood","Blood Vial","Du-Vu Doll","Tiny Chest","Frozen Egg 2","Coffee Dripper","Pen Nib","Boot","Vajra","Omamori"],"acts_visited":["Exordium","TheCity"],"potions_floor_usage":[28],"damage_taken":[{"damage":1,"enemies":"Cultist","floor":1,"turns":3},{"damage":3,"enemies":"Small Slimes","floor":3,"turns":4},{"damage":7,"enemies":"Jaw Worm","floor":5,"turns":3},{"damage":41,"enemies":"Lagavulin","floor":7,"turns":7},{"damage":9,"enemies":"3 Sentries","floor":10,"turns":13},{"damage":0,"enemies":"3 Louse","floor":11,"turns":3},{"damage":4,"enemies":"2 Fungi Beasts","floor":14,"turns":3},{"damage":46,"enemies":"Hexaghost","floor":16,"turns":12},{"damage":17,"enemies":"2 Thieves","floor":18,"turns":4},{"damage":52,"enemies":"Book of Stabbing","floor":23,"turns":8},{"damage":0,"enemies":"Spheric Guardian","floor":24,"turns":3},{"damage":43,"enemies":"Gremlin Leader","floor":28,"turns":4}],"seed_played":"3702302574987834227","potions_obtained":[{"floor":1,"key":"EssenceOfSteel"},{"floor":7,"key":"Dexterity Potion"},{"floor":11,"key":"ElixirPotion"},{"floor":24,"key":"SkillPotion"}],"is_trial":false,"path_per_floor":["M","T","M","?","M","R","E","R","T","E","M","R","$","M","R","B",null,"M","?","?","?","T","E","M","$","T","R","E"],"character_chosen":"IRONCLAD","items_purchased":["Immolate"],"campfire_rested":0,"item_purchase_floors":[13],"current_hp_per_floor":[77,77,80,80,79,79,45,45,45,44,52,52,52,56,56,18,65,64,64,64,64,64,25,33,33,33,33,0,0],"gold":37,"neow_bonus":"REMOVE_CARD","is_daily":false,"chose_seed":false,"campfire_upgraded":5,"win_rate":0.0,"timestamp":1608492402,"path_taken":["M","?","M","?","?","R","E","R","T","E","M","R","$","M","R","BOSS","M","?","?","?","?","E","?","?","T","R","E"],"items_purchased_type":["Card"],"build_version":"2020-12-13","purchased_purges":2,"victory":false,"max_hp_per_floor":[80,80,80,80,80,80,80,80,80,80,80,80,80,80,80,80,80,80,80,80,80,80,80,80,80,80,80,80,80],"card_choices":[{"not_picked":["Seeing Red","True Grit"],"picked":"Evolve","floor":1},{"not_picked":["Shrug It Off","Havoc"],"picked":"Carnage","floor":3},{"not_picked":["Thunderclap","Rupture"],"picked":"Impervious","floor":5},{"not_picked":["Sword Boomerang","Havoc"],"picked":"Armaments","floor":7},{"not_picked":["Flex","True Grit"],"picked":"Wild Strike","floor":10},{"not_picked":["Seeing Red","Ghostly Armor"],"picked":"Power Through","floor":11},{"not_picked":["Clothesline","Havoc"],"picked":"Metallicize+1","floor":14},{"not_picked":["Feed","Exhume"],"picked":"Reaper","floor":16},{"not_picked":["Flex+1","Body Slam+1"],"picked":"Wild Strike","floor":18},{"not_picked":["Second Wind","Cleave+1"],"picked":"Pummel","floor":23},{"not_picked":["Evolve+1","Flex+1"],"picked":"Armaments+1","floor":24}],"player_experience":515578,"relics_obtained":[{"floor":2,"key":"Blood Vial"},{"floor":7,"key":"Du-Vu Doll"},{"floor":9,"key":"Tiny Chest"},{"floor":10,"key":"Frozen Egg 2"},{"floor":22,"key":"Boot"},{"floor":23,"key":"Vajra"},{"floor":26,"key":"Omamori"}],"event_choices":[{"damage_healed":0,"gold_gain":0,"player_choice":"Bought 0 Potions","damage_taken":0,"max_hp_gain":0,"max_hp_loss":0,"event_name":"The Woman in Blue","floor":4,"gold_loss":0},{"cards_removed":["Strike_R"],"damage_healed":0,"gold_gain":0,"player_choice":"Gave Gold","damage_taken":0,"max_hp_gain":0,"max_hp_loss":0,"event_name":"Beggar","floor":19,"gold_loss":75},{"damage_healed":0,"gold_gain":0,"player_choice":"Obtained Relic","damage_taken":0,"relics_obtained":["Pen Nib"],"max_hp_gain":0,"max_hp_loss":0,"event_name":"Addict","floor":20,"gold_loss":85},{"damage_healed":0,"gold_gain":0,"player_choice":"Ignored","damage_taken":0,"max_hp_gain":0,"max_hp_loss":0,"event_name":"Ghosts","floor":21,"gold_loss":0}],"is_beta":false,"boss_relics":[{"not_picked":["Velvet Choker","Astrolabe"],"picked":"Coffee Dripper"}],"items_purged_floors":[13,25],"is_endless":false,"potions_floor_spawned":[1,7,11,24],"killed_by":"Gremlin Leader","ascension_level":6}}