{"host":"9pegotdcmcb3r8tl","time":1608450628,"event":{"mods":["AchievementEnabler","BaseMod","Downfall","Minty Spire (QoL Compilation)","Replay The Spire","StSLib"],"gold_per_floor":[118,393,113,38,51,51,83,83,83,117,143,318,331,331,347,347,347,347,347],"floor_reached":18,"playtime":421,"items_purged":["Regret"],"score":124,"play_id":"6fdad688-894a-4124-b021-25efcaa3044e","local_time":"20201220182028","is_ascension_mode":true,"campfire_choices":[{"data":"expansioncontent:DonusPower","floor":6,"key":"SMITH"},{"data":"Gash","floor":14,"key":"SMITH"},{"data":"Darkness","floor":17,"key":"SMITH"}],"circlet_count":0,"master_deck":["Strike_B","Strike_B","Strike_B","Strike_B","Defend_B","Defend_B+1","Defend_B","Defend_B+1","Zap","Dualcast","FIFO Queue","ReplayGash","expansioncontent:DonusPower+1","Gash","Stack","Rebound","Doubt","Gash+1","Darkness+1"],"relics":["Cracked Core","War Paint","Lantern","Iron Hammer","Anchor","Onion Ring"],"acts_visited":["Exordium"],"potions_floor_usage":[18],"damage_taken":[{"damage":7,"enemies":"2 Louse","floor":1,"turns":2},{"damage":0,"enemies":"Cultist","floor":5,"turns":3},{"damage":25,"enemies":"3 Sentries","floor":7,"turns":8},{"damage":24,"enemies":"Gremlin Nob","floor":10,"turns":4},{"damage":0,"enemies":"Small Slimes","floor":13,"turns":2},{"damage":0,"enemies":"Looter","floor":15,"turns":2},{"damage":26,"enemies":"Slime Boss","floor":18,"turns":3}],"seed_played":"-8309555866482136241","potions_obtained":[{"floor":10,"key":"EssenceOfSteel"},{"floor":15,"key":"Ancient Potion"}],"is_trial":false,"path_per_floor":["M","?","$","$","M","R","E","PTL","PTL","E","T","?","M","R","M","T","R","B"],"character_chosen":"DEFECT","items_purchased":["War Paint","ReplayGash","expansioncontent:DonusPower"],"campfire_rested":0,"item_purchase_floors":[3,3,3],"current_hp_per_floor":[75,75,75,75,75,75,50,50,50,26,26,26,26,26,26,26,26,0,0],"gold":347,"neow_bonus":"TEN_PERCENT_HP_BONUS","is_daily":false,"chose_seed":false,"campfire_upgraded":3,"win_rate":0.0,"timestamp":1608450628,"path_taken":["M","?","?","$","M","R","E","PTL","PTL","E","T","?","M","R","M","?","R","BOSS"],"items_purchased_type":["Relic","Card","Card"],"build_version":"2020-12-13","purchased_purges":1,"victory":false,"max_hp_per_floor":[82,82,82,82,82,82,82,82,82,82,82,82,82,82,82,82,82,82,82],"card_choices":[{"not_picked":["Hologram","Conserve Battery"],"picked":"FIFO Queue","floor":1},{"not_picked":["ReplaySolidLightProjector","Compile Driver"],"picked":"Gash","floor":5},{"not_picked":["Darkness","Beam Cell"],"picked":"Stack","floor":7},{"not_picked":["Reinforced Body","White Noise"],"picked":"Rebound","floor":10},{"not_picked":["ReplayTheSpireMod:Repulse","Redo"],"picked":"Gash","floor":13},{"not_picked":["Crystallizer","Blizzard"],"picked":"Darkness","floor":15}],"player_experience":108893,"relics_obtained":[{"floor":7,"key":"Lantern"},{"floor":10,"key":"Iron Hammer"},{"floor":11,"key":"Anchor"},{"floor":16,"key":"Onion Ring"}],"event_choices":[{"damage_healed":0,"gold_gain":275,"player_choice":"Desecrate","damage_taken":0,"max_hp_gain":0,"max_hp_loss":0,"event_name":"Golden Shrine","floor":2,"gold_loss":0,"cards_obtained":["Regret"]},{"damage_healed":0,"gold_gain":175,"player_choice":"AGREE","damage_taken":0,"max_hp_gain":0,"max_hp_loss":0,"event_name":"Liars Game","floor":12,"gold_loss":0,"cards_obtained":["Doubt"]}],"is_beta":false,"boss_relics":[],"items_purged_floors":[4],"is_endless":false,"potions_floor_spawned":[10,15],"killed_by":"Slime Boss","ascension_level":1}}