{"host":"ny0ruk04d4jvzm3a","time":1608427766,"event":{"mods":["BaseMod","Better Match","Better Sensory Stone","Better Skull","BetterRewards","Colored Map","Colored Powertips","GifTheSpireLib","Hermit","Minty Spire (QoL Compilation)","Quick Restart","Relic Stats","StSLib","Transform Curses"],"gold_per_floor":[111,9,184,134,134,134,167,167,217,232,246,246,246,4,4,135,135,160,175,18,18,18,18,33,0,0,0,0,0,17,17,17],"floor_reached":31,"playtime":1386,"items_purged":[],"score":254,"play_id":"006ff677-3caa-4f22-a728-f02011e9fe70","local_time":"20201219202926","is_ascension_mode":false,"campfire_choices":[{"data":"Fasting2","floor":6,"key":"SMITH"},{"data":"DevaForm","floor":8,"key":"SMITH"},{"data":"Fasting2","floor":15,"key":"SMITH"},{"floor":23,"key":"REST"},{"floor":29,"key":"REST"}],"circlet_count":0,"master_deck":["Strike_P+1","Strike_P+1","Strike_P+1","Strike_P+1","Defend_P+1","Defend_P+1","Defend_P+1","Defend_P+1","Eruption","Vigilance","ClearTheMind","ClearTheMind","PathToVictory","Fasting2+1","DevaForm+1","Fasting2+1","Enlightenment+1","Worship","Judgement","DeceiveReality"],"relics":["PureWater","NeowsBlessing","Bloody Idol","Potion Belt","Bag of Marbles","Happy Flower","Busted Crown","Whetstone","Nilry\u0027s Codex","Pen Nib"],"acts_visited":["Exordium","TheCity"],"potions_floor_usage":[16,24,31,31],"damage_taken":[{"damage":0,"enemies":"2 Louse","floor":1,"turns":1},{"damage":0,"enemies":"3 Sentries","floor":7,"turns":2},{"damage":0,"enemies":"Small Slimes","floor":10,"turns":2},{"damage":1,"enemies":"Cultist","floor":11,"turns":4},{"damage":24,"enemies":"The Guardian","floor":16,"turns":11},{"damage":41,"enemies":"3 Byrds","floor":18,"turns":5},{"damage":8,"enemies":"Shell Parasite","floor":19,"turns":5},{"damage":17,"enemies":"Shelled Parasite and Fungi","floor":24,"turns":9},{"damage":31,"enemies":"Centurion and Healer","floor":30,"turns":7},{"damage":14,"enemies":"Gremlin Leader","floor":31,"turns":3}],"seed_played":"7059715288819942966","potions_obtained":[{"floor":7,"key":"Weak Potion"},{"floor":19,"key":"GamblersBrew"},{"floor":30,"key":"GamblersBrew"}],"is_trial":false,"path_per_floor":["M","$","?","?","?","R","E","R","T","M","M","?","?","$","R","B",null,"M","M","$","?","?","R","M","?","T","?","?","R","M","E"],"character_chosen":"WATCHER","items_purchased":["PathToVictory","Fasting2","Happy Flower","Worship","Swift Potion","Whetstone"],"campfire_rested":2,"item_purchase_floors":[2,2,14,14,14,20],"current_hp_per_floor":[72,72,72,72,54,54,54,54,54,54,53,53,53,53,53,29,72,31,23,23,7,7,28,11,11,11,11,11,32,6,0,0],"gold":17,"neow_bonus":"THREE_ENEMY_KILL","is_daily":false,"chose_seed":false,"campfire_upgraded":3,"win_rate":0.0,"timestamp":1608427766,"path_taken":["M","$","?","?","?","R","E","R","T","M","M","?","?","$","R","BOSS","M","M","$","?","?","R","M","?","T","?","?","R","M","E"],"items_purchased_type":["Card","Card","Relic","Card","Potion","Relic"],"build_version":"2020-12-13","purchased_purges":0,"victory":false,"max_hp_per_floor":[72,72,72,72,72,72,72,72,72,72,72,72,72,72,72,72,72,72,72,72,72,72,72,72,72,72,72,72,72,72,72,72],"relic_stats":{"Busted Crown":8,"Happy Flower":[13],"counters":[10,49],"Bloody Idol":5,"Pen Nib":[1],"Whetstone":["Strike_P","Strike_P"],"obtain_stats":[{"Potion Belt":7,"Busted Crown":17,"NeowsBlessing":0,"Happy Flower":14,"Golden Idol":5,"Nilry\u0027s Codex":21,"Bloody Idol":27,"Pen Nib":26,"Bag of Marbles":9,"Whetstone":20,"PureWater":0},{"Potion Belt":2,"Busted Crown":5,"NeowsBlessing":0,"Happy Flower":4,"Golden Idol":1,"Nilry\u0027s Codex":7,"Bloody Idol":8,"Pen Nib":8,"Bag of Marbles":2,"Whetstone":7,"PureWater":0},{"Potion Belt":3,"Busted Crown":20,"NeowsBlessing":0,"Happy Flower":9,"Golden Idol":1,"Nilry\u0027s Codex":30,"Bloody Idol":39,"Pen Nib":39,"Bag of Marbles":3,"Whetstone":30,"PureWater":0}]},"card_choices":[{"not_picked":["JustLucky","Evaluate"],"picked":"ClearTheMind","floor":1},{"not_picked":["JustLucky","Evaluate"],"picked":"ClearTheMind","floor":1},{"not_picked":["MentalFortress","JustLucky"],"picked":"DevaForm","floor":7},{"not_picked":["FlurryOfBlows","BowlingBash","Protect"],"picked":"SKIP","floor":10},{"not_picked":["Nirvana","SignatureMove"],"picked":"Fasting2","floor":11},{"not_picked":["Swift Strike","Dramatic Entrance"],"picked":"Enlightenment","floor":12},{"not_picked":["Establishment","Wish"],"picked":"Judgement","floor":16},{"not_picked":[],"picked":"DeceiveReality","floor":18},{"not_picked":["Consecrate"],"picked":"SKIP","floor":19},{"not_picked":["Nirvana+1"],"picked":"SKIP","floor":24},{"not_picked":["SashWhip"],"picked":"SKIP","floor":30}],"player_experience":2053766,"relics_obtained":[{"floor":7,"key":"Potion Belt"},{"floor":9,"key":"Bag of Marbles"},{"floor":21,"key":"Nilry\u0027s Codex"},{"floor":26,"key":"Pen Nib"}],"event_choices":[{"damage_healed":0,"gold_gain":175,"player_choice":"AGREE","damage_taken":0,"max_hp_gain":0,"max_hp_loss":0,"event_name":"Liars Game","floor":3,"gold_loss":0,"cards_obtained":["Doubt"]},{"cards_removed":["Doubt"],"damage_healed":0,"gold_gain":0,"player_choice":"Card Removal","damage_taken":0,"max_hp_gain":0,"max_hp_loss":0,"event_name":"The Cleric","floor":4,"gold_loss":50},{"damage_healed":0,"gold_gain":0,"player_choice":"Take Damage","damage_taken":18,"relics_obtained":["Golden Idol"],"max_hp_gain":0,"max_hp_loss":0,"event_name":"Golden Idol","floor":5,"gold_loss":0},{"damage_healed":0,"gold_gain":1,"player_choice":"1","damage_taken":0,"max_hp_gain":0,"max_hp_loss":0,"event_name":"betterStone:BetterStone","floor":12,"gold_loss":0},{"damage_healed":0,"gold_gain":0,"player_choice":"Upgraded","damage_taken":0,"max_hp_gain":0,"max_hp_loss":0,"event_name":"Upgrade Shrine","floor":13,"gold_loss":0,"cards_upgraded":["Enlightenment"]},{"damage_healed":0,"gold_gain":0,"player_choice":"Obtained Book","damage_taken":16,"max_hp_gain":0,"max_hp_loss":0,"event_name":"Cursed Tome","floor":21,"gold_loss":0},{"damage_healed":0,"gold_gain":0,"player_choice":"Ignored","damage_taken":0,"max_hp_gain":0,"max_hp_loss":0,"event_name":"Ghosts","floor":22,"gold_loss":0},{"damage_healed":0,"gold_gain":0,"player_choice":"Paid Fearfully","damage_taken":0,"max_hp_gain":0,"max_hp_loss":0,"event_name":"Masked Bandits","floor":25,"gold_loss":33},{"damage_healed":0,"gold_gain":0,"player_choice":"Gave Idol","damage_taken":0,"relics_obtained":["Bloody Idol"],"max_hp_gain":0,"max_hp_loss":0,"event_name":"Forgotten Altar","floor":27,"relics_lost":["Golden Idol"],"gold_loss":0},{"damage_healed":0,"gold_gain":0,"player_choice":"Simplicity","damage_taken":0,"max_hp_gain":0,"max_hp_loss":0,"event_name":"Back to Basics","floor":28,"gold_loss":0,"cards_upgraded":["Strike_P","Strike_P","Defend_P","Defend_P","Defend_P","Defend_P"]}],"is_beta":false,"boss_relics":[{"not_picked":["Philosopher\u0027s Stone","Fusion Hammer"],"picked":"Busted Crown"}],"items_purged_floors":[],"is_endless":false,"potions_floor_spawned":[7,19,30],"killed_by":"Gremlin Leader","ascension_level":0}}