{"host":"njruw0b0uprlitpx","time":1608501574,"event":{"mods":["2.2 Compatiblity","Astrologer","BaseMod","Better Altar","Better Match","Better Note","Better Sensory Stone","Better Skull","Better Third Choice","BetterRewards","Block Reminder","ChefMod","Colored Map","Colored Powertips","Jedi Mod","Keyboard Shortcuts","Minty Spire (QoL Compilation)","Quick Restart","Relic Stats","Replay The Spire","SacredBarkPlus","Shade Mod","Spicy Shops","StSLib","SuperFastMode","The Bug Knight","The Forsaken","The Mystic","The Necromancer"],"gold_per_floor":[10,10,4,15,15,33,33,43,43,43,73,14,24,24,52,52,152,152,169,169],"floor_reached":19,"playtime":1127,"items_purged":["jedi:BattleThirst"],"score":222,"play_id":"89b6baa7-a8e0-4cf8-86d0-f19b1ef87c21","local_time":"20201220155934","is_ascension_mode":true,"campfire_choices":[{"data":"chefmod:Escargot","floor":7.0,"key":"SMITH"},{"floor":14.0,"key":"REST"}],"circlet_count":0,"master_deck":["chefmod:Strike","chefmod:Strike","chefmod:Strike","chefmod:Strike","chefmod:Strike","chefmod:Defend","chefmod:Defend+1","chefmod:Defend","chefmod:QuickThaw","chefmod:TodaysSpecial","chefmod:Tenderizer","chefmod:OldCookbook+1","chefmod:Escargot+1","chefmod:SliceAndDice","Shade:SpectralStrikes+1","chefmod:CuttingBoard","chefmod:Ratatouille","chefmod:Tenderizer"],"relics":["chefmod:TrustyPot","ReplayTheSpireMod:CursedCoin","The Courier","Bird Faced Urn","theForsaken:Gavel","HollowMod:StagPassRelic","jedi:paperlyon"],"acts_visited":["Exordium","TheCity"],"potions_floor_usage":[17],"damage_taken":[{"damage":6.0,"enemies":"Small Slimes","floor":1.0,"turns":3.0},{"damage":5.0,"enemies":"Jaw Worm","floor":4.0,"turns":3.0},{"damage":0.0,"enemies":"2 Louse","floor":6.0,"turns":3.0},{"damage":13.0,"enemies":"Blue Slaver","floor":8.0,"turns":4.0},{"damage":23.0,"enemies":"Gremlin Nob","floor":11.0,"turns":4.0},{"damage":16.0,"enemies":"2 Fungi Beasts","floor":13.0,"turns":4.0},{"damage":19.0,"enemies":"Lagavulin","floor":15.0,"turns":7.0},{"damage":39,"enemies":"Hexaghost","floor":17,"turns":11},{"damage":34,"enemies":"3 Byrds","floor":19,"turns":6}],"seed_played":"6324980460087710010","potions_obtained":[{"floor":6.0,"key":"Strength Potion"},{"floor":13.0,"key":"Doom Potion"},{"floor":17,"key":"jedi:wingpotion"},{"floor":19,"key":"SkillPotion"}],"is_trial":false,"path_per_floor":["M","?","$","M","?","M","R","M","?","T","E","$","M","R","E","R_BF","B",null,"M"],"character_chosen":"THE_CHEF","items_purchased":["ReplayTheSpireMod:CursedCoin","chefmod:Escargot","theForsaken:Gavel"],"campfire_rested":1,"item_purchase_floors":[3,3,12],"current_hp_per_floor":[70,70,70,65,65,65,65,52,52,52,29,29,21,43,32,54,23,76,44,44],"gold":169,"neow_bonus":"THREE_RARE_CARDS","is_daily":false,"chose_seed":false,"campfire_upgraded":1,"win_rate":0.0,"timestamp":1608501574,"path_taken":["M","?","?","M","?","?","R","M","?","T","E","$","?","R","E","R_BF","BOSS","M"],"items_purchased_type":["Relic","Card","Relic"],"build_version":"2020-12-13","purchased_purges":1,"victory":false,"max_hp_per_floor":[76,76,76,76,76,76,76,76,76,76,76,76,76,76,76,76,76,76,76,76],"relic_stats":{"counters":[18,72],"Bird Faced Urn":[26],"obtain_stats":[{"chefmod:TrustyPot":0,"Golden Idol":5,"ReplayTheSpireMod:CursedCoin":3,"jedi:paperlyon":18,"Bird Faced Urn":11,"Orrery":19,"The Courier":10,"jedi:crownofsimplicity":9,"jedi:archwizardhat":7,"ReplayTheSpireMod:DimensionalGlitch":17,"theForsaken:Gavel":12,"HollowMod:StagPassRelic":15},{"chefmod:TrustyPot":0,"Golden Idol":2,"ReplayTheSpireMod:CursedCoin":10,"jedi:paperlyon":17,"Bird Faced Urn":14,"Orrery":7,"The Courier":13,"jedi:crownofsimplicity":4,"jedi:archwizardhat":3,"ReplayTheSpireMod:DimensionalGlitch":6,"theForsaken:Gavel":14,"HollowMod:StagPassRelic":16},{"chefmod:TrustyPot":0,"Golden Idol":3,"ReplayTheSpireMod:CursedCoin":31,"jedi:paperlyon":66,"Bird Faced Urn":45,"Orrery":15,"The Courier":41,"jedi:crownofsimplicity":6,"jedi:archwizardhat":4,"ReplayTheSpireMod:DimensionalGlitch":13,"theForsaken:Gavel":45,"HollowMod:StagPassRelic":56}]},"card_choices":[{"not_picked":["chefmod:Canape","chefmod:CapreseSalad"],"picked":"chefmod:Tenderizer","floor":0.0},{"not_picked":["chefmod:DimSum","chefmod:DinoKale"],"picked":"chefmod:OldCookbook","floor":1.0},{"not_picked":["chefmod:Granita","chefmod:VegetableTart"],"picked":"chefmod:SliceAndDice","floor":4.0},{"not_picked":["chefmod:Granita","chefmod:OldCookbook","chefmod:Fillet"],"picked":"SKIP","floor":6.0},{"not_picked":["chefmod:Gelato","chefmod:LiquidNitrogen","chefmod:DimSum"],"picked":"SKIP","floor":8.0},{"not_picked":["chefmod:SliceAndDice","chefmod:NoSoupForYou"],"picked":"chefmod:CuttingBoard","floor":11.0},{"not_picked":["chefmod:Sorbet","chefmod:FryPan"],"picked":"chefmod:Ratatouille","floor":13.0},{"not_picked":["chefmod:Fillet","chefmod:CleanHouse","chefmod:IcePick"],"picked":"SKIP","floor":15.0},{"not_picked":["chefmod:DeathByChocolate","chefmod:BananaSplit"],"picked":"chefmod:Tenderizer","floor":17}],"player_experience":1587129,"relics_obtained":[{"floor":10.0,"key":"The Courier"},{"floor":11.0,"key":"Bird Faced Urn"},{"floor":15.0,"key":"HollowMod:StagPassRelic"}],"event_choices":[{"cards_removed":["chefmod:Tenderizer"],"damage_healed":0.0,"max_hp_gain":0.0,"max_hp_loss":0.0,"gold_gain":0.0,"event_name":"betterNote:BetterNote","player_choice":"Take \u0026 Give","floor":9.0,"gold_loss":0.0,"damage_taken":0.0,"cards_obtained":["Shade:SpectralStrikes"]}],"is_beta":false,"boss_relics":[{"not_picked":["Honey Jar","Calling Bell"],"picked":"jedi:paperlyon"}],"items_purged_floors":[3],"is_endless":false,"potions_floor_spawned":[6,13,17,19],"killed_by":"3 Byrds","ascension_level":2}}