{"host":"6to0pdz5g3mubtyg","time":1608439997,"event":{"mods":["Act Like it!","Aspiration","BaseMod","BetterRewards","Colored Map","Energized Spire","Hallownest","Highlight Path","Infinite Spire","Jorbs\u0027s Wanderer Trilogy","Minty Spire (QoL Compilation)","Shade Mod","StSLib","The Animator","The Blue Laboratory","The Bug Knight"],"gold_per_floor":[110,285,285,62,62,62,92,92,92,105,30,57,57,77,77,180,130,130],"floor_reached":17,"playtime":746,"items_purged":["Strike_B"],"score":195,"play_id":"1632a3f2-9c42-47e0-a0f6-bbc63865d114","local_time":"20201219215317","is_ascension_mode":true,"campfire_choices":[{"data":"Tempest","floor":6,"key":"SMITH"},{"data":"infinitespire:Neurotoxin","floor":8,"key":"SMITH"},{"floor":13,"key":"REST"},{"floor":15,"key":"REST"}],"circlet_count":0,"master_deck":["Strike_B","Strike_B","Strike_B","Defend_B+1","Zap+1","Dualcast","Coolheaded","Doubt","Venomology","Deadly Poison","infinitespire:Neurotoxin+1","Tempest","Consume","Auto Shields","Buffer","Strike_B","Static Discharge"],"relics":["Cracked Core","NeowsBlessing","Chemical X","Bag of Marbles","aspiration:StickyExplosives_weak","Ornamental Fan","energizedSpire:HugeHouse"],"acts_visited":["Exordium","TheCity"],"potions_floor_usage":[16,16],"damage_taken":[{"damage":0,"enemies":"2 Louse","floor":1,"turns":1},{"damage":0,"enemies":"Lagavulin","floor":7,"turns":1},{"damage":0,"enemies":"Small Slimes","floor":10,"turns":1},{"damage":18,"enemies":"Gremlin Nob","floor":12,"turns":3},{"damage":9,"enemies":"Jaw Worm","floor":14,"turns":2},{"damage":20,"enemies":"Slime Boss","floor":16,"turns":10}],"seed_played":"-8123733109214266176","potions_obtained":[{"floor":1,"key":"AttackPotion"},{"floor":12,"key":"blueLaboratory:HorrorPotion"}],"is_trial":false,"path_per_floor":["M","?","?","$","?","R","E","R","T","M","$","E","R","M","R","B",null],"character_chosen":"DEFECT","items_purchased":["Chemical X","Tempest"],"campfire_rested":2,"item_purchase_floors":[4,4],"current_hp_per_floor":[75,75,75,75,60,60,60,60,60,60,60,42,64,55,75,55,70,70],"gold":130,"neow_bonus":"THREE_ENEMY_KILL","is_daily":false,"chose_seed":false,"campfire_upgraded":2,"win_rate":0.0,"timestamp":1608439997,"path_taken":["M","?","?","$","?","R","E","R","T","M","?","E","R","M","R","BOSS"],"items_purchased_type":["Relic","Card"],"build_version":"2020-12-13","purchased_purges":1,"victory":false,"max_hp_per_floor":[75,75,75,75,75,75,75,75,75,75,75,75,75,75,75,75,70,70],"card_choices":[{"not_picked":["Beam Cell","Stack"],"picked":"Coolheaded","floor":1},{"not_picked":["Force Field","Steam"],"picked":"Tempest","floor":7},{"not_picked":["Steam","Leap"],"picked":"Consume","floor":10},{"not_picked":["Reboot","Sunder"],"picked":"Auto Shields","floor":12},{"not_picked":["Stack","Sweeping Beam","Compile Driver"],"picked":"SKIP","floor":14},{"not_picked":["Meteor Strike","Core Surge"],"picked":"Buffer","floor":16}],"player_experience":195875,"relics_obtained":[{"floor":7,"key":"Bag of Marbles"},{"floor":9,"key":"aspiration:StickyExplosives_weak"},{"floor":12,"key":"Ornamental Fan"}],"event_choices":[{"damage_healed":0,"gold_gain":175,"player_choice":"AGREE","damage_taken":0,"max_hp_gain":0,"max_hp_loss":0,"event_name":"Liars Game","floor":2,"gold_loss":0,"cards_obtained":["Doubt"]},{"damage_healed":0,"gold_gain":0,"player_choice":"Entered Light","damage_taken":15,"max_hp_gain":0,"max_hp_loss":0,"event_name":"Shining Light","floor":5,"gold_loss":0,"cards_upgraded":["Defend_B","Zap"]}],"is_beta":false,"boss_relics":[{"not_picked":["energizedSpire:SpiderWeb","energizedSpire:CursedPentagram"],"picked":"energizedSpire:HugeHouse"}],"items_purged_floors":[11],"is_endless":false,"potions_floor_spawned":[1,12],"ascension_level":1}}