{"host":"6jxiafzta1a1kcvk","time":1608477354,"event":{"mods":["Act Like it!","BaseMod","Conspire","Hubris","Hunter ¡‘»À","Jorbs\u0027s Wanderer Trilogy","Minty Spire (QoL Compilation)","Replay The Spire","Spicy Shops","StSLib","SuperFastMode","The Hayseed","The Mystic","vexMod"],"gold_per_floor":[116,116,129,143,67,67,67],"floor_reached":6,"playtime":331,"items_purged":[],"score":36,"play_id":"db7feabd-0997-47be-b2ef-8cb07a27ee50","local_time":"20201220231554","is_ascension_mode":false,"campfire_choices":[],"circlet_count":0,"master_deck":["stsjorbsmod:ForbiddenGrimoire+1","stsjorbsmod:Strike_Wanderer","stsjorbsmod:Strike_Wanderer","stsjorbsmod:Strike_Wanderer","stsjorbsmod:Strike_Wanderer","stsjorbsmod:Defend_Wanderer","stsjorbsmod:Defend_Wanderer","stsjorbsmod:Defend_Wanderer","stsjorbsmod:Defend_Wanderer","stsjorbsmod:FreshAdventure","stsjorbsmod:EyeOfTheStorm","stsjorbsmod:Entangle","stsjorbsmod:Hibernate","stsjorbsmod:RefuseToForget","stsjorbsmod:FindFamiliar"],"relics":["stsjorbsmod:GrimoireRelic","Juzu Bracelet","conspire:GiftBox"],"acts_visited":["Exordium"],"potions_floor_usage":[],"damage_taken":[{"damage":0,"enemies":"Small Slimes","floor":1,"turns":3},{"damage":1,"enemies":"Jaw Worm","floor":3,"turns":3},{"damage":0,"enemies":"2 Louse","floor":4,"turns":2},{"damage":88,"enemies":"Gremlin Nob","floor":6,"turns":6}],"seed_played":"-5480309726030758470","potions_obtained":[{"floor":3,"key":"FearPotion"},{"floor":4,"key":"Toxic Potion"}],"is_trial":false,"path_per_floor":["M","?","M","M","$","E"],"character_chosen":"WANDERER","items_purchased":["stsjorbsmod:FindFamiliar"],"campfire_rested":0,"item_purchase_floors":[5],"current_hp_per_floor":[68,68,67,68,68,0,0],"gold":67,"neow_bonus":"RANDOM_COMMON_RELIC","is_daily":false,"chose_seed":false,"campfire_upgraded":0,"win_rate":0.0,"timestamp":1608477354,"path_taken":["M","?","M","M","$","E"],"items_purchased_type":["Card"],"build_version":"2020-12-13","purchased_purges":0,"victory":false,"max_hp_per_floor":[68,68,68,68,68,68,68],"card_choices":[{"not_picked":["stsjorbsmod:FaerieFire","stsjorbsmod:ScorchingRay"],"picked":"stsjorbsmod:Index","floor":1},{"not_picked":["stsjorbsmod:Fear","stsjorbsmod:Determination"],"picked":"stsjorbsmod:Entangle","floor":2},{"not_picked":["stsjorbsmod:ParryingBlow","stsjorbsmod:DoubleCheck"],"picked":"stsjorbsmod:Hibernate","floor":3},{"not_picked":["stsjorbsmod:Firebolt","stsjorbsmod:Will"],"picked":"stsjorbsmod:RefuseToForget","floor":4}],"player_experience":60064,"relics_obtained":[],"event_choices":[{"cards_removed":["stsjorbsmod:Index"],"damage_healed":0,"gold_gain":0,"player_choice":"Gave Card","damage_taken":0,"relics_obtained":["conspire:GiftBox"],"max_hp_gain":0,"max_hp_loss":0,"event_name":"WeMeetAgain","floor":2,"gold_loss":0}],"is_beta":false,"boss_relics":[],"items_purged_floors":[],"is_endless":false,"potions_floor_spawned":[3,4],"killed_by":"Gremlin Nob","ascension_level":0}}