{"host":"svab9sudlrudptws","time":1608500422,"event":{"mods":["BaseMod","Colored Powertips","Minty Spire (QoL Compilation)","Robot Space Explorer","Shade Mod","StSLib","The Blackbeard","The Mystic","The Necromancer","The Poker Player","The Servant 0.9.4"],"gold_per_floor":[359,359,359,372,41,41,76,76,101,112,112,129,141,173,173,269,269,285,298,153,153,164,189,189,222,248,265,282,292,292,321,321,424,424,435,145,200,210,227,253,253,103,103,153,28,53,64,75,75,75,75,75,12,47,47],"floor_reached":56,"playtime":5787,"items_purged":["Pain","RobotSpaceExplorer:Strike","Pain"],"score":1417,"play_id":"4181d7cf-2869-4019-9345-ce513d4dcbe4","local_time":"20201220234022","is_ascension_mode":true,"campfire_choices":[{"data":"RobotSpaceExplorer:PowerCollector","floor":6,"key":"SMITH"},{"floor":8,"key":"REST"},{"floor":11,"key":"REST"},{"floor":15,"key":"REST"},{"floor":24,"key":"REST"},{"floor":30,"key":"REST"},{"floor":32,"key":"REST"},{"floor":41,"key":"RECALL"},{"floor":49,"key":"REST"},{"floor":52,"key":"REST"}],"circlet_count":0,"master_deck":["RobotSpaceExplorer:Strike+1","RobotSpaceExplorer:Strike","RobotSpaceExplorer:Defend","RobotSpaceExplorer:Defend","RobotSpaceExplorer:Defend","RobotSpaceExplorer:Defend","RobotSpaceExplorer:Scan","RobotSpaceExplorer:MiniLasers","RobotSpaceExplorer:SurgingStrike","RobotSpaceExplorer:BlastShield","RobotSpaceExplorer:Blitz","RobotSpaceExplorer:PowerCollector+1","RobotSpaceExplorer:LuckyStrike+1","RobotSpaceExplorer:MiniDrones","RobotSpaceExplorer:Discharger","RobotSpaceExplorer:Discharger","RobotSpaceExplorer:Autoloader","RobotSpaceExplorer:ScrapMissile","RobotSpaceExplorer:LuckyStrike","RobotSpaceExplorer:ImprovisedAttack","RobotSpaceExplorer:Blaster","RobotSpaceExplorer:Blitz","RobotSpaceExplorer:ScrapMissile","RobotSpaceExplorer:TrailblazerForm","RobotSpaceExplorer:GearShield","RobotSpaceExplorer:Fix+1","RobotSpaceExplorer:GlueShot+1","RobotSpaceExplorer:StarLightning+1","RobotSpaceExplorer:GlueShot","RobotSpaceExplorer:Pulsar","RobotSpaceExplorer:Pulsar"],"relics":["RobotSpaceExplorer:RoboCore","WarpedTongs","RobotSpaceExplorer:SlideRule","Blood Vial","MealTicket","Juzu Bracelet","Fusion Hammer","Happy Flower","CaptainsWheel","Whetstone","RobotSpaceExplorer:ClockworkSextant","Akabeko","Art of War","Cursed Key","Membership Card","Bag of Marbles","Prayer Wheel","FossilizedHelix","Toy Ornithopter","Bag of Preparation","Du-Vu Doll","Potion Belt","Unceasing Top","Mango"],"acts_visited":["Exordium","TheCity","TheBeyond","TheEnding"],"potions_floor_usage":[19,23,23,28,31,33,35,54,54,55,55,55,55,55,55],"damage_taken":[{"damage":0,"enemies":"2 Louse","floor":1,"turns":2},{"damage":2,"enemies":"Jaw Worm","floor":4,"turns":4},{"damage":40,"enemies":"Gremlin Nob","floor":7,"turns":5},{"damage":0,"enemies":"Cultist","floor":10,"turns":3},{"damage":1,"enemies":"3 Louse","floor":12,"turns":3},{"damage":0,"enemies":"Exordium Wildlife","floor":13,"turns":3},{"damage":15,"enemies":"Lagavulin","floor":14,"turns":6},{"damage":16,"enemies":"The Guardian","floor":16,"turns":11},{"damage":17,"enemies":"Spheric Guardian","floor":18,"turns":4},{"damage":5,"enemies":"2 Thieves","floor":19,"turns":4},{"damage":1,"enemies":"Sentry and Sphere","floor":22,"turns":5},{"damage":46,"enemies":"Slavers","floor":23,"turns":6},{"damage":24,"enemies":"Book of Stabbing","floor":25,"turns":5},{"damage":19,"enemies":"Snake Plant","floor":27,"turns":4},{"damage":2,"enemies":"Centurion and Healer","floor":28,"turns":4},{"damage":0,"enemies":"Cultist and Chosen","floor":29,"turns":4},{"damage":16,"enemies":"Slavers","floor":31,"turns":4},{"damage":21,"enemies":"Champ","floor":33,"turns":9},{"damage":2,"enemies":"3 Shapes","floor":35,"turns":5},{"damage":33,"enemies":"2 Orb Walkers","floor":37,"turns":5},{"damage":0,"enemies":"Orb Walker","floor":38,"turns":2},{"damage":5,"enemies":"Spire Growth","floor":39,"turns":4},{"damage":9,"enemies":"Giant Head","floor":40,"turns":6},{"damage":0,"enemies":"Mind Bloom Boss Battle","floor":44,"turns":2},{"damage":28,"enemies":"Reptomancer","floor":46,"turns":5},{"damage":11,"enemies":"4 Shapes","floor":47,"turns":5},{"damage":4,"enemies":"Maw","floor":48,"turns":5},{"damage":21,"enemies":"Awakened One","floor":50,"turns":10},{"damage":48,"enemies":"Shield and Spear","floor":54,"turns":7},{"damage":77,"enemies":"The Heart","floor":55,"turns":10}],"seed_played":"-5904965652916758749","potions_obtained":[{"floor":10,"key":"Block Potion"},{"floor":12,"key":"PowerPotion"},{"floor":13,"key":"SpeedPotion"},{"floor":22,"key":"SneckoOil"},{"floor":23,"key":"Swift Potion"},{"floor":25,"key":"GamblersBrew"},{"floor":28,"key":"FearPotion"},{"floor":31,"key":"Explosive Potion"},{"floor":37,"key":"LiquidMemories"},{"floor":38,"key":"Weak Potion"},{"floor":40,"key":"Swift Potion"},{"floor":48,"key":"PowerPotion"}],"is_trial":false,"path_per_floor":["M","?","?","M","$","R","E","R","T","M","R","M","M","E","R","B",null,"M","M","$","?","M","E","R","E","T","M","M","M","R","E","R","B",null,"M","$","?","M","M","E","R","$","T","?","$","E","M","M","R","B",null,"R","$","E","B",null],"character_chosen":"RobotSpaceExplorer","items_purchased":["RobotSpaceExplorer:Blitz","RobotSpaceExplorer:SlideRule","RobotSpaceExplorer:PowerCollector","Happy Flower","Membership Card","Bag of Marbles","RobotSpaceExplorer:GearShield","Toy Ornithopter","Bag of Preparation","Potion Belt","EntropicBrew"],"campfire_rested":8,"item_purchase_floors":[5,5,5,20,36,36,36,42,42,45,45],"current_hp_per_floor":[54,54,54,52,52,52,12,34,34,36,58,59,61,48,70,56,75,58,55,70,63,64,20,42,20,20,3,3,5,27,13,35,16,75,73,75,42,44,47,46,46,61,61,63,75,53,44,48,70,57,75,75,75,52,7],"gold":47,"neow_bonus":"TWO_FIFTY_GOLD","is_daily":false,"chose_seed":false,"campfire_upgraded":1,"win_rate":0.0,"timestamp":1608500422,"path_taken":["M","?","?","M","$","R","E","R","T","M","R","?","M","E","R","BOSS","M","M","$","?","M","E","R","E","T","M","M","M","R","E","R","BOSS","M","$","?","M","M","E","R","$","T","?","?","E","M","M","R","BOSS","R","$","E","BOSS"],"items_purchased_type":["Card","Relic","Card","Relic","Relic","Relic","Card","Relic","Relic","Relic","Potion"],"build_version":"2020-12-13","purchased_purges":3,"victory":true,"max_hp_per_floor":[75,75,75,75,75,75,75,75,75,75,75,75,75,75,75,75,75,75,75,75,75,75,75,75,75,75,75,75,75,75,75,75,75,75,75,75,75,75,75,75,75,75,75,75,75,75,75,75,75,75,75,75,75,89,89],"card_choices":[{"not_picked":["RobotSpaceExplorer:Calculate","RobotSpaceExplorer:GlueSpray"],"picked":"RobotSpaceExplorer:SurgingStrike","floor":1},{"not_picked":["RobotSpaceExplorer:Ammunition","RobotSpaceExplorer:Electropulse","RobotSpaceExplorer:Counterblock"],"picked":"SKIP","floor":4},{"not_picked":["RobotSpaceExplorer:MetalStrike","RobotSpaceExplorer:BigMissile"],"picked":"RobotSpaceExplorer:LuckyStrike","floor":7},{"not_picked":["RobotSpaceExplorer:FranticSearch","RobotSpaceExplorer:StunGrenade"],"picked":"RobotSpaceExplorer:MiniDrones","floor":10},{"not_picked":["RobotSpaceExplorer:HighVoltage","RobotSpaceExplorer:ImprovisedAttack","RobotSpaceExplorer:StunGrenade"],"picked":"SKIP","floor":12},{"not_picked":["RobotSpaceExplorer:LaserBurst","RobotSpaceExplorer:ScrapToss"],"picked":"RobotSpaceExplorer:Discharger","floor":13},{"not_picked":["RobotSpaceExplorer:Counterblock","RobotSpaceExplorer:DoubleFind"],"picked":"RobotSpaceExplorer:Discharger","floor":14},{"not_picked":["RobotSpaceExplorer:BlastShield","RobotSpaceExplorer:Explosion"],"picked":"RobotSpaceExplorer:Autoloader","floor":16},{"not_picked":["RobotSpaceExplorer:ShovelStrike","RobotSpaceExplorer:Ammunition","RobotSpaceExplorer:ToxicBomb"],"picked":"SKIP","floor":18},{"not_picked":["RobotSpaceExplorer:Pulsar","RobotSpaceExplorer:BigMissile"],"picked":"RobotSpaceExplorer:ScrapMissile","floor":19},{"not_picked":["RobotSpaceExplorer:GlueShot","RobotSpaceExplorer:Jetpack","RobotSpaceExplorer:MakeshiftVolley"],"picked":"SKIP","floor":22},{"not_picked":["RobotSpaceExplorer:DroneSwarm","RobotSpaceExplorer:SurgingShield"],"picked":"RobotSpaceExplorer:LuckyStrike","floor":23},{"not_picked":["RobotSpaceExplorer:DoubleBlock","RobotSpaceExplorer:MetalStrike+1"],"picked":"RobotSpaceExplorer:ImprovisedAttack","floor":25},{"not_picked":["RobotSpaceExplorer:SlimeMissile","RobotSpaceExplorer:FrostMissile+1"],"picked":"RobotSpaceExplorer:Blaster","floor":27},{"not_picked":["RobotSpaceExplorer:Ammunition","RobotSpaceExplorer:Probe"],"picked":"RobotSpaceExplorer:Blitz","floor":28},{"not_picked":["RobotSpaceExplorer:Probe","RobotSpaceExplorer:Smokescreen"],"picked":"RobotSpaceExplorer:ScrapMissile","floor":29},{"not_picked":["RobotSpaceExplorer:ExhaustFan","RobotSpaceExplorer:MakeshiftVolley","RobotSpaceExplorer:Comet"],"picked":"SKIP","floor":31},{"not_picked":["RobotSpaceExplorer:ShockMissile","RobotSpaceExplorer:BlastShield"],"picked":"RobotSpaceExplorer:TrailblazerForm","floor":33},{"not_picked":["RobotSpaceExplorer:FranticSearch","RobotSpaceExplorer:DoubleFind","RobotSpaceExplorer:Ammunition"],"picked":"SKIP","floor":35},{"not_picked":["RobotSpaceExplorer:ShovelStrike","RobotSpaceExplorer:FrostMissile+1"],"picked":"RobotSpaceExplorer:Fix+1","floor":38},{"not_picked":["RobotSpaceExplorer:SurgingShield+1","RobotSpaceExplorer:HighVoltage","RobotSpaceExplorer:IronShell+1"],"picked":"SKIP","floor":38},{"not_picked":["RobotSpaceExplorer:SurgingStrike+1","RobotSpaceExplorer:MetalStrike+1"],"picked":"RobotSpaceExplorer:GlueShot+1","floor":39},{"not_picked":["RobotSpaceExplorer:StunGrenade+1","RobotSpaceExplorer:Counterblock","RobotSpaceExplorer:SelfCleaning+1"],"picked":"SKIP","floor":39},{"not_picked":["RobotSpaceExplorer:PowerGlove+1","RobotSpaceExplorer:ImprovisedAttack","RobotSpaceExplorer:StarDust"],"picked":"SKIP","floor":40},{"not_picked":["RobotSpaceExplorer:Counterblock","RobotSpaceExplorer:ShovelStrike"],"picked":"RobotSpaceExplorer:StarLightning+1","floor":44},{"not_picked":["RobotSpaceExplorer:PowerGlove","RobotSpaceExplorer:Blitz"],"picked":"RobotSpaceExplorer:GlueShot","floor":46},{"not_picked":["RobotSpaceExplorer:SurgingStrike","RobotSpaceExplorer:Counterblock","RobotSpaceExplorer:StunGrenade+1"],"picked":"SKIP","floor":47},{"not_picked":["RobotSpaceExplorer:HighVoltage","RobotSpaceExplorer:DoubleFind","RobotSpaceExplorer:Counterblock"],"picked":"SKIP","floor":47},{"not_picked":["RobotSpaceExplorer:FranticSearch","RobotSpaceExplorer:Fix+1"],"picked":"RobotSpaceExplorer:Pulsar","floor":48},{"not_picked":["RobotSpaceExplorer:SurgingShield+1","RobotSpaceExplorer:Counterblock+1"],"picked":"RobotSpaceExplorer:Pulsar","floor":48},{"not_picked":["RobotSpaceExplorer:Probe+1","RobotSpaceExplorer:ShockKick+1","RobotSpaceExplorer:ScrapMissile"],"picked":"SKIP","floor":54}],"player_experience":1619278,"relics_obtained":[{"floor":7,"key":"Blood Vial"},{"floor":9,"key":"MealTicket"},{"floor":14,"key":"Juzu Bracelet"},{"floor":23,"key":"Whetstone"},{"floor":25,"key":"RobotSpaceExplorer:ClockworkSextant"},{"floor":26,"key":"Akabeko"},{"floor":31,"key":"Art of War"},{"floor":37,"key":"Prayer Wheel"},{"floor":40,"key":"FossilizedHelix"},{"floor":44,"key":"Du-Vu Doll"},{"floor":46,"key":"Unceasing Top"},{"floor":54,"key":"Mango"}],"event_choices":[{"damage_healed":0,"gold_gain":0,"cards_transformed":["RobotSpaceExplorer:Strike"],"player_choice":"Change","damage_taken":0,"max_hp_gain":0,"max_hp_loss":0,"event_name":"Living Wall","floor":2,"gold_loss":0,"cards_obtained":["RobotSpaceExplorer:BlastShield"]},{"damage_healed":0,"gold_gain":0,"player_choice":"Rummage","damage_taken":0,"relics_obtained":["WarpedTongs"],"max_hp_gain":0,"max_hp_loss":0,"event_name":"Accursed Blacksmith","floor":3,"gold_loss":0,"cards_obtained":["Pain"]},{"damage_healed":0,"gold_gain":0,"player_choice":"CaptainsWheel","damage_taken":0,"relics_obtained":["CaptainsWheel"],"max_hp_gain":0,"max_hp_loss":0,"event_name":"blackbeard:ShipwreckEvent","floor":21,"gold_loss":0},{"damage_healed":0,"gold_gain":0,"player_choice":"Fight","damage_taken":0,"max_hp_gain":0,"max_hp_loss":0,"event_name":"Mysterious Sphere","floor":37,"gold_loss":0},{"damage_healed":0,"gold_gain":0,"player_choice":"Fight","damage_taken":0,"max_hp_gain":0,"max_hp_loss":0,"event_name":"MindBloom","floor":44,"gold_loss":0}],"is_beta":false,"boss_relics":[{"not_picked":["Velvet Choker","RobotSpaceExplorer:Reprocessor"],"picked":"Fusion Hammer"},{"not_picked":["RobotSpaceExplorer:SearchSpecs","Philosopher\u0027s Stone"],"picked":"Cursed Key"}],"items_purged_floors":[5,36,53],"is_endless":false,"potions_floor_spawned":[10,12,13,22,23,25,28,31,37,38,40,48],"ascension_level":4}}