{"host":"2bb43zy5ktuvl8oc","time":1608448903,"event":{"mods":["Act Like it!","BaseMod","Downfall","Gensokyo","Hermit","Koishi","Luminous","Marisa（F雨　魔理沙）","Minty Spire (QoL Compilation)","Remilia（蕾米莉亚）","Replay The Spire","Shop Mod","StSLib","The Administrix","The Animator","The Bug Knight","The Cursed","The Hierophant","The Mystic","The Runesmith","The Senshi","The Servant 0.9.4","Youmu（魂魄妖梦）","Yuyuko","【东方二次创作】八云紫mod"],"gold_per_floor":[110,201,216,24,24,24,39,39,65,65,35,35,53,78,78,180,180,193,243,243,268,92,136,151,151,151,175,206,229,229,250,250,371,371,396,396,103,122,185,185,218,218,241,241,241],"floor_reached":44,"playtime":3741,"items_purged":["Doubt","Replay:Hysterical Blindness"],"score":499,"play_id":"b50f87b8-f6a6-4da1-82f3-d51c76b405f6","local_time":"20201220152143","is_ascension_mode":false,"campfire_choices":[{"data":"Luminous:Accumulation_Luminous","floor":6,"key":"SMITH"},{"data":"Luminous:Lunar_Tide_Luminous","floor":8,"key":"SMITH"},{"data":"Luminous:Photic_Meditation_Luminous","floor":12,"key":"SMITH"},{"data":"Luminous:Light_Glare","floor":12,"key":"SMITH"},{"data":"Luminous:Light_Glare","floor":15,"key":"SMITH"},{"data":"Luminous:Light_Ray_of_Redemption","floor":15,"key":"SMITH"},{"data":"Luminous:Freud_Wisdom1_Luminous","floor":25,"key":"SMITH"},{"data":"Luminous:Light_Glare","floor":25,"key":"SMITH"},{"data":"Luminous:Erosion_Luminous","floor":30,"key":"SMITH"},{"data":"Luminous:Light_Gather","floor":30,"key":"SMITH"},{"floor":32,"key":"RECALL"},{"data":"Luminous:Dusk_Guard_Luminous","floor":40,"key":"SMITH"},{"data":"Luminous:Freud_Wisdom1_Luminous","floor":40,"key":"SMITH"},{"data":"Luminous:Switch_Luminous","floor":42,"key":"SMITH"},{"data":"Luminous:Accumulation_Luminous","floor":42,"key":"SMITH"}],"circlet_count":0,"master_deck":["Luminous:Light_Flash_Shower","Luminous:Light_Flash_Shower","Luminous:Light_Flash_Shower","Luminous:Dark_Abyssal_Drop","Luminous:Dark_Abyssal_Drop","Luminous:Defend_Luminous","Luminous:Defend_Luminous","Luminous:Defend_Luminous","Luminous:Defend_Luminous","Luminous:Switch_Luminous+1","Luminous:Accumulation_Luminous+1","Luminous:Lunar_Tide_Luminous+1","Luminous:Photic_Meditation_Luminous+1","Apotheosis+1","Luminous:Light_Glare+1","Luminous:Light_Glare+1","Luminous:Light_Gather+1","Luminous:Light_Ray_of_Redemption+1","Luminous:Erosion_Luminous+1","Luminous:Dark_Raid+1","Luminous:Light_Glare+1","Luminous:Freud_Wisdom1_Luminous+1","Luminous:Accumulation_Luminous+1","CommonCold","ReplayTheSpireMod:Splinters","Luminous:Abyss_Heart_Luminous+1","Luminous:Freud_Wisdom1_Luminous+1","Luminous:Photic_Meditation_Luminous+1","Luminous:Dusk_Guard_Luminous+1","CommonCold","Luminous:Magic_Boost_Luminous+1","Decay"],"relics":["Luminous:MirrorRelic","NeowsBlessing","Bag of Preparation","Blood Vial","Replay:Arrowhead","theSenshi:SailorFukuRelic","Replay:Grab Bag","Cursed Key","Coffee Dripper","Runic Pyramid","Black Star","Ring of Greed","Golden Idol","Smiling Mask","Incense Burner","InkBottle","Replay:Bottled Steam","Question Card","Replay:Bronze Core","Singing Bowl","BranchBurnRelic","Runesmith:Locket","Snack Pack","Regal Pillow"],"acts_visited":["Exordium","TheCity","TheBeyond"],"potions_floor_usage":[16,39,44],"damage_taken":[{"damage":0,"enemies":"2 Louse","floor":1,"turns":1},{"damage":0,"enemies":"Small Slimes","floor":3,"turns":1},{"damage":0,"enemies":"Jaw Worm","floor":7,"turns":1},{"damage":2,"enemies":"Looter","floor":11,"turns":4},{"damage":11,"enemies":"3 Louse","floor":13,"turns":2},{"damage":12,"enemies":"Gremlin Nob","floor":14,"turns":4},{"damage":15,"enemies":"The Guardian","floor":16,"turns":10},{"damage":0,"enemies":"Chosen","floor":18,"turns":5},{"damage":0,"enemies":"Centurion and Healer","floor":21,"turns":4},{"damage":4,"enemies":"Book of Stabbing","floor":23,"turns":6},{"damage":6,"enemies":"3 Cultists","floor":24,"turns":5},{"damage":2,"enemies":"Snake Plant","floor":27,"turns":7},{"damage":0,"enemies":"HollowMod:Nosk","floor":28,"turns":8},{"damage":1,"enemies":"Snecko","floor":29,"turns":5},{"damage":2,"enemies":"Centurion and Healer","floor":31,"turns":7},{"damage":6,"enemies":"Champ","floor":33,"turns":9},{"damage":28,"enemies":"3 Darklings","floor":35,"turns":10},{"damage":2,"enemies":"Orb Walker","floor":38,"turns":5},{"damage":6,"enemies":"Mind Bloom Boss Battle","floor":39,"turns":7},{"damage":1,"enemies":"Giant Head","floor":41,"turns":10},{"damage":125,"enemies":"2 Orb Walkers","floor":44,"turns":8}],"seed_played":"-6059584471218796455","potions_obtained":[{"floor":13,"key":"Weak Potion"},{"floor":21,"key":"GamblersBrew"},{"floor":28,"key":"Fire Potion"},{"floor":31,"key":"Energy Potion"},{"floor":38,"key":"PowerPotion"},{"floor":39,"key":"LiquidMemories"}],"is_trial":false,"path_per_floor":["M","?","M","$","?","R","M","R","T","T","M","R","M","E","R","B",null,"M","?","?","M","$","E","M","R","T","M","E","M","R","M","R","B",null,"M","?","$","M","?","R","E","R","T","?"],"character_chosen":"LuminousClass","items_purchased":["Apotheosis","Luminous:Freud_Wisdom1_Luminous","Luminous:Accumulation_Luminous","Singing Bowl"],"campfire_rested":0,"item_purchase_floors":[4,22,22,37],"current_hp_per_floor":[75,57,57,57,57,57,57,57,57,57,57,57,51,44,44,41,75,75,75,75,75,75,74,75,75,75,75,75,75,75,75,75,75,75,51,51,51,70,72,72,77,77,77,0,0],"gold":241,"neow_bonus":"THREE_ENEMY_KILL","is_daily":false,"chose_seed":false,"campfire_upgraded":14,"win_rate":0.0,"timestamp":1608448903,"path_taken":["M","?","M","$","?","R","M","R","T","?","M","R","M","E","R","BOSS","M","?","?","M","$","E","M","R","T","M","E","M","R","M","R","BOSS","M","?","$","M","?","R","E","R","T","?"],"items_purchased_type":["Card","Card","Card","Relic"],"build_version":"2020-12-13","purchased_purges":2,"victory":false,"max_hp_per_floor":[75,75,75,75,75,75,75,75,75,75,75,75,75,75,75,75,75,75,75,75,75,75,75,75,75,75,75,75,75,75,75,75,75,75,75,75,75,75,75,75,77,77,77,77,77],"card_choices":[{"not_picked":["Luminous:Light_Gather","Luminous:Magic_Boost_Luminous"],"picked":"Luminous:Accumulation_Luminous","floor":1},{"not_picked":["Luminous:Accumulation_Luminous","Luminous:Dark_Moonlight_Spear"],"picked":"Luminous:Lunar_Tide_Luminous","floor":2},{"not_picked":["Luminous:Concentrate_Luminous","Luminous:Accumulation_Luminous"],"picked":"Luminous:Photic_Meditation_Luminous","floor":3},{"not_picked":["Luminous:Accumulation_Luminous","Luminous:Light_Disperse"],"picked":"Luminous:Light_Glare","floor":7},{"not_picked":["Luminous:Dark_Raid","Luminous:Light_Gather"],"picked":"Luminous:Light_Glare","floor":11},{"not_picked":["Luminous:Tune_Luminous","Luminous:Light_Wash_Luminous"],"picked":"Luminous:Light_Gather","floor":13},{"not_picked":["Luminous:Concentrate_Luminous","Luminous:Light_Disperse"],"picked":"Luminous:Light_Ray_of_Redemption","floor":14},{"not_picked":["Luminous:Arcane_Rage_Luminous","Luminous:Ethereal_Form_Luminous"],"picked":"Luminous:Erosion_Luminous","floor":16},{"not_picked":["Luminous:Sympathy_Luminous+1","Luminous:Magic_Accelerate_Luminous+1"],"picked":"Luminous:Dark_Raid+1","floor":18},{"not_picked":["Luminous:Blinding_Pillar_Luminous","Luminous:Darks_Surge_Luminous+1","Luminous:Light_Disperse"],"picked":"SKIP","floor":21},{"not_picked":["Luminous:Light_Wash_Luminous","Luminous:Dark_Raid","Luminous:Balance_Ender"],"picked":"SKIP","floor":23},{"not_picked":["Luminous:Darkness_Mastery_Luminous","Luminous:Hero_Will_Luminous","Luminous:Dark_Dim_Erosion+1"],"picked":"SKIP","floor":24},{"not_picked":["Luminous:Light_Wash_Luminous","Luminous:Light_Ray_of_Redemption"],"picked":"Luminous:Abyss_Heart_Luminous+1","floor":27},{"not_picked":["Luminous:Equalize_Luminous","Luminous:Light_Gather","Luminous:Concentrate_Luminous+1"],"picked":"SKIP","floor":28},{"not_picked":["Luminous:Mana_Well_Luminous","Luminous:Dark_Pressure_Void","Luminous:Blinding_Pillar_Luminous","Luminous:Concentrate_Luminous"],"picked":"SKIP","floor":29},{"not_picked":["Luminous:Light_Sylvan_Lance","Luminous:Light_Track+1","Luminous:Dark_Pressure_Void","Luminous:Dark_Extract+1"],"picked":"SKIP","floor":31},{"not_picked":["Luminous:Balance_Aether_Conduit","Luminous:Date_of_Light_Luminous","Luminous:Armageddon_Luminous"],"picked":"Luminous:Freud_Wisdom1_Luminous","floor":33},{"not_picked":["Luminous:Fast_Spell_Luminous","Luminous:Dark_Pressure_Void+1","Luminous:Light_Reflection"],"picked":"Luminous:Photic_Meditation_Luminous+1","floor":35},{"not_picked":["Luminous:Concentrate_Luminous","Luminous:Dark_Apocalypse","Luminous:Sympathy_Luminous+1"],"picked":"Luminous:Dusk_Guard_Luminous","floor":38},{"not_picked":["Luminous:Light_Wash_Luminous","Luminous:Light_Disperse+1","Luminous:Concentrate_Luminous+1"],"picked":"Luminous:Magic_Boost_Luminous+1","floor":39},{"not_picked":["Luminous:Equalize_Luminous","Luminous:Mana_Overload_Luminous","Luminous:Light_Sylvan_Lance+1","Luminous:Concentrate_Luminous"],"picked":"Singing Bowl","floor":41}],"player_experience":438540,"relics_obtained":[{"floor":2,"key":"Bag of Preparation"},{"floor":9,"key":"Blood Vial"},{"floor":10,"key":"Replay:Arrowhead"},{"floor":14,"key":"theSenshi:SailorFukuRelic"},{"floor":19,"key":"Ring of Greed"},{"floor":19,"key":"Golden Idol"},{"floor":19,"key":"Smiling Mask"},{"floor":23,"key":"Incense Burner"},{"floor":23,"key":"InkBottle"},{"floor":28,"key":"Replay:Bottled Steam"},{"floor":28,"key":"Question Card"},{"floor":39,"key":"Dead Branch"},{"floor":41,"key":"Runesmith:Locket"},{"floor":41,"key":"Snack Pack"},{"floor":43,"key":"Regal Pillow"}],"event_choices":[{"damage_healed":0,"gold_gain":0,"player_choice":"Grow","damage_taken":0,"max_hp_gain":0,"max_hp_loss":0,"event_name":"Living Wall","floor":5,"gold_loss":0,"cards_upgraded":["Apotheosis"]},{"damage_healed":0,"gold_gain":0,"player_choice":"Read","damage_taken":0,"max_hp_gain":0,"max_hp_loss":0,"event_name":"The Library","floor":20,"gold_loss":0,"cards_obtained":["Luminous:Light_Glare"]},{"cards_removed":["Luminous:Dark_Abyssal_Drop"],"damage_healed":0,"gold_gain":0,"player_choice":"Removed Attack","damage_taken":0,"max_hp_gain":0,"max_hp_loss":0,"event_name":"Falling","floor":36,"gold_loss":0},{"damage_healed":0,"gold_gain":0,"player_choice":"Fight","damage_taken":0,"max_hp_gain":0,"max_hp_loss":0,"event_name":"MindBloom","floor":39,"gold_loss":0},{"damage_healed":0,"gold_gain":0,"player_choice":"Fight","damage_taken":0,"max_hp_gain":0,"max_hp_loss":0,"event_name":"Mysterious Sphere","floor":44,"gold_loss":0}],"is_beta":false,"boss_relics":[{"not_picked":["Calling Bell","Tiny House"],"picked":"Replay:Grab Bag"},{"not_picked":["ChewingGum","Busted Crown"],"picked":"Cursed Key"},{"not_picked":["Fusion Hammer","Velvet Choker"],"picked":"Coffee Dripper"},{"not_picked":["Pandora\u0027s Box","Kintsugi"],"picked":"Runic Pyramid"},{"not_picked":["Ring of Chaos","Empty Cage"],"picked":"Black Star"},{"not_picked":["Abe\u0027s Treasure","Runesmith:UraniumAnvil"],"picked":"Replay:Bronze Core"}],"items_purged_floors":[22,37],"is_endless":false,"potions_floor_spawned":[13,21,28,31,33,38,39],"killed_by":"2 Orb Walkers","ascension_level":0}}