{"host":"sh8ot41fo7a0kahq","time":1608442189,"event":{"mods":["ATMod(°¢èªMod)","BaseMod","Better Third Choice","Colored Powertips","Minty Spire (QoL Compilation)","Quick Restart","Spicy Shops","StSLib","UnlockEverythingMod","¡¾ÒÅÎï¿¨ÅÆ¡¿REMEMod"],"gold_per_floor":[114,128,203,203,153,185,185,201,201,201,217,217,253,272,272,272,272],"floor_reached":16,"playtime":206,"items_purged":[],"score":176,"play_id":"b0a53c16-3859-4ef6-a785-ccc76d8dc0ff","local_time":"20201220132949","is_ascension_mode":true,"campfire_choices":[{"data":"Dualcast","floor":7,"key":"SMITH"},{"data":"Coolheaded","floor":10,"key":"SMITH"},{"data":"Defragment","floor":15,"key":"SMITH"}],"circlet_count":0,"master_deck":["Strike_B","Strike_B","Defend_B","Defend_B","Defend_B","Defend_B","Zap","Dualcast+1","Alpha","Ball Lightning","Ball Lightning","Coolheaded+1","Defragment+1","Glacier"],"relics":["Cracked Core","AT_ATBox","REME_ComplimentaryCards","NeowsBlessing","TungstenRod","Turnip","Golden Idol","Blood Vial"],"acts_visited":["Exordium"],"potions_floor_usage":[13],"damage_taken":[{"damage":0.0,"enemies":"2 Louse","floor":1.0,"turns":1.0},{"damage":0.0,"enemies":"Small Slimes","floor":2.0,"turns":1.0},{"damage":0,"enemies":"3 Sentries","floor":6,"turns":2},{"damage":6,"enemies":"Jaw Worm","floor":8,"turns":2},{"damage":14,"enemies":"Exordium Thugs","floor":11,"turns":3},{"damage":19,"enemies":"Gremlin Nob","floor":13,"turns":4},{"damage":2,"enemies":"Blue Slaver","floor":14,"turns":2},{"damage":33,"enemies":"The Guardian","floor":16,"turns":2}],"seed_played":"8305005743204646009","potions_obtained":[{"floor":1.0,"key":"Fruit Juice"},{"floor":8,"key":"SteroidPotion"},{"floor":11,"key":"Block Potion"},{"floor":13,"key":"LiquidMemories"}],"is_trial":false,"path_per_floor":["M","M","?","?","?","E","R","M","T","R","M","?","E","M","R","B"],"character_chosen":"DEFECT","items_purchased":[],"campfire_rested":0,"item_purchase_floors":[],"current_hp_per_floor":[68,68,57,57,57,57,57,51,51,51,37,37,23,23,23,0,0],"gold":272,"neow_bonus":"THREE_ENEMY_KILL","is_daily":false,"chose_seed":false,"campfire_upgraded":3,"win_rate":0.0,"timestamp":1608442189,"path_taken":["M","M","?","?","?","E","R","M","T","R","M","?","E","?","R","BOSS"],"items_purchased_type":[],"build_version":"2020-12-13","purchased_purges":0,"victory":false,"max_hp_per_floor":[75,75,75,75,75,75,75,75,75,75,75,69,74,74,74,74,74],"card_choices":[{"not_picked":["REME_Whirling","Hologram","Steam"],"picked":"SKIP","floor":1.0},{"not_picked":["Loop","Rip and Tear"],"picked":"Ball Lightning","floor":2.0},{"not_picked":["Hologram","REME_DataAnalysis"],"picked":"Ball Lightning","floor":6},{"not_picked":["AT_DarkMatter","Redo"],"picked":"Coolheaded","floor":8},{"not_picked":["Stack","Auto Shields"],"picked":"Defragment","floor":11},{"not_picked":["Double Energy","Beam Cell"],"picked":"Glacier","floor":13},{"not_picked":["REME_DataAnalysis","Conserve Battery","Ball Lightning"],"picked":"SKIP","floor":14}],"player_experience":281228,"relics_obtained":[{"floor":6,"key":"TungstenRod"},{"floor":9,"key":"Turnip"},{"floor":13,"key":"Blood Vial"}],"event_choices":[{"damage_healed":0.0,"max_hp_gain":0.0,"max_hp_loss":0.0,"gold_gain":75.0,"event_name":"betterThird:BetterGoop","player_choice":"Gold","floor":3.0,"gold_loss":0.0,"damage_taken":11.0},{"cards_removed":["Strike_B"],"damage_healed":0,"gold_gain":0,"player_choice":"Forget","damage_taken":0,"max_hp_gain":0,"max_hp_loss":0,"event_name":"Living Wall","floor":4,"gold_loss":0},{"cards_removed":["Strike_B"],"damage_healed":0,"gold_gain":0,"player_choice":"Card Removal","damage_taken":0,"max_hp_gain":0,"max_hp_loss":0,"event_name":"The Cleric","floor":5,"gold_loss":50},{"damage_healed":0,"gold_gain":0,"player_choice":"Lose Max HP","damage_taken":0,"relics_obtained":["Golden Idol"],"max_hp_gain":0,"max_hp_loss":6,"event_name":"Golden Idol","floor":12,"gold_loss":0}],"is_beta":false,"boss_relics":[],"items_purged_floors":[],"is_endless":false,"potions_floor_spawned":[1,8,11,13],"killed_by":"The Guardian","ascension_level":6}}