{"host":"htqwg582tjjtn9p7","time":1608482445,"event":{"mods":["2.2 Compatiblity","AchievementEnabler","Act Like it!","Aspiration","BaseMod","Better Third Choice","Colored Map","Conspire","Curses Come First","Displayed Cursed Tome","Energized Spire","Force Act Four","GifTheSpireLib","Hermit","Highlight Path","JesterMod","Mad Scientist","Minty Spire (QoL Compilation)","Pale of the Ancients","Permanent Neow","Random Character Button","Relic Stats","Replay The Spire","Robot Space Explorer","Somnambulant","Spicy Shops","Spikes Relics","StSLib","Stuff the Spire","The Blue Laboratory","The Disciple","The Dragon Tamer","The Forsaken","The Gatherer","The Judge","The Jungle","The Runesmith","The Servant 0.9.4"],"gold_per_floor":[113,131,131,31,46,75,75,88,111,131,131,131],"floor_reached":11,"playtime":333,"items_purged":[],"score":131,"play_id":"aa162f5a-f455-419e-ad78-fc762de4ab42","local_time":"20201220174045","is_ascension_mode":true,"campfire_choices":[{"floor":7,"key":"REST"}],"circlet_count":0,"master_deck":["AscendersBane","Strike_R","Strike_R","Strike_R","Strike_R","Strike_R","Defend_R","Defend_R","Defend_R","Defend_R","Bash","Corruption","Pommel Strike+1","Clothesline","Inflame","Disarm","Juggernaut","conspire:ExplosiveBarrier"],"relics":["Burning Blood","Smiling Mask","Pen Nib"],"acts_visited":["Exordium"],"potions_floor_usage":[11,11],"damage_taken":[{"damage":8,"enemies":"Small Slimes","floor":1,"turns":4},{"damage":12,"enemies":"Jaw Worm","floor":2,"turns":3},{"damage":0,"enemies":"Cultist","floor":5,"turns":3},{"damage":38,"enemies":"Lagavulin","floor":6,"turns":8},{"damage":9,"enemies":"2 Fungi Beasts","floor":8,"turns":3},{"damage":31,"enemies":"Gremlin Gang","floor":10,"turns":6},{"damage":25,"enemies":"3 Sentries","floor":11,"turns":6}],"seed_played":"-2846935999128869572","potions_obtained":[{"floor":1,"key":"Adrenaline Potion"},{"floor":6,"key":"Energy Potion"}],"is_trial":false,"path_per_floor":["M","M","?","$","M","E","R","M","T","M","E"],"character_chosen":"IRONCLAD","items_purchased":["Inflame"],"campfire_rested":1,"item_purchase_floors":[4],"current_hp_per_floor":[66,60,60,60,66,34,56,53,53,28,3,3],"gold":131,"neow_bonus":"ONE_RANDOM_RARE_CARD","is_daily":false,"chose_seed":false,"campfire_upgraded":0,"win_rate":0.0,"timestamp":1608482445,"path_taken":["M","M","?","$","M","E","R","M","T","M","E"],"items_purchased_type":["Card"],"build_version":"2020-12-13","purchased_purges":0,"victory":false,"max_hp_per_floor":[75,75,75,75,75,75,75,75,75,75,75,75],"relic_stats":{"counters":[7,33],"Pen Nib":[1],"Smiling Mask":0,"obtain_stats":[{"Pen Nib":9,"Smiling Mask":6,"Burning Blood":0},{"Pen Nib":5,"Smiling Mask":4,"Burning Blood":0},{"Pen Nib":21,"Smiling Mask":18,"Burning Blood":0}],"Burning Blood":36},"card_choices":[{"not_picked":["Intimidate","Thunderclap"],"picked":"Pommel Strike","floor":1},{"not_picked":["Headbutt","Body Slam"],"picked":"Clothesline","floor":2},{"not_picked":["Thunderclap","ReplayTheSpireMod:Strike From Hell"],"picked":"Disarm","floor":5},{"not_picked":["Twin Strike","Replay:Undeath\u0027s Touch"],"picked":"Juggernaut","floor":6},{"not_picked":["Headbutt","BarbarianYell"],"picked":"conspire:ExplosiveBarrier","floor":8},{"not_picked":["Twin Strike","Thunderclap","Run Through"],"picked":"SKIP","floor":10}],"player_experience":1733305,"relics_obtained":[{"floor":6,"key":"Smiling Mask"},{"floor":9,"key":"Pen Nib"}],"event_choices":[],"is_beta":false,"boss_relics":[],"items_purged_floors":[],"is_endless":false,"potions_floor_spawned":[1,6,8],"killed_by":"3 Sentries","ascension_level":15}}