{"host":"5dk97cf2ubw2v967","time":1608476160,"event":{"mods":["AlwaysNeverKeys","BaseMod","Better Altar","Better Vampires","Block Reminder","Colored Powertips","Downfall","Googly Eyes","Highlight Path","Minty Spire (QoL Compilation)","Permanent Neow","Potion Indicator Mod","Quick Restart","Relic Filter","Relic Stats","Say the Spire","Spicy Shops","StSLib","Waifu the Spire","everything is the same but u backflip on backflip"],"gold_per_floor":[361,11,11,11,11,11,11],"floor_reached":6,"playtime":134,"items_purged":["Strike_B"],"score":64,"play_id":"d6648d80-3f04-4570-b71c-23ef7d997a07","local_time":"20201220145600","is_ascension_mode":true,"campfire_choices":[],"circlet_count":0,"master_deck":["AscendersBane","Strike_B","Strike_B","Strike_B","Defend_B","Defend_B","Defend_B","Zap","Dualcast","Ball Lightning"],"relics":["Cracked Core","Mummified Hand"],"acts_visited":["Exordium"],"potions_floor_usage":[],"damage_taken":[{"damage":7,"enemies":"Small Slimes","floor":1,"turns":3},{"damage":11,"enemies":"Gremlin Nob","floor":6,"turns":3}],"seed_played":"4172805338745863839","potions_obtained":[],"is_trial":false,"path_per_floor":["M","$","?","?","?","E"],"character_chosen":"DEFECT","items_purchased":["Mummified Hand"],"campfire_rested":0,"item_purchase_floors":[2],"current_hp_per_floor":[39,39,39,39,32,21,21],"gold":11,"neow_bonus":"TWO_FIFTY_GOLD","is_daily":false,"chose_seed":false,"campfire_upgraded":0,"win_rate":0.0,"timestamp":1608476160,"path_taken":["M","$","?","?","?","E"],"items_purchased_type":["Relic"],"build_version":"2020-12-13","purchased_purges":1,"victory":false,"max_hp_per_floor":[71,71,71,71,71,71,71],"relic_stats":{"counters":[2,6],"Mummified Hand":[0],"obtain_stats":[{"Mummified Hand":2,"Cracked Core":0},{"Mummified Hand":1,"Cracked Core":0},{"Mummified Hand":3,"Cracked Core":0}]},"card_choices":[{"not_picked":["Compile Driver","Streamline"],"picked":"Ball Lightning","floor":1}],"player_experience":1245082,"relics_obtained":[],"event_choices":[{"damage_healed":0,"gold_gain":0,"player_choice":"Ignored","damage_taken":0,"max_hp_gain":0,"max_hp_loss":0,"event_name":"Shining Light","floor":3,"gold_loss":0},{"damage_healed":0,"gold_gain":0,"player_choice":"Ignored","damage_taken":0,"max_hp_gain":0,"max_hp_loss":0,"event_name":"Liars Game","floor":4,"gold_loss":0},{"cards_removed":["Defend_B"],"damage_healed":0,"gold_gain":0,"player_choice":"Card Removal","damage_taken":7,"max_hp_gain":0,"max_hp_loss":0,"event_name":"Golden Wing","floor":5,"gold_loss":0}],"is_beta":false,"boss_relics":[],"items_purged_floors":[2],"is_endless":false,"potions_floor_spawned":[],"killed_by":"Gremlin Nob","ascension_level":20}}