{"host":"8l1xuphorofpdxlv","time":1608464374,"event":{"mods":["AchievementEnabler","BaseMod","DeckTracker","Minty Spire (QoL Compilation)","Quick Restart","SuperFastMode"],"gold_per_floor":[118,43,43,43,67,110,126,126,126,139,158,158,236,186,186,311,311,329,329,329,32,42,73,89,99,99,30,30,30],"floor_reached":28,"playtime":1977,"items_purged":["Strike_G"],"score":302,"play_id":"1d6ca8bf-8cb9-4dda-8e04-61ae51124b3f","local_time":"20201220203934","is_ascension_mode":true,"campfire_choices":[{"data":"Blade Dance","floor":8,"key":"SMITH"},{"data":"Night Terror","floor":12,"key":"SMITH"},{"floor":15,"key":"REST"}],"circlet_count":0,"master_deck":["Strike_G","Strike_G","Defend_G","Defend_G","Defend_G","Defend_G","Defend_G","Survivor","Neutralize","Deadly Poison","Deadly Poison","Blade Dance+1","Night Terror+1","After Image","Writhe","Blade Dance+1","Well Laid Plans","Terror+1","PiercingWail+1","Acrobatics+1","Calculated Gamble+1"],"relics":["Ring of the Snake","NeowsBlessing","Bloody Idol","Kunai","Singing Bowl","Eternal Feather","Fusion Hammer","Ancient Tea Set","Toxic Egg 2","Question Card","White Beast Statue"],"acts_visited":["Exordium","TheCity"],"potions_floor_usage":[13,13,16,25],"damage_taken":[{"damage":0,"enemies":"Jaw Worm","floor":1,"turns":1},{"damage":0,"enemies":"2 Louse","floor":5,"turns":1},{"damage":0,"enemies":"3 Sentries","floor":6,"turns":2},{"damage":0,"enemies":"Small Slimes","floor":7,"turns":4},{"damage":1,"enemies":"Blue Slaver","floor":10,"turns":4},{"damage":0,"enemies":"Large Slime","floor":11,"turns":4},{"damage":28,"enemies":"Gremlin Nob","floor":13,"turns":4},{"damage":52,"enemies":"The Guardian","floor":16,"turns":12},{"damage":0,"enemies":"3 Byrds","floor":18,"turns":7},{"damage":6,"enemies":"Spheric Guardian","floor":22,"turns":4},{"damage":48,"enemies":"Slavers","floor":23,"turns":8},{"damage":28,"enemies":"Snake Plant","floor":24,"turns":6},{"damage":4,"enemies":"Centurion and Healer","floor":25,"turns":11},{"damage":23,"enemies":"Cultist and Chosen","floor":28,"turns":6}],"seed_played":"4149686720637498028","potions_obtained":[{"floor":5,"key":"FearPotion"},{"floor":6,"key":"SpeedPotion"},{"floor":13,"key":"AttackPotion"},{"floor":22,"key":"Weak Potion"},{"floor":25,"key":"SpeedPotion"}],"is_trial":false,"path_per_floor":["M","$","?","?","M","E","M","R","T","M","M","R","?","?","R","B",null,"M","?","?","$","M","E","M","M","T","$","M"],"character_chosen":"THE_SILENT","items_purchased":["Toxic Egg 2","Blade Dance+1","Calculated Gamble+1"],"campfire_rested":1,"item_purchase_floors":[21,21,27],"current_hp_per_floor":[70,70,70,53,53,53,53,53,53,52,54,54,28,28,56,4,74,76,76,76,76,75,32,9,10,10,10,0,0],"gold":30,"neow_bonus":"THREE_ENEMY_KILL","is_daily":false,"chose_seed":false,"campfire_upgraded":2,"win_rate":0.0,"timestamp":1608464374,"path_taken":["M","$","?","?","M","E","M","R","T","M","M","R","?","?","R","BOSS","M","?","?","$","M","E","M","?","T","?","M"],"items_purchased_type":["Relic","Card","Card"],"build_version":"2020-12-13","purchased_purges":1,"victory":false,"max_hp_per_floor":[70,70,70,70,70,70,70,70,70,70,72,72,74,74,74,74,74,76,76,76,76,76,76,76,76,76,76,76,76],"card_choices":[{"not_picked":["Sucker Punch","Deflect"],"picked":"Deadly Poison","floor":1},{"not_picked":["Calculated Gamble","Blade Dance"],"picked":"Deadly Poison","floor":5},{"not_picked":["Finisher","Calculated Gamble"],"picked":"Blade Dance","floor":6},{"not_picked":["Slice","Flying Knee","Sucker Punch"],"picked":"SKIP","floor":7},{"not_picked":["Poisoned Stab","Cloak And Dagger"],"picked":"Night Terror","floor":10},{"not_picked":["Deflect","Predator","Masterful Stab"],"picked":"Singing Bowl","floor":11},{"not_picked":["Flechettes","Dagger Throw","Bane"],"picked":"Singing Bowl","floor":13},{"not_picked":["Tools of the Trade","Venomology"],"picked":"After Image","floor":16},{"not_picked":["Dagger Throw","Bane","Underhanded Strike"],"picked":"Singing Bowl","floor":18},{"not_picked":["Heel Hook","Sucker Punch"],"picked":"Well Laid Plans","floor":22},{"not_picked":["Underhanded Strike+1","Blade Dance+1"],"picked":"Terror+1","floor":23},{"not_picked":["Predator","Dagger Spray","Die Die Die"],"picked":"PiercingWail+1","floor":24},{"not_picked":["Catalyst+1","Footwork","Quick Slash"],"picked":"Acrobatics+1","floor":25}],"player_experience":62558,"relics_obtained":[{"floor":6,"key":"Kunai"},{"floor":9,"key":"Singing Bowl"},{"floor":23,"key":"Question Card"},{"floor":26,"key":"White Beast Statue"}],"event_choices":[{"cards_removed":["Strike_G"],"damage_healed":0,"gold_gain":0,"player_choice":"Forget","damage_taken":0,"max_hp_gain":0,"max_hp_loss":0,"event_name":"Living Wall","floor":3,"gold_loss":0},{"damage_healed":0,"gold_gain":0,"player_choice":"Take Damage","damage_taken":17,"relics_obtained":["Golden Idol"],"max_hp_gain":0,"max_hp_loss":0,"event_name":"Golden Idol","floor":4,"gold_loss":0},{"damage_healed":0,"gold_gain":0,"player_choice":"Searched \u00272\u0027 times","damage_taken":0,"relics_obtained":["Eternal Feather"],"max_hp_gain":0,"max_hp_loss":0,"event_name":"Dead Adventurer","floor":13,"gold_loss":0},{"cards_removed":["Strike_G"],"damage_healed":0,"gold_gain":0,"player_choice":"Card Removal","damage_taken":0,"max_hp_gain":0,"max_hp_loss":0,"event_name":"The Cleric","floor":14,"gold_loss":50},{"damage_healed":0,"gold_gain":0,"player_choice":"Opened","damage_taken":0,"relics_obtained":["Ancient Tea Set"],"max_hp_gain":0,"max_hp_loss":0,"event_name":"The Mausoleum","floor":19,"gold_loss":0,"cards_obtained":["Writhe"]},{"damage_healed":0,"gold_gain":0,"player_choice":"Gave Idol","damage_taken":0,"relics_obtained":["Bloody Idol"],"max_hp_gain":0,"max_hp_loss":0,"event_name":"Forgotten Altar","floor":20,"relics_lost":["Golden Idol"],"gold_loss":0}],"is_beta":false,"boss_relics":[{"not_picked":["Snecko Eye","Tiny House"],"picked":"Fusion Hammer"}],"items_purged_floors":[2],"is_endless":false,"potions_floor_spawned":[5,6,13,22,25],"killed_by":"Cultist and Chosen","ascension_level":3}}