{"host":"hfxp6ue4pvwo3fit","time":1608448962,"event":{"mods":["AchievementEnabler","BaseMod","Colored Map","Colored Powertips","Highlight Path","Minty Spire (QoL Compilation)","StSLib","SuperFastMode"],"gold_per_floor":[119,194,207,221,231,231,266,279,279,279,279],"floor_reached":10,"playtime":293,"items_purged":[],"score":126,"play_id":"642087b9-9f92-496a-bd06-1525facf7aac","local_time":"20201220012242","is_ascension_mode":true,"campfire_choices":[{"floor":6,"key":"REST"}],"circlet_count":0,"master_deck":["AscendersBane","Strike_B","Strike_B","Strike_B","Strike_B","Defend_B","Defend_B","Defend_B","Defend_B","Zap","Dualcast","Buffer","Streamline","Beam Cell","Coolheaded","Ball Lightning","Sweeping Beam"],"relics":["Cracked Core","Ancient Tea Set","Mummified Hand"],"acts_visited":["Exordium"],"potions_floor_usage":[],"damage_taken":[{"damage":9,"enemies":"2 Louse","floor":1,"turns":3},{"damage":0,"enemies":"Cultist","floor":3,"turns":3},{"damage":7,"enemies":"Jaw Worm","floor":4,"turns":3},{"damage":2,"enemies":"2 Fungi Beasts","floor":5,"turns":4},{"damage":28,"enemies":"3 Sentries","floor":7,"turns":9},{"damage":26,"enemies":"Exordium Thugs","floor":8,"turns":5},{"damage":16,"enemies":"Lagavulin","floor":10,"turns":4}],"seed_played":"615557789343551036","potions_obtained":[{"floor":4,"key":"LiquidBronze"},{"floor":5,"key":"DuplicationPotion"}],"is_trial":false,"path_per_floor":["M","?","M","M","M","R","E","M","T","E"],"character_chosen":"DEFECT","items_purchased":[],"campfire_rested":1,"item_purchase_floors":[],"current_hp_per_floor":[55,44,44,37,35,56,28,2,2,0,0],"gold":279,"neow_bonus":"ONE_RANDOM_RARE_CARD","is_daily":false,"chose_seed":false,"campfire_upgraded":0,"win_rate":0.0,"timestamp":1608448962,"path_taken":["M","?","M","M","M","R","E","M","T","E"],"items_purchased_type":[],"build_version":"2020-12-13","purchased_purges":0,"victory":false,"max_hp_per_floor":[71,71,71,71,71,71,71,71,71,71,71],"card_choices":[{"not_picked":["Compile Driver","Redo"],"picked":"Streamline","floor":1},{"not_picked":["Steam","Hologram"],"picked":"Beam Cell","floor":3},{"not_picked":["Gash","Sweeping Beam"],"picked":"Coolheaded","floor":4},{"not_picked":["Heatsinks","Stack","Rip and Tear"],"picked":"SKIP","floor":5},{"not_picked":["Chaos","Barrage"],"picked":"Ball Lightning","floor":7},{"not_picked":["Sunder","Blizzard"],"picked":"Sweeping Beam","floor":8}],"player_experience":397923,"relics_obtained":[{"floor":7,"key":"Ancient Tea Set"},{"floor":9,"key":"Mummified Hand"}],"event_choices":[{"damage_healed":0,"gold_gain":75,"player_choice":"Gather Gold","damage_taken":11,"max_hp_gain":0,"max_hp_loss":0,"event_name":"World of Goop","floor":2,"gold_loss":0}],"is_beta":false,"boss_relics":[],"items_purged_floors":[],"is_endless":false,"potions_floor_spawned":[4,5],"killed_by":"Lagavulin","ascension_level":16}}