{"host":"qwttrqaysb380yri","time":1608450277,"event":{"mods":["BaseMod","Custom Start","Minty Spire (QoL Compilation)","Permanent Neow","Puzzle Mod","Relic Stats","StSLib","The Cursed","The Hierophant"],"gold_per_floor":[119,136,154,104,104,104,104,138,138,177,177,197,233,233,233,332,332,352,57,80,355,380,380,380],"floor_reached":23,"playtime":738,"items_purged":["Defend_B"],"score":355,"play_id":"882994f2-35fa-4e11-9a79-7d41799b337e","local_time":"20201220084437","is_ascension_mode":true,"campfire_choices":[{"data":"Consume","floor":6,"key":"SMITH"},{"floor":11,"key":"REST"},{"data":"Loop","floor":15,"key":"SMITH"}],"circlet_count":0,"master_deck":["AscendersBane","Strike_B","Strike_B","Strike_B","Defend_B","Defend_B","Defend_B","Zap","Dualcast","Consume+1","Steam","Cold Snap","Ball Lightning","Conserve Battery","Echo Form","Loop+1","Loop","Recycle","Electrodynamics","Steam+1","Static Discharge","Conserve Battery"],"relics":["Cracked Core","Golden Idol","FossilizedHelix","InkBottle","Omamori","Philosopher\u0027s Stone","OrangePellets"],"acts_visited":["Exordium","TheCity"],"potions_floor_usage":[8,13,23],"damage_taken":[{"damage":6,"enemies":"Cultist","floor":1,"turns":3},{"damage":13,"enemies":"2 Louse","floor":2,"turns":3},{"damage":0,"enemies":"Small Slimes","floor":3,"turns":3},{"damage":10,"enemies":"Lagavulin","floor":8,"turns":6},{"damage":11,"enemies":"3 Sentries","floor":10,"turns":6},{"damage":0,"enemies":"Looter","floor":12,"turns":2},{"damage":1,"enemies":"Lagavulin","floor":13,"turns":6},{"damage":1,"enemies":"The Guardian","floor":16,"turns":8},{"damage":0,"enemies":"Spheric Guardian","floor":18,"turns":3},{"damage":15,"enemies":"Chosen","floor":20,"turns":5},{"damage":20,"enemies":"Snake Plant","floor":22,"turns":4},{"damage":24,"enemies":"Book of Stabbing","floor":23,"turns":4}],"seed_played":"-7393806608059557833","potions_obtained":[{"floor":1,"key":"Strength Potion"},{"floor":3,"key":"Ancient Potion"},{"floor":12,"key":"Regen Potion"},{"floor":18,"key":"DuplicationPotion"}],"is_trial":false,"path_per_floor":["M","M","M","$","?","R","?","E","T","E","R","M","E","?","R","B",null,"M","$","M","?","M","E"],"character_chosen":"DEFECT","items_purchased":["Conserve Battery","OrangePellets","Static Discharge"],"campfire_rested":1,"item_purchase_floors":[4,19,19],"current_hp_per_floor":[58,45,45,45,33,33,33,23,23,12,31,31,45,38,38,37,59,59,59,44,44,24,0,0],"gold":380,"neow_bonus":"THREE_CARDS","is_daily":false,"chose_seed":false,"campfire_upgraded":2,"win_rate":0.0,"timestamp":1608450277,"path_taken":["M","?","M","$","?","R","?","E","T","E","R","M","E","?","R","BOSS","M","$","M","?","M","E"],"items_purchased_type":["Card","Relic","Card"],"build_version":"2020-12-13","purchased_purges":1,"victory":false,"max_hp_per_floor":[71,71,71,71,71,71,66,66,66,66,66,66,66,66,66,66,66,66,66,66,66,66,66,66],"relic_stats":{"OrangePellets":[1],"counters":[12,52],"Golden Idol":60,"obtain_stats":[{"OrangePellets":19,"Golden Idol":7,"Philosopher\u0027s Stone":17,"Omamori":13,"Cracked Core":0,"FossilizedHelix":8,"InkBottle":10},{"OrangePellets":9,"Golden Idol":3,"Philosopher\u0027s Stone":8,"Omamori":7,"Cracked Core":0,"FossilizedHelix":4,"InkBottle":5},{"OrangePellets":40,"Golden Idol":9,"Philosopher\u0027s Stone":37,"Omamori":29,"Cracked Core":0,"FossilizedHelix":15,"InkBottle":21}],"InkBottle":[10]},"card_choices":[{"not_picked":["Loop","Streamline"],"picked":"Consume","floor":0},{"not_picked":["Scrape","Reinforced Body"],"picked":"Steam","floor":1},{"not_picked":["Storm","Streamline"],"picked":"Cold Snap","floor":2},{"not_picked":["Leap","Conserve Battery"],"picked":"Ball Lightning","floor":3},{"not_picked":["Fusion","Hello World"],"picked":"Echo Form","floor":8},{"not_picked":["Compile Driver","Ball Lightning"],"picked":"Loop","floor":10},{"not_picked":["Gash","Hologram"],"picked":"Loop","floor":12},{"not_picked":["Rainbow","Fission"],"picked":"Recycle","floor":13},{"not_picked":["All For One","Meteor Strike"],"picked":"Electrodynamics","floor":16},{"not_picked":["Turbo","Leap"],"picked":"Steam+1","floor":18},{"not_picked":["Hologram","Gash"],"picked":"Conserve Battery","floor":20},{"not_picked":["Compile Driver","Barrage","Scrape"],"picked":"SKIP","floor":22}],"player_experience":1902782,"relics_obtained":[{"floor":8,"key":"FossilizedHelix"},{"floor":10,"key":"InkBottle"},{"floor":13,"key":"Omamori"}],"event_choices":[{"damage_healed":0,"gold_gain":0,"player_choice":"Fled","damage_taken":12,"max_hp_gain":0,"max_hp_loss":0,"event_name":"Scrap Ooze","floor":5,"gold_loss":0},{"damage_healed":0,"gold_gain":0,"player_choice":"Lose Max HP","damage_taken":0,"relics_obtained":["Golden Idol"],"max_hp_gain":0,"max_hp_loss":5,"event_name":"Golden Idol","floor":7,"gold_loss":0},{"cards_removed":["Strike_B"],"damage_healed":0,"gold_gain":0,"player_choice":"Card Removal","damage_taken":7,"max_hp_gain":0,"max_hp_loss":0,"event_name":"Golden Wing","floor":14,"gold_loss":0},{"damage_healed":0,"gold_gain":275,"player_choice":"Desecrate","damage_taken":0,"max_hp_gain":0,"max_hp_loss":0,"event_name":"Golden Shrine","floor":21,"gold_loss":0,"cards_obtained":["Regret"]}],"is_beta":false,"boss_relics":[{"not_picked":["Sozu","Calling Bell"],"picked":"Philosopher\u0027s Stone"}],"items_purged_floors":[19],"is_endless":false,"potions_floor_spawned":[1,3,12,18,20],"killed_by":"Book of Stabbing","ascension_level":14}}