{"host":"nug5xkek4sujf8as","time":1608470366,"event":{"mods":["Act Like it!","Aspiration","BaseMod","Booster Modes","CapriCore","Colored Powertips","Conspire","Gensokyo","Minty Spire (QoL Compilation)","Permanent Neow","Quick Restart","Replay The Spire","Shop Mod","Spicy Shops","StSLib","vexMod","【功能Mod】混沌之环修复补丁","【遗物卡牌】REMEMod","篝火指南"],"gold_per_floor":[115,115,115,115,129,129,143,178,178,11,28,28,28,56,56,56,56],"floor_reached":16,"playtime":259,"items_purged":[],"score":240,"play_id":"8ea62a55-eb55-4b0e-b1d1-611321be247d","local_time":"20201220211926","is_ascension_mode":true,"campfire_choices":[{"data":"REME_AllRoundStrike","floor":6,"key":"SMITH"},{"data":"Terror","floor":15,"key":"SMITH"}],"circlet_count":0,"master_deck":["AscendersBane","Strike_G","Strike_G","Strike_G","Strike_G","Strike_G","Defend_G","Defend_G","Defend_G","Defend_G","Defend_G","Survivor","Neutralize","REME_AllRoundStrike+1","Choke","Injury","Terror+1","conspire:DoublingDagger","Prepared","Noxious Fumes","Acrobatics"],"relics":["REME_ComplimentaryCards","aspiration:RitualDagger","Blue Doll","MealTicket","Tough Bandages","conspire:GlowingRock","REME_PuzzleBoxRelic","Bottled Flame"],"acts_visited":["Gensokyo:Gensokyo"],"potions_floor_usage":[16],"damage_taken":[{"damage":12.0,"enemies":"Gensokyo:Gryphon","floor":1.0,"turns":2.0},{"damage":6,"enemies":"Gensokyo:Python","floor":5,"turns":2},{"damage":3,"enemies":"Gensokyo:2_Kodama","floor":7,"turns":1},{"damage":24,"enemies":"Gensokyo:Mamizou","floor":8,"turns":4},{"damage":3,"enemies":"Gensokyo:LivingMonolith","floor":11,"turns":1},{"damage":6,"enemies":"Gensokyo:Aya","floor":14,"turns":2},{"damage":6,"enemies":"Gensokyo:Reimu","floor":16,"turns":2}],"seed_played":"-5332572781465428258","potions_obtained":[{"floor":5,"key":"CultistPotion"},{"floor":11,"key":"SpeedPotion"}],"is_trial":false,"path_per_floor":["M","?","?","?","M","R","M","E","T","$","M","$","?","E","R","B"],"character_chosen":"THE_SILENT","items_purchased":["REME_PuzzleBoxRelic"],"campfire_rested":0,"item_purchase_floors":[10],"current_hp_per_floor":[47,47,64,48,42,42,39,15,15,30,27,42,38,32,32,26,26],"gold":56,"neow_bonus":"BOSS_RELIC","is_daily":false,"chose_seed":false,"campfire_upgraded":2,"win_rate":0.0,"timestamp":1608470366,"path_taken":["M","?","?","?","M","R","?","E","T","$","?","$","?","E","R","BOSS"],"items_purchased_type":["Relic"],"build_version":"2020-12-13","purchased_purges":0,"victory":false,"max_hp_per_floor":[66,66,66,66,66,66,66,66,66,66,66,66,66,66,66,66,66],"card_choices":[{"not_picked":["Deadly Poison","Noxious Fumes"],"picked":"Choke","floor":1.0},{"not_picked":["Prepared","Riddle With Holes"],"picked":"Terror","floor":5},{"not_picked":["Noxious Fumes","Distraction"],"picked":"conspire:DoublingDagger","floor":7},{"not_picked":["Underhanded Strike","REME_SpectralBlade"],"picked":"Prepared","floor":8},{"not_picked":["Deadly Poison","Bane"],"picked":"Noxious Fumes","floor":11},{"not_picked":["Bane","Masterful Stab"],"picked":"Acrobatics","floor":14}],"player_experience":690058,"relics_obtained":[{"floor":8,"key":"Tough Bandages"},{"floor":9,"key":"conspire:GlowingRock"},{"floor":14,"key":"Bottled Flame"}],"event_choices":[{"damage_healed":0,"gold_gain":0,"player_choice":"Leave","damage_taken":0,"max_hp_gain":0,"max_hp_loss":0,"event_name":"conspire:Investor","floor":13,"gold_loss":0}],"is_beta":false,"boss_relics":[],"items_purged_floors":[],"is_endless":false,"potions_floor_spawned":[5,11,14],"killed_by":"Gensokyo:Reimu","ascension_level":19}}