{"host":"fjaupvxe7fzqrf4j","time":1608482385,"event":{"mods":["BaseMod","Minty Spire (QoL Compilation)","StSLib"],"gold_per_floor":[114,114,114,139,139,173,208,251,276,307,340,384,420,455,455,545,545,561,611,611,367,105,138,169,210,210,253,253,127,127,70,70,164,164,178,178,246,207,207,247,247,287,340,371,110,151,151,151,151,151,151,151,151,22,56,56],"floor_reached":57,"playtime":2614,"items_purged":["Ball Lightning","Redo","Fusion"],"score":3417,"play_id":"0e68571b-03ba-4e1c-9f45-18d9c784c51e","local_time":"20201221003945","daily_mods":["SealedDeck","Heirloom","Time Dilation","Flight","Elite Swarm"],"is_ascension_mode":true,"campfire_choices":[{"data":"Fission","floor":15.0,"key":"SMITH"},{"floor":30.0,"key":"REST"},{"data":"Creative AI","floor":32.0,"key":"SMITH"},{"data":"Biased Cognition","floor":41.0,"key":"SMITH"},{"data":"Defragment","floor":47.0,"key":"SMITH"},{"floor":49.0,"key":"RECALL"},{"data":"Capacitor","floor":53.0,"key":"SMITH"}],"circlet_count":0,"master_deck":["AscendersBane","Loop","Turbo+1","Glacier+1","Conserve Battery","Coolheaded","Core Surge","Echo Form","Core Surge+1","Fission+1","Electrodynamics","Creative AI+1","Reboot","Stack","Capacitor+1","Coolheaded","Seek","Blizzard+1","Biased Cognition+1","Echo Form","Defragment+1","Purity","Capacitor","Biased Cognition+1"],"relics":["Cracked Core","Du-Vu Doll","Golden Idol","Nunchaku","White Beast Statue","Emotion Chip","Molten Egg 2","Centennial Puzzle","Akabeko","War Paint","Toy Ornithopter","Cables","Ancient Tea Set","Runic Dome","Omamori","OrangePellets","Girya","Smiling Mask","Oddly Smooth Stone","HornCleat","Pocketwatch","Nuclear Battery","Turnip","Bag of Preparation","Vajra","Orichalcum","Membership Card","Peace Pipe","Sundial","DollysMirror","Torii"],"acts_visited":["Exordium","TheCity","TheBeyond","TheEnding"],"potions_floor_usage":[56,56],"damage_taken":[{"damage":0.0,"enemies":"Small Slimes","floor":1.0,"turns":2.0},{"damage":9.0,"enemies":"Gremlin Nob","floor":6.0,"turns":3.0},{"damage":0.0,"enemies":"Lagavulin","floor":7.0,"turns":7.0},{"damage":2.0,"enemies":"Gremlin Nob","floor":8.0,"turns":3.0},{"damage":1.0,"enemies":"Lagavulin","floor":10.0,"turns":5.0},{"damage":0.0,"enemies":"Gremlin Nob","floor":11.0,"turns":2.0},{"damage":8.0,"enemies":"3 Sentries","floor":12.0,"turns":5.0},{"damage":0.0,"enemies":"Gremlin Nob","floor":13.0,"turns":2.0},{"damage":7.0,"enemies":"3 Sentries","floor":14.0,"turns":4.0},{"damage":0.0,"enemies":"The Guardian","floor":16.0,"turns":8.0},{"damage":0.0,"enemies":"Chosen","floor":18.0,"turns":3.0},{"damage":9.0,"enemies":"Gremlin Leader","floor":23.0,"turns":5.0},{"damage":18.0,"enemies":"Slavers","floor":24.0,"turns":2.0},{"damage":22.0,"enemies":"Gremlin Leader","floor":25.0,"turns":5.0},{"damage":5.0,"enemies":"Book of Stabbing","floor":27.0,"turns":6.0},{"damage":10.0,"enemies":"Champ","floor":33.0,"turns":11.0},{"damage":7.0,"enemies":"3 Darklings","floor":35.0,"turns":4.0},{"damage":8.0,"enemies":"2 Orb Walkers","floor":37.0,"turns":4.0},{"damage":3.0,"enemies":"Reptomancer","floor":40.0,"turns":6.0},{"damage":12.0,"enemies":"Giant Head","floor":42.0,"turns":6.0},{"damage":0.0,"enemies":"Reptomancer","floor":44.0,"turns":5.0},{"damage":0.0,"enemies":"Nemesis","floor":46.0,"turns":7.0},{"damage":3.0,"enemies":"Awakened One","floor":50.0,"turns":7.0},{"damage":5.0,"enemies":"Donu and Deca","floor":51.0,"turns":4.0},{"damage":0.0,"enemies":"Shield and Spear","floor":55.0,"turns":9.0},{"damage":14,"enemies":"The Heart","floor":56,"turns":8}],"seed_played":"-7518304660380518354","potions_obtained":[{"floor":6.0,"key":"SteroidPotion"},{"floor":7.0,"key":"DistilledChaos"},{"floor":10.0,"key":"PotionOfCapacity"},{"floor":13.0,"key":"AttackPotion"},{"floor":14.0,"key":"SmokeBomb"},{"floor":18.0,"key":"CultistPotion"},{"floor":24.0,"key":"DuplicationPotion"},{"floor":33.0,"key":"Strength Potion"},{"floor":42.0,"key":"Strength Potion"},{"floor":46.0,"key":"DuplicationPotion"}],"is_trial":true,"path_per_floor":["M","?","?","T","$","E","E","E","T","E","E","E","E","E","R","B",null,"M","?","?","$","$","E","E","E","T","E","?","$","R","$","R","B",null,"M","?","?","$","?","E","R","E","T","E","$","E","R","T","R","B","B",null,"R","$","E","B",null],"character_chosen":"DEFECT","items_purchased":["Omamori","OrangePellets","Capacitor","Coolheaded","Blizzard+1","Membership Card","Defragment","Purity","Capacitor","DollysMirror"],"campfire_rested":1,"item_purchase_floors":[21,22,29,31,38,45,45,45,54,54],"current_hp_per_floor":[64,64,64,64,64,55,55,53,53,52,52,44,49,47,47,47,60,60,60,60,60,60,51,33,11,11,6,6,6,25,25,25,20,53,46,46,38,38,38,40,40,28,28,28,28,28,28,28,28,25,20,53,53,53,53,49],"gold":56,"neow_bonus":"","is_daily":false,"chose_seed":false,"campfire_upgraded":5,"win_rate":0.0,"timestamp":1608482385,"path_taken":["M","?","?","?","$","E","E","E","T","E","E","E","E","E","R","BOSS","M","?","?","$","$","E","E","E","T","E","?","?","R","$","R","BOSS","M","?","?","$","?","E","R","E","T","E","$","E","R","?","R","BOSS","BOSS","R","$","E","BOSS"],"items_purchased_type":["Relic","Relic","Card","Card","Card","Relic","Card","Card","Card","Relic"],"build_version":"2020-12-13","purchased_purges":3,"victory":true,"max_hp_per_floor":[71,64,64,64,64,64,64,64,64,64,64,64,64,64,64,64,64,64,64,64,64,64,64,64,64,64,64,64,64,64,64,64,64,64,64,64,64,64,64,64,64,64,64,64,64,64,64,64,64,64,64,64,64,64,64,64],"card_choices":[{"not_picked":["Gash","Double Energy","Rebound"],"picked":"SKIP","floor":1.0},{"not_picked":["Biased Cognition","Echo Form"],"picked":"Core Surge","floor":6.0},{"not_picked":["Multi-Cast","Meteor Strike"],"picked":"Echo Form","floor":7.0},{"not_picked":["Rainbow","All For One+1"],"picked":"Core Surge+1","floor":8.0},{"not_picked":["All For One+1","Machine Learning","Core Surge+1"],"picked":"SKIP","floor":10.0},{"not_picked":["Buffer","Seek"],"picked":"Fission","floor":11.0},{"not_picked":["Rainbow","Seek"],"picked":"Electrodynamics","floor":12.0},{"not_picked":["Meteor Strike+1","Core Surge+1"],"picked":"Creative AI","floor":13.0},{"not_picked":["Fission","Hyperbeam+1","Electrodynamics"],"picked":"SKIP","floor":14.0},{"not_picked":["Go for the Eyes+1","Steam","Compile Driver+1"],"picked":"SKIP","floor":18.0},{"not_picked":["Buffer","Core Surge+1"],"picked":"Reboot","floor":23.0},{"not_picked":["Multi-Cast","Core Surge+1","Hyperbeam+1"],"picked":"SKIP","floor":24.0},{"not_picked":["Fission","Rainbow","Amplify"],"picked":"SKIP","floor":25.0},{"not_picked":["Buffer","Hyperbeam+1","Machine Learning"],"picked":"SKIP","floor":27.0},{"not_picked":["Amplify","Echo Form"],"picked":"Seek","floor":33.0},{"not_picked":["Chaos+1","Static Discharge","Conserve Battery"],"picked":"SKIP","floor":35.0},{"not_picked":["Rainbow","Thunder Strike+1"],"picked":"Biased Cognition","floor":40.0},{"not_picked":["Thunder Strike+1","Rainbow","Core Surge+1"],"picked":"SKIP","floor":42.0},{"not_picked":["Buffer","Rainbow"],"picked":"Echo Form","floor":44.0},{"not_picked":["Meteor Strike+1","Amplify","Thunder Strike+1"],"picked":"SKIP","floor":46.0},{"not_picked":["Machine Learning","All For One+1","Creative AI"],"picked":"SKIP","floor":55.0}],"player_experience":210904,"relics_obtained":[{"floor":4.0,"key":"Nunchaku"},{"floor":6.0,"key":"White Beast Statue"},{"floor":7.0,"key":"Emotion Chip"},{"floor":8.0,"key":"Molten Egg 2"},{"floor":9.0,"key":"Centennial Puzzle"},{"floor":10.0,"key":"Akabeko"},{"floor":11.0,"key":"War Paint"},{"floor":12.0,"key":"Toy Ornithopter"},{"floor":13.0,"key":"Cables"},{"floor":14.0,"key":"Ancient Tea Set"},{"floor":23.0,"key":"Girya"},{"floor":24.0,"key":"Smiling Mask"},{"floor":25.0,"key":"Oddly Smooth Stone"},{"floor":26.0,"key":"HornCleat"},{"floor":27.0,"key":"Pocketwatch"},{"floor":37.0,"key":"Turnip"},{"floor":40.0,"key":"Bag of Preparation"},{"floor":42.0,"key":"Vajra"},{"floor":44.0,"key":"Orichalcum"},{"floor":46.0,"key":"Peace Pipe"},{"floor":48.0,"key":"Sundial"},{"floor":55.0,"key":"Torii"}],"event_choices":[{"damage_healed":0.0,"max_hp_gain":0.0,"max_hp_loss":7.0,"gold_gain":0.0,"event_name":"Golden Idol","player_choice":"Lose Max HP","floor":2.0,"gold_loss":0.0,"damage_taken":0.0,"relics_obtained":["Golden Idol"]},{"damage_healed":0.0,"max_hp_gain":0.0,"max_hp_loss":0.0,"gold_gain":0.0,"event_name":"The Cleric","player_choice":"Leave","floor":3.0,"gold_loss":0.0,"damage_taken":0.0},{"damage_healed":0.0,"max_hp_gain":0.0,"max_hp_loss":0.0,"gold_gain":50.0,"event_name":"Nest","player_choice":"Stole From Cult","floor":19.0,"gold_loss":0.0,"damage_taken":0.0},{"damage_healed":0.0,"max_hp_gain":0.0,"max_hp_loss":0.0,"gold_gain":0.0,"event_name":"The Mausoleum","player_choice":"Ignored","floor":20.0,"gold_loss":0.0,"damage_taken":0.0},{"damage_healed":0.0,"max_hp_gain":0.0,"max_hp_loss":0.0,"gold_gain":0.0,"cards_transformed":["Steam Power","Cold Snap"],"event_name":"Drug Dealer","player_choice":"Became Test Subject","floor":28.0,"gold_loss":0.0,"damage_taken":0.0,"cards_obtained":["Stack","Fusion"]},{"damage_healed":0.0,"max_hp_gain":0.0,"max_hp_loss":0.0,"gold_gain":0.0,"event_name":"Tomb of Lord Red Mask","player_choice":"Ignored","floor":36.0,"gold_loss":0.0,"damage_taken":0.0},{"damage_healed":0.0,"max_hp_gain":0.0,"max_hp_loss":0.0,"gold_gain":0.0,"event_name":"Mysterious Sphere","player_choice":"Fight","floor":37.0,"gold_loss":0.0,"damage_taken":0.0},{"cards_removed":["Ball Lightning"],"damage_healed":0.0,"max_hp_gain":0.0,"max_hp_loss":0.0,"gold_gain":0.0,"event_name":"Falling","player_choice":"Removed Attack","floor":39.0,"gold_loss":0.0,"damage_taken":0.0}],"is_beta":false,"boss_relics":[{"not_picked":["Calling Bell","Velvet Choker"],"picked":"Runic Dome"},{"not_picked":["Sozu","Snecko Eye"],"picked":"Nuclear Battery"}],"items_purged_floors":[21,22,29],"is_endless":false,"potions_floor_spawned":[6,7,8,10,11,12,13,14,16,18,23,24,25,27,33,35,37,40,42,44,46,55],"ascension_level":20}}