{"host":"vzugls1u57eppbds","time":1608484614,"event":{"mods":["AchievementEnabler","BaseMod","Better Third Choice","Minty Spire (QoL Compilation)","Relic Stats","Shop Mod","StSLib","The IronCluck"],"gold_per_floor":[119,44,44,44,54,83,95,127,153,171,346,32,57,70,70,168,168,186,186,101,101,113,144,170,170,170,36,54,81,111,130,130,231,231,248,259,313,363,97,97,112,112,136,136,167,178,209,209,209,209,209],"floor_reached":50,"playtime":1486,"items_purged":["Doubt"],"score":987,"play_id":"b9231e87-1db7-498c-9a47-76add9761ce0","local_time":"20201220181654","is_ascension_mode":true,"campfire_choices":[{"floor":15,"key":"REST"},{"floor":25,"key":"REST"},{"floor":32,"key":"REST"},{"floor":40,"key":"REST"},{"floor":42,"key":"REST"},{"floor":44,"key":"REST"},{"floor":49,"key":"REST"}],"circlet_count":0,"master_deck":["Strike_R","Strike_R","Strike_R","Strike_R","Defend_R","Defend_R","Defend_R","Defend_R","Wild Strike","Shrug It Off","Perfected Strike","Twin Strike","Second Wind","Infernal Blade","Carnage","Iron Wave","Dramatic Entrance","Blood for Blood","Pommel Strike","Evolve","Feed","Rage+1","Iron Wave","Shrug It Off","Dramatic Entrance","Pummel+1","Pommel Strike","Infernal Blade","Offering","Pommel Strike+1","Offering","Shrug It Off+1","Parasite","Ghostly Armor","Ghostly Armor+1"],"relics":["Burning Blood","NeowsBlessing","Lantern","MealTicket","Strawberry","Dream Catcher","Brimstone","Happy Flower","SlaversCollar","WingedGreaves","GremlinMask","Frozen Egg 2","Ancient Tea Set","Turnip","Mercury Hourglass","Darkstone Periapt","Black Star","Charon\u0027s Ashes","Pocketwatch","Akabeko","Blood Vial","Bottled Flame","Unceasing Top","Boot"],"acts_visited":["Exordium","TheCity","TheBeyond"],"potions_floor_usage":[13,16,16,16,23,30,33,33,37,45,46,46,46,47,50,50],"damage_taken":[{"damage":0,"enemies":"2 Louse","floor":1,"turns":1},{"damage":0,"enemies":"Cultist","floor":5,"turns":1},{"damage":0,"enemies":"3 Sentries","floor":6,"turns":1},{"damage":0,"enemies":"Jaw Worm","floor":7,"turns":3},{"damage":24,"enemies":"Gremlin Nob","floor":8,"turns":4},{"damage":21,"enemies":"Lots of Slimes","floor":10,"turns":4},{"damage":23,"enemies":"Lagavulin","floor":13,"turns":4},{"damage":16,"enemies":"Exordium Thugs","floor":14,"turns":3},{"damage":63,"enemies":"Hexaghost","floor":16,"turns":6},{"damage":12,"enemies":"Shell Parasite","floor":18,"turns":3},{"damage":4,"enemies":"Chosen","floor":22,"turns":3},{"damage":16,"enemies":"Gremlin Leader","floor":23,"turns":4},{"damage":32,"enemies":"Book of Stabbing","floor":24,"turns":4},{"damage":20,"enemies":"Snecko","floor":28,"turns":4},{"damage":0,"enemies":"Gremlin Leader","floor":29,"turns":5},{"damage":19,"enemies":"Book of Stabbing","floor":30,"turns":4},{"damage":9,"enemies":"Cultist and Chosen","floor":31,"turns":3},{"damage":43,"enemies":"Champ","floor":33,"turns":8},{"damage":7,"enemies":"Orb Walker","floor":35,"turns":2},{"damage":6,"enemies":"3 Shapes","floor":36,"turns":2},{"damage":36,"enemies":"2 Orb Walkers","floor":37,"turns":4},{"damage":35,"enemies":"Mind Bloom Boss Battle","floor":38,"turns":4},{"damage":39,"enemies":"Maw","floor":41,"turns":6},{"damage":47,"enemies":"Giant Head","floor":45,"turns":6},{"damage":12,"enemies":"Writhing Mass","floor":46,"turns":4},{"damage":61,"enemies":"Nemesis","floor":47,"turns":5},{"damage":103,"enemies":"Awakened One","floor":50,"turns":7}],"seed_played":"1377821269519386295","potions_obtained":[{"floor":6,"key":"Weak Potion"},{"floor":8,"key":"Energy Potion"},{"floor":10,"key":"EssenceOfSteel"},{"floor":14,"key":"SteroidPotion"},{"floor":16,"key":"EssenceOfSteel"},{"floor":18,"key":"SkillPotion"},{"floor":22,"key":"Ancient Potion"},{"floor":23,"key":"ElixirPotion"},{"floor":29,"key":"Weak Potion"},{"floor":33,"key":"SteroidPotion"},{"floor":35,"key":"Energy Potion"},{"floor":36,"key":"FearPotion"},{"floor":46,"key":"LiquidBronze"}],"is_trial":false,"path_per_floor":["M","$","?","?","M","E","M","E","T","M","?","$","E","M","R","B",null,"M","?","?","?","M","E","E","R","T","$","M","E","E","M","R","B",null,"M","M","?","?","$","R","M","R","T","R","E","M","E","?","R","B"],"character_chosen":"IRONCLAD","items_purchased":["Shrug It Off","Perfected Strike","Brimstone","Dramatic Entrance","Shrug It Off","Dramatic Entrance","EntropicBrew","Offering"],"campfire_rested":7,"item_purchase_floors":[2,2,12,12,27,27,39,39],"current_hp_per_floor":[78,78,60,60,66,72,78,67,67,52,52,67,50,40,66,9,68,65,90,90,90,90,80,57,84,84,93,79,85,72,72,96,59,87,86,89,59,30,45,74,41,70,70,99,58,75,22,22,54,0,0],"gold":209,"neow_bonus":"THREE_ENEMY_KILL","is_daily":false,"chose_seed":false,"campfire_upgraded":0,"win_rate":0.0,"timestamp":1608484614,"path_taken":["M","$","?","?","?","E","M","E","T","M","?","?","E","?","R","BOSS","M","?","?","?","M","E","E","R","T","$","?","E","E","M","R","BOSS","M","M","?","?","$","R","M","R","T","R","E","M","E","?","R","BOSS"],"items_purchased_type":["Card","Card","Relic","Card","Card","Card","Potion","Card"],"build_version":"2020-12-13","purchased_purges":1,"victory":false,"max_hp_per_floor":[80,80,80,80,80,80,80,87,87,87,87,87,87,87,87,87,87,90,90,90,90,90,90,93,93,93,93,93,93,93,96,96,96,96,96,99,99,99,99,99,99,99,99,99,99,108,108,108,108,108,108],"relic_stats":{"Darkstone Periapt":6,"Happy Flower":[29],"counters":[27,105],"Charon\u0027s Ashes":[161],"Boot":[0],"Burning Blood":154,"Mercury Hourglass":[170],"Blood Vial":6,"Dream Catcher":7,"MealTicket":39,"Turnip":[7],"Black Star":2,"obtain_stats":[{"Darkstone Periapt":30,"Lantern":3,"NeowsBlessing":0,"Happy Flower":13,"GremlinMask":21,"Charon\u0027s Ashes":37,"Frozen Egg 2":23,"Ancient Tea Set":24,"Boot":47,"Burning Blood":0,"Akabeko":43,"Mercury Hourglass":29,"Blood Vial":45,"SlaversCollar":17,"Dream Catcher":9,"Bottled Flame":45,"Brimstone":12,"Strawberry":8,"MealTicket":6,"WingedGreaves":20,"Turnip":26,"Black Star":34,"Unceasing Top":47,"Pocketwatch":38},{"Darkstone Periapt":16,"Lantern":1,"NeowsBlessing":0,"Happy Flower":7,"GremlinMask":10,"Charon\u0027s Ashes":21,"Frozen Egg 2":12,"Ancient Tea Set":13,"Boot":26,"Burning Blood":0,"Akabeko":23,"Mercury Hourglass":15,"Blood Vial":24,"SlaversCollar":9,"Dream Catcher":5,"Bottled Flame":24,"Brimstone":6,"Strawberry":5,"MealTicket":3,"WingedGreaves":10,"Turnip":13,"Black Star":18,"Unceasing Top":26,"Pocketwatch":22},{"Darkstone Periapt":54,"Lantern":1,"NeowsBlessing":0,"Happy Flower":18,"GremlinMask":30,"Charon\u0027s Ashes":73,"Frozen Egg 2":37,"Ancient Tea Set":41,"Boot":98,"Burning Blood":0,"Akabeko":83,"Mercury Hourglass":50,"Blood Vial":89,"SlaversCollar":27,"Dream Catcher":10,"Bottled Flame":89,"Brimstone":14,"Strawberry":10,"MealTicket":3,"WingedGreaves":30,"Turnip":41,"Black Star":65,"Unceasing Top":98,"Pocketwatch":77}],"Unceasing Top":[1],"Pocketwatch":[12]},"card_choices":[{"not_picked":["Twin Strike","Searing Blow"],"picked":"Wild Strike","floor":1},{"not_picked":["Headbutt","Havoc","Dropkick"],"picked":"SKIP","floor":5},{"not_picked":["Heavy Blade","Anger"],"picked":"Second Wind","floor":6},{"not_picked":["Sword Boomerang","Iron Wave"],"picked":"Infernal Blade","floor":7},{"not_picked":["Clash","Heavy Blade"],"picked":"Carnage","floor":8},{"not_picked":["Corruption","Headbutt"],"picked":"Iron Wave","floor":10},{"not_picked":["Clash","Anger"],"picked":"Blood for Blood","floor":13},{"not_picked":["Sentinel","Warcry"],"picked":"Pommel Strike","floor":14},{"not_picked":["Headbutt","Wild Strike"],"picked":"Evolve","floor":15},{"not_picked":["Reaper","Bludgeon"],"picked":"Feed","floor":16},{"not_picked":["Clothesline","True Grit","Wild Strike"],"picked":"SKIP","floor":18},{"not_picked":["Bloodletting+1","Rupture"],"picked":"Rage+1","floor":22},{"not_picked":["Heavy Blade","Body Slam+1","Flex"],"picked":"SKIP","floor":23},{"not_picked":["Evolve+1","Warcry","Corruption+1"],"picked":"SKIP","floor":24},{"not_picked":["Warcry","Perfected Strike"],"picked":"Iron Wave","floor":25},{"not_picked":["Sever Soul","Flex","Warcry"],"picked":"SKIP","floor":28},{"not_picked":["Hemokinesis","Double Tap","Clothesline"],"picked":"SKIP","floor":29},{"not_picked":["Heavy Blade","Flex"],"picked":"Pummel+1","floor":30},{"not_picked":["Fire Breathing+1","Cleave"],"picked":"Pommel Strike","floor":31},{"not_picked":["Spot Weakness","Intimidate"],"picked":"Infernal Blade","floor":32},{"not_picked":["Double Tap","Corruption+1"],"picked":"Offering","floor":33},{"not_picked":["Headbutt+1","Thunderclap","Twin Strike+1"],"picked":"SKIP","floor":35},{"not_picked":["Rampage","Sentinel+1","Twin Strike+1"],"picked":"SKIP","floor":36},{"not_picked":["Twin Strike+1","Flame Barrier"],"picked":"Pommel Strike+1","floor":37},{"not_picked":["Rupture+1","Hemokinesis","Clash"],"picked":"SKIP","floor":41},{"not_picked":["Combust+1","Seeing Red"],"picked":"Shrug It Off+1","floor":44},{"not_picked":["Rupture+1","Wild Strike+1","Havoc+1"],"picked":"SKIP","floor":45},{"not_picked":["Rampage","Dual Wield"],"picked":"Ghostly Armor","floor":46},{"not_picked":["Rampage","Warcry","Cleave"],"picked":"SKIP","floor":47},{"not_picked":["Armaments+1","Cleave"],"picked":"Ghostly Armor+1","floor":49}],"player_experience":222161,"relics_obtained":[{"floor":6,"key":"MealTicket"},{"floor":8,"key":"Strawberry"},{"floor":9,"key":"Dream Catcher"},{"floor":13,"key":"Happy Flower"},{"floor":23,"key":"Frozen Egg 2"},{"floor":24,"key":"Ancient Tea Set"},{"floor":26,"key":"Turnip"},{"floor":29,"key":"Mercury Hourglass"},{"floor":30,"key":"Darkstone Periapt"},{"floor":37,"key":"Charon\u0027s Ashes"},{"floor":38,"key":"Pocketwatch"},{"floor":43,"key":"Akabeko"},{"floor":45,"key":"Blood Vial"},{"floor":45,"key":"Bottled Flame"},{"floor":47,"key":"Unceasing Top"},{"floor":47,"key":"Boot"}],"event_choices":[{"damage_healed":0,"gold_gain":0,"player_choice":"Relic ","damage_taken":18,"max_hp_gain":0,"max_hp_loss":0,"event_name":"betterThird:BetterScrap","floor":3,"gold_loss":0,"cards_obtained":["Calculated Gamble"]},{"damage_healed":0,"gold_gain":0,"cards_transformed":["Bash"],"player_choice":"Transformed","damage_taken":0,"max_hp_gain":0,"max_hp_loss":0,"event_name":"Transmorgrifier","floor":4,"gold_loss":0,"cards_obtained":["Twin Strike"]},{"damage_healed":0,"gold_gain":175,"player_choice":"AGREE","damage_taken":171,"max_hp_gain":0,"max_hp_loss":0,"event_name":"betterThird:BetterSerpent","floor":11,"gold_loss":0},{"damage_healed":30,"gold_gain":0,"player_choice":"Heal","damage_taken":0,"max_hp_gain":0,"max_hp_loss":0,"event_name":"The Library","floor":19,"gold_loss":0},{"damage_healed":0,"gold_gain":0,"player_choice":"Obtained Relic","damage_taken":0,"relics_obtained":["WingedGreaves"],"max_hp_gain":0,"max_hp_loss":0,"event_name":"Addict","floor":20,"gold_loss":85},{"damage_healed":0,"gold_gain":0,"player_choice":"Trade","damage_taken":0,"relics_obtained":["GremlinMask"],"max_hp_gain":0,"max_hp_loss":0,"event_name":"FaceTrader","floor":21,"gold_loss":0},{"damage_healed":0,"gold_gain":0,"player_choice":"Fight","damage_taken":0,"max_hp_gain":0,"max_hp_loss":0,"event_name":"Mysterious Sphere","floor":37,"gold_loss":0},{"damage_healed":0,"gold_gain":0,"player_choice":"Fight","damage_taken":0,"max_hp_gain":0,"max_hp_loss":0,"event_name":"MindBloom","floor":38,"gold_loss":0},{"cards_removed":["Strike_R"],"damage_healed":0,"gold_gain":0,"player_choice":"Removed Attack","damage_taken":0,"max_hp_gain":0,"max_hp_loss":0,"event_name":"Falling","floor":48,"gold_loss":0}],"is_beta":false,"boss_relics":[{"not_picked":["Fusion Hammer","Astrolabe"],"picked":"SlaversCollar"},{"not_picked":["SacredBark","Snecko Eye"],"picked":"Black Star"}],"items_purged_floors":[12],"is_endless":false,"potions_floor_spawned":[6,8,10,14,16,18,22,23,29,33,35,36,46],"killed_by":"Awakened One","ascension_level":9}}