{"host":"konjmgczbcns2r3g","time":1608435067,"event":{"mods":["AchievementEnabler","BaseMod","Colored Powertips","Infinite Spire","Minty Spire (QoL Compilation)","StSLib"],"gold_per_floor":[123,150,182,194,226,268,280,292,331,360,392,404,430,442,454,565,577,599,629,641,665,677,689,701,739,774,786,798,822,848,860,860],"floor_reached":31,"playtime":2131,"items_purged":[],"score":284,"play_id":"4c80160b-2816-4e22-9f82-59992ff49e6a","local_time":"20201219223107","is_ascension_mode":false,"campfire_choices":[{"floor":8,"key":"REST"},{"floor":12,"key":"REST"},{"floor":15,"key":"REST"},{"floor":23,"key":"REST"}],"circlet_count":0,"master_deck":["Strike_G","Strike_G","Strike_G","Strike_G","Strike_G","Defend_G","Defend_G","Defend_G","Defend_G","Defend_G","Survivor","Neutralize+1","Outmaneuver","Deflect","Dagger Spray+1","Quick Slash","Quick Slash","Slice","Endless Agony","Poisoned Stab","Endless Agony","Footwork","Adrenaline","Dagger Spray","Cloak And Dagger+1","Concentrate","Slice+1","Blade Dance","Acrobatics","Flying Knee","Poisoned Stab"],"relics":["Ring of the Snake","MawBank","Tiny Chest","Dream Catcher","Black Star","Mango","Art of War","Thread and Needle","Strange Spoon"],"acts_visited":["Exordium","TheCity"],"potions_floor_usage":[16,19,21,29,31,31],"damage_taken":[{"damage":1,"enemies":"2 Louse","floor":1,"turns":3},{"damage":2,"enemies":"Jaw Worm","floor":2,"turns":5},{"damage":3,"enemies":"Cultist","floor":3,"turns":5},{"damage":10,"enemies":"Looter","floor":5,"turns":3},{"damage":53,"enemies":"Gremlin Nob","floor":6,"turns":6},{"damage":1,"enemies":"Exordium Thugs","floor":10,"turns":4},{"damage":0,"enemies":"2 Fungi Beasts","floor":11,"turns":3},{"damage":5,"enemies":"Large Slime","floor":13,"turns":5},{"damage":16,"enemies":"Slime Boss","floor":16,"turns":10},{"damage":5,"enemies":"Shell Parasite","floor":18,"turns":6},{"damage":0,"enemies":"3 Byrds","floor":19,"turns":2},{"damage":18,"enemies":"Cultist and Chosen","floor":21,"turns":7},{"damage":40,"enemies":"Gremlin Leader","floor":25,"turns":9},{"damage":10,"enemies":"3 Cultists","floor":29,"turns":5},{"damage":15,"enemies":"Snecko","floor":30,"turns":6},{"damage":16,"enemies":"Sentry and Sphere","floor":31,"turns":5}],"seed_played":"-2437995077241490408","potions_obtained":[{"floor":3,"key":"SpeedPotion"},{"floor":10,"key":"BlessingOfTheForge"},{"floor":16,"key":"Regen Potion"},{"floor":18,"key":"Poison Potion"},{"floor":25,"key":"ColorlessPotion"},{"floor":29,"key":"Ancient Potion"}],"is_trial":false,"path_per_floor":["M","M","M","?","M","E","?","R","T","M","M","R","M","?","R","B",null,"M","M","T","M","?","R","?","E","T","AVR","?","M","M","M"],"character_chosen":"THE_SILENT","items_purchased":[],"campfire_rested":4,"item_purchase_floors":[],"current_hp_per_floor":[69,67,64,64,54,1,1,22,22,21,21,42,37,37,58,42,70,65,65,79,70,54,80,80,40,40,40,32,22,7,0,0],"gold":860,"neow_bonus":"RANDOM_COMMON_RELIC","is_daily":false,"chose_seed":false,"campfire_upgraded":0,"win_rate":0.0,"timestamp":1608435067,"path_taken":["M","M","M","?","M","E","?","R","T","?","M","R","M","?","R","BOSS","M","M","?","M","?","R","?","E","T","AVR","?","M","M","M"],"items_purchased_type":[],"build_version":"2020-12-13","purchased_purges":0,"victory":false,"max_hp_per_floor":[70,70,70,70,70,70,70,70,70,70,70,70,70,70,70,70,70,70,70,84,84,89,89,89,89,89,89,89,89,89,89,89],"card_choices":[{"not_picked":["Underhanded Strike","Dash"],"picked":"Outmaneuver","floor":1},{"not_picked":["Backflip","Prepared"],"picked":"Deflect","floor":2},{"not_picked":["Deadly Poison","Setup"],"picked":"Dagger Spray","floor":3},{"not_picked":["Backflip","Dodge and Roll"],"picked":"Quick Slash","floor":5},{"not_picked":["Bane","Night Terror"],"picked":"Quick Slash","floor":6},{"not_picked":["Escape Plan","Underhanded Strike"],"picked":"Slice","floor":10},{"not_picked":["Poisoned Stab","Prepared"],"picked":"Endless Agony","floor":11},{"not_picked":["Cloak And Dagger","Deadly Poison"],"picked":"Poisoned Stab","floor":12},{"not_picked":["Underhanded Strike","Flying Knee"],"picked":"Endless Agony","floor":13},{"not_picked":["Finisher","Night Terror"],"picked":"Footwork","floor":15},{"not_picked":["Doppelganger","Wraith Form v2"],"picked":"Adrenaline","floor":16},{"not_picked":["Crippling Poison","Acrobatics"],"picked":"Dagger Spray","floor":18},{"not_picked":["PiercingWail","Flying Knee"],"picked":"Cloak And Dagger+1","floor":19},{"not_picked":["Skewer","Sucker Punch+1"],"picked":"Concentrate","floor":21},{"not_picked":["Well Laid Plans","Wraith Form v2"],"picked":"Slice+1","floor":23},{"not_picked":["Calculated Gamble+1","Reflex"],"picked":"Acrobatics","floor":25},{"not_picked":["Blade Dance","Bane"],"picked":"Flying Knee","floor":29},{"not_picked":["Dagger Spray","Blade Dance"],"picked":"Poisoned Stab","floor":30}],"player_experience":253963,"relics_obtained":[{"floor":6,"key":"Tiny Chest"},{"floor":9,"key":"Dream Catcher"},{"floor":20,"key":"Mango"},{"floor":25,"key":"Art of War"},{"floor":25,"key":"Thread and Needle"}],"event_choices":[{"damage_healed":0,"gold_gain":0,"player_choice":"Grow","damage_taken":0,"max_hp_gain":0,"max_hp_loss":0,"event_name":"Living Wall","floor":4,"gold_loss":0,"cards_upgraded":["Dagger Spray"]},{"damage_healed":0,"gold_gain":0,"player_choice":"Forge","damage_taken":0,"max_hp_gain":0,"max_hp_loss":0,"event_name":"Accursed Blacksmith","floor":7,"gold_loss":0,"cards_upgraded":["Neutralize"]},{"damage_healed":0,"gold_gain":0,"player_choice":"Ignored","damage_taken":0,"max_hp_gain":0,"max_hp_loss":0,"event_name":"Golden Idol","floor":14,"gold_loss":0},{"damage_healed":0,"gold_gain":0,"player_choice":"Shed Blood","damage_taken":21,"max_hp_gain":5,"max_hp_loss":0,"event_name":"Forgotten Altar","floor":22,"gold_loss":0},{"damage_healed":0,"gold_gain":0,"player_choice":"Read","damage_taken":0,"max_hp_gain":0,"max_hp_loss":0,"event_name":"The Library","floor":24,"gold_loss":0,"cards_obtained":["Blade Dance"]},{"damage_healed":0,"gold_gain":0,"player_choice":"Damaged","damage_taken":8,"max_hp_gain":0,"max_hp_loss":0,"event_name":"Wheel of Change","floor":28,"gold_loss":0}],"is_beta":false,"boss_relics":[{"not_picked":["Astrolabe","Snecko Eye"],"picked":"Black Star"}],"items_purged_floors":[],"is_endless":false,"potions_floor_spawned":[3,10,16,18,25,29],"killed_by":"Sentry and Sphere","ascension_level":0}}