{"host":"vpnygm79y7yi43ig","time":1608446921,"event":{"mods":["BaseMod","Bestiary","Minty Spire (QoL Compilation)"],"gold_per_floor":[113,129,141,153,168,198,198,213,258,268,293,293,349,349,349,349,349],"floor_reached":16,"playtime":817,"items_purged":[],"score":114,"play_id":"b31a9a75-2ee0-4726-adf1-f899ee8da6c7","local_time":"20201219224841","is_ascension_mode":false,"campfire_choices":[{"data":"Armaments","floor":7,"key":"SMITH"},{"data":"Body Slam","floor":12,"key":"SMITH"},{"data":"Shockwave","floor":15,"key":"SMITH"}],"circlet_count":0,"master_deck":["Strike_R","Strike_R","Strike_R","Strike_R","Strike_R","Defend_R","Defend_R","Defend_R","Defend_R","Bash","Metallicize","Shrug It Off","Iron Wave","Armaments+1","Body Slam+1","Shockwave+1"],"relics":["Burning Blood","Bag of Preparation","HornCleat","Juzu Bracelet","Akabeko","Bottled Tornado","Eternal Feather"],"acts_visited":["Exordium"],"potions_floor_usage":[16,16],"damage_taken":[{"damage":6,"enemies":"Cultist","floor":1,"turns":3},{"damage":16,"enemies":"Jaw Worm","floor":2,"turns":4},{"damage":2,"enemies":"2 Louse","floor":3,"turns":3},{"damage":3,"enemies":"Exordium Wildlife","floor":4,"turns":3},{"damage":14,"enemies":"Red Slaver","floor":5,"turns":4},{"damage":25,"enemies":"Gremlin Nob","floor":6,"turns":6},{"damage":6,"enemies":"3 Louse","floor":8,"turns":5},{"damage":0,"enemies":"Looter","floor":10,"turns":3},{"damage":19,"enemies":"Lagavulin","floor":11,"turns":10},{"damage":22,"enemies":"3 Sentries","floor":13,"turns":9},{"damage":47,"enemies":"Slime Boss","floor":16,"turns":8}],"seed_played":"8716766251795173350","potions_obtained":[{"floor":1,"key":"SteroidPotion"},{"floor":5,"key":"GamblersBrew"},{"floor":6,"key":"Fire Potion"}],"is_trial":false,"path_per_floor":["M","M","M","M","M","E","R","M","T","M","E","R","?","T","R","B"],"character_chosen":"IRONCLAD","items_purchased":[],"campfire_rested":0,"item_purchase_floors":[],"current_hp_per_floor":[80,70,74,77,69,50,50,50,50,56,43,43,27,27,36,0,0],"gold":349,"neow_bonus":"RANDOM_COMMON_RELIC","is_daily":false,"chose_seed":false,"campfire_upgraded":3,"win_rate":0.0,"timestamp":1608446921,"path_taken":["M","M","M","M","M","E","R","?","T","M","E","R","?","?","R","BOSS"],"items_purchased_type":[],"build_version":"2020-12-13","purchased_purges":0,"victory":false,"max_hp_per_floor":[80,80,80,80,80,80,80,80,80,80,80,80,80,80,80,80,80],"card_choices":[{"not_picked":["Thunderclap","Perfected Strike"],"picked":"Metallicize","floor":1},{"not_picked":["Flex","Clash"],"picked":"Shrug It Off","floor":2},{"not_picked":["True Grit","Warcry","Flex"],"picked":"SKIP","floor":3},{"not_picked":["Clash","Warcry"],"picked":"Iron Wave","floor":4},{"not_picked":["Shrug It Off","Sentinel","Heavy Blade"],"picked":"SKIP","floor":5},{"not_picked":["Dual Wield","Reaper"],"picked":"Armaments","floor":6},{"not_picked":["Clothesline","Flex"],"picked":"Body Slam","floor":8},{"not_picked":["Cleave","Anger","Havoc"],"picked":"SKIP","floor":10},{"not_picked":["True Grit","Uppercut"],"picked":"Shockwave","floor":11}],"player_experience":186634,"relics_obtained":[{"floor":6,"key":"HornCleat"},{"floor":9,"key":"Juzu Bracelet"},{"floor":11,"key":"Akabeko"},{"floor":13,"key":"Bottled Tornado"},{"floor":14,"key":"Eternal Feather"}],"event_choices":[{"damage_healed":0,"gold_gain":30,"player_choice":"Searched \u00272\u0027 times","damage_taken":0,"max_hp_gain":0,"max_hp_loss":0,"event_name":"Dead Adventurer","floor":13,"gold_loss":0}],"is_beta":false,"boss_relics":[],"items_purged_floors":[],"is_endless":false,"potions_floor_spawned":[1,5,6,10,11],"killed_by":"Slime Boss","ascension_level":0}}