{"host":"chv1qanoipyt46jc","time":1608440496,"event":{"mods":["2.2 Compatiblity","AchievementEnabler","BaseMod","BetterRewards","CapriCore","Card Filter","Conspire","Gold Saver","Grow up Mod","Kratos Character Expansion","Minty Spire (QoL Compilation)","Rare Cards Sparkle","Relic Filter","Remove Card Discount Mod","Reorder Act Four","StSLib"],"gold_per_floor":[1167,1178,1178,1190,1365,1365,1384,1413,1413,1432,1451,1469,1469,1469,1469,1570,1570,1580,1600,1600,1620,1633,1667,1677,1689,1713,1725,1737,1763,1804,1833,1845,1957,1969,1992,2019,2051,2080,2102,2114,2159,2181,2245,2285,2297,2334,2346,2372,2384,2396,2408,2414,2414,2446,2446],"floor_reached":56,"playtime":1181,"items_purged":["KratosMod:Strike_K","KratosMod:Strike_K","KratosMod:Strike_K","KratosMod:Strike_K","KratosMod:Defend_K","KratosMod:Defend_K","KratosMod:Defend_K","KratosMod:Defend_K","KratosMod:BladeWhip","KratosMod:cyclone","Decay","Madness+1","Madness+1"],"score":1789,"play_id":"156f46a0-7e21-4478-9645-8477a351c838","local_time":"20201219230136","is_ascension_mode":false,"campfire_choices":[{"data":"KratosMod:Revenge","floor":6,"key":"SMITH"},{"data":"KratosMod:BladeWhip","floor":13,"key":"SMITH"},{"data":"conspire:Banana","floor":15,"key":"SMITH"},{"floor":32,"key":"RECALL"},{"data":"Madness","floor":47,"key":"SMITH"},{"data":"Madness","floor":49,"key":"SMITH"}],"circlet_count":0,"master_deck":["KratosMod:AthenaBane","conspire:Banana+1","KratosMod:BladeWhip+1","KratosMod:BladeWhip+1","KratosMod:Revenge+1","CurseOfTheBell"],"relics":["KratosMod:eagle","Membership Card","Bronze Scales","Medical Kit","KratosMod:eagle","Singing Bowl","Oddly Smooth Stone","KratosMod:chalice","Calling Bell","Juzu Bracelet","conspire:DecoderRing","conspire:Boomerang","Coffee Dripper","MealTicket","MawBank","Omamori","Black Star","Art of War","Dream Catcher","War Paint","PreservedInsect","Orichalcum","Vajra","Strawberry","Anchor","Whetstone"],"acts_visited":["Exordium","TheCity","TheBeyond","TheEnding"],"potions_floor_usage":[55,55],"damage_taken":[{"damage":13,"enemies":"2 Louse","floor":1,"turns":2},{"damage":14,"enemies":"conspire:RoseBush","floor":2,"turns":2},{"damage":15,"enemies":"Small Slimes","floor":4,"turns":3},{"damage":12,"enemies":"conspire:2 RoseBushes","floor":7,"turns":2},{"damage":18,"enemies":"Lagavulin","floor":8,"turns":4},{"damage":10,"enemies":"Gremlin Gang","floor":10,"turns":3},{"damage":12,"enemies":"Blue Slaver","floor":11,"turns":1},{"damage":0,"enemies":"Large Slime","floor":12,"turns":2},{"damage":2,"enemies":"Slime Boss","floor":16,"turns":2},{"damage":1,"enemies":"Shell Parasite","floor":18,"turns":1},{"damage":12,"enemies":"2 Thieves","floor":19,"turns":2},{"damage":2,"enemies":"Snecko","floor":21,"turns":2},{"damage":15,"enemies":"3 Cultists","floor":22,"turns":3},{"damage":2,"enemies":"conspire:SneckoGhost","floor":23,"turns":2},{"damage":31,"enemies":"Centurion and Healer","floor":24,"turns":3},{"damage":7,"enemies":"Chosen and Byrds","floor":25,"turns":2},{"damage":12,"enemies":"conspire:HollyBat","floor":29,"turns":3},{"damage":56,"enemies":"Gremlin Leader","floor":30,"turns":3},{"damage":4,"enemies":"Shelled Parasite and Fungi","floor":31,"turns":2},{"damage":19,"enemies":"Automaton","floor":33,"turns":3},{"damage":46,"enemies":"3 Darklings","floor":35,"turns":3},{"damage":44,"enemies":"3 Shapes","floor":36,"turns":3},{"damage":4,"enemies":"Transient","floor":37,"turns":2},{"damage":5,"enemies":"Sphere and 2 Shapes","floor":38,"turns":3},{"damage":2,"enemies":"Maw","floor":39,"turns":2},{"damage":23,"enemies":"Nemesis","floor":41,"turns":3},{"damage":26,"enemies":"Jaw Worm Horde","floor":42,"turns":2},{"damage":17,"enemies":"Giant Head","floor":44,"turns":2},{"damage":1,"enemies":"Nemesis","floor":46,"turns":1},{"damage":15,"enemies":"Transient","floor":48,"turns":3},{"damage":52,"enemies":"Time Eater","floor":50,"turns":4},{"damage":2,"enemies":"Shield and Spear","floor":54,"turns":2},{"damage":38,"enemies":"The Heart","floor":55,"turns":3}],"seed_played":"-3001494784622775671","potions_obtained":[{"floor":2,"key":"conspire:TimeTravelPotion"},{"floor":4,"key":"DistilledChaos"},{"floor":11,"key":"CultistPotion"},{"floor":44,"key":"Strength Potion"}],"is_trial":false,"path_per_floor":["M","M","$","M","?","R","M","E","T","M","M","M","R","?","R","B",null,"M","M","?","M","M","E","M","M","T","?","?","M","E","M","R","B",null,"M","M","M","M","M","R","E","M","T","E","?","E","R","M","R","B",null,"$","R","E","B",null],"character_chosen":"KRATOS","items_purchased":["Membership Card","KratosMod:BladeWhip","conspire:Banana","KratosMod:BladeWhip","Bronze Scales","KratosMod:BladeWhip","Medical Kit","KratosMod:eagle","KratosMod:Revenge","Singing Bowl"],"campfire_rested":0,"item_purchase_floors":[0,0,0,0,0,0,0,0,0,0],"current_hp_per_floor":[34,33,43,41,51,61,62,57,67,70,71,84,94,104,114,126,268,281,283,293,305,304,316,299,306,316,326,336,338,296,306,316,311,482,450,420,430,439,451,461,452,440,450,447,380,400,410,409,419,379,701,711,721,733,707],"gold":2446,"neow_bonus":"","is_daily":false,"chose_seed":false,"campfire_upgraded":5,"win_rate":0.0,"timestamp":1608440496,"path_taken":["M","M","$","M","?","R","M","E","T","M","M","M","R","?","R","BOSS","M","M","?","M","M","E","M","M","T","?","?","M","E","M","R","BOSS","M","M","M","M","M","R","E","M","T","E","?","E","R","M","R","BOSS","$","R","E","BOSS"],"items_purchased_type":["Relic","Card","Card","Card","Relic","Card","Relic","Relic","Card","Relic"],"build_version":"2020-12-13","purchased_purges":13,"victory":true,"max_hp_per_floor":[83,96,106,119,129,139,152,165,175,188,201,214,224,234,244,258,268,282,296,306,320,334,348,362,376,386,396,406,420,434,448,458,472,482,496,510,524,538,552,562,576,590,600,614,624,645,655,669,679,691,701,711,721,735,747],"card_choices":[{"not_picked":["KratosMod:rattle","KratosMod:Roll","KratosMod:BladeWhip"],"picked":"Singing Bowl","floor":1},{"not_picked":["KratosMod:clawsofhades","KratosMod:Roll","KratosMod:SmashStone"],"picked":"Singing Bowl","floor":2},{"not_picked":["KratosMod:rattle","KratosMod:Roll","KratosMod:Tempor"],"picked":"Singing Bowl","floor":4},{"not_picked":["KratosMod:SmashStone","KratosMod:Tempor","KratosMod:ShieldBash"],"picked":"Singing Bowl","floor":7},{"not_picked":["KratosMod:conjuresoul","KratosMod:BladeWhip","KratosMod:blades"],"picked":"Singing Bowl","floor":8},{"not_picked":["KratosMod:BladeWhip","KratosMod:Endure","KratosMod:ShieldBash"],"picked":"Singing Bowl","floor":10},{"not_picked":["KratosMod:Roll","KratosMod:Tempor","KratosMod:BladeWhip"],"picked":"Singing Bowl","floor":11},{"not_picked":["KratosMod:Tempor","KratosMod:Endure","KratosMod:Roll"],"picked":"Singing Bowl","floor":12},{"not_picked":["KratosMod:ablockalypse","KratosMod:Revenge","KratosMod:styx"],"picked":"Singing Bowl","floor":16},{"not_picked":["KratosMod:rattle+1","KratosMod:ShieldBash","KratosMod:Roll"],"picked":"Singing Bowl","floor":18},{"not_picked":["KratosMod:settle","KratosMod:SmashStone+1","KratosMod:Tempor"],"picked":"Singing Bowl","floor":19},{"not_picked":["KratosMod:rattle","KratosMod:BladeWhip+1","KratosMod:clawsofhades"],"picked":"Singing Bowl","floor":21},{"not_picked":["KratosMod:ShieldBash","KratosMod:Endure","KratosMod:Tempor+1"],"picked":"Singing Bowl","floor":22},{"not_picked":["KratosMod:settle","KratosMod:BladeWhip+1","KratosMod:ShieldBash"],"picked":"Singing Bowl","floor":23},{"not_picked":["KratosMod:rattle","KratosMod:SmashStone","KratosMod:conjuresoul"],"picked":"Singing Bowl","floor":24},{"not_picked":["KratosMod:ShieldBash","KratosMod:rattle","KratosMod:settle"],"picked":"Singing Bowl","floor":25},{"not_picked":["KratosMod:clawsofhades+1","KratosMod:BladeWhip","KratosMod:Roll"],"picked":"Singing Bowl","floor":29},{"not_picked":["KratosMod:Tempor+1","KratosMod:ShieldBash","KratosMod:Roll"],"picked":"Singing Bowl","floor":30},{"not_picked":["KratosMod:Tempor","KratosMod:Roll","KratosMod:BladeWhip"],"picked":"Singing Bowl","floor":31},{"not_picked":["KratosMod:ablockalypse","KratosMod:Revenge","KratosMod:styx"],"picked":"Singing Bowl","floor":33},{"not_picked":["KratosMod:BladeWhip+1","KratosMod:Endure","KratosMod:ShieldBash"],"picked":"Singing Bowl","floor":35},{"not_picked":["KratosMod:Tempor","KratosMod:clawsofhades","KratosMod:ShieldBash+1"],"picked":"Singing Bowl","floor":36},{"not_picked":["KratosMod:BladeWhip+1","KratosMod:rattle+1","KratosMod:clawsofhades"],"picked":"Singing Bowl","floor":37},{"not_picked":["KratosMod:rattle","KratosMod:ShieldBash+1","KratosMod:settle"],"picked":"Singing Bowl","floor":38},{"not_picked":["KratosMod:Tempor","KratosMod:SmashStone+1","KratosMod:ShieldBash"],"picked":"Singing Bowl","floor":39},{"not_picked":["KratosMod:Endure","KratosMod:BladeWhip+1","KratosMod:Roll+1"],"picked":"Singing Bowl","floor":41},{"not_picked":["KratosMod:conjuresoul","KratosMod:SmashStone","KratosMod:settle"],"picked":"Singing Bowl","floor":42},{"not_picked":["KratosMod:clawsofhades","KratosMod:Roll+1","KratosMod:ShieldBash+1"],"picked":"Singing Bowl","floor":44},{"not_picked":["KratosMod:Tempor+1","KratosMod:SmashStone+1","KratosMod:tartarusrage"],"picked":"Singing Bowl","floor":46},{"not_picked":["KratosMod:Roll","KratosMod:ShieldBash","KratosMod:settle"],"picked":"Singing Bowl","floor":48},{"not_picked":["KratosMod:settle","KratosMod:Revenge","KratosMod:Roll"],"picked":"Singing Bowl","floor":54}],"player_experience":299763,"relics_obtained":[{"floor":8,"key":"Oddly Smooth Stone"},{"floor":14,"key":"Juzu Bracelet"},{"floor":14,"key":"conspire:DecoderRing"},{"floor":14,"key":"conspire:Boomerang"},{"floor":23,"key":"MealTicket"},{"floor":26,"key":"MawBank"},{"floor":30,"key":"Omamori"},{"floor":41,"key":"Art of War"},{"floor":41,"key":"Dream Catcher"},{"floor":43,"key":"War Paint"},{"floor":44,"key":"PreservedInsect"},{"floor":44,"key":"Orichalcum"},{"floor":46,"key":"Vajra"},{"floor":46,"key":"Strawberry"},{"floor":54,"key":"Anchor"},{"floor":54,"key":"Whetstone"}],"event_choices":[{"damage_healed":0,"gold_gain":175,"player_choice":"AGREE","damage_taken":0,"max_hp_gain":0,"max_hp_loss":0,"event_name":"Liars Game","floor":5,"gold_loss":0,"cards_obtained":["Doubt"]},{"damage_healed":0,"gold_gain":0,"player_choice":"Forge","damage_taken":0,"max_hp_gain":0,"max_hp_loss":0,"event_name":"Accursed Blacksmith","floor":20,"gold_loss":0,"cards_upgraded":["KratosMod:BladeWhip"]},{"cards_removed":["Doubt"],"damage_healed":0,"gold_gain":0,"player_choice":"Elegance","damage_taken":0,"max_hp_gain":0,"max_hp_loss":0,"event_name":"Back to Basics","floor":27,"gold_loss":0},{"damage_healed":0,"gold_gain":0,"player_choice":"Cursed","damage_taken":0,"max_hp_gain":0,"max_hp_loss":0,"event_name":"Wheel of Change","floor":28,"gold_loss":0,"cards_obtained":["Decay"]},{"damage_healed":0,"gold_gain":0,"player_choice":"Embrace Madness","damage_taken":77,"max_hp_gain":0,"max_hp_loss":0,"event_name":"Winding Halls","floor":45,"gold_loss":0,"cards_obtained":["Madness","Madness"]}],"is_beta":false,"boss_relics":[{"not_picked":["conspire:RoyalGoblet","Cursed Key"],"picked":"Coffee Dripper"},{"not_picked":["conspire:RunicOctahedron","Sozu"],"picked":"Black Star"}],"items_purged_floors":[0,0,0,0,0,0,0,0,0,0,52,52,52],"is_endless":false,"potions_floor_spawned":[2,4,10,11,12,16,18,21,22,23,30,38,39,41,44,46],"ascension_level":0}}