{"host":"f5n4tidiz2n5sooh","time":1608450092,"event":{"mods":["BaseMod","Bestiary","Colored Map","Minty Spire (QoL Compilation)","Relic Stats","StSLib"],"gold_per_floor":[119,119,132,132,150,150,182,260,284,284,43,43,43,53,53,130,130,143,160,188,238,238,238,268,268,268,268,268],"floor_reached":27,"playtime":638,"items_purged":["Strike_B"],"score":454,"play_id":"082e1328-389d-4a37-8d23-e919eeec71e6","local_time":"20201220014132","is_ascension_mode":true,"campfire_choices":[{"data":"Sunder","floor":6,"key":"SMITH"},{"floor":10,"key":"REST"},{"data":"Auto Shields","floor":12,"key":"SMITH"},{"data":"Steam Power","floor":15,"key":"SMITH"},{"floor":23,"key":"REST"},{"data":"Loop","floor":25,"key":"SMITH"}],"circlet_count":0,"master_deck":["AscendersBane","Strike_B+1","Strike_B+1","Defend_B","Defend_B","Defend_B","Defend_B","Zap","Dualcast","Clumsy","Sunder+1","Leap","Auto Shields+1","Sweeping Beam","Steam Power+1","Biased Cognition","Consume","Loop+1","Go for the Eyes"],"relics":["Cracked Core","Turnip","Bag of Marbles","DataDisk","Vajra","ClockworkSouvenir","Runic Dome","Red Mask","Symbiotic Virus"],"acts_visited":["Exordium","TheCity"],"potions_floor_usage":[7,16,16,27],"damage_taken":[{"damage":2,"enemies":"Cultist","floor":1,"turns":4},{"damage":0,"enemies":"Small Slimes","floor":3,"turns":2},{"damage":0,"enemies":"2 Louse","floor":5,"turns":1},{"damage":6,"enemies":"Gremlin Nob","floor":7,"turns":3},{"damage":0,"enemies":"Large Slime","floor":14,"turns":3},{"damage":29,"enemies":"Hexaghost","floor":16,"turns":7},{"damage":16,"enemies":"3 Byrds","floor":18,"turns":4},{"damage":0,"enemies":"Chosen","floor":19,"turns":2},{"damage":5,"enemies":"Masked Bandits","floor":20,"turns":3},{"damage":11,"enemies":"Slavers","floor":24,"turns":5},{"damage":27,"enemies":"Book of Stabbing","floor":27,"turns":4}],"seed_played":"7280101411307993771","potions_obtained":[{"floor":5,"key":"SteroidPotion"},{"floor":7,"key":"FearPotion"},{"floor":14,"key":"LiquidMemories"},{"floor":16,"key":"Block Potion"},{"floor":20,"key":"SpeedPotion"},{"floor":24,"key":"FocusPotion"}],"is_trial":false,"path_per_floor":["M","?","M","?","M","R","E","?","T","R","$","R","?","M","R","B",null,"M","M","?","?","?","R","E","R","T","E"],"character_chosen":"DEFECT","items_purchased":["ClockworkSouvenir"],"campfire_rested":2,"item_purchase_floors":[11],"current_hp_per_floor":[62,41,41,15,15,15,9,9,9,30,30,30,30,30,30,1,54,38,38,33,33,13,35,24,24,24,0,0],"gold":268,"neow_bonus":"ONE_RARE_RELIC","is_daily":false,"chose_seed":false,"campfire_upgraded":4,"win_rate":0.0,"timestamp":1608450092,"path_taken":["M","?","M","?","M","R","E","?","T","R","?","R","?","?","R","BOSS","M","M","?","?","?","R","E","R","T","E"],"items_purchased_type":["Relic"],"build_version":"2020-12-13","purchased_purges":1,"victory":false,"max_hp_per_floor":[71,71,71,71,71,71,71,71,71,71,71,71,71,71,71,71,71,71,71,71,71,76,76,76,76,76,76,76],"relic_stats":{"counters":[11,38],"Turnip":[0],"obtain_stats":[{"Runic Dome":17,"DataDisk":7,"Vajra":9,"Turnip":0,"Bag of Marbles":4,"Red Mask":20,"Cracked Core":0,"Symbiotic Virus":24,"ClockworkSouvenir":11},{"Runic Dome":6,"DataDisk":4,"Vajra":4,"Turnip":0,"Bag of Marbles":2,"Red Mask":9,"Cracked Core":0,"Symbiotic Virus":10,"ClockworkSouvenir":4},{"Runic Dome":20,"DataDisk":10,"Vajra":10,"Turnip":0,"Bag of Marbles":6,"Red Mask":29,"Cracked Core":0,"Symbiotic Virus":34,"ClockworkSouvenir":10}]},"card_choices":[{"not_picked":["Gash","Recycle"],"picked":"Sunder","floor":1},{"not_picked":["Fusion","Steam"],"picked":"Leap","floor":3},{"not_picked":["Sweeping Beam","Stack"],"picked":"Auto Shields","floor":5},{"not_picked":["Scrape","Multi-Cast","Reprogram"],"picked":"SKIP","floor":7},{"not_picked":["Steam","Reprogram"],"picked":"Steam Power","floor":14},{"not_picked":["Electrodynamics","Echo Form"],"picked":"Biased Cognition","floor":16},{"not_picked":["Beam Cell","Barrage"],"picked":"Consume","floor":18},{"not_picked":["Fusion+1","FTL","Heatsinks"],"picked":"SKIP","floor":19},{"not_picked":["Aggregate","Ball Lightning+1"],"picked":"Loop","floor":20},{"not_picked":["Beam Cell","Melter"],"picked":"Go for the Eyes","floor":24}],"player_experience":1904211,"relics_obtained":[{"floor":7,"key":"DataDisk"},{"floor":9,"key":"Vajra"},{"floor":20,"key":"Red Mask"},{"floor":24,"key":"Symbiotic Virus"}],"event_choices":[{"damage_healed":0,"gold_gain":0,"player_choice":"Entered Light","damage_taken":21,"max_hp_gain":0,"max_hp_loss":0,"event_name":"Shining Light","floor":2,"gold_loss":0,"cards_upgraded":["Strike_B","Strike_B"]},{"damage_healed":0,"gold_gain":0,"player_choice":"Success","damage_taken":26,"relics_obtained":["Bag of Marbles"],"max_hp_gain":0,"max_hp_loss":0,"event_name":"Scrap Ooze","floor":4,"gold_loss":0},{"damage_healed":0,"gold_gain":78,"player_choice":"Gained Gold","damage_taken":0,"max_hp_gain":0,"max_hp_loss":0,"event_name":"Golden Wing","floor":8,"gold_loss":0},{"damage_healed":0,"gold_gain":0,"cards_transformed":["Strike_B"],"player_choice":"Change","damage_taken":0,"max_hp_gain":0,"max_hp_loss":0,"event_name":"Living Wall","floor":13,"gold_loss":0,"cards_obtained":["Sweeping Beam"]},{"damage_healed":0,"gold_gain":0,"player_choice":"Fought Bandits","damage_taken":0,"max_hp_gain":0,"max_hp_loss":0,"event_name":"Masked Bandits","floor":20,"gold_loss":0},{"damage_healed":0,"gold_gain":50,"player_choice":"Stole From Cult","damage_taken":0,"max_hp_gain":0,"max_hp_loss":0,"event_name":"Nest","floor":21,"gold_loss":0},{"damage_healed":0,"gold_gain":0,"player_choice":"Shed Blood","damage_taken":25,"max_hp_gain":5,"max_hp_loss":0,"event_name":"Forgotten Altar","floor":22,"gold_loss":0}],"is_beta":false,"boss_relics":[{"not_picked":["Astrolabe","FrozenCore"],"picked":"Runic Dome"}],"items_purged_floors":[11],"is_endless":false,"potions_floor_spawned":[5,7,14,16,20,24],"killed_by":"Book of Stabbing","ascension_level":20}}