{"host":"0kaxg9rjckhp4v2r","time":1608489338,"event":{"mods":["AchievementEnabler","BaseMod","Bestiary","Better Altar","Better Match","Better Note","Better Sensory Stone","Better Silent Start","Better Skull","Better Third Choice","Better-Laid Plans","Colored Powertips","Disable Question Mark Monsters","Emptier Cage","Melee Mod","Minty Spire (QoL Compilation)","Quick Restart","SacredBarkPlus","StSLib","The Marked","The Senshi","TheFirefly","Unceasing Turn Reminder","yUi"],"gold_per_floor":[219,237,248,258,258,258,228,228,228],"floor_reached":8,"playtime":667,"items_purged":[],"score":48,"play_id":"912e1fe5-35f5-4389-bc03-20a05671f547","local_time":"20201220133538","is_ascension_mode":false,"campfire_choices":[{"data":"thefirefly:Quine","floor":6,"key":"SMITH"}],"circlet_count":0,"master_deck":["thefirefly:Strike","thefirefly:Strike","thefirefly:Strike","thefirefly:Defend","thefirefly:Defend","thefirefly:Defend","thefirefly:Defend","thefirefly:StealthMode","thefirefly:PhotonBlast","thefirefly:EvasiveManeuver","thefirefly:FullProjection","thefirefly:Quine+1","thefirefly:PotentAmmunition","thefirefly:MirrorShield","thefirefly:ArtillleryBeam"],"relics":["thefirefly:StealthSystem"],"acts_visited":["Exordium"],"potions_floor_usage":[],"damage_taken":[{"damage":5,"enemies":"Cultist","floor":1,"turns":5},{"damage":0,"enemies":"Small Slimes","floor":2,"turns":5},{"damage":0,"enemies":"2 Louse","floor":3,"turns":3},{"damage":0,"enemies":"2 Fungi Beasts","floor":4,"turns":10},{"damage":0,"enemies":"Looter","floor":7,"turns":4},{"damage":32,"enemies":"Gremlin Nob","floor":8,"turns":5}],"seed_played":"1701751542006270232","potions_obtained":[{"floor":2,"key":"SteroidPotion"},{"floor":4,"key":"Energy Potion"}],"is_trial":false,"path_per_floor":["M","M","M","M","?","R","M","E"],"character_chosen":"THE_FIREFLY","items_purchased":[],"campfire_rested":0,"item_purchase_floors":[],"current_hp_per_floor":[50,50,50,50,50,50,50,18,18],"gold":228,"neow_bonus":"HUNDRED_GOLD","is_daily":false,"chose_seed":false,"campfire_upgraded":1,"win_rate":0.0,"timestamp":1608489338,"path_taken":["M","M","?","M","?","R","?","E"],"items_purchased_type":[],"build_version":"2020-12-13","purchased_purges":0,"victory":false,"max_hp_per_floor":[55,55,55,55,55,55,55,55,55],"card_choices":[{"not_picked":["thefirefly:ArtillleryBeam","thefirefly:Ruminate"],"picked":"thefirefly:EvasiveManeuver","floor":1},{"not_picked":["thefirefly:PotentAmmunition","thefirefly:PhantomStrike"],"picked":"thefirefly:FullProjection","floor":2},{"not_picked":["thefirefly:LaserBarrage","thefirefly:AuroralDischarge"],"picked":"thefirefly:Quine","floor":3},{"not_picked":["thefirefly:Exile","thefirefly:PhantomStrike"],"picked":"thefirefly:PotentAmmunition","floor":4},{"not_picked":["thefirefly:QuantumTunneling","thefirefly:AutoTargeting"],"picked":"thefirefly:ArtillleryBeam","floor":7}],"player_experience":290447,"relics_obtained":[],"event_choices":[{"damage_healed":0,"gold_gain":0,"cards_transformed":["thefirefly:Strike"],"player_choice":"Transformed","damage_taken":0,"max_hp_gain":0,"max_hp_loss":0,"event_name":"Transmorgrifier","floor":5,"gold_loss":0,"cards_obtained":["thefirefly:MirrorShield"]}],"is_beta":false,"boss_relics":[],"items_purged_floors":[],"is_endless":false,"potions_floor_spawned":[2,4],"killed_by":"Gremlin Nob","ascension_level":0}}