{"host":"867cnhxguf2bzj4x","time":1608465176,"event":{"mods":["BaseMod","GifTheSpireLib","Minty Spire (QoL Compilation)","StSLib","The Bug Knight","The Cursed","The Hierophant","The Servant 0.9.4"],"gold_per_floor":[118,129,141,157,157,183,183,196,196,215,215,231,248,248,248,347,347,331,356,356,51,64,64,64,64],"floor_reached":24,"playtime":953,"items_purged":["Defend_G"],"score":210,"play_id":"5255b010-cf5b-46cc-9489-d6c50f96d3ac","local_time":"20201220125256","is_ascension_mode":true,"campfire_choices":[{"floor":7,"key":"REST"},{"floor":15,"key":"REST"},{"floor":23,"key":"REST"}],"circlet_count":0,"master_deck":["Strike_G","Strike_G","Strike_G","Strike_G","Defend_G","Defend_G","Defend_G","Defend_G","Survivor","Neutralize","Outmaneuver","Poisoned Stab","Outmaneuver","Deadly Poison","Calculated Gamble","Bouncing Flask","Prepared+1","Noxious Fumes","Grand Finale"],"relics":["Ring of the Snake","NeowsBlessing","Toy Ornithopter","Happy Flower","Snake Skull","Philosopher\u0027s Stone","Red Mask","Eternal Feather"],"acts_visited":["Exordium","TheCity"],"potions_floor_usage":[24],"damage_taken":[{"damage":0,"enemies":"Jaw Worm","floor":1,"turns":1},{"damage":0,"enemies":"Small Slimes","floor":2,"turns":1},{"damage":0,"enemies":"Cultist","floor":3,"turns":1},{"damage":42,"enemies":"Exordium Wildlife","floor":4,"turns":7},{"damage":14,"enemies":"HollowMod:MossKnight","floor":6,"turns":9},{"damage":8,"enemies":"Red Slaver","floor":8,"turns":3},{"damage":6,"enemies":"Blue Slaver","floor":10,"turns":4},{"damage":17,"enemies":"Large Slime","floor":12,"turns":8},{"damage":0,"enemies":"Exordium Wildlife","floor":13,"turns":4},{"damage":21,"enemies":"Hexaghost","floor":16,"turns":7},{"damage":23,"enemies":"2 Thieves","floor":18,"turns":4},{"damage":52,"enemies":"Masked Bandits","floor":19,"turns":5},{"damage":0,"enemies":"Centurion and Healer","floor":22,"turns":5},{"damage":60,"enemies":"Slavers","floor":24,"turns":6}],"seed_played":"8157785917858267122","potions_obtained":[{"floor":3,"key":"PowerPotion"},{"floor":4,"key":"SpeedPotion"},{"floor":12,"key":"FairyPotion"},{"floor":13,"key":"Dexterity Potion"},{"floor":22,"key":"Explosive Potion"}],"is_trial":false,"path_per_floor":["M","M","M","M","?","E","R","M","T","M","?","M","M","?","R","B",null,"M","?","?","$","M","R","E"],"character_chosen":"THE_SILENT","items_purchased":["Noxious Fumes","Grand Finale"],"campfire_rested":3,"item_purchase_floors":[21,21],"current_hp_per_floor":[70,70,70,28,51,37,58,50,50,44,44,27,27,27,48,27,70,47,21,21,21,21,51,0,0],"gold":64,"neow_bonus":"THREE_ENEMY_KILL","is_daily":false,"chose_seed":false,"campfire_upgraded":0,"win_rate":0.0,"timestamp":1608465176,"path_taken":["M","M","M","M","?","E","R","M","T","M","?","M","?","?","R","BOSS","M","?","?","$","M","R","E"],"items_purchased_type":["Card","Card"],"build_version":"2020-12-13","purchased_purges":1,"victory":false,"max_hp_per_floor":[70,70,70,70,70,70,70,70,70,70,70,70,70,70,70,70,70,70,70,70,70,70,70,70,70],"card_choices":[{"not_picked":["Backflip","Predator"],"picked":"Outmaneuver","floor":1},{"not_picked":["Sucker Punch","Flying Knee"],"picked":"Poisoned Stab","floor":2},{"not_picked":["Slice","Backflip"],"picked":"Outmaneuver","floor":3},{"not_picked":["Dagger Spray","Infinite Blades"],"picked":"Deadly Poison","floor":4},{"not_picked":["Doppelganger","Outmaneuver"],"picked":"Calculated Gamble","floor":6},{"not_picked":["Infinite Blades","Dagger Spray","Backstab"],"picked":"SKIP","floor":8},{"not_picked":["Dagger Spray","Blade Dance","Tactician"],"picked":"SKIP","floor":10},{"not_picked":["Dodge and Roll","Poisoned Stab"],"picked":"Bouncing Flask","floor":12},{"not_picked":["Concentrate","Cloak And Dagger","Dagger Spray"],"picked":"SKIP","floor":13},{"not_picked":["Dodge and Roll","Flying Knee"],"picked":"Prepared+1","floor":18},{"not_picked":["Dodge and Roll","Blade Dance","Sucker Punch"],"picked":"SKIP","floor":22}],"player_experience":76925,"relics_obtained":[{"floor":6,"key":"Toy Ornithopter"},{"floor":9,"key":"Happy Flower"},{"floor":19,"key":"Red Mask"}],"event_choices":[{"damage_healed":23,"gold_gain":0,"player_choice":"Banana","damage_taken":0,"max_hp_gain":0,"max_hp_loss":0,"event_name":"Big Fish","floor":5,"gold_loss":0},{"damage_healed":0,"gold_gain":0,"player_choice":"Gave Potion","damage_taken":0,"relics_obtained":["Snake Skull"],"max_hp_gain":0,"max_hp_loss":0,"event_name":"WeMeetAgain","floor":11,"gold_loss":0},{"cards_removed":["Strike_G"],"damage_healed":0,"gold_gain":0,"player_choice":"Purged","damage_taken":0,"max_hp_gain":0,"max_hp_loss":0,"event_name":"Purifier","floor":14,"gold_loss":0},{"damage_healed":0,"gold_gain":0,"player_choice":"Fought Bandits","damage_taken":0,"max_hp_gain":0,"max_hp_loss":0,"event_name":"Masked Bandits","floor":19,"gold_loss":0},{"damage_healed":0,"gold_gain":0,"player_choice":"Opened","damage_taken":0,"relics_obtained":["Eternal Feather"],"max_hp_gain":0,"max_hp_loss":0,"event_name":"The Mausoleum","floor":20,"gold_loss":0}],"is_beta":false,"boss_relics":[{"not_picked":["Runic Pyramid","Tiny House"],"picked":"Philosopher\u0027s Stone"}],"items_purged_floors":[21],"is_endless":false,"potions_floor_spawned":[3,4,12,13,18,22],"killed_by":"Slavers","ascension_level":1}}