{"host":"en3i0mvpfa3c1sbz","time":1608422934,"event":{"mods":["BaseMod","BetterRewards","Dota2Spire","Downfall","GifTheSpireLib","Hubris","Infinite Spire","Marisa£®ÏF”Í°°ƒß¿Ì…≥£©","Minty Spire (QoL Compilation)","READ ME - Guardian Mod","Replay The Spire","Shop Mod","StSLib","Stuff the Spire","The Administrix","The Factory","The Jungle"],"gold_per_floor":[139,139,139,139,158,158,215,262,262,294,341,358,358,403,403,533,533,573,573,592,592,642,642,702,702,702,765,765,765,765,782,782,940,940,958,958,1006,900,943,1007,1007,1050,1073,1086,1086,1148,1158,1214,1214,1244,1244,1244,1244,1301,1331],"floor_reached":56,"playtime":5077,"items_purged":[],"score":1974,"play_id":"825dc1ae-a443-40ec-9609-97941782d1d0","local_time":"20201220080854","is_ascension_mode":true,"campfire_choices":[{"floor":6.0,"key":"RECALL"},{"floor":13.0,"key":"REST"},{"floor":15.0,"key":"REST"},{"floor":23.0,"key":"DIG"},{"floor":25.0,"key":"DIG"},{"floor":28.0,"key":"DIG"},{"floor":32.0,"key":"DIG"},{"floor":45.0,"key":"DIG"},{"floor":49.0,"key":"DIG"},{"floor":52,"key":"DIG"}],"circlet_count":0,"master_deck":["Strike_B","Strike_B","Strike_B","Zap","Dark Shackles","Stack","Genetic Algorithm","Rebound","Conserve Battery","FTL","Warcry","Crystallizer","Barrage","Coolheaded","Streamline","Self Repair+1","hubris:Fate","hubris:Ukulele+1","Skim+1","Conserve Battery","Ball Lightning","hubris:SpecializedCircuitry","Cold Snap+1","theJungle:Gourd","theJungle:Gourd","theJungle:Gourd","theJungle:Gourd","theJungle:Gourd","Redo","StuffTheSpire:EventHorizon+1","Limit Break+1","Blizzard+1","Stack+1","StuffTheSpire:ForEach","Conserve Battery+1","Dual Wield","Glacier","FIFO Queue","expansioncontent:Collect","StuffTheSpire:Recharge","ReplayTheSpireMod:Muscle Training+1","White Noise+1","Iron Wave","Blizzard+1","Melter+1","Consume+1","Fire Breathing","Barrage+1","Redo","Headbutt","BasicCrystalCard+1"],"relics":["Dota2Spire:HandOfMidas","Iron Core","infinitespire:SolderingIron","hubris:SoftwareUpdate","Black Star","Prayer Wheel","Question Card","Dota2Spire:Bloodstone","Shovel","Omamori","Lantern","Geode","Dota2Spire:PowerTreads","Oddly Smooth Stone","hubris:Metronome","hubris:TinFlute","Kunai","hubris:Towel","infinitespire:Satchel","Inserter","Magic Flower","Vajra","hubris:NiceRug","Guide Book","Boot","Replay:Antivirus Software","Dota2Spire:LotusOrb","StuffTheSpire:OldFever","Dota2Spire:ArmletOfMordiggian","ReplayFunnel","Dota2Spire:DrumOfEndurance","Cables","Dota2Spire:BladeMail","PreservedInsect","Dota2Spire:BattleFury","StuffTheSpire:CocoNut","Torii"],"acts_visited":[],"potions_floor_usage":[],"damage_taken":[{"damage":7.0,"enemies":"Jaw Worm","floor":1.0,"turns":3.0},{"damage":4.0,"enemies":"2 Louse","floor":5.0,"turns":3.0},{"damage":42.0,"enemies":"Lagavulin","floor":7.0,"turns":8.0},{"damage":6.0,"enemies":"infinitespire:Voidling","floor":8.0,"turns":6.0},{"damage":0.0,"enemies":"Replay:BlueRogue","floor":10.0,"turns":4.0},{"damage":0.0,"enemies":"Large Slime","floor":11.0,"turns":5.0},{"damage":7.0,"enemies":"3 Louse","floor":12.0,"turns":4.0},{"damage":1.0,"enemies":"2 Fungi Beasts","floor":14.0,"turns":4.0},{"damage":29.0,"enemies":"Hexaghost","floor":16.0,"turns":14.0},{"damage":15.0,"enemies":"theJungle:GiantWrat","floor":18.0,"turns":5.0},{"damage":7.0,"enemies":"theJungle:Flameango_and_Byrd","floor":20.0,"turns":4.0},{"damage":17.0,"enemies":"theJungle:SlimyTreeVines","floor":22.0,"turns":4.0},{"damage":4.0,"enemies":"theJungle:MamaSnecko","floor":24.0,"turns":5.0},{"damage":9.0,"enemies":"theJungle:Cassacara","floor":27.0,"turns":5.0},{"damage":24.0,"enemies":"Snake Plant","floor":31.0,"turns":3.0},{"damage":19.0,"enemies":"theJungle:TotemBoss","floor":33.0,"turns":7.0},{"damage":15.0,"enemies":"3 Shapes","floor":35.0,"turns":4.0},{"damage":15.0,"enemies":"Orb Walker","floor":37.0,"turns":3.0},{"damage":32.0,"enemies":"hubris:Merchant","floor":38.0,"turns":6.0},{"damage":0.0,"enemies":"Spire Growth","floor":39.0,"turns":5.0},{"damage":0.0,"enemies":"Giant Head","floor":40.0,"turns":7.0},{"damage":0.0,"enemies":"Writhing Mass","floor":42.0,"turns":8.0},{"damage":0.0,"enemies":"Sphere and 2 Shapes","floor":44.0,"turns":2.0},{"damage":0.0,"enemies":"Nemesis","floor":46.0,"turns":6.0},{"damage":0.0,"enemies":"Spire Growth","floor":47.0,"turns":3.0},{"damage":0.0,"enemies":"R_Hoarder","floor":48.0,"turns":6.0},{"damage":4,"enemies":"Donu and Deca","floor":50,"turns":7},{"damage":1,"enemies":"Shield and Spear","floor":54,"turns":4},{"damage":33,"enemies":"The Heart","floor":55,"turns":8}],"seed_played":"3638820621135030122","potions_obtained":[{"floor":5.0,"key":"Elixir"},{"floor":7.0,"key":"ColorlessPotion"},{"floor":10.0,"key":"Explosive Potion"},{"floor":12.0,"key":"SpeedPotion"},{"floor":16.0,"key":"BlessingOfTheForge"},{"floor":18.0,"key":"Energy Potion"},{"floor":22.0,"key":"Explosive Potion"},{"floor":24.0,"key":"Dota2Spire:HealingSalve"},{"floor":27.0,"key":"Adrenaline Potion"},{"floor":37.0,"key":"Swift Potion"},{"floor":38.0,"key":"SpeedPotion"},{"floor":38.0,"key":"FairyPotion"}],"is_trial":false,"path_per_floor":["M","?","?","?","M","R","E","M","T","E","M","M","R","M","R","B",null,"M","AVR","M","?","M","R","E","R","T","E","R","?","?","M","R","B",null,"M","?","M","$","M","E","AVR","M","T","M","R","E","M","E","R","B",null,"R","$","E","B",null],"character_chosen":"DEFECT","items_purchased":["Dota2Spire:HandOfMidas","Strength Potion","Magic Flower","Vajra"],"campfire_rested":2,"item_purchase_floors":[0,0,38,38],"current_hp_per_floor":[68,68,61,61,57,57,15,9,9,9,9,2,24,23,45,16,75,60,60,63,47,35,35,41,41,41,54,54,54,54,30,30,36,75,70,70,65,48,63,63,63,75,75,75,75,75,75,75,75,75,75,75,75,81,78],"gold":1331,"neow_bonus":"","is_daily":false,"chose_seed":false,"campfire_upgraded":0,"win_rate":0.0,"timestamp":1608422934,"path_taken":["M","?","?","?","M","R","E","?","T","E","M","?","R","M","R","BOSS","M","AVR","M","?","M","R","E","R","T","E","R","?","?","M","R","BOSS","M","?","M","$","M","E","AVR","M","T","?","R","E","M","E","R","BOSS","R","$","E","BOSS"],"items_purchased_type":["Relic","Potion","Relic","Relic"],"build_version":"2020-12-13","purchased_purges":0,"victory":true,"max_hp_per_floor":[75,75,75,75,75,75,75,75,75,75,75,75,75,75,75,75,75,75,75,75,75,75,75,75,75,75,75,75,75,75,75,75,75,75,75,75,75,75,75,75,75,75,75,75,75,75,75,75,75,75,75,75,75,82,82],"card_choices":[{"not_picked":["Redo","BootSequence"],"picked":"Stack","floor":1.0},{"not_picked":["StuffTheSpire:LoadUp","Headbutt"],"picked":"Rebound","floor":5.0},{"not_picked":["Evolve","Reprogram"],"picked":"Conserve Battery","floor":7.0},{"not_picked":["BasicCrystalCard","Lockon"],"picked":"FTL","floor":8.0},{"not_picked":["Blizzard","StuffTheSpire:LoadUp"],"picked":"Warcry","floor":10.0},{"not_picked":["Clash","Dual Wield"],"picked":"Crystallizer","floor":11.0},{"not_picked":["Leap","Turbo"],"picked":"Barrage","floor":12.0},{"not_picked":["StuffTheSpire:GlassShard","Darkness"],"picked":"Coolheaded","floor":14.0},{"not_picked":["Multi-Cast","Thunder Strike"],"picked":"ReplayTheSpireMod:Fabricate Wheel","floor":16.0},{"not_picked":["Rebound","BasicCrystalCard"],"picked":"Streamline","floor":18.0},{"not_picked":["Cold Snap","ReplayGash+1"],"picked":"Self Repair+1","floor":18.0},{"not_picked":["StuffTheSpire:GlassShard","Conserve Battery","StuffTheSpire:NuclearReactor"],"picked":"hubris:Ukulele+1","floor":20.0},{"not_picked":["Redo","ReplayTheSpireMod:Repulse","Barrage"],"picked":"Skim+1","floor":20.0},{"not_picked":["hubris:Ukulele","ReplaySort","Coolheaded"],"picked":"Conserve Battery","floor":22.0},{"not_picked":["Leap","StuffTheSpire:Synthwave","Hologram"],"picked":"Ball Lightning","floor":22.0},{"not_picked":["Fusion","Coolheaded","Steam"],"picked":"hubris:SpecializedCircuitry","floor":24.0},{"not_picked":["Go for the Eyes+1","Consume","Leap+1"],"picked":"Cold Snap+1","floor":27.0},{"not_picked":["Turbo","Scrape+1","Fusion"],"picked":"Redo","floor":31.0},{"not_picked":["Beam Cell","Hologram+1","Rebound"],"picked":"StuffTheSpire:EventHorizon","floor":31.0},{"not_picked":["Juggernaut","Creative AI","StuffTheSpire:ForEach"],"picked":"Limit Break","floor":33.0},{"not_picked":["Consume","Leap+1","Turbo"],"picked":"Blizzard+1","floor":35.0},{"not_picked":["Compile Driver+1","Go for the Eyes+1","Panic Button+1"],"picked":"Stack+1","floor":35.0},{"not_picked":["Auto Shields+1","Coolheaded","Gash"],"picked":"Conserve Battery+1","floor":37.0},{"not_picked":["Turbo","ReplayTheSpireMod:Omega Cannon","StuffTheSpire:LoadUp","Steam+1"],"picked":"SKIP","floor":37.0},{"not_picked":[],"picked":"Dual Wield","floor":38.0},{"not_picked":[],"picked":"Glacier","floor":38.0},{"not_picked":[],"picked":"FIFO Queue","floor":38.0},{"not_picked":[],"picked":"expansioncontent:Collect","floor":38.0},{"not_picked":[],"picked":"StuffTheSpire:Recharge","floor":38.0},{"not_picked":["Iron Wave"],"picked":"SKIP","floor":38.0},{"not_picked":["Lockon"],"picked":"SKIP","floor":38.0},{"not_picked":["Genetic Algorithm+1","Headbutt+1","WeaponsOverheat"],"picked":"ReplayTheSpireMod:Muscle Training+1","floor":39.0},{"not_picked":["Aggregate","Ball Lightning","Stack"],"picked":"White Noise+1","floor":39.0},{"not_picked":["BasicCrystalCard","WeaponsOverheat+1","StuffTheSpire:LoadUp+1","Leap"],"picked":"SKIP","floor":40.0},{"not_picked":["StuffTheSpire:NuclearReactor","Clash","Double Energy"],"picked":"Iron Wave","floor":42.0},{"not_picked":["Heatsinks","Anger","Whirlwind+1"],"picked":"Blizzard+1","floor":42.0},{"not_picked":["BootSequence+1","Barrage+1","Turbo+1"],"picked":"Melter+1","floor":44.0},{"not_picked":["Warcry+1","Anger+1","ReplayTheSpireMod:Calculation Training+1"],"picked":"Consume+1","floor":44.0},{"not_picked":["Clash","Reinforced Body","WeaponsOverheat+1"],"picked":"Fire Breathing","floor":46.0},{"not_picked":["StuffTheSpire:Plugnplay+1","Redo","ReplayTheSpireMod:GoodbyeWorld"],"picked":"Barrage+1","floor":47.0},{"not_picked":["Clash+1","BasicCrystalCard","Fusion"],"picked":"Redo","floor":47.0},{"not_picked":["Streamline","ReplayTheSpireMod:Repulse+1","Anger"],"picked":"Headbutt","floor":48.0},{"not_picked":["Conserve Battery","Auto Shields+1","ReplayTheSpireMod:GoodbyeWorld+1"],"picked":"BasicCrystalCard+1","floor":54}],"player_experience":302170,"relics_obtained":[{"floor":7.0,"key":"infinitespire:SolderingIron"},{"floor":10.0,"key":"hubris:SoftwareUpdate"},{"floor":23.0,"key":"Omamori"},{"floor":24.0,"key":"Lantern"},{"floor":24.0,"key":"Geode"},{"floor":25.0,"key":"Dota2Spire:PowerTreads"},{"floor":26.0,"key":"Oddly Smooth Stone"},{"floor":27.0,"key":"hubris:Metronome"},{"floor":27.0,"key":"hubris:TinFlute"},{"floor":28.0,"key":"Kunai"},{"floor":32.0,"key":"infinitespire:Satchel"},{"floor":38.0,"key":"Guide Book"},{"floor":40.0,"key":"Boot"},{"floor":40.0,"key":"Replay:Antivirus Software"},{"floor":43.0,"key":"StuffTheSpire:OldFever"},{"floor":45.0,"key":"Dota2Spire:ArmletOfMordiggian"},{"floor":46.0,"key":"ReplayFunnel"},{"floor":46.0,"key":"Dota2Spire:DrumOfEndurance"},{"floor":48.0,"key":"Cables"},{"floor":48.0,"key":"Dota2Spire:BladeMail"},{"floor":49.0,"key":"PreservedInsect"},{"floor":52,"key":"Dota2Spire:BattleFury"},{"floor":54,"key":"StuffTheSpire:CocoNut"},{"floor":54,"key":"Torii"}],"event_choices":[{"cards_removed":["Bash"],"damage_healed":0.0,"max_hp_gain":0.0,"max_hp_loss":0.0,"gold_gain":0.0,"event_name":"Golden Wing","player_choice":"Card Removal","floor":3.0,"gold_loss":0.0,"damage_taken":7.0},{"damage_healed":0.0,"max_hp_gain":0.0,"max_hp_loss":0.0,"gold_gain":0.0,"cards_transformed":["Strike_B"],"event_name":"Transmorgrifier","player_choice":"Transformed","floor":36.0,"gold_loss":0.0,"damage_taken":0.0,"cards_obtained":["StuffTheSpire:ForEach"]}],"is_beta":false,"boss_relics":[{"not_picked":["Dota2Spire:RefresherOrb","StuffTheSpire:Kangaroo"],"picked":"Black Star"},{"not_picked":["Coffee Dripper","Kintsugi"],"picked":"Inserter"}],"items_purged_floors":[],"is_endless":false,"potions_floor_spawned":[5,7,10,12,16,18,22,24,27,37,39,44,46,47,48],"ascension_level":4}}