{"host":"9d83omykrosjn1d3","time":1608428201,"event":{"mods":["AchievementEnabler","BaseMod","BetterRewards","Card Forge","Hubris","MarisaÅiñ∂âJÅ@ñÇóùçπÅj","Minty Spire (QoL Compilation)","Permanent Neow","Shop Mod","StSLib","SuperFastMode"],"gold_per_floor":[114,114,114,133,144,177,177,195,195,195,227,227,245,274,274,379,379,392,392,307,317,162,189,204,204,227,227,240,265,197,208,208,307,307,325,343,343,218,128,155,155,184,184,203,203,203,237,252,252,252,252,252,10,37,37],"floor_reached":56,"playtime":3224,"items_purged":["Strike_B","Defend_B","Defend_B"],"score":1862,"play_id":"2d3c323b-bda6-407f-b354-f534306cd9d5","local_time":"20201220103641","is_ascension_mode":true,"campfire_choices":[{"data":"Recycle","floor":7,"key":"SMITH"},{"data":"Glacier","floor":10,"key":"SMITH"},{"data":"Heatsinks","floor":12,"key":"SMITH"},{"data":"Blizzard","floor":15,"key":"SMITH"},{"data":"Echo Form","floor":25,"key":"SMITH"},{"data":"Capacitor","floor":27,"key":"SMITH"},{"floor":32,"key":"RECALL"},{"floor":41,"key":"REST"},{"floor":45,"key":"REST"},{"floor":49,"key":"REST"},{"floor":52,"key":"REST"}],"circlet_count":0,"master_deck":["Recycle+1","Blizzard+1","Glacier+1","Creative AI+1","Self Repair+1","Heatsinks+1","Capacitor+1","Echo Form+1","Amplify+1","Madness","Finesse"],"relics":["Cracked Core","Hammer of Thor","Seething Fire","Anvil of the Gods","hubris:MysteriousPyramids","hubris:RGBLights","Art of War","Sundial","hubris:Backtick","Mummified Hand","Regal Pillow","MerchantsRug","Strawberry","hubris:BallOfYels","Blood Vial","Fusion Hammer","hubris:Icosahedron","Bag of Marbles","Whetstone","Akabeko","Pear","Happy Flower"],"acts_visited":["Exordium","TheCity","TheBeyond","TheEnding"],"potions_floor_usage":[55],"damage_taken":[{"damage":1,"enemies":"Cultist","floor":1,"turns":5},{"damage":7,"enemies":"Jaw Worm","floor":4,"turns":6},{"damage":5,"enemies":"Small Slimes","floor":5,"turns":4},{"damage":32,"enemies":"Gremlin Nob","floor":6,"turns":5},{"damage":1,"enemies":"Exordium Thugs","floor":8,"turns":6},{"damage":9,"enemies":"Lagavulin","floor":11,"turns":8},{"damage":6,"enemies":"2 Fungi Beasts","floor":13,"turns":4},{"damage":0,"enemies":"Gremlin Nob","floor":14,"turns":5},{"damage":16,"enemies":"Hexaghost","floor":16,"turns":9},{"damage":4,"enemies":"3 Byrds","floor":18,"turns":4},{"damage":0,"enemies":"Chosen","floor":21,"turns":4},{"damage":0,"enemies":"Gremlin Leader","floor":23,"turns":4},{"damage":13,"enemies":"Snecko","floor":24,"turns":6},{"damage":0,"enemies":"Centurion and Healer","floor":28,"turns":4},{"damage":0,"enemies":"Book of Stabbing","floor":29,"turns":5},{"damage":0,"enemies":"3 Cultists","floor":31,"turns":3},{"damage":0,"enemies":"Collector","floor":33,"turns":6},{"damage":30,"enemies":"3 Darklings","floor":35,"turns":3},{"damage":0,"enemies":"Orb Walker","floor":36,"turns":3},{"damage":0,"enemies":"Giant Head","floor":40,"turns":6},{"damage":52,"enemies":"Reptomancer","floor":42,"turns":4},{"damage":0,"enemies":"Transient","floor":44,"turns":5},{"damage":11,"enemies":"Nemesis","floor":47,"turns":7},{"damage":0,"enemies":"Maw","floor":48,"turns":4},{"damage":0,"enemies":"Donu and Deca","floor":50,"turns":5},{"damage":10,"enemies":"Shield and Spear","floor":54,"turns":4},{"damage":38,"enemies":"The Heart","floor":55,"turns":6}],"seed_played":"1255432518799507994","potions_obtained":[{"floor":3,"key":"SmokeBomb"},{"floor":3,"key":"EssenceOfSteel"},{"floor":3,"key":"FairyPotion"},{"floor":6,"key":"ColorlessPotion"},{"floor":11,"key":"Energy Potion"},{"floor":23,"key":"Strength Potion"},{"floor":29,"key":"FocusPotion"},{"floor":31,"key":"CultistPotion"},{"floor":40,"key":"SkillPotion"},{"floor":44,"key":"DuplicationPotion"},{"floor":54,"key":"Ancient Potion"}],"is_trial":false,"path_per_floor":["M","?","?","M","M","E","R","M","T","R","E","R","M","E","R","B",null,"M","?","?","M","$","E","M","R","T","R","M","E","$","M","R","B",null,"M","M","?","$","?","E","R","E","T","M","R","?","E","M","R","B",null,"R","$","E","B",null],"character_chosen":"DEFECT","items_purchased":["MerchantsRug","Pear"],"campfire_rested":4,"item_purchase_floors":[22,53],"current_hp_per_floor":[74,74,74,67,62,37,37,43,43,43,41,41,42,49,49,40,75,75,75,75,75,75,82,76,76,76,76,82,82,82,82,82,82,82,59,68,68,68,68,80,82,40,40,52,82,72,82,82,82,82,82,82,92,92,74],"gold":37,"neow_bonus":"ONE_RANDOM_RARE_CARD","is_daily":false,"chose_seed":false,"campfire_upgraded":6,"win_rate":0.0,"timestamp":1608428201,"path_taken":["M","?","?","M","?","E","R","M","T","R","E","R","M","E","R","BOSS","M","?","?","M","$","E","M","R","T","R","?","E","$","?","R","BOSS","M","M","?","$","?","E","R","E","T","?","R","?","E","M","R","BOSS","R","$","E","BOSS"],"items_purchased_type":["Relic","Relic"],"build_version":"2020-12-13","purchased_purges":3,"victory":true,"max_hp_per_floor":[75,75,75,75,75,75,75,75,75,75,75,75,75,75,75,75,75,75,75,75,75,75,82,82,82,82,82,82,82,82,82,82,82,82,82,82,82,82,82,82,82,82,82,82,82,82,82,82,82,82,82,82,92,92,92],"card_choices":[{"not_picked":["Stack","Ball Lightning","Gash"],"picked":"SKIP","floor":1},{"not_picked":["Coolheaded","Gash","hubris:Prefetch"],"picked":"SKIP","floor":4},{"not_picked":["Rip and Tear","Turbo"],"picked":"Self Repair","floor":5},{"not_picked":["Conserve Battery","Coolheaded","Force Field"],"picked":"SKIP","floor":6},{"not_picked":["Hologram","Conserve Battery","Reprogram"],"picked":"SKIP","floor":8},{"not_picked":["BootSequence","Streamline"],"picked":"Heatsinks","floor":11},{"not_picked":["Undo","Hologram","Reinforced Body"],"picked":"SKIP","floor":13},{"not_picked":["Ball Lightning","Steam"],"picked":"Capacitor","floor":14},{"not_picked":["Reboot","hubris:SpecializedCircuitry"],"picked":"Echo Form","floor":16},{"not_picked":["Sweeping Beam","Gash","Hello World"],"picked":"SKIP","floor":18},{"not_picked":["Redo","Recycle","Fusion"],"picked":"SKIP","floor":21},{"not_picked":["Loop","Fusion","Rip and Tear"],"picked":"SKIP","floor":23},{"not_picked":["Go for the Eyes","Skim","Redo+1"],"picked":"SKIP","floor":24},{"not_picked":["Barrage","Rebound","Cold Snap+1"],"picked":"SKIP","floor":28},{"not_picked":["Melter","Go for the Eyes+1","Genetic Algorithm"],"picked":"SKIP","floor":29},{"not_picked":["Skim","Beam Cell","Storm+1"],"picked":"SKIP","floor":31},{"not_picked":["Biased Cognition","Fission"],"picked":"Amplify","floor":33},{"not_picked":["Coolheaded","Sweeping Beam+1","Leap+1"],"picked":"SKIP","floor":35},{"not_picked":["Rip and Tear+1","Sweeping Beam+1","Turbo"],"picked":"SKIP","floor":36},{"not_picked":["Recycle+1","FTL","Compile Driver+1"],"picked":"SKIP","floor":40},{"not_picked":["Gash+1","Glacier","Doom and Gloom+1"],"picked":"SKIP","floor":42},{"not_picked":["hubris:Prefetch","Ball Lightning","Leap"],"picked":"SKIP","floor":44},{"not_picked":["PanicButton","Dramatic Entrance"],"picked":"Madness","floor":46},{"not_picked":["Chrysalis","Jack Of All Trades"],"picked":"Finesse","floor":46},{"not_picked":["Gash","Fusion+1","Rebound+1"],"picked":"SKIP","floor":47},{"not_picked":["Ball Lightning+1","Sweeping Beam+1","Rebound"],"picked":"SKIP","floor":48},{"not_picked":["Go for the Eyes","BootSequence+1","Darkness"],"picked":"SKIP","floor":54}],"player_experience":588255,"relics_obtained":[{"floor":6,"key":"hubris:MysteriousPyramids"},{"floor":9,"key":"hubris:RGBLights"},{"floor":11,"key":"Art of War"},{"floor":14,"key":"Sundial"},{"floor":23,"key":"Strawberry"},{"floor":26,"key":"hubris:BallOfYels"},{"floor":29,"key":"Blood Vial"},{"floor":40,"key":"Bag of Marbles"},{"floor":42,"key":"Whetstone"},{"floor":47,"key":"Akabeko"},{"floor":54,"key":"Happy Flower"}],"event_choices":[{"damage_healed":0,"gold_gain":0,"player_choice":"Got Potions","damage_taken":0,"max_hp_gain":0,"max_hp_loss":0,"event_name":"Lab","floor":3,"gold_loss":0},{"cards_removed":["Strike_B"],"damage_healed":0,"gold_gain":0,"player_choice":"Elegance","damage_taken":0,"max_hp_gain":0,"max_hp_loss":0,"event_name":"Back to Basics","floor":19,"gold_loss":0},{"damage_healed":0,"gold_gain":0,"player_choice":"Obtained Relic","damage_taken":0,"relics_obtained":["Regal Pillow"],"max_hp_gain":0,"max_hp_loss":0,"event_name":"Addict","floor":20,"gold_loss":85},{"cards_removed":["Zap"],"damage_healed":0,"gold_gain":0,"player_choice":"Upgrade and Remove","damage_taken":0,"max_hp_gain":0,"max_hp_loss":0,"event_name":"Designer","floor":39,"gold_loss":90,"cards_upgraded":["Self Repair"]},{"damage_healed":0,"gold_gain":0,"player_choice":"Memory 3","damage_taken":10,"max_hp_gain":0,"max_hp_loss":0,"event_name":"SensoryStone","floor":46,"gold_loss":0}],"is_beta":false,"boss_relics":[{"not_picked":["hubris:ScarierMask","Runic Dome"],"picked":"hubris:Backtick"},{"not_picked":["Pandora\u0027s Box","hubris:RunicObelisk"],"picked":"Fusion Hammer"}],"items_purged_floors":[22,30,38],"is_endless":false,"potions_floor_spawned":[6,11,13,14,16,18,23,29,31,40,44,47,54],"ascension_level":4}}