{"host":"sv2o2io561l6x04h","time":1608438524,"event":{"mods":["BaseMod","Bestiary","Better Altar","Better Match","Better Note","Better Sensory Stone","Colored Map","Conspire","Custom Start","DeckTracker","Highlight Path","Hubris","Minty Spire (QoL Compilation)","Replay The Spire","Shop Mod","StSLib","The Runesmith"],"gold_per_floor":[210,226,239,239,239,239,249,249,326,326,344,374,374,391,391,489,489,502,427,352,363,363,363,383,383,451,451,312,312,228,244,244,343,343,358,373,248,268,329,349,349,369,369,382,393,393,393,409,409,409,409,409,30,55,55,55],"floor_reached":55,"playtime":5793,"items_purged":["conspire:GhostlyDefend","conspire:GhostlyStrike","conspire:GhostlyStrike","conspire:GhostlyStrike"],"score":648,"play_id":"f5737148-b1ab-4a80-b641-0ccb84c0e93e","local_time":"20201219232844","is_ascension_mode":false,"campfire_choices":[{"data":"Runesmith:CraftProtectio","floor":6,"key":"SMITH"},{"data":"Runesmith:CraftFirestone","floor":10,"key":"SMITH"},{"data":"Runesmith:CraftMagma","floor":15,"key":"SMITH"},{"data":"Runesmith:CraftMagma","floor":23,"key":"SMITH"},{"floor":25,"key":"RECALL"},{"data":"Runesmith:PoweredAnvil","floor":32,"key":"SMITH"},{"floor":41,"key":"REST"},{"floor":46,"key":"REST"},{"floor":49,"key":"REST"},{"data":"Runesmith:CraftMagma","floor":52,"key":"SMITH"}],"circlet_count":0,"master_deck":["conspire:GhostlyDefend","conspire:GhostlyDefend","conspire:GhostlyDefend","Runesmith:CraftFirestone+1","Runesmith:Fortify","Runesmith:CraftProtectio+1","Runesmith:CraftMagma+1","Runesmith:CraftMagma+1","Runesmith:CraftMagma+1","Runesmith:LightningRod","Runesmith:PoweredAnvil+1","Runesmith:Firestorm+1","Runesmith:LightningRod","Runesmith:Reinforce","Runesmith:PoweredAnvil","Runesmith:FissionHammer","Runesmith:Grindstone+1","Runesmith:Empowerment+1","Runesmith:RuneHurl+1","Parasite","Runesmith:CraftVitae+1","Runesmith:PoweredAnvil","Runesmith:PoweredAnvil"],"relics":["Runesmith:BrokenRuby","hubris:Icosahedron","Oddly Smooth Stone","SacredBark","Nloth\u0027s Gift","hubris:Metronome","Vajra","Black Star","Art of War","HornCleat","Runesmith:MiniCore","Toy Ornithopter","Blood Vial"],"acts_visited":["Exordium","TheCity","TheBeyond","TheEnding"],"potions_floor_usage":[11,16,21,24,31,38,40,42,44,48,48,50,55],"damage_taken":[{"damage":0,"enemies":"Jaw Worm","floor":1,"turns":4},{"damage":4,"enemies":"2 Louse","floor":2,"turns":3},{"damage":0,"enemies":"Cultist","floor":3,"turns":5},{"damage":0,"enemies":"Exordium Wildlife","floor":7,"turns":6},{"damage":1,"enemies":"Blue Slaver","floor":11,"turns":5},{"damage":1,"enemies":"Lagavulin","floor":12,"turns":7},{"damage":0,"enemies":"Large Slime","floor":14,"turns":6},{"damage":31,"enemies":"Hexaghost","floor":16,"turns":11},{"damage":3,"enemies":"Shell Parasite","floor":18,"turns":8},{"damage":14,"enemies":"3 Byrds","floor":21,"turns":5},{"damage":7,"enemies":"3 Cultists","floor":24,"turns":7},{"damage":15,"enemies":"Snecko","floor":30,"turns":8},{"damage":2,"enemies":"Cultist and Chosen","floor":31,"turns":6},{"damage":6,"enemies":"conspire:MysteriousRune","floor":33,"turns":8},{"damage":27,"enemies":"Orb Walker","floor":35,"turns":4},{"damage":16,"enemies":"3 Darklings","floor":36,"turns":6},{"damage":16,"enemies":"Transient","floor":38,"turns":5},{"damage":0,"enemies":"Maw","floor":40,"turns":8},{"damage":6,"enemies":"3 Darklings","floor":42,"turns":6},{"damage":8,"enemies":"Writhing Mass","floor":44,"turns":6},{"damage":0,"enemies":"Maw","floor":45,"turns":9},{"damage":7,"enemies":"3 Darklings","floor":48,"turns":6},{"damage":44,"enemies":"hubris:GrandSnecko","floor":50,"turns":14},{"damage":28,"enemies":"Shield and Spear","floor":54,"turns":8},{"damage":64,"enemies":"The Heart","floor":55,"turns":6}],"seed_played":"-3945751205367479719","potions_obtained":[{"floor":2,"key":"SteroidPotion"},{"floor":3,"key":"PowerPotion"},{"floor":16,"key":"Fruit Juice"},{"floor":18,"key":"SkillPotion"},{"floor":21,"key":"LifebloodPotion"},{"floor":30,"key":"Regen Potion"},{"floor":35,"key":"BlessingOfTheForge"},{"floor":36,"key":"Flashbang"},{"floor":39,"key":"SkillPotion"},{"floor":42,"key":"SkillPotion"},{"floor":45,"key":"AttackPotion"},{"floor":48,"key":"Weak Potion"},{"floor":54,"key":"ColorlessPotion"}],"is_trial":false,"path_per_floor":["M","M","M","?","?","R","M","?","T","R","M","E","T","M","R","B",null,"M","$","?","M","?","R","M","R","T","?","$","?","M","M","R","B",null,"M","M","$","M","?","M","R","M","T","M","M","R","?","M","R","B",null,"R","$","E","B"],"character_chosen":"RUNESMITH_CLASS","items_purchased":["Runesmith:PoweredAnvil","Runesmith:PoweredAnvil","Runesmith:MiniCore"],"campfire_rested":3,"item_purchase_floors":[28,53,53],"current_hp_per_floor":[70,66,66,66,66,66,66,70,70,70,69,68,68,68,68,42,75,72,72,72,58,58,58,51,51,51,51,51,51,36,74,74,68,75,48,32,32,16,16,16,38,32,32,24,24,46,46,39,61,17,75,75,75,47,0,0],"gold":55,"neow_bonus":"HUNDRED_GOLD","is_daily":false,"chose_seed":false,"campfire_upgraded":6,"win_rate":0.0,"timestamp":1608438524,"path_taken":["M","M","M","?","?","R","M","?","T","R","?","E","?","M","R","BOSS","M","$","?","M","?","R","M","R","T","?","$","?","M","M","R","BOSS","M","M","$","M","?","?","R","M","T","M","M","R","?","M","R","BOSS","R","$","E","BOSS"],"items_purchased_type":["Card","Card","Relic"],"build_version":"2020-12-13","purchased_purges":4,"victory":false,"max_hp_per_floor":[70,70,70,70,70,70,70,70,70,70,70,70,70,70,70,75,75,75,75,75,75,75,75,75,75,75,75,75,75,75,75,75,75,75,75,75,75,75,75,75,75,75,75,75,75,75,75,75,75,75,75,75,75,75,75,75],"card_choices":[{"not_picked":["Runesmith:CraftSpiculum","Runesmith:BackupBattery"],"picked":"Runesmith:CraftProtectio","floor":1},{"not_picked":["Runesmith:BackupBattery","Runesmith:HammerThrow","Runesmith:UnstableHammer"],"picked":"SKIP","floor":2},{"not_picked":["Runesmith:GoWithTheFlow","Runesmith:CraftProtectio","Runesmith:HeatedChisel"],"picked":"SKIP","floor":3},{"not_picked":["Runesmith:EnergizedChisel","Runesmith:HammerThrow"],"picked":"Runesmith:CraftMagma","floor":7},{"not_picked":["Runesmith:Firestorm","Runesmith:HeatExchange"],"picked":"Runesmith:CraftMagma","floor":11},{"not_picked":["Runesmith:ArcReactor","Runesmith:HeatExchange"],"picked":"Runesmith:CraftMagma","floor":12},{"not_picked":["Runesmith:Accelerate","Runesmith:ShiftingStrike","Runesmith:NanitesCloud"],"picked":"SKIP","floor":14},{"not_picked":["Runesmith:CraftIndustria","Runesmith:ArcReactor"],"picked":"Runesmith:LightningRod","floor":16},{"not_picked":["Runesmith:EnergizedChisel","Runesmith:HammerThrow+1"],"picked":"Runesmith:PoweredAnvil","floor":18},{"not_picked":["Runesmith:NanitesCloud+1","Runesmith:Discharge+1"],"picked":"Runesmith:Firestorm+1","floor":20},{"not_picked":["Runesmith:HammerTime+1","Runesmith:Overpower"],"picked":"Runesmith:LightningRod","floor":21},{"not_picked":["Runesmith:LastStand","Runesmith:HeatedChisel"],"picked":"Runesmith:Reinforce","floor":24},{"not_picked":["Runesmith:Firewall+1","Runesmith:UnstableHammer","Runesmith:ShiftingStrike+1"],"picked":"SKIP","floor":30},{"not_picked":["Runesmith:Repurpose","Runesmith:CraftSpiculum","Runesmith:ShiftingStrike"],"picked":"SKIP","floor":31},{"not_picked":["Runesmith:Supernova","Runesmith:UnlimitedPower"],"picked":"Runesmith:FissionHammer","floor":33},{"not_picked":["Runesmith:CraftIncendium","Runesmith:Firestorm+1"],"picked":"Runesmith:Grindstone+1","floor":35},{"not_picked":["Runesmith:HammerThrow","Runesmith:DoubleUp","Runesmith:ShiftingStrike"],"picked":"SKIP","floor":36},{"not_picked":["Runesmith:UnstableHammer+1","Runesmith:ShiftingStrike+1","Runesmith:CraftProtectio+1"],"picked":"SKIP","floor":38},{"not_picked":["Runesmith:MakeshiftArmor+1","Runesmith:BackupBattery+1"],"picked":"Runesmith:Empowerment+1","floor":39},{"not_picked":["Runesmith:HammerThrow","Runesmith:BackupBattery"],"picked":"Runesmith:RuneHurl+1","floor":40},{"not_picked":["Runesmith:DoubleUp","Runesmith:Repurpose+1","Runesmith:Accelerate"],"picked":"SKIP","floor":42},{"not_picked":["Runesmith:EnergizedChisel","Runesmith:HammerAndChisel"],"picked":"Runesmith:CraftVitae+1","floor":44},{"not_picked":["Runesmith:GrandSlam","Runesmith:Repurpose","Runesmith:ShiftingStrike"],"picked":"SKIP","floor":45},{"not_picked":["Runesmith:ChiselStab","Runesmith:HeatExchange","Runesmith:LightningRod"],"picked":"SKIP","floor":48},{"not_picked":["Runesmith:LastStand","Runesmith:GoWithTheFlow"],"picked":"Runesmith:PoweredAnvil","floor":54}],"player_experience":218383,"relics_obtained":[{"floor":12,"key":"Oddly Smooth Stone"},{"floor":13,"key":"Incense Burner"},{"floor":26,"key":"hubris:Metronome"},{"floor":39,"key":"Art of War"},{"floor":43,"key":"HornCleat"},{"floor":54,"key":"Toy Ornithopter"},{"floor":54,"key":"Blood Vial"}],"event_choices":[{"damage_healed":0,"gold_gain":0,"player_choice":"Agree","damage_taken":0,"max_hp_gain":0,"max_hp_loss":0,"event_name":"conspire:LoneGhost","floor":4,"gold_loss":0},{"cards_removed":["conspire:GhostlyStrike"],"damage_healed":5,"gold_gain":0,"player_choice":"Offered Special","damage_taken":0,"max_hp_gain":0,"max_hp_loss":0,"event_name":"Bonfire Elementals","floor":8,"gold_loss":0},{"damage_healed":0,"gold_gain":0,"player_choice":"2","damage_taken":0,"max_hp_gain":0,"max_hp_loss":0,"event_name":"betterMatch:BetterMatch","floor":20,"gold_loss":0,"cards_obtained":["betterMatch:UncommonCard"]},{"damage_healed":0,"gold_gain":0,"player_choice":"Traded Relic","damage_taken":0,"relics_obtained":["Nloth\u0027s Gift"],"max_hp_gain":0,"max_hp_loss":0,"event_name":"N\u0027loth","floor":22,"relics_lost":["Incense Burner"],"gold_loss":0},{"cards_removed":["conspire:GhostlyStrike"],"damage_healed":0,"gold_gain":0,"player_choice":"Give","damage_taken":0,"max_hp_gain":0,"max_hp_loss":0,"event_name":"betterNote:BetterNote","floor":27,"gold_loss":0,"cards_obtained":["Runesmith:Strike_RS"]}],"is_beta":false,"boss_relics":[{"not_picked":["Abe\u0027s Treasure","Calling Bell"],"picked":"SacredBark"},{"not_picked":["conspire:SlowCooker","Runic Dome"],"picked":"Black Star"}],"items_purged_floors":[19,28,37,53],"is_endless":false,"potions_floor_spawned":[2,3,16,18,21,30,35,36,42,45,48,54],"killed_by":"The Heart","ascension_level":0}}