{"host":"9kp1xquhkkwhsiot","time":1608496304,"event":{"mods":["2.2 Compatiblity","AchievementEnabler","BaseMod","Better Note","Colored Map","Colored Powertips","Downfall","Hermit","Highlight Path","Minty Spire (QoL Compilation)","Relic Stats","StSLib","Synergy Search"],"gold_per_floor":[118,118,137,147,147,181,181,219,219,240,240,254,254,304,304,437,437,450,450,472,521,551,551,150,150,173,218,218,271,271,271,271,404,404,423,451,187,215,229,273,273,303,326,326,326,335,383,383,383,383,383,383,55,99,99],"floor_reached":56,"playtime":8734,"items_purged":["hermit:ShadowCloak","hermit:Strike_Hermit"],"score":1288,"play_id":"50033ce2-75f3-44c5-8043-b887a4936048","local_time":"20201220213144","is_ascension_mode":false,"campfire_choices":[{"floor":15,"key":"REST"},{"data":"hermit:DeadOrAlive","floor":23,"key":"SMITH"},{"floor":25,"key":"REST"},{"data":"hermit:Roughhouse","floor":28,"key":"SMITH"},{"data":"hermit:Roughhouse","floor":30,"key":"SMITH"},{"floor":32,"key":"RECALL"},{"data":"hermit:Roughhouse","floor":41,"key":"SMITH"},{"data":"hermit:Gestalt","floor":44,"key":"SMITH"},{"floor":49,"key":"REST"},{"data":"expansioncontent:Collect","floor":52,"key":"SMITH"}],"circlet_count":0,"master_deck":["hermit:Strike_Hermit","hermit:Strike_Hermit","hermit:Defend_Hermit","hermit:Defend_Hermit","hermit:Snapshot","hermit:Roulette+1","hermit:Gestalt+1","hermit:CalledShot+1","hermit:DeadOrAlive+1","hermit:Roughhouse+1","hermit:ItchyTrigger+1","hermit:Adapt","Mayhem","hermit:Roughhouse+1","hermit:Roulette+1","hermit:Roughhouse+1","expansioncontent:QuickStudy","hermit:GhostlyPresence+1","hermit:Gestalt+1","expansioncontent:Collect+1","hermit:Brawl","expansioncontent:StudyTheSpire"],"relics":["Snecko Eye","Blue Candle","Golden Idol","Bag of Preparation","Kunai","CeramicFish","Turnip","Sozu","ClockworkSouvenir","The Courier","Regal Pillow","Empty Cage","Orrery","Vajra","Whetstone","Orichalcum","HandDrill","Sundial"],"acts_visited":["Exordium","TheCity","TheBeyond","TheEnding"],"potions_floor_usage":[16,16,27],"damage_taken":[{"damage":6,"enemies":"Jaw Worm","floor":1,"turns":3},{"damage":1,"enemies":"Cultist","floor":3,"turns":3},{"damage":0,"enemies":"2 Louse","floor":4,"turns":1},{"damage":1,"enemies":"Gremlin Nob","floor":6,"turns":3},{"damage":4,"enemies":"3 Sentries","floor":8,"turns":3},{"damage":1,"enemies":"2 Fungi Beasts","floor":10,"turns":2},{"damage":0,"enemies":"Large Slime","floor":12,"turns":3},{"damage":1,"enemies":"Gremlin Nob","floor":14,"turns":3},{"damage":23,"enemies":"The Guardian","floor":16,"turns":8},{"damage":12,"enemies":"Shell Parasite","floor":18,"turns":3},{"damage":2,"enemies":"3 Byrds","floor":20,"turns":4},{"damage":12,"enemies":"Snake Plant","floor":21,"turns":4},{"damage":3,"enemies":"Shelled Parasite and Fungi","floor":22,"turns":5},{"damage":2,"enemies":"Gremlin Leader","floor":27,"turns":5},{"damage":0,"enemies":"Book of Stabbing","floor":29,"turns":4},{"damage":0,"enemies":"Champ","floor":33,"turns":7},{"damage":2,"enemies":"3 Darklings","floor":35,"turns":3},{"damage":0,"enemies":"3 Shapes","floor":36,"turns":2},{"damage":5,"enemies":"Writhing Mass","floor":38,"turns":6},{"damage":0,"enemies":"Transient","floor":39,"turns":5},{"damage":22,"enemies":"Nemesis","floor":40,"turns":7},{"damage":0,"enemies":"Sphere and 2 Shapes","floor":42,"turns":3},{"damage":1,"enemies":"Giant Head","floor":47,"turns":6},{"damage":44,"enemies":"Awakened One","floor":50,"turns":10},{"damage":12,"enemies":"Shield and Spear","floor":54,"turns":5},{"damage":69,"enemies":"The Heart","floor":55,"turns":9}],"seed_played":"44718210117049245","potions_obtained":[{"floor":3,"key":"LiquidBronze"},{"floor":6,"key":"ColorlessPotion"},{"floor":10,"key":"Weak Potion"}],"is_trial":false,"path_per_floor":["M","?","M","M","?","E","?","E","T","M","?","M","?","E","R","B",null,"M","?","M","M","M","R","$","R","T","E","R","E","R","?","R","B",null,"M","M","$","M","M","E","R","M","T","R","?","?","E","?","R","B",null,"R","$","E","B",null],"character_chosen":"HERMIT","items_purchased":["Mayhem","ClockworkSouvenir","expansioncontent:QuickStudy","Orrery","expansioncontent:StudyTheSpire","HandDrill"],"campfire_rested":3,"item_purchase_floors":[24,24,37,37,53,53],"current_hp_per_floor":[69,69,68,68,68,67,49,45,45,44,44,44,11,10,32,9,75,63,57,55,43,40,40,40,62,62,60,60,60,60,60,60,60,75,73,73,73,68,68,46,46,46,46,46,46,46,45,45,75,31,75,75,75,63,5],"gold":99,"neow_bonus":"BOSS_RELIC","is_daily":false,"chose_seed":false,"campfire_upgraded":6,"win_rate":0.0,"timestamp":1608496304,"path_taken":["M","?","M","?","?","E","?","E","T","M","?","?","?","E","R","BOSS","M","?","M","M","M","R","$","R","T","E","R","E","R","?","R","BOSS","M","M","$","M","M","E","R","M","T","R","?","?","E","?","R","BOSS","R","$","E","BOSS"],"items_purchased_type":["Card","Relic","Card","Relic","Card","Relic"],"build_version":"2020-12-13","purchased_purges":2,"victory":true,"max_hp_per_floor":[75,75,75,75,75,75,75,75,75,75,75,75,75,75,75,75,75,75,75,75,75,75,75,75,75,75,75,75,75,75,75,75,75,75,75,75,75,75,75,75,75,75,75,75,75,75,75,75,75,75,75,75,75,75,75],"relic_stats":{"Regal Pillow":8,"counters":[26,117],"Golden Idol":196,"Blue Candle":[0],"CeramicFish":126,"Bag of Preparation":[42],"Whetstone":["hermit:Roulette","hermit:CalledShot"],"Orichalcum":[12],"Sozu":7,"Sundial":[2],"Snecko Eye":[258,252,263,286],"Turnip":[13],"HandDrill":[2],"Kunai":[81],"obtain_stats":[{"Regal Pillow":29,"Golden Idol":7,"Blue Candle":6,"CeramicFish":13,"Vajra":40,"The Courier":27,"Bag of Preparation":8,"Whetstone":43,"Orichalcum":47,"Empty Cage":34,"ClockworkSouvenir":24,"Sozu":17,"Sundial":54,"Snecko Eye":0,"Orrery":37,"Turnip":14,"HandDrill":53,"Kunai":9,"hermit:Momento":0},{"Regal Pillow":15,"Golden Idol":4,"Blue Candle":4,"CeramicFish":7,"Vajra":21,"The Courier":14,"Bag of Preparation":5,"Whetstone":22,"Orichalcum":23,"Empty Cage":16,"ClockworkSouvenir":13,"Sozu":9,"Sundial":25,"Snecko Eye":0,"Orrery":18,"Turnip":8,"HandDrill":24,"Kunai":5,"hermit:Momento":0},{"Regal Pillow":54,"Golden Idol":10,"Blue Candle":10,"CeramicFish":18,"Vajra":84,"The Courier":50,"Bag of Preparation":13,"Whetstone":87,"Orichalcum":93,"Empty Cage":61,"ClockworkSouvenir":45,"Sozu":29,"Sundial":108,"Snecko Eye":0,"Orrery":66,"Turnip":21,"HandDrill":103,"Kunai":13,"hermit:Momento":0}]},"card_choices":[{"not_picked":["hermit:Quickdraw","hermit:CalledShot"],"picked":"hermit:Roulette","floor":1},{"not_picked":["hermit:BodyArmor","hermit:Deadeye"],"picked":"hermit:Gestalt","floor":3},{"not_picked":["hermit:Manifest","hermit:Misfire","hermit:Dive"],"picked":"SKIP","floor":4},{"not_picked":["hermit:FinalCanter","hermit:DeadMansHand"],"picked":"hermit:Showdown","floor":6},{"not_picked":["hermit:GoldenBullet","hermit:Midnight","hermit:Misfire"],"picked":"SKIP","floor":8},{"not_picked":["hermit:CalledShot","hermit:Cheat"],"picked":"hermit:ShadowCloak","floor":10},{"not_picked":["hermit:ItchyTrigger","hermit:Midnight"],"picked":"hermit:CalledShot","floor":12},{"not_picked":["hermit:Desperado","hermit:BigShot"],"picked":"hermit:DeadOrAlive","floor":14},{"not_picked":["hermit:BlackWind","hermit:FinalCanter"],"picked":"hermit:Roughhouse","floor":16},{"not_picked":["hermit:Desperado+1","hermit:Coalescence+1","hermit:Misfire"],"picked":"SKIP","floor":18},{"not_picked":["hermit:Feint","hermit:BodyArmor+1"],"picked":"hermit:ItchyTrigger+1","floor":20},{"not_picked":["hermit:TrackingShot+1","hermit:DeadMansHand+1"],"picked":"hermit:Adapt","floor":21},{"not_picked":["hermit:Vantage+1","hermit:WideOpen","hermit:Glare"],"picked":"SKIP","floor":22},{"not_picked":["hermit:Desperado","hermit:Scavenge"],"picked":"hermit:Roughhouse","floor":27},{"not_picked":["hermit:CalledShot","hermit:Enervate"],"picked":"hermit:Roulette","floor":29},{"not_picked":["hermit:OverwhelmingPower","hermit:HeroicBravado"],"picked":"hermit:Roughhouse","floor":33},{"not_picked":["hermit:Glare+1","hermit:TakeCover+1","hermit:HighCaliber+1"],"picked":"SKIP","floor":35},{"not_picked":["hermit:DeadMansHand","hermit:CalledShot","hermit:PistolWhip+1"],"picked":"SKIP","floor":36},{"not_picked":["hermit:WideOpen","hermit:FullyLoaded"],"picked":"hermit:GhostlyPresence+1","floor":37},{"not_picked":["hermit:WideOpen","hermit:Desperado+1","hermit:Virtue+1"],"picked":"SKIP","floor":38},{"not_picked":["hermit:Headshot+1","hermit:Ricochet","hermit:ItchyTrigger"],"picked":"SKIP","floor":39},{"not_picked":["hermit:Cheat","hermit:FinalCanter","hermit:Manifest+1"],"picked":"SKIP","floor":40},{"not_picked":["hermit:LoneWolf+1","hermit:Vantage+1"],"picked":"hermit:Gestalt+1","floor":42},{"not_picked":["expansioncontent:Flail","expansioncontent:Hexaburn"],"picked":"expansioncontent:Collect","floor":46},{"not_picked":["hermit:Desperado+1","hermit:Combo"],"picked":"hermit:Brawl","floor":47},{"not_picked":["hermit:Roulette+1","hermit:NoHoldsBarred","hermit:HighCaliber+1"],"picked":"SKIP","floor":54}],"player_experience":614869,"relics_obtained":[{"floor":6,"key":"Blue Candle"},{"floor":8,"key":"Bag of Preparation"},{"floor":9,"key":"Kunai"},{"floor":14,"key":"Turnip"},{"floor":27,"key":"The Courier"},{"floor":29,"key":"Regal Pillow"},{"floor":40,"key":"Vajra"},{"floor":43,"key":"Whetstone"},{"floor":47,"key":"Orichalcum"},{"floor":54,"key":"Sundial"}],"event_choices":[{"damage_healed":0,"gold_gain":0,"player_choice":"Forge","damage_taken":0,"max_hp_gain":0,"max_hp_loss":0,"event_name":"Accursed Blacksmith","floor":2,"gold_loss":0,"cards_upgraded":["hermit:Roulette"]},{"cards_removed":["hermit:Covet"],"damage_healed":0,"gold_gain":0,"player_choice":"Forget","damage_taken":0,"max_hp_gain":0,"max_hp_loss":0,"event_name":"Living Wall","floor":5,"gold_loss":0},{"damage_healed":0,"gold_gain":0,"player_choice":"Take Damage","damage_taken":18,"relics_obtained":["Golden Idol"],"max_hp_gain":0,"max_hp_loss":0,"event_name":"Golden Idol","floor":7,"gold_loss":0},{"damage_healed":0,"gold_gain":0,"player_choice":"Bought 0 Potions","damage_taken":0,"max_hp_gain":0,"max_hp_loss":0,"event_name":"The Woman in Blue","floor":11,"gold_loss":0},{"damage_healed":0,"gold_gain":0,"player_choice":"Success","damage_taken":33,"relics_obtained":["CeramicFish"],"max_hp_gain":0,"max_hp_loss":0,"event_name":"Scrap Ooze","floor":13,"gold_loss":0},{"damage_healed":0,"gold_gain":0,"player_choice":"","damage_taken":6,"max_hp_gain":0,"max_hp_loss":0,"event_name":"Knowing Skull","floor":19,"potions_obtained":[],"gold_loss":0,"cards_obtained":[]},{"cards_removed":["hermit:Strike_Hermit"],"damage_healed":0,"gold_gain":0,"player_choice":"Give","damage_taken":0,"max_hp_gain":0,"max_hp_loss":0,"event_name":"betterNote:BetterNote","floor":31,"gold_loss":0,"cards_obtained":["sneckomod:Strike"]},{"cards_removed":["hermit:Defend_Hermit"],"damage_healed":0,"gold_gain":0,"player_choice":"Removed Skill","damage_taken":0,"max_hp_gain":0,"max_hp_loss":0,"event_name":"Falling","floor":45,"gold_loss":0},{"damage_healed":0,"gold_gain":0,"player_choice":"Memory 1","damage_taken":0,"max_hp_gain":0,"max_hp_loss":0,"event_name":"SensoryStone","floor":46,"gold_loss":0},{"cards_removed":["hermit:Strike_Hermit"],"damage_healed":0,"gold_gain":0,"player_choice":"Purged","damage_taken":0,"max_hp_gain":0,"max_hp_loss":0,"event_name":"Purifier","floor":48,"gold_loss":0}],"is_beta":false,"boss_relics":[{"not_picked":["Runic Dome","Coffee Dripper"],"picked":"Sozu"},{"not_picked":["hermit:BartenderGlass","Runic Pyramid"],"picked":"Empty Cage"}],"items_purged_floors":[24,53],"is_endless":false,"potions_floor_spawned":[3,6,10,21,22,33,36,40,47,54],"ascension_level":0}}