{"host":"3jpwrwmmgyabjceh","time":1608482452,"event":{"mods":["AchievementEnabler","BaseMod","Colored Map","Colored Powertips","Highlight Path","Minty Spire (QoL Compilation)","StSLib"],"gold_per_floor":[115,115,125,2,2,29,45,64,116,116,136,148,148,164,164,269,269,286,286,286,306,317,317,334,354,377,402,413,426,458,93,93,194,194,213,232,76,76,91,110,110,126,196,216,261,261,311,326,326,326,326,326,19,53,53,53],"floor_reached":55,"playtime":2379,"items_purged":["Strike_R"],"score":825,"play_id":"a43abca2-1b19-48fd-9312-a1ea65f757c6","local_time":"20201220194052","is_ascension_mode":true,"campfire_choices":[{"data":"Bash","floor":10,"key":"SMITH"},{"data":"Pommel Strike","floor":15,"key":"SMITH"},{"data":"Heavy Blade","floor":23,"key":"SMITH"},{"floor":32,"key":"REST"},{"data":"Armaments","floor":41,"key":"SMITH"},{"floor":46,"key":"REST"},{"floor":49,"key":"RECALL"},{"data":"Battle Trance","floor":52,"key":"SMITH"}],"circlet_count":0,"master_deck":["Strike_R","Strike_R+1","Strike_R","Strike_R","Defend_R","Defend_R+1","Defend_R+1","Defend_R+1","Bash+1","Pommel Strike+1","Battle Trance+1","Twin Strike","Heavy Blade+1","Headbutt","Inflame+1","Twin Strike","Reaper","Shrug It Off+1","Cleave","Inflame+1","Headbutt","Rage","Armaments+1","Metallicize+1","Metallicize+1","Double Tap","Inflame+1","Heavy Blade+1","Cleave","Battle Trance+1","Shame","Rampage+1","Heavy Blade+1","Limit Break"],"relics":["Burning Blood","NeowsBlessing","Frozen Egg 2","Red Skull","Mark of Pain","PreservedInsect","War Paint","Ginger","Lizard Tail","Cursed Key","Brimstone","Ice Cream","Gambling Chip","Incense Burner","Turnip"],"acts_visited":["Exordium","TheCity","TheBeyond","TheEnding"],"potions_floor_usage":[16,16,18,21,21,24,27,30,33,39,45,45,47,55],"damage_taken":[{"damage":0,"enemies":"Jaw Worm","floor":1,"turns":1},{"damage":0,"enemies":"Small Slimes","floor":3,"turns":1},{"damage":0,"enemies":"3 Sentries","floor":6,"turns":2},{"damage":1,"enemies":"Cultist","floor":7,"turns":3},{"damage":4,"enemies":"Looter","floor":8,"turns":4},{"damage":6,"enemies":"Red Slaver","floor":11,"turns":3},{"damage":8,"enemies":"Blue Slaver","floor":12,"turns":4},{"damage":7,"enemies":"Large Slime","floor":14,"turns":6},{"damage":48,"enemies":"Hexaghost","floor":16,"turns":8},{"damage":15,"enemies":"3 Byrds","floor":18,"turns":4},{"damage":0,"enemies":"Spheric Guardian","floor":21,"turns":3},{"damage":22,"enemies":"Snake Plant","floor":22,"turns":3},{"damage":7,"enemies":"Snecko","floor":24,"turns":3},{"damage":28,"enemies":"3 Cultists","floor":25,"turns":5},{"damage":37,"enemies":"Book of Stabbing","floor":27,"turns":5},{"damage":5,"enemies":"Shelled Parasite and Fungi","floor":28,"turns":3},{"damage":2,"enemies":"Snecko","floor":29,"turns":3},{"damage":35,"enemies":"Slavers","floor":30,"turns":4},{"damage":41,"enemies":"Collector","floor":33,"turns":8},{"damage":25,"enemies":"3 Darklings","floor":35,"turns":5},{"damage":19,"enemies":"3 Shapes","floor":36,"turns":4},{"damage":22,"enemies":"3 Darklings","floor":39,"turns":4},{"damage":6,"enemies":"Sphere and 2 Shapes","floor":40,"turns":4},{"damage":7,"enemies":"Jaw Worm Horde","floor":42,"turns":3},{"damage":31,"enemies":"3 Darklings","floor":44,"turns":3},{"damage":29,"enemies":"2 Orb Walkers","floor":45,"turns":4},{"damage":24,"enemies":"Mind Bloom Boss Battle","floor":47,"turns":3},{"damage":26,"enemies":"Maw","floor":48,"turns":5},{"damage":73,"enemies":"Time Eater","floor":50,"turns":5},{"damage":58,"enemies":"Shield and Spear","floor":54,"turns":4},{"damage":210,"enemies":"The Heart","floor":55,"turns":6}],"seed_played":"3497485511905197079","potions_obtained":[{"floor":1,"key":"SpeedPotion"},{"floor":3,"key":"Fire Potion"},{"floor":8,"key":"Energy Potion"},{"floor":16,"key":"Fruit Juice"},{"floor":20,"key":"EssenceOfSteel"},{"floor":20,"key":"Energy Potion"},{"floor":21,"key":"CultistPotion"},{"floor":22,"key":"ColorlessPotion"},{"floor":28,"key":"FairyPotion"},{"floor":29,"key":"EssenceOfSteel"},{"floor":36,"key":"Block Potion"},{"floor":42,"key":"Swift Potion"},{"floor":44,"key":"ColorlessPotion"},{"floor":45,"key":"Weak Potion"},{"floor":54,"key":"BloodPotion"}],"is_trial":false,"path_per_floor":["M","?","M","$","?","E","M","M","T","R","M","M","?","M","R","B",null,"M","?","?","M","M","R","M","M","T","E","M","M","E","$","R","B",null,"M","M","$","?","M","M","R","M","T","M","?","R","?","M","R","B",null,"R","$","E","B"],"character_chosen":"IRONCLAD","items_purchased":["Pommel Strike","Lizard Tail","Metallicize+1","Brimstone","Incense Burner"],"campfire_rested":2,"item_purchase_floors":[4,31,31,37,53],"current_hp_per_floor":[80,64,70,70,70,76,80,80,80,80,80,78,78,77,77,40,85,82,66,66,78,62,62,71,63,63,32,33,37,29,29,56,42,90,90,88,88,88,90,90,90,90,90,65,42,69,73,71,71,21,90,90,90,38,0,0],"gold":53,"neow_bonus":"THREE_ENEMY_KILL","is_daily":false,"chose_seed":false,"campfire_upgraded":5,"win_rate":0.0,"timestamp":1608482452,"path_taken":["M","?","M","$","?","E","M","M","T","R","M","M","?","M","R","BOSS","M","?","?","M","M","R","M","M","T","E","M","M","E","$","R","BOSS","M","M","$","?","M","M","R","M","T","M","?","R","?","M","R","BOSS","R","$","E","BOSS"],"items_purchased_type":["Card","Relic","Card","Relic","Relic"],"build_version":"2020-12-13","purchased_purges":1,"victory":false,"max_hp_per_floor":[80,80,80,80,80,80,80,80,80,80,80,80,80,80,80,85,85,85,90,90,90,90,90,90,90,90,90,90,90,90,90,90,90,90,90,90,90,90,90,90,90,90,90,90,90,90,90,90,90,90,90,90,90,90,90,90],"card_choices":[{"not_picked":["Ghostly Armor","Clothesline","Reckless Charge"],"picked":"SKIP","floor":1},{"not_picked":["Havoc","Entrench","Shrug It Off"],"picked":"SKIP","floor":3},{"not_picked":["Sword Boomerang","Berserk+1"],"picked":"Battle Trance","floor":6},{"not_picked":["Shrug It Off","Headbutt"],"picked":"Twin Strike","floor":7},{"not_picked":["Warcry","Entrench"],"picked":"Heavy Blade","floor":8},{"not_picked":["Sword Boomerang","Clash"],"picked":"Headbutt","floor":11},{"not_picked":["Perfected Strike","Heavy Blade"],"picked":"Inflame+1","floor":12},{"not_picked":["Infernal Blade","Sword Boomerang"],"picked":"Twin Strike","floor":14},{"not_picked":["Corruption+1","Offering"],"picked":"Reaper","floor":16},{"not_picked":["Flex","Rampage"],"picked":"Shrug It Off+1","floor":18},{"not_picked":["Perfected Strike+1","Rupture+1"],"picked":"Cleave","floor":21},{"not_picked":["Warcry","Pommel Strike"],"picked":"Inflame+1","floor":22},{"not_picked":["Feel No Pain+1","Battle Trance","Dual Wield"],"picked":"SKIP","floor":24},{"not_picked":["Anger+1","Thunderclap"],"picked":"Headbutt","floor":25},{"not_picked":["Clothesline","Seeing Red"],"picked":"Rage","floor":27},{"not_picked":["Havoc","Twin Strike","Exhume"],"picked":"SKIP","floor":28},{"not_picked":["True Grit","Pummel"],"picked":"Armaments","floor":29},{"not_picked":["Searing Blow","True Grit"],"picked":"Metallicize+1","floor":30},{"not_picked":["Immolate","Corruption+1"],"picked":"Double Tap","floor":33},{"not_picked":["Uppercut","Feel No Pain+1"],"picked":"Inflame+1","floor":35},{"not_picked":["Cleave","True Grit+1"],"picked":"Infernal Blade+1","floor":36},{"not_picked":["Thunderclap+1","Dual Wield+1"],"picked":"Heavy Blade+1","floor":39},{"not_picked":["Headbutt+1","Feel No Pain+1"],"picked":"Cleave","floor":40},{"not_picked":["Evolve+1","Twin Strike+1"],"picked":"Battle Trance+1","floor":42},{"not_picked":["Cleave","Dark Embrace+1","Sever Soul"],"picked":"SKIP","floor":44},{"not_picked":["Clash+1","Flex"],"picked":"Rampage+1","floor":45},{"not_picked":["Bloodletting+1","Reckless Charge+1"],"picked":"Heavy Blade+1","floor":47},{"not_picked":["Entrench","Wild Strike","Havoc+1"],"picked":"SKIP","floor":48},{"not_picked":["Bloodletting","Searing Blow+1"],"picked":"Limit Break","floor":54}],"player_experience":231946,"relics_obtained":[{"floor":6,"key":"Frozen Egg 2"},{"floor":9,"key":"Red Skull"},{"floor":26,"key":"PreservedInsect"},{"floor":27,"key":"War Paint"},{"floor":30,"key":"Ginger"},{"floor":45,"key":"Ice Cream"},{"floor":47,"key":"Gambling Chip"},{"floor":54,"key":"Turnip"}],"event_choices":[{"damage_healed":0,"gold_gain":0,"player_choice":"Entered Light","damage_taken":16,"max_hp_gain":0,"max_hp_loss":0,"event_name":"Shining Light","floor":2,"gold_loss":0,"cards_upgraded":["Strike_R","Defend_R"]},{"damage_healed":0,"gold_gain":0,"player_choice":"Ignored","damage_taken":0,"max_hp_gain":0,"max_hp_loss":0,"event_name":"Liars Game","floor":5,"gold_loss":0},{"damage_healed":0,"gold_gain":0,"player_choice":"Ignored","damage_taken":0,"max_hp_gain":0,"max_hp_loss":0,"event_name":"WeMeetAgain","floor":13,"gold_loss":0},{"damage_healed":0,"gold_gain":0,"player_choice":"Shed Blood","damage_taken":21,"max_hp_gain":5,"max_hp_loss":0,"event_name":"Forgotten Altar","floor":19,"gold_loss":0},{"damage_healed":0,"gold_gain":0,"player_choice":"Got Potions","damage_taken":0,"max_hp_gain":0,"max_hp_loss":0,"event_name":"Lab","floor":20,"gold_loss":0},{"cards_removed":["Infernal Blade"],"damage_healed":0,"gold_gain":0,"player_choice":"Removed Skill","damage_taken":0,"max_hp_gain":0,"max_hp_loss":0,"event_name":"Falling","floor":38,"gold_loss":0},{"damage_healed":0,"gold_gain":0,"player_choice":"Fight","damage_taken":0,"max_hp_gain":0,"max_hp_loss":0,"event_name":"Mysterious Sphere","floor":45,"gold_loss":0},{"damage_healed":0,"gold_gain":0,"player_choice":"Fight","damage_taken":0,"max_hp_gain":0,"max_hp_loss":0,"event_name":"MindBloom","floor":47,"gold_loss":0}],"is_beta":false,"boss_relics":[{"not_picked":["Sozu","Pandora\u0027s Box"],"picked":"Mark of Pain"},{"not_picked":["Runic Dome","Calling Bell"],"picked":"Cursed Key"}],"items_purged_floors":[4],"is_endless":false,"potions_floor_spawned":[1,3,8,16,21,22,28,29,36,42,44,45,54],"killed_by":"The Heart","ascension_level":3}}