{"host":"49c2zf0lajbcs427","time":1608449938,"event":{"mods":["AchievementEnabler","BaseMod","Colored Map","Colored Powertips","Highlight Path","Minty Spire (QoL Compilation)","Relic Stats","StSLib"],"gold_per_floor":[119,194,210,210,223,253,263,292,292,311,321,350,350,350,350,452,452,467,485,517,531,545,545,365,395,441,102,155,189,204,256,256,357,357,373,373,221,231,270,295,295,305,305,334,352,352,112,147,147,147],"floor_reached":51,"playtime":5085,"items_purged":["True Grit"],"score":944,"play_id":"e2743816-3aea-49e7-9703-460e714a1485","local_time":"20201220203858","is_ascension_mode":false,"campfire_choices":[{"data":"Shockwave","floor":15.0,"key":"SMITH"},{"floor":23.0,"key":"REST"},{"floor":32.0,"key":"REST"},{"floor":49.0,"key":"RECALL"}],"circlet_count":0,"master_deck":["Bash","Whirlwind+1","Dual Wield","Shockwave+1","Whirlwind","Flame Barrier","Armaments","Entrench","Spot Weakness","Offering","Shockwave","True Grit","Metallicize+1","Power Through+1","Sword Boomerang+1","HandOfGreed","Fiend Fire","Headbutt+1","Metallicize","Reaper","Battle Trance","Brutality","Barricade","Impervious","Fire Breathing","Double Tap","Demon Form","Burning Pact","Battle Trance+1","Havoc+1","Entrench+1","Spot Weakness+1","Entrench+1","Master of Strategy","Sentinel+1"],"relics":["Burning Blood","Calipers","Toy Ornithopter","Oddly Smooth Stone","Paper Frog","GremlinMask","Fusion Hammer","Red Mask","InkBottle","Ancient Tea Set","Incense Burner","WingedGreaves","Bag of Marbles","Pandora\u0027s Box","Pen Nib","Charon\u0027s Ashes","Bronze Scales","Singing Bowl","Strawberry"],"acts_visited":["Exordium","TheCity","TheBeyond"],"potions_floor_usage":[50,50,50],"damage_taken":[{"damage":2.0,"enemies":"Jaw Worm","floor":1.0,"turns":4.0},{"damage":4.0,"enemies":"Small Slimes","floor":3.0,"turns":4.0},{"damage":1.0,"enemies":"Cultist","floor":5.0,"turns":3.0},{"damage":9.0,"enemies":"3 Sentries","floor":6.0,"turns":2.0},{"damage":0.0,"enemies":"2 Fungi Beasts","floor":7.0,"turns":2.0},{"damage":39.0,"enemies":"Lagavulin","floor":8.0,"turns":9.0},{"damage":4.0,"enemies":"Looter","floor":10.0,"turns":4.0},{"damage":0.0,"enemies":"Lots of Slimes","floor":11.0,"turns":1.0},{"damage":26.0,"enemies":"Gremlin Nob","floor":12.0,"turns":5.0},{"damage":49.0,"enemies":"The Guardian","floor":16.0,"turns":18.0},{"damage":15.0,"enemies":"2 Thieves","floor":18.0,"turns":4.0},{"damage":31.0,"enemies":"Spheric Guardian","floor":19.0,"turns":8.0},{"damage":11.0,"enemies":"Masked Bandits","floor":20.0,"turns":4.0},{"damage":12.0,"enemies":"Cultist and Chosen","floor":21.0,"turns":6.0},{"damage":22.0,"enemies":"Centurion and Healer","floor":22.0,"turns":4.0},{"damage":36.0,"enemies":"Gremlin Leader","floor":25.0,"turns":6.0},{"damage":15.0,"enemies":"Slavers","floor":28.0,"turns":4.0},{"damage":7.0,"enemies":"Snecko","floor":29.0,"turns":8.0},{"damage":8.0,"enemies":"Snake Plant","floor":30.0,"turns":4.0},{"damage":5.0,"enemies":"Book of Stabbing","floor":31.0,"turns":3.0},{"damage":25.0,"enemies":"Automaton","floor":33.0,"turns":10.0},{"damage":0.0,"enemies":"3 Shapes","floor":35.0,"turns":2.0},{"damage":6.0,"enemies":"Orb Walker","floor":38.0,"turns":6.0},{"damage":15.0,"enemies":"Spire Growth","floor":39.0,"turns":7.0},{"damage":22.0,"enemies":"Reptomancer","floor":40.0,"turns":9.0},{"damage":12.0,"enemies":"Transient","floor":42.0,"turns":5.0},{"damage":1.0,"enemies":"Nemesis","floor":44.0,"turns":9.0},{"damage":6.0,"enemies":"Maw","floor":45.0,"turns":7.0},{"damage":6.0,"enemies":"Reptomancer","floor":48.0,"turns":7.0},{"damage":10,"enemies":"Donu and Deca","floor":50,"turns":6}],"seed_played":"-4854199014564720064","potions_obtained":[{"floor":1.0,"key":"Energy Potion"},{"floor":6.0,"key":"FearPotion"},{"floor":7.0,"key":"Fruit Juice"},{"floor":12.0,"key":"ColorlessPotion"},{"floor":19.0,"key":"Block Potion"},{"floor":21.0,"key":"Explosive Potion"},{"floor":22.0,"key":"SpeedPotion"},{"floor":30.0,"key":"AttackPotion"},{"floor":31.0,"key":"LiquidMemories"},{"floor":35.0,"key":"Block Potion"},{"floor":40.0,"key":"AttackPotion"},{"floor":42.0,"key":"Weak Potion"},{"floor":44.0,"key":"FearPotion"}],"is_trial":false,"path_per_floor":["M","?","M","?","M","E","M","E","T","M","M","E","?","?","R","B",null,"M","M","?","M","M","R","$","E","T","$","E","M","M","E","R","B",null,"M","?","$","M","M","E","?","M","T","E","M","?","$","E","R","B",null],"character_chosen":"IRONCLAD","items_purchased":["HandOfGreed","Incense Burner","Strength Potion","Pen Nib","Master of Strategy"],"campfire_rested":2,"item_purchase_floors":[24,27,27,37,47],"current_hp_per_floor":[88,77,79,79,84,81,87,59,59,61,67,47,52,52,52,14,98,89,64,64,58,42,71,71,46,46,46,47,46,44,50,79,65,98,98,88,88,98,89,98,98,92,92,100,100,100,100,107,107,107],"gold":147,"neow_bonus":"TEN_PERCENT_HP_BONUS","is_daily":false,"chose_seed":false,"campfire_upgraded":1,"win_rate":0.0,"timestamp":1608449938,"path_taken":["M","?","M","?","M","E","M","E","T","?","M","E","?","?","R","BOSS","M","?","?","M","M","R","$","E","T","?","E","M","?","E","R","BOSS","M","?","$","M","M","E","?","M","T","E","?","?","$","E","R","BOSS"],"items_purchased_type":["Card","Relic","Potion","Relic","Card"],"build_version":"2020-12-13","purchased_purges":1,"victory":true,"max_hp_per_floor":[88,88,88,88,88,88,88,93,93,93,93,93,98,98,98,98,98,98,98,98,98,98,98,98,98,98,98,98,98,98,98,98,98,98,98,98,98,98,98,98,98,98,98,100,100,100,100,107,107,107],"relic_stats":{"Singing Bowl":2,"counters":[30,171],"Bronze Scales":[93],"Pandora\u0027s Box":["Battle Trance","Brutality","Barricade","Sever Soul","Impervious","Fire Breathing","Double Tap","Demon Form","Burning Pact"],"Pen Nib":[4],"Charon\u0027s Ashes":[165],"obtain_stats":[{"Calipers":6,"Singing Bowl":44,"Oddly Smooth Stone":9,"GremlinMask":14,"Pen Nib":37,"Charon\u0027s Ashes":40,"Incense Burner":27,"Ancient Tea Set":26,"Burning Blood":0,"Bronze Scales":43,"Strawberry":48,"Pandora\u0027s Box":34,"Fusion Hammer":17,"WingedGreaves":28,"Red Mask":20,"Bag of Marbles":31,"Toy Ornithopter":8,"InkBottle":25,"Paper Frog":12},{"Calipers":4,"Singing Bowl":27,"Oddly Smooth Stone":6,"GremlinMask":9,"Pen Nib":22,"Charon\u0027s Ashes":25,"Incense Burner":16,"Ancient Tea Set":16,"Burning Blood":0,"Bronze Scales":26,"Strawberry":29,"Pandora\u0027s Box":21,"Fusion Hammer":10,"WingedGreaves":17,"Red Mask":13,"Bag of Marbles":20,"Toy Ornithopter":6,"InkBottle":16,"Paper Frog":9},{"Calipers":13,"Singing Bowl":151,"Oddly Smooth Stone":24,"GremlinMask":34,"Pen Nib":115,"Charon\u0027s Ashes":137,"Incense Burner":84,"Ancient Tea Set":84,"Burning Blood":0,"Bronze Scales":142,"Strawberry":165,"Pandora\u0027s Box":113,"Fusion Hammer":52,"WingedGreaves":88,"Red Mask":68,"Bag of Marbles":103,"Toy Ornithopter":24,"InkBottle":84,"Paper Frog":34}],"Burning Blood":140,"Toy Ornithopter":46,"InkBottle":[21]},"card_choices":[{"not_picked":["Shrug It Off","Pommel Strike"],"picked":"Whirlwind","floor":1.0},{"not_picked":["Cleave","Body Slam"],"picked":"Dual Wield","floor":3.0},{"not_picked":["Warcry","Twin Strike"],"picked":"Shockwave","floor":5.0},{"not_picked":["Pummel","Heavy Blade"],"picked":"Whirlwind","floor":6.0},{"not_picked":["Entrench","Anger"],"picked":"Flame Barrier","floor":7.0},{"not_picked":["True Grit","Clothesline"],"picked":"Armaments","floor":8.0},{"not_picked":["Cleave","Entrench","Feel No Pain"],"picked":"SKIP","floor":10.0},{"not_picked":["Cleave","Feel No Pain"],"picked":"Entrench","floor":10.0},{"not_picked":["Burning Pact","Cleave"],"picked":"Spot Weakness","floor":11.0},{"not_picked":["Cleave","Reckless Charge"],"picked":"True Grit","floor":12.0},{"not_picked":["Corruption","Fiend Fire"],"picked":"Offering","floor":16.0},{"not_picked":["Sever Soul","Heavy Blade"],"picked":"Shockwave","floor":18.0},{"not_picked":["Twin Strike","Feel No Pain"],"picked":"True Grit","floor":19.0},{"not_picked":["Thunderclap","Bludgeon"],"picked":"Metallicize+1","floor":20.0},{"not_picked":["Intimidate+1","Warcry"],"picked":"Power Through+1","floor":21.0},{"not_picked":["Headbutt","Anger"],"picked":"Sword Boomerang+1","floor":22.0},{"not_picked":["Blood for Blood","Entrench","Anger"],"picked":"SKIP","floor":25.0},{"not_picked":["Clothesline","Inflame"],"picked":"Fiend Fire","floor":28.0},{"not_picked":["Inflame","Power Through+1"],"picked":"Headbutt+1","floor":29.0},{"not_picked":["Pommel Strike","Evolve"],"picked":"Metallicize","floor":30.0},{"not_picked":["Shockwave","Berserk","Headbutt"],"picked":"SKIP","floor":31.0},{"not_picked":["Impervious","Feed"],"picked":"Reaper","floor":33.0},{"not_picked":["Heavy Blade+1","Inflame","Fire Breathing+1"],"picked":"SKIP","floor":35.0},{"not_picked":["Blood for Blood","Wild Strike+1"],"picked":"Battle Trance+1","floor":38.0},{"not_picked":["Thunderclap+1","Evolve","Sever Soul+1"],"picked":"SKIP","floor":39.0},{"not_picked":["Flex","Wild Strike+1"],"picked":"Havoc+1","floor":40.0},{"not_picked":["Headbutt+1","Uppercut"],"picked":"Entrench+1","floor":42.0},{"not_picked":["Headbutt","Twin Strike","True Grit+1"],"picked":"Singing Bowl","floor":44.0},{"not_picked":["Flex+1","Sword Boomerang"],"picked":"Spot Weakness+1","floor":45.0},{"not_picked":["Heavy Blade+1","True Grit"],"picked":"Sentinel+1","floor":48.0}],"player_experience":2132606,"relics_obtained":[{"floor":6.0,"key":"Calipers"},{"floor":8.0,"key":"Toy Ornithopter"},{"floor":9.0,"key":"Oddly Smooth Stone"},{"floor":12.0,"key":"Paper Frog"},{"floor":20.0,"key":"Red Mask"},{"floor":25.0,"key":"InkBottle"},{"floor":26.0,"key":"Ancient Tea Set"},{"floor":28.0,"key":"WingedGreaves"},{"floor":31.0,"key":"Bag of Marbles"},{"floor":40.0,"key":"Charon\u0027s Ashes"},{"floor":43.0,"key":"Bronze Scales"},{"floor":44.0,"key":"Singing Bowl"},{"floor":48.0,"key":"Strawberry"}],"event_choices":[{"damage_healed":0.0,"max_hp_gain":0.0,"max_hp_loss":0.0,"gold_gain":75.0,"event_name":"World of Goop","player_choice":"Gather Gold","floor":2.0,"gold_loss":0.0,"damage_taken":11.0},{"damage_healed":0.0,"max_hp_gain":0.0,"max_hp_loss":0.0,"gold_gain":0.0,"event_name":"Upgrade Shrine","player_choice":"Upgraded","floor":4.0,"gold_loss":0.0,"damage_taken":0.0,"cards_upgraded":["Whirlwind"]},{"damage_healed":0.0,"max_hp_gain":5.0,"max_hp_loss":0.0,"gold_gain":0.0,"event_name":"Big Fish","player_choice":"Donut","floor":13.0,"gold_loss":0.0,"damage_taken":0.0},{"damage_healed":0.0,"max_hp_gain":0.0,"max_hp_loss":0.0,"gold_gain":0.0,"event_name":"FaceTrader","player_choice":"Trade","floor":14.0,"gold_loss":0.0,"damage_taken":0.0,"relics_obtained":["GremlinMask"]},{"damage_healed":0.0,"max_hp_gain":0.0,"max_hp_loss":0.0,"gold_gain":0.0,"event_name":"Masked Bandits","player_choice":"Fought Bandits","floor":20.0,"gold_loss":0.0,"damage_taken":0.0},{"damage_healed":0.0,"max_hp_gain":0.0,"max_hp_loss":0.0,"gold_gain":0.0,"event_name":"SensoryStone","player_choice":"Memory 3","floor":36.0,"gold_loss":0.0,"damage_taken":10.0},{"cards_removed":["Sever Soul"],"damage_healed":0.0,"max_hp_gain":0.0,"max_hp_loss":0.0,"gold_gain":0.0,"event_name":"Falling","player_choice":"Removed Attack","floor":41.0,"gold_loss":0.0,"damage_taken":0.0},{"damage_healed":0.0,"max_hp_gain":0.0,"max_hp_loss":0.0,"gold_gain":0.0,"event_name":"Duplicator","player_choice":"Copied","floor":46.0,"gold_loss":0.0,"damage_taken":0.0,"cards_obtained":["Entrench"]}],"is_beta":false,"boss_relics":[{"not_picked":["Sozu","Mark of Pain"],"picked":"Fusion Hammer"},{"not_picked":["Velvet Choker","Black Blood"],"picked":"Pandora\u0027s Box"}],"items_purged_floors":[47],"is_endless":false,"potions_floor_spawned":[1,6,7,12,19,21,22,30,31,35,40,42,44],"ascension_level":0}}