{"host":"f6f8cjhjgha9mpdq","time":1608482054,"event":{"mods":["BaseMod","Emptier Cage","Minty Spire (QoL Compilation)","Permanent Neow","StSLib","SuperFastMode"],"gold_per_floor":[109,123,133,151,168,202,202,202,202,202,213,213,240,257,257,331,331,341,355,355,370,370,370,249,229,256,290,290,305,317,329,329,408,408,418,86,105,120,136,136,150,150,150],"floor_reached":42,"playtime":2190,"items_purged":["Strike_G+1","Strike_G+1"],"score":938,"play_id":"fa051ced-370b-4cfa-a696-3b804a7b2e95","local_time":"20201221013414","is_ascension_mode":true,"campfire_choices":[{"data":"Terror","floor":7.0,"key":"SMITH"},{"data":"Blade Dance","floor":12.0,"key":"SMITH"},{"data":"Accuracy","floor":15.0,"key":"SMITH"},{"floor":23.0,"key":"REST"},{"data":"Envenom","floor":28.0,"key":"SMITH"},{"floor":32.0,"key":"REST"},{"data":"Envenom","floor":40,"key":"SMITH"}],"circlet_count":0,"master_deck":["AscendersBane","Strike_G+1","Strike_G+1","Defend_G+1","Defend_G+1","Defend_G+1","Defend_G+1","Defend_G+1","Survivor","Neutralize","Slice","Backflip","Blade Dance+1","Terror+1","Accuracy+1","Blur","Dodge and Roll","PiercingWail","Calculated Gamble","Envenom+1","Cloak And Dagger","Bane","Envenom+1","Finesse","Finesse","Cloak And Dagger+1"],"relics":["Ring of the Snake","Boot","White Beast Statue","Bronze Scales","SlaversCollar","Unceasing Top","WristBlade","DollysMirror"],"acts_visited":["Exordium","TheCity","TheBeyond"],"potions_floor_usage":[33,37,39],"damage_taken":[{"damage":2.0,"enemies":"Jaw Worm","floor":1.0,"turns":6.0},{"damage":0.0,"enemies":"Small Slimes","floor":2.0,"turns":5.0},{"damage":0.0,"enemies":"Cultist","floor":3.0,"turns":4.0},{"damage":0.0,"enemies":"Looter","floor":4.0,"turns":4.0},{"damage":0.0,"enemies":"2 Fungi Beasts","floor":5.0,"turns":3.0},{"damage":23.0,"enemies":"Gremlin Nob","floor":6.0,"turns":4.0},{"damage":0.0,"enemies":"Blue Slaver","floor":11.0,"turns":6.0},{"damage":10.0,"enemies":"3 Sentries","floor":13.0,"turns":5.0},{"damage":2.0,"enemies":"Exordium Thugs","floor":14.0,"turns":5.0},{"damage":0.0,"enemies":"Slime Boss","floor":16.0,"turns":6.0},{"damage":4.0,"enemies":"Chosen","floor":18.0,"turns":7.0},{"damage":21.0,"enemies":"Spheric Guardian","floor":19.0,"turns":5.0},{"damage":17.0,"enemies":"Centurion and Healer","floor":21.0,"turns":5.0},{"damage":0.0,"enemies":"Gremlin Leader","floor":27.0,"turns":5.0},{"damage":20.0,"enemies":"Shelled Parasite and Fungi","floor":29.0,"turns":6.0},{"damage":13.0,"enemies":"Snecko","floor":30.0,"turns":8.0},{"damage":0.0,"enemies":"Centurion and Healer","floor":31.0,"turns":6.0},{"damage":94,"enemies":"Champ","floor":33,"turns":18},{"damage":52,"enemies":"3 Shapes","floor":35,"turns":3},{"damage":20,"enemies":"Orb Walker","floor":37,"turns":4},{"damage":52,"enemies":"Sphere and 2 Shapes","floor":38,"turns":12},{"damage":13,"enemies":"Spire Growth","floor":39,"turns":4},{"damage":0,"enemies":"Transient","floor":41,"turns":1},{"damage":60,"enemies":"Giant Head","floor":42,"turns":6}],"seed_played":"-2265637008879088771","potions_obtained":[{"floor":1.0,"key":"Regen Potion"},{"floor":3.0,"key":"SkillPotion"},{"floor":4.0,"key":"ColorlessPotion"},{"floor":6.0,"key":"SteroidPotion"},{"floor":11.0,"key":"LiquidMemories"},{"floor":13.0,"key":"Block Potion"},{"floor":14.0,"key":"GamblersBrew"},{"floor":16.0,"key":"Explosive Potion"},{"floor":18.0,"key":"PowerPotion"},{"floor":19.0,"key":"SkillPotion"},{"floor":21.0,"key":"BlessingOfTheForge"},{"floor":25.0,"key":"ColorlessPotion"},{"floor":27.0,"key":"LiquidBronze"},{"floor":29.0,"key":"SpeedPotion"},{"floor":30.0,"key":"GhostInAJar"},{"floor":31.0,"key":"BlessingOfTheForge"},{"floor":33,"key":"Weak Potion"},{"floor":35,"key":"Regen Potion"},{"floor":37,"key":"LiquidBronze"},{"floor":38,"key":"Dexterity Potion"},{"floor":39,"key":"SpeedPotion"}],"is_trial":false,"path_per_floor":["M","M","M","M","M","E","R","?","T","?","M","R","E","M","R","B",null,"M","M","?","M","?","R","$","?","T","E","R","M","M","M","R","B",null,"M","$","M","M","M","R","M","E"],"character_chosen":"THE_SILENT","items_purchased":["Cloak And Dagger","Finesse","DollysMirror"],"campfire_rested":2,"item_purchase_floors":[24,36,36],"current_hp_per_floor":[57,57,57,57,57,34,34,39,39,39,54,54,44,42,42,42,64,60,39,39,22,22,43,43,43,43,43,43,23,10,10,31,32,61,9,9,58,6,58,58,58,0,0],"gold":150,"neow_bonus":"THREE_CARDS","is_daily":false,"chose_seed":false,"campfire_upgraded":5,"win_rate":0.0,"timestamp":1608482054,"path_taken":["M","M","M","M","M","E","R","?","T","?","M","R","E","?","R","BOSS","M","M","?","M","?","R","$","?","T","E","R","M","M","M","R","BOSS","M","$","M","M","M","R","M","E"],"items_purchased_type":["Card","Card","Relic"],"build_version":"2020-12-13","purchased_purges":2,"victory":false,"max_hp_per_floor":[66,66,66,66,66,66,66,71,71,71,71,71,71,71,71,71,71,71,71,71,71,71,71,71,71,71,71,71,71,71,71,71,71,71,71,71,71,71,71,71,71,71,71],"card_choices":[{"not_picked":["Dodge and Roll","Quick Slash"],"picked":"Slice","floor":0.0},{"not_picked":["Expertise","Outmaneuver"],"picked":"Backflip","floor":1.0},{"not_picked":["Blur","Well Laid Plans"],"picked":"Blade Dance","floor":2.0},{"not_picked":["Cloak And Dagger","Dodge and Roll"],"picked":"Terror","floor":3.0},{"not_picked":["Tactician","PiercingWail"],"picked":"Accuracy","floor":4.0},{"not_picked":["Dagger Spray","Eviscerate","Corpse Explosion"],"picked":"SKIP","floor":5.0},{"not_picked":["Blade Dance","Choke","Acrobatics"],"picked":"SKIP","floor":6.0},{"not_picked":["Dodge and Roll","Flying Knee"],"picked":"Blur","floor":11.0},{"not_picked":["Catalyst","Blade Dance"],"picked":"Dodge and Roll","floor":13.0},{"not_picked":["Flying Knee","Dagger Spray"],"picked":"PiercingWail","floor":14.0},{"not_picked":["Dodge and Roll+1","Crippling Poison"],"picked":"Calculated Gamble","floor":18.0},{"not_picked":["Noxious Fumes","Dodge and Roll","Flying Knee"],"picked":"SKIP","floor":19.0},{"not_picked":["Flechettes","Dash"],"picked":"Envenom","floor":21.0},{"not_picked":["Underhanded Strike","Choke","Blur"],"picked":"SKIP","floor":27.0},{"not_picked":["All Out Attack","Quick Slash","Backflip"],"picked":"SKIP","floor":29.0},{"not_picked":["Slice","Cloak And Dagger","Masterful Stab"],"picked":"SKIP","floor":30.0},{"not_picked":["Poisoned Stab","Quick Slash"],"picked":"Bane","floor":31.0},{"not_picked":["Night Terror","Burst"],"picked":"Envenom","floor":33},{"not_picked":["Catalyst+1","Distraction","Eviscerate"],"picked":"SKIP","floor":35},{"not_picked":["PiercingWail","Outmaneuver+1","Leg Sweep"],"picked":"SKIP","floor":37},{"not_picked":["Slice","Blur","Phantasmal Killer"],"picked":"SKIP","floor":38},{"not_picked":["Deadly Poison","Flechettes"],"picked":"Cloak And Dagger+1","floor":39},{"not_picked":["Heel Hook","Expertise","Endless Agony"],"picked":"SKIP","floor":41}],"player_experience":494491,"relics_obtained":[{"floor":6.0,"key":"Boot"},{"floor":9.0,"key":"White Beast Statue"},{"floor":13.0,"key":"Bronze Scales"},{"floor":27.0,"key":"Unceasing Top"}],"event_choices":[{"damage_healed":0.0,"max_hp_gain":5.0,"max_hp_loss":0.0,"gold_gain":0.0,"event_name":"Big Fish","player_choice":"Donut","floor":8.0,"gold_loss":0.0,"damage_taken":0.0},{"cards_removed":["Strike_G"],"damage_healed":0.0,"max_hp_gain":0.0,"max_hp_loss":0.0,"gold_gain":0.0,"event_name":"Bonfire Elementals","player_choice":"Offered Basic","floor":10.0,"gold_loss":0.0,"damage_taken":0.0},{"damage_healed":0.0,"max_hp_gain":0.0,"max_hp_loss":0.0,"gold_gain":0.0,"event_name":"Back to Basics","player_choice":"Simplicity","floor":20.0,"gold_loss":0.0,"damage_taken":0.0,"cards_upgraded":["Strike_G","Strike_G","Strike_G","Strike_G","Defend_G","Defend_G","Defend_G","Defend_G","Defend_G"]},{"damage_healed":0.0,"max_hp_gain":0.0,"max_hp_loss":0.0,"gold_gain":0.0,"event_name":"The Mausoleum","player_choice":"Ignored","floor":22.0,"gold_loss":0.0,"damage_taken":0.0},{"damage_healed":0.0,"max_hp_gain":0.0,"max_hp_loss":0.0,"gold_gain":0.0,"event_name":"The Woman in Blue","player_choice":"Bought 1 Potion","floor":25.0,"gold_loss":0.0,"damage_taken":0.0}],"is_beta":false,"boss_relics":[{"not_picked":["Cursed Key","Philosopher\u0027s Stone"],"picked":"SlaversCollar"},{"not_picked":["Black Star","Runic Pyramid"],"picked":"WristBlade"}],"items_purged_floors":[24,36],"is_endless":false,"potions_floor_spawned":[1,3,4,6,11,13,14,16,18,19,21,27,29,30,31,33,35,37,38,39,41],"killed_by":"Giant Head","ascension_level":15}}