{"host":"solomon","time":1608443831,"event":{"mods":["Act Like it!","BaseMod","Library of Ruina","Library of Ruina Extra","Luminous","Minty Spire (QoL Compilation)","Robot Space Explorer","StSLib","The Dragon Tamer","【东方二次创作】八云紫mod"],"gold_per_floor":[109,128,128,146,221,247,264,292,317,342,342,366,58,68,68,167,167,180,180,180,198,215,249,267,267,336,367,381,381,416,341,341,441,441,459,459,51,70,70,101,101,111,138,138,150,184,184,234,234,234,234,234,234,58,85,85],"floor_reached":57,"playtime":3086,"items_purged":["RobotSpaceExplorer:Strike","RobotSpaceExplorer:Strike"],"score":1388,"play_id":"7ab7eb12-b983-4235-a3d2-c8a6f3c92c4b","local_time":"20201220135711","is_ascension_mode":false,"campfire_choices":[{"floor":11.0,"key":"RECALL"},{"data":"RobotSpaceExplorer:LaserBurst","floor":15.0,"key":"SMITH"},{"data":"RobotSpaceExplorer:ShockMissile","floor":25.0,"key":"SMITH"},{"data":"RobotSpaceExplorer:StarLightning","floor":29.0,"key":"SMITH"},{"data":"RobotSpaceExplorer:PowerCollector","floor":32.0,"key":"SMITH"},{"data":"RobotSpaceExplorer:PowerCollector","floor":41.0,"key":"SMITH"},{"data":"RobotSpaceExplorer:MiniBoosters","floor":44.0,"key":"SMITH"},{"data":"RobotSpaceExplorer:DroneSwarm","floor":47.0,"key":"SMITH"},{"data":"RobotSpaceExplorer:GlueShot","floor":49.0,"key":"SMITH"},{"data":"RobotSpaceExplorer:MiniLasers","floor":53.0,"key":"SMITH"}],"circlet_count":0,"master_deck":["RobotSpaceExplorer:Defend","RobotSpaceExplorer:Defend","RobotSpaceExplorer:Defend+1","RobotSpaceExplorer:Scan+1","RobotSpaceExplorer:MiniLasers+1","RobotSpaceExplorer:DroneSwarm+1","RobotSpaceExplorer:SurgingStrike","RobotSpaceExplorer:PowerCollector+1","RobotSpaceExplorer:ShockMissile+1","RobotSpaceExplorer:LaserBurst+1","RobotSpaceExplorer:Autoloader","RobotSpaceExplorer:GlueShot+1","RobotSpaceExplorer:StarLightning+1","RobotSpaceExplorer:PowerCollector+1","RobotSpaceExplorer:ChargingLaser","RobotSpaceExplorer:MiniBoosters+1","RobotSpaceExplorer:PowerCollector+1","RobotSpaceExplorer:SelfCleaning+1"],"relics":["RobotSpaceExplorer:TurboCore","Nunchaku","War Paint","Happy Flower","Bronze Scales","Pen Nib","Cracked Core","RobotSpaceExplorer:RingOfTheNewt","Strawberry","Bottled Flame","Art of War","Vajra","Coffee Dripper","Mummified Hand","PageOfAlriune","Boot","PageOfSingingMachine","PageOfTheSilentOrchestra","Lantern"],"acts_visited":["Exordium","TheCity","TheBeyond","TheEnding"],"potions_floor_usage":[56,56,56],"damage_taken":[{"damage":0.0,"enemies":"Small Slimes","floor":1.0,"turns":5.0},{"damage":0.0,"enemies":"2 Louse","floor":2.0,"turns":2.0},{"damage":0.0,"enemies":"Jaw Worm","floor":4.0,"turns":5.0},{"damage":3.0,"enemies":"3 Sentries","floor":6.0,"turns":5.0},{"damage":1.0,"enemies":"Blue Slaver","floor":7.0,"turns":5.0},{"damage":0.0,"enemies":"Gremlin Nob","floor":8.0,"turns":5.0},{"damage":0.0,"enemies":"3 Sentries","floor":10.0,"turns":7.0},{"damage":4.0,"enemies":"3 Louse","floor":14.0,"turns":3.0},{"damage":32.0,"enemies":"Hexaghost","floor":16.0,"turns":7.0},{"damage":6.0,"enemies":"Shell Parasite","floor":18.0,"turns":4.0},{"damage":0.0,"enemies":"3 Byrds","floor":21.0,"turns":2.0},{"damage":16.0,"enemies":"Snake Plant","floor":22.0,"turns":4.0},{"damage":29.0,"enemies":"Gremlin Leader","floor":23.0,"turns":6.0},{"damage":0.0,"enemies":"Shelled Parasite and Fungi","floor":24.0,"turns":4.0},{"damage":4.0,"enemies":"Book of Stabbing","floor":27.0,"turns":5.0},{"damage":3.0,"enemies":"3 Cultists","floor":28.0,"turns":4.0},{"damage":3.0,"enemies":"Gremlin Leader","floor":30.0,"turns":5.0},{"damage":2.0,"enemies":"Champ","floor":33.0,"turns":5.0},{"damage":17.0,"enemies":"3 Darklings","floor":35.0,"turns":3.0},{"damage":0.0,"enemies":"3 Shapes","floor":38.0,"turns":4.0},{"damage":12.0,"enemies":"Nemesis","floor":40.0,"turns":5.0},{"damage":0.0,"enemies":"Sphere and 2 Shapes","floor":42.0,"turns":2.0},{"damage":0.0,"enemies":"3 Darklings","floor":45.0,"turns":2.0},{"damage":0.0,"enemies":"Giant Head","floor":46.0,"turns":4.0},{"damage":0.0,"enemies":"Mind Bloom Boss Battle","floor":48.0,"turns":4.0},{"damage":0.0,"enemies":"Donu and Deca","floor":50.0,"turns":5.0},{"damage":0.0,"enemies":"Shield and Spear","floor":55.0,"turns":3.0},{"damage":10,"enemies":"The Heart","floor":56,"turns":6}],"seed_played":"-6826828850854916149","potions_obtained":[{"floor":1.0,"key":"Explosive Potion"},{"floor":4.0,"key":"Block Potion"},{"floor":6.0,"key":"SpeedPotion"},{"floor":8.0,"key":"AttackPotion"},{"floor":18.0,"key":"LiquidMemories"},{"floor":22.0,"key":"RobotSpaceExplorer:RecyclePotion"},{"floor":24.0,"key":"ColorlessPotion"},{"floor":27.0,"key":"Regen Potion"},{"floor":30.0,"key":"SteroidPotion"},{"floor":38.0,"key":"Swift Potion"},{"floor":42.0,"key":"Weak Potion"},{"floor":45.0,"key":"EssenceOfSteel"},{"floor":55.0,"key":"EssenceOfSteel"}],"is_trial":false,"path_per_floor":["M","M","?","M","?","E","M","E","T","E","R","T","$","M","R","B",null,"M","?","?","M","M","E","M","R","T","E","M","R","E","?","R","B",null,"M","?","$","M","?","E","R","M","T","R","M","E","R","?","R","B",null,null,"R","$","E","B",null],"character_chosen":"RobotSpaceExplorer","items_purchased":["RobotSpaceExplorer:PowerCollector","RobotSpaceExplorer:ShockMissile","Pen Nib","Mummified Hand","RobotSpaceExplorer:PowerCollector","GamblersBrew"],"campfire_rested":0,"item_purchase_floors":[13,13,13,37,37,54],"current_hp_per_floor":[75,75,68,68,57,54,53,53,53,53,53,53,53,49,49,17,75,69,69,69,69,53,31,31,31,31,27,24,24,35,35,35,33,82,65,65,65,65,65,53,53,53,53,53,53,53,53,53,53,53,53,78,78,78,78,68],"gold":85,"neow_bonus":"ONE_RANDOM_RARE_CARD","is_daily":false,"chose_seed":false,"campfire_upgraded":9,"win_rate":0.0,"timestamp":1608443831,"path_taken":["M","M","?","M","?","E","M","E","T","E","R","?","?","M","R","BOSS","M","?","?","M","M","E","?","R","T","E","M","R","E","?","R","BOSS","M","?","$","?","?","E","R","M","T","R","M","E","R","?","R","BOSS","R","$","E","BOSS"],"items_purchased_type":["Card","Card","Relic","Relic","Card","Potion"],"build_version":"2020-12-18","purchased_purges":2,"victory":true,"max_hp_per_floor":[75,75,75,75,75,75,75,75,75,75,75,75,75,75,75,75,75,75,75,75,75,75,82,82,82,82,82,82,82,82,82,82,82,82,82,82,82,82,78,78,78,78,78,78,78,78,78,78,78,78,78,78,78,78,78,78],"card_choices":[{"not_picked":["RobotSpaceExplorer:MetalStrike","RobotSpaceExplorer:FranticSearch","RobotSpaceExplorer:TurboDodge"],"picked":"SKIP","floor":1.0},{"not_picked":["RobotSpaceExplorer:FreezeRay","RobotSpaceExplorer:SlimeMissile","RobotSpaceExplorer:DoubleBlock"],"picked":"SKIP","floor":2.0},{"not_picked":["RobotSpaceExplorer:FreezingShield","RobotSpaceExplorer:Electroshield","RobotSpaceExplorer:GlueSpray"],"picked":"SKIP","floor":4.0},{"not_picked":["RobotSpaceExplorer:ShockKick","RobotSpaceExplorer:RigExplosive","RobotSpaceExplorer:Smokescreen"],"picked":"SKIP","floor":6.0},{"not_picked":["RobotSpaceExplorer:ShockKick","RobotSpaceExplorer:RigExplosive","RobotSpaceExplorer:Smokescreen"],"picked":"SKIP","floor":6.0},{"not_picked":["RobotSpaceExplorer:FreezingShield","RobotSpaceExplorer:ShockKick","RobotSpaceExplorer:Pulsar"],"picked":"SKIP","floor":7.0},{"not_picked":["RobotSpaceExplorer:SurgingShield","RobotSpaceExplorer:GlueShot"],"picked":"RobotSpaceExplorer:SurgingStrike","floor":8.0},{"not_picked":["RobotSpaceExplorer:Pulsar","RobotSpaceExplorer:ShovelStrike","RobotSpaceExplorer:GlueShot"],"picked":"SKIP","floor":10.0},{"not_picked":["RobotSpaceExplorer:GlueShot","RobotSpaceExplorer:Electropulse"],"picked":"RobotSpaceExplorer:LaserBurst","floor":14.0},{"not_picked":["RobotSpaceExplorer:ShockMissile","RobotSpaceExplorer:HighVoltage"],"picked":"RobotSpaceExplorer:Autoloader","floor":16.0},{"not_picked":["RobotSpaceExplorer:FreezingShield+1","RobotSpaceExplorer:GlueShot","RobotSpaceExplorer:SurgingShield"],"picked":"SKIP","floor":18.0},{"not_picked":["RobotSpaceExplorer:ImprovisedAttack","RobotSpaceExplorer:FreezeRay+1","RobotSpaceExplorer:Blitz"],"picked":"SKIP","floor":21.0},{"not_picked":["RobotSpaceExplorer:GlueShot","RobotSpaceExplorer:ShockKick+1","RobotSpaceExplorer:ScrapMissile"],"picked":"SKIP","floor":22.0},{"not_picked":["RobotSpaceExplorer:ShockKick+1","RobotSpaceExplorer:ScrapMissile"],"picked":"RobotSpaceExplorer:GlueShot","floor":22.0},{"not_picked":["RobotSpaceExplorer:Ammunition+1","RobotSpaceExplorer:ExhaustFan"],"picked":"RobotSpaceExplorer:StarLightning","floor":23.0},{"not_picked":["RobotSpaceExplorer:Arsenal","RobotSpaceExplorer:DoubleFind","RobotSpaceExplorer:GearShield"],"picked":"SKIP","floor":24.0},{"not_picked":["RobotSpaceExplorer:FreezingShield","RobotSpaceExplorer:StarDust+1"],"picked":"RobotSpaceExplorer:PowerCollector+1","floor":27.0},{"not_picked":["RobotSpaceExplorer:FrostMissile+1","RobotSpaceExplorer:Jetpack","RobotSpaceExplorer:GlueShot"],"picked":"SKIP","floor":28.0},{"not_picked":["RobotSpaceExplorer:GearShield+1","RobotSpaceExplorer:Calculate","RobotSpaceExplorer:Smokescreen+1"],"picked":"SKIP","floor":30.0},{"not_picked":["RobotSpaceExplorer:Comet","RobotSpaceExplorer:Exploration"],"picked":"RobotSpaceExplorer:ChargingLaser","floor":33.0},{"not_picked":["RobotSpaceExplorer:SelfCleaning","RobotSpaceExplorer:ImprovisedAttack","RobotSpaceExplorer:Electroshield+1"],"picked":"SKIP","floor":35.0},{"not_picked":["RobotSpaceExplorer:ImprovisedAttack+1","RobotSpaceExplorer:Probe+1","RobotSpaceExplorer:TurboDodge"],"picked":"SKIP","floor":38.0},{"not_picked":["RobotSpaceExplorer:PowerGlove","RobotSpaceExplorer:Pulsar","RobotSpaceExplorer:FreezingShield+1"],"picked":"SKIP","floor":40.0},{"not_picked":["RobotSpaceExplorer:SlimeMissile","RobotSpaceExplorer:TurboDodge","RobotSpaceExplorer:ImprovisedAttack+1"],"picked":"SKIP","floor":42.0},{"not_picked":["RobotSpaceExplorer:BigMissile","RobotSpaceExplorer:MiniDrones+1"],"picked":"RobotSpaceExplorer:SelfCleaning+1","floor":45.0},{"not_picked":["RobotSpaceExplorer:BigMissile+1","RobotSpaceExplorer:Jetpack","RobotSpaceExplorer:SlimeMissile"],"picked":"SKIP","floor":46.0},{"not_picked":["RobotSpaceExplorer:GearShield+1","RobotSpaceExplorer:Reload","RobotSpaceExplorer:FrostMissile+1"],"picked":"SKIP","floor":55.0}],"player_experience":408844,"relics_obtained":[{"floor":6.0,"key":"Nunchaku"},{"floor":8.0,"key":"War Paint"},{"floor":10.0,"key":"Happy Flower"},{"floor":12.0,"key":"Bronze Scales"},{"floor":23.0,"key":"Strawberry"},{"floor":26.0,"key":"Bottled Flame"},{"floor":27.0,"key":"Art of War"},{"floor":30.0,"key":"Vajra"},{"floor":40.0,"key":"PageOfAlriune"},{"floor":43.0,"key":"Boot"},{"floor":46.0,"key":"PageOfSingingMachine"},{"floor":48.0,"key":"PageOfTheSilentOrchestra"},{"floor":55.0,"key":"Lantern"}],"event_choices":[{"cards_removed":["RobotSpaceExplorer:Defend"],"damage_healed":0.0,"max_hp_gain":0.0,"max_hp_loss":0.0,"gold_gain":0.0,"event_name":"Golden Wing","player_choice":"Card Removal","floor":3.0,"gold_loss":0.0,"damage_taken":7.0},{"damage_healed":0.0,"max_hp_gain":0.0,"max_hp_loss":0.0,"gold_gain":75.0,"event_name":"World of Goop","player_choice":"Gather Gold","floor":5.0,"gold_loss":0.0,"damage_taken":11.0},{"damage_healed":0.0,"max_hp_gain":0.0,"max_hp_loss":0.0,"gold_gain":0.0,"event_name":"WeMeetAgain","player_choice":"Gave Potion","floor":20.0,"gold_loss":0.0,"damage_taken":0.0,"relics_obtained":["RobotSpaceExplorer:RingOfTheNewt"]},{"cards_removed":["RobotSpaceExplorer:Strike"],"damage_healed":0.0,"max_hp_gain":0.0,"max_hp_loss":0.0,"gold_gain":0.0,"event_name":"Beggar","player_choice":"Gave Gold","floor":31.0,"gold_loss":75.0,"damage_taken":0.0},{"damage_healed":0.0,"max_hp_gain":0.0,"max_hp_loss":0.0,"gold_gain":0.0,"cards_transformed":["RobotSpaceExplorer:Strike"],"event_name":"Transmorgrifier","player_choice":"Transformed","floor":36.0,"gold_loss":0.0,"damage_taken":0.0,"cards_obtained":["RobotSpaceExplorer:MiniBoosters"]},{"damage_healed":0.0,"max_hp_gain":0.0,"max_hp_loss":4.0,"gold_gain":0.0,"event_name":"Winding Halls","player_choice":"Max HP","floor":39.0,"gold_loss":0.0,"damage_taken":0.0},{"damage_healed":0.0,"max_hp_gain":0.0,"max_hp_loss":0.0,"gold_gain":0.0,"event_name":"MindBloom","player_choice":"Fight","floor":48.0,"gold_loss":0.0,"damage_taken":0.0}],"is_beta":true,"boss_relics":[{"not_picked":["RobotSpaceExplorer:SearchSpecs","SacredBark"],"picked":"RobotSpaceExplorer:TurboCore"},{"not_picked":["Calling Bell","Runic Dome"],"picked":"Coffee Dripper"}],"items_purged_floors":[37,54],"is_endless":false,"potions_floor_spawned":[1,4,6,8,18,22,24,27,30,38,42,45,46,55],"ascension_level":0}}