{"host":"gk9qdtkqd8dwfeg2","time":1608463251,"event":{"mods":["Aspiration","BaseMod","Marisa£®ÏF”Í°°ƒß¿Ì…≥£©","Minty Spire (QoL Compilation)","Quick Restart","Replay The Spire","Shop Mod","StSLib","TestMod","Waifu the Spire","Yuyuko"],"gold_per_floor":[117,133,133,133,183,217,55,55,101,118,151,165,196,207,207,207,207],"floor_reached":16,"playtime":460,"items_purged":[],"score":340,"play_id":"688df082-c4ca-489a-ab8e-a89cc41ff959","local_time":"20201220192051","is_ascension_mode":true,"campfire_choices":[{"data":"Eruption","floor":8,"key":"SMITH"},{"floor":15,"key":"DIG"}],"circlet_count":0,"master_deck":["AscendersBane","Strike_P","Strike_P","Strike_P","Strike_P","Defend_P","Defend_P","Defend_P","Eruption+1","Vigilance","Worship","CutThroughFate","Looming Evil","FlurryOfBlows","BattleHymn","Brilliance","BowlingBash","Tantrum"],"relics":["PureWater","testmod-TestBox","testmod-Mahjong","aspiration:Nostalgia","Cracked Core","Ring of Peace","ReplayTheSpireMod:Ring of Addiction","Chameleon Ring","SacredBark","Mummified Hand","MerchantsRug","ReplayTheSpireMod:TigerMarble","aspiration:HiddenCompartment","Shovel","Juzu Bracelet"],"acts_visited":["Exordium"],"potions_floor_usage":[6,10,13,16],"damage_taken":[{"damage":0,"enemies":"Jaw Worm","floor":1,"turns":1},{"damage":6,"enemies":"Small Slimes","floor":2,"turns":3},{"damage":19,"enemies":"Gremlin Nob","floor":6,"turns":4},{"damage":0,"enemies":"2 Louse","floor":10,"turns":1},{"damage":0,"enemies":"Lagavulin","floor":11,"turns":5},{"damage":0,"enemies":"Gremlin Gang","floor":12,"turns":3},{"damage":0,"enemies":"3 Sentries","floor":13,"turns":2},{"damage":12,"enemies":"Exordium Wildlife","floor":14,"turns":2},{"damage":26,"enemies":"The Guardian","floor":16,"turns":5}],"seed_played":"-1782400702642072464","potions_obtained":[{"floor":2,"key":"Toxic Potion"},{"floor":3,"key":"Fire Potion"},{"floor":10,"key":"PowerPotion"},{"floor":12,"key":"Explosive Potion"},{"floor":14,"key":"Energy Potion"}],"is_trial":false,"path_per_floor":["M","M","?","?","?","E","$","R","T","M","E","M","E","M","R","B"],"character_chosen":"WATCHER","items_purchased":["MerchantsRug"],"campfire_rested":0,"item_purchase_floors":[7],"current_hp_per_floor":[61,55,55,55,55,36,36,36,36,36,38,38,38,26,26,0,0],"gold":207,"neow_bonus":"NOSTALGIA","is_daily":false,"chose_seed":false,"campfire_upgraded":1,"win_rate":0.0,"timestamp":1608463251,"path_taken":["M","M","?","?","?","E","$","R","T","M","E","M","E","?","R","BOSS"],"items_purchased_type":["Relic"],"build_version":"2020-12-13","purchased_purges":0,"victory":false,"max_hp_per_floor":[68,68,68,68,68,68,68,68,68,66,66,66,66,66,66,66,66],"card_choices":[{"not_picked":["Crescendo","Replay:AtTheReady"],"picked":"Worship","floor":1},{"not_picked":["Halt","PathToVictory"],"picked":"CutThroughFate","floor":2},{"not_picked":["LikeWater","CrushJoints"],"picked":"FlurryOfBlows","floor":6},{"not_picked":["ThirdEye","FollowUp"],"picked":"BattleHymn","floor":10},{"not_picked":["WheelKick","FlyingSleeves"],"picked":"Brilliance","floor":11},{"not_picked":["Replay:ManipulateFuture","CutThroughFate"],"picked":"BowlingBash","floor":12},{"not_picked":["Devotion","Wallop"],"picked":"Tantrum","floor":13},{"not_picked":["Replay:ManipulateFuture","JustLucky","Consecrate"],"picked":"SKIP","floor":14}],"player_experience":1062079,"relics_obtained":[{"floor":3,"key":"Ring of Peace"},{"floor":3,"key":"ReplayTheSpireMod:Ring of Addiction"},{"floor":3,"key":"Chameleon Ring"},{"floor":3,"key":"SacredBark"},{"floor":6,"key":"Mummified Hand"},{"floor":9,"key":"ReplayTheSpireMod:TigerMarble"},{"floor":11,"key":"aspiration:HiddenCompartment"},{"floor":13,"key":"Shovel"},{"floor":15,"key":"Juzu Bracelet"}],"event_choices":[{"damage_healed":0,"gold_gain":50,"player_choice":"Pray","damage_taken":0,"max_hp_gain":0,"max_hp_loss":0,"event_name":"Golden Shrine","floor":5,"gold_loss":0}],"is_beta":false,"boss_relics":[],"items_purged_floors":[],"is_endless":false,"potions_floor_spawned":[2,10,12,14],"killed_by":"The Guardian","ascension_level":20}}