{"host":"8l1xuphorofpdxlv","time":1608469242,"event":{"mods":["AchievementEnabler","BaseMod","DeckTracker","Minty Spire (QoL Compilation)","Quick Restart","SuperFastMode"],"gold_per_floor":[366,378,29,29,49,49,61,75,150,100,100,120,120,20,20,119,119,138,138,30,48,48,48,75,87,87,87,99,99,115,115,115,211,211,221,232,243,118,118,151,168,168,168,168,213,226,226,226],"floor_reached":47,"playtime":1813,"items_purged":["Regret","Strike_G","Strike_G"],"score":564,"play_id":"d61fb1f5-fd70-4e18-8877-a3b05d8619c2","local_time":"20201220220042","is_ascension_mode":true,"campfire_choices":[{"data":"Tactician","floor":6,"key":"SMITH"},{"data":"Acrobatics","floor":11,"key":"SMITH"},{"data":"Blade Dance","floor":13,"key":"SMITH"},{"floor":15,"key":"REST"},{"data":"Accuracy","floor":23,"key":"SMITH"},{"data":"Blade Dance","floor":27,"key":"SMITH"},{"data":"Venomology","floor":29,"key":"SMITH"},{"floor":32,"key":"REST"},{"data":"Phantasmal Killer","floor":42,"key":"SMITH"}],"circlet_count":0,"master_deck":["Strike_G","Defend_G","Defend_G","Defend_G","Defend_G","Defend_G+1","Survivor","Neutralize","Tactician+1","Well Laid Plans","Blade Dance+1","Infinite Blades","Acrobatics+1","Dagger Spray","Backflip+1","Adrenaline","CurseOfTheBell","Accuracy+1","Blade Dance+1","Finisher","Blade Dance","Venomology+1","Phantasmal Killer+1","Accuracy+1","Cloak And Dagger+1","Finesse"],"relics":["Ring of the Snake","Vajra","Bottled Tornado","Calling Bell","Pen Nib","Singing Bowl","Ice Cream","Shovel","Bag of Marbles","Busted Crown","Orichalcum","War Paint","Torii"],"acts_visited":["Exordium","TheCity","TheBeyond"],"potions_floor_usage":[24,30,33,33,36,37,39,40,45],"damage_taken":[{"damage":8,"enemies":"Jaw Worm","floor":1,"turns":5},{"damage":10,"enemies":"Small Slimes","floor":2,"turns":5},{"damage":3,"enemies":"2 Louse","floor":5,"turns":3},{"damage":0,"enemies":"Large Slime","floor":7,"turns":3},{"damage":0,"enemies":"Exordium Wildlife","floor":8,"turns":3},{"damage":9,"enemies":"Gremlin Gang","floor":12,"turns":4},{"damage":20,"enemies":"Slime Boss","floor":16,"turns":10},{"damage":1,"enemies":"Shell Parasite","floor":18,"turns":4},{"damage":0,"enemies":"Spheric Guardian","floor":21,"turns":3},{"damage":18,"enemies":"Slavers","floor":24,"turns":5},{"damage":11,"enemies":"Centurion and Healer","floor":25,"turns":3},{"damage":1,"enemies":"Sentry and Sphere","floor":28,"turns":3},{"damage":5,"enemies":"Snecko","floor":30,"turns":3},{"damage":12,"enemies":"Champ","floor":33,"turns":6},{"damage":24,"enemies":"3 Darklings","floor":35,"turns":4},{"damage":10,"enemies":"Orb Walker","floor":36,"turns":3},{"damage":8,"enemies":"3 Darklings","floor":37,"turns":4},{"damage":0,"enemies":"Jaw Worm Horde","floor":39,"turns":1},{"damage":4,"enemies":"Giant Head","floor":40,"turns":3},{"damage":0,"enemies":"Maw","floor":41,"turns":4},{"damage":30,"enemies":"2 Orb Walkers","floor":45,"turns":3},{"damage":0,"enemies":"Transient","floor":46,"turns":5},{"damage":17,"enemies":"Reptomancer","floor":47,"turns":2}],"seed_played":"-854437647107723263","potions_obtained":[{"floor":2,"key":"Dexterity Potion"},{"floor":5,"key":"Weak Potion"},{"floor":7,"key":"Ancient Potion"},{"floor":16,"key":"GhostInAJar"},{"floor":28,"key":"Ancient Potion"},{"floor":37,"key":"EntropicBrew"}],"is_trial":false,"path_per_floor":["M","M","$","?","M","R","M","M","T","?","R","M","R","$","R","B",null,"M","?","$","M","?","R","E","M","T","R","M","R","M","$","R","B",null,"M","M","M","$","M","E","M","R","T","?","?","M","E"],"character_chosen":"THE_SILENT","items_purchased":["Vajra","Blade Dance","Infinite Blades","Accuracy","Blade Dance"],"campfire_rested":2,"item_purchase_floors":[3,3,3,20,20],"current_hp_per_floor":[62,52,52,45,42,42,42,42,42,42,42,33,33,33,54,34,70,71,58,58,60,60,60,42,33,33,33,32,32,29,29,53,41,83,61,51,45,45,45,41,43,43,43,43,15,17,0,0],"gold":226,"neow_bonus":"TWO_FIFTY_GOLD","is_daily":false,"chose_seed":false,"campfire_upgraded":7,"win_rate":0.0,"timestamp":1608469242,"path_taken":["M","M","$","?","M","R","M","M","T","?","R","M","R","?","R","BOSS","M","?","$","M","?","R","E","?","T","R","M","R","M","$","R","BOSS","M","?","M","$","M","E","M","R","T","?","?","M","E"],"items_purchased_type":["Relic","Card","Card","Card","Card"],"build_version":"2020-12-13","purchased_purges":3,"victory":false,"max_hp_per_floor":[70,70,70,70,70,70,70,70,70,70,70,70,70,70,70,70,70,72,77,77,79,79,79,79,81,81,81,81,81,83,83,83,83,83,85,85,87,87,87,87,89,89,89,89,91,93,93,93],"card_choices":[{"not_picked":["Slice","Dagger Throw"],"picked":"Tactician","floor":1},{"not_picked":["Distraction","Poisoned Stab"],"picked":"Well Laid Plans","floor":2},{"not_picked":["PiercingWail","Bouncing Flask"],"picked":"Acrobatics","floor":5},{"not_picked":["Escape Plan","Predator"],"picked":"Dagger Spray","floor":7},{"not_picked":["Catalyst","Skewer"],"picked":"Backflip","floor":8},{"not_picked":["Endless Agony","Well Laid Plans","Slice"],"picked":"SKIP","floor":12},{"not_picked":["Wraith Form v2","Storm of Steel"],"picked":"Adrenaline","floor":16},{"not_picked":["Underhanded Strike+1","Quick Slash","Sucker Punch+1"],"picked":"Singing Bowl","floor":18},{"not_picked":["Dagger Spray","Bane+1","Noxious Fumes"],"picked":"Singing Bowl","floor":21},{"not_picked":["Infinite Blades","Flying Knee+1"],"picked":"Blade Dance","floor":24},{"not_picked":["Sucker Punch","Tactician","Skewer"],"picked":"Singing Bowl","floor":25},{"not_picked":["Distraction+1","Bouncing Flask"],"picked":"Venomology","floor":28},{"not_picked":["Underhanded Strike","Acrobatics","Bane"],"picked":"Singing Bowl","floor":30},{"not_picked":["Adrenaline","Night Terror"],"picked":"Phantasmal Killer","floor":33},{"not_picked":["Expertise+1"],"picked":"Singing Bowl","floor":35},{"not_picked":[],"picked":"Accuracy+1","floor":36},{"not_picked":["Blur"],"picked":"Singing Bowl","floor":37},{"not_picked":[],"picked":"Cloak And Dagger+1","floor":40},{"not_picked":["Acrobatics+1"],"picked":"Singing Bowl","floor":41},{"not_picked":[],"picked":"Finesse","floor":44},{"not_picked":["Masterful Stab+1"],"picked":"Singing Bowl","floor":45},{"not_picked":["Deadly Poison"],"picked":"Singing Bowl","floor":46}],"player_experience":67561,"relics_obtained":[{"floor":9,"key":"Bottled Tornado"},{"floor":17,"key":"Pen Nib"},{"floor":17,"key":"Singing Bowl"},{"floor":17,"key":"Ice Cream"},{"floor":24,"key":"Shovel"},{"floor":26,"key":"Bag of Marbles"},{"floor":40,"key":"Orichalcum"},{"floor":43,"key":"War Paint"},{"floor":45,"key":"Torii"}],"event_choices":[{"cards_removed":["Strike_G"],"damage_healed":0,"gold_gain":0,"player_choice":"Card Removal","damage_taken":7,"max_hp_gain":0,"max_hp_loss":0,"event_name":"Golden Wing","floor":4,"gold_loss":0},{"cards_removed":["Strike_G"],"damage_healed":0,"gold_gain":0,"player_choice":"Card Removal","damage_taken":0,"max_hp_gain":0,"max_hp_loss":0,"event_name":"The Cleric","floor":10,"gold_loss":50},{"damage_healed":0,"gold_gain":0,"player_choice":"Shed Blood","damage_taken":18,"max_hp_gain":5,"max_hp_loss":0,"event_name":"Forgotten Altar","floor":19,"gold_loss":0},{"damage_healed":0,"gold_gain":0,"player_choice":"Read","damage_taken":0,"max_hp_gain":0,"max_hp_loss":0,"event_name":"The Library","floor":22,"gold_loss":0,"cards_obtained":["Finisher"]},{"damage_healed":0,"gold_gain":0,"player_choice":"Memory 1","damage_taken":0,"max_hp_gain":0,"max_hp_loss":0,"event_name":"SensoryStone","floor":44,"gold_loss":0},{"damage_healed":0,"gold_gain":0,"player_choice":"Fight","damage_taken":0,"max_hp_gain":0,"max_hp_loss":0,"event_name":"Mysterious Sphere","floor":45,"gold_loss":0}],"is_beta":false,"boss_relics":[{"not_picked":["Ring of the Serpent","Velvet Choker"],"picked":"Calling Bell"},{"not_picked":["Black Star","Sozu"],"picked":"Busted Crown"}],"items_purged_floors":[3,14,38],"is_endless":false,"potions_floor_spawned":[2,5,7,16,18,28,30,37,41],"killed_by":"Reptomancer","ascension_level":3}}