{"host":"s9dep4x43c14s74h","time":1608482632,"event":{"mods":["BaseMod","Downfall","Gremlin Mod","Hermit","HololiveMod","Jorbs\u0027s Wanderer Trilogy","Lobotomy","Marisa????????","Minty Spire (QoL Compilation)","Replay The Spire","StSLib","The Animator","The Bug Knight","The Construct","The Cursed","The Necromancer","The Runesmith","The Servant 0.9.4"],"gold_per_floor":[112,112,125,125,140,140,140],"floor_reached":6,"playtime":387,"items_purged":[],"score":36,"play_id":"cc3c078f-2d7b-46e8-8c0d-5731f0da8845","local_time":"20201220194352","is_ascension_mode":false,"campfire_choices":[],"circlet_count":0,"master_deck":["construct:Strike_Gold","construct:Strike_Gold","construct:Strike_Gold","construct:Strike_Gold","construct:Strike_Gold","construct:Defend_Gold","construct:Defend_Gold","construct:Defend_Gold","construct:Defend_Gold","construct:Defend_Gold","construct:AttackMode+1","construct:DefenseMode","construct:Chainstrike","construct:PowerUp","construct:Overcharge"],"relics":["construct:Cogwheel","FaceOfCleric"],"acts_visited":["Exordium"],"potions_floor_usage":[],"damage_taken":[{"damage":0.0,"enemies":"2 Louse","floor":1.0,"turns":2.0},{"damage":0.0,"enemies":"Cultist","floor":3.0,"turns":3.0},{"damage":0.0,"enemies":"Small Slimes","floor":5.0,"turns":3.0},{"damage":0,"enemies":"Replay:BlueRogue","floor":6,"turns":1}],"seed_played":"8842463686646615985","potions_obtained":[{"floor":1.0,"key":"AttackPotion"},{"floor":3.0,"key":"Milkshake"},{"floor":5.0,"key":"Energy Potion"}],"is_trial":false,"path_per_floor":["M","?","M","T","M","E"],"character_chosen":"THE_CONSTRUCT_MOD","items_purchased":[],"campfire_rested":0,"item_purchase_floors":[],"current_hp_per_floor":[85,85,86,86,87,87,87],"gold":140,"neow_bonus":"UPGRADE_CARD","is_daily":false,"chose_seed":false,"campfire_upgraded":0,"win_rate":0.0,"timestamp":1608482632,"path_taken":["M","?","?","?","M","E"],"items_purchased_type":[],"build_version":"2020-12-13","purchased_purges":0,"victory":false,"max_hp_per_floor":[85,85,86,86,87,87,87],"card_choices":[{"not_picked":["construct:FlakBarrage","construct:Impenetrable"],"picked":"construct:Chainstrike","floor":1.0},{"not_picked":["construct:ScrapCannon","construct:Antimatter"],"picked":"construct:PowerUp","floor":3.0},{"not_picked":["construct:Reinforce","construct:Backfire"],"picked":"construct:Overcharge","floor":5.0}],"player_experience":780875,"relics_obtained":[],"event_choices":[{"damage_healed":0.0,"max_hp_gain":0.0,"max_hp_loss":0.0,"gold_gain":0.0,"event_name":"FaceTrader","player_choice":"Trade","floor":2.0,"gold_loss":0.0,"damage_taken":0.0,"relics_obtained":["FaceOfCleric"]}],"is_beta":false,"boss_relics":[],"items_purged_floors":[],"is_endless":false,"potions_floor_spawned":[1,3,5],"killed_by":"Replay:BlueRogue","ascension_level":0}}