{"host":"sav7uxregyirlf69","time":1608464781,"event":{"mods":["AchievementEnabler","BaseMod","Colored Map","DeckTracker","Keyboard Shortcuts","Minty Spire (QoL Compilation)","READ ME - Guardian Mod","StSLib","SuperFastMode"],"gold_per_floor":[112,128,53,53,65,65,80,80,107,107,57,76,99,117,117,246,246,270,288,213,213,232,232,232,243,243,269,269,169,185,260,260,364,364,382,400,400,415,203,203,203,214,214,214,230,80,80,7,7,7],"floor_reached":51,"playtime":817,"items_purged":["Strike_R","Strike_R+1","Strike_R+1","Shockwave"],"score":909,"play_id":"bb6b8924-d871-45e9-a4d1-85da4682af20","local_time":"20201220204621","is_ascension_mode":false,"campfire_choices":[{"data":"Thunderclap","floor":6.0,"key":"SMITH"},{"data":"Dropkick","floor":15.0,"key":"SMITH"},{"floor":23.0,"key":"REST"},{"data":"Rage","floor":28.0,"key":"SMITH"},{"floor":32.0,"key":"REST"},{"data":"Finesse","floor":40,"key":"SMITH"},{"floor":47,"key":"REST"},{"data":"Dual Wield","floor":49,"key":"SMITH"}],"circlet_count":0,"master_deck":["Thunderclap+1","Dropkick+1","Rage+1","Finesse+1","Dual Wield+1"],"relics":["Burning Blood","Gambling Chip","Bloody Idol","Centennial Puzzle","Empty Cage","Paper Frog","Regal Pillow","Busted Crown","Mummified Hand"],"acts_visited":["Exordium","TheCity","TheBeyond"],"potions_floor_usage":[],"damage_taken":[{"damage":5.0,"enemies":"Cultist","floor":1.0,"turns":4.0},{"damage":2.0,"enemies":"2 Louse","floor":2.0,"turns":3.0},{"damage":10.0,"enemies":"Small Slimes","floor":5.0,"turns":2.0},{"damage":14.0,"enemies":"Blue Slaver","floor":7.0,"turns":3.0},{"damage":0.0,"enemies":"2 Fungi Beasts","floor":12.0,"turns":2.0},{"damage":8.0,"enemies":"Large Slime","floor":13.0,"turns":6.0},{"damage":5.0,"enemies":"Looter","floor":14.0,"turns":2.0},{"damage":20.0,"enemies":"The Guardian","floor":16.0,"turns":10.0},{"damage":34.0,"enemies":"Shell Parasite","floor":18.0,"turns":5.0},{"damage":25.0,"enemies":"2 Thieves","floor":19.0,"turns":3.0},{"damage":16.0,"enemies":"Cultist and Chosen","floor":22.0,"turns":4.0},{"damage":12.0,"enemies":"Shelled Parasite and Fungi","floor":25.0,"turns":4.0},{"damage":9.0,"enemies":"Slavers","floor":27.0,"turns":4.0},{"damage":20.0,"enemies":"Sentry and Sphere","floor":30.0,"turns":5.0},{"damage":70.0,"enemies":"Collector","floor":33.0,"turns":11.0},{"damage":0.0,"enemies":"3 Shapes","floor":35.0,"turns":3.0},{"damage":0.0,"enemies":"3 Darklings","floor":36.0,"turns":3.0},{"damage":12.0,"enemies":"Spire Growth","floor":38.0,"turns":4.0},{"damage":8,"enemies":"Jaw Worm Horde","floor":42,"turns":2},{"damage":0,"enemies":"4 Shapes","floor":45,"turns":1},{"damage":0,"enemies":"Awakened One","floor":50,"turns":2}],"seed_played":"2117237907890007455","potions_obtained":[{"floor":1.0,"key":"CultistPotion"},{"floor":2.0,"key":"Ancient Potion"},{"floor":13.0,"key":"Block Potion"},{"floor":18.0,"key":"Weak Potion"},{"floor":19.0,"key":"LiquidMemories"},{"floor":33.0,"key":"Dexterity Potion"},{"floor":35.0,"key":"Energy Potion"},{"floor":38.0,"key":"EssenceOfSteel"}],"is_trial":false,"path_per_floor":["M","M","$","?","M","R","M","?","T","?","?","M","M","M","R","B",null,"M","M","?","?","M","R","?","M","T","E","R","$","M","?","R","B",null,"M","M","?","M","$","R","?","M","T","?","M","$","R","$","R","B",null],"character_chosen":"IRONCLAD","items_purchased":["Finesse","Dual Wield"],"campfire_rested":3,"item_purchase_floors":[39,48],"current_hp_per_floor":[57,61,61,45,41,41,33,33,33,33,33,39,37,38,38,24,74,46,27,27,27,22,44,44,43,43,45,45,45,36,34,71,12,74,74,74,74,73,73,73,73,74,74,74,74,74,74,74,74,74],"gold":7,"neow_bonus":"ONE_RARE_RELIC","is_daily":false,"chose_seed":false,"campfire_upgraded":5,"win_rate":0.0,"timestamp":1608464781,"path_taken":["M","M","?","?","M","R","M","?","T","?","?","M","?","M","R","BOSS","M","M","?","?","M","R","?","M","T","E","R","?","?","?","R","BOSS","M","?","?","M","$","R","?","M","T","?","?","$","R","$","R","BOSS"],"items_purchased_type":["Card","Card"],"build_version":"2020-12-13","purchased_purges":4,"victory":true,"max_hp_per_floor":[80,80,80,80,80,80,80,74,74,74,74,74,74,74,74,74,74,74,74,74,74,74,74,74,74,74,74,74,74,74,74,74,74,74,74,74,74,74,74,74,74,74,74,74,74,74,74,74,74,74],"card_choices":[{"not_picked":["Dark Embrace","Sentinel"],"picked":"Thunderclap","floor":1.0},{"not_picked":["Shrug It Off","Armaments","Sword Boomerang"],"picked":"SKIP","floor":2.0},{"not_picked":["Thunderclap","Iron Wave","Sword Boomerang"],"picked":"SKIP","floor":5.0},{"not_picked":["Sentinel","Fire Breathing","Iron Wave"],"picked":"SKIP","floor":7.0},{"not_picked":["Clash","Fiend Fire","Sword Boomerang"],"picked":"SKIP","floor":12.0},{"not_picked":["Warcry","Armaments"],"picked":"Dropkick","floor":13.0},{"not_picked":["Twin Strike","Burning Pact","Pommel Strike"],"picked":"SKIP","floor":14.0},{"not_picked":["Intimidate+1","Shrug It Off","Dark Embrace"],"picked":"SKIP","floor":18.0},{"not_picked":["Iron Wave+1","Body Slam","Flex"],"picked":"SKIP","floor":19.0},{"not_picked":["Blood for Blood","Perfected Strike+1","Inflame+1"],"picked":"SKIP","floor":22.0},{"not_picked":["Cleave","Warcry","Inflame"],"picked":"SKIP","floor":25.0},{"not_picked":["Whirlwind+1","Carnage+1","Entrench"],"picked":"SKIP","floor":27.0},{"not_picked":["Armaments","Shockwave+1","Carnage"],"picked":"SKIP","floor":30.0},{"not_picked":["Perfected Strike"],"picked":"SKIP","floor":35.0},{"not_picked":[],"picked":"Shockwave","floor":36.0},{"not_picked":["Flex"],"picked":"SKIP","floor":38.0},{"not_picked":["Whirlwind"],"picked":"SKIP","floor":42},{"not_picked":["Whirlwind"],"picked":"SKIP","floor":45}],"player_experience":969232,"relics_obtained":[{"floor":9.0,"key":"Centennial Puzzle"},{"floor":26.0,"key":"Paper Frog"},{"floor":27.0,"key":"Regal Pillow"},{"floor":43,"key":"Mummified Hand"}],"event_choices":[{"damage_healed":0.0,"max_hp_gain":0.0,"max_hp_loss":0.0,"gold_gain":0.0,"event_name":"Shining Light","player_choice":"Entered Light","floor":4.0,"gold_loss":0.0,"damage_taken":16.0,"cards_upgraded":["Strike_R","Strike_R"]},{"damage_healed":0.0,"max_hp_gain":0.0,"max_hp_loss":6.0,"gold_gain":0.0,"event_name":"Golden Idol","player_choice":"Lose Max HP","floor":8.0,"gold_loss":0.0,"damage_taken":0.0,"relics_obtained":["Golden Idol"]},{"cards_removed":["Defend_R"],"damage_healed":0.0,"max_hp_gain":0.0,"max_hp_loss":0.0,"gold_gain":0.0,"event_name":"Living Wall","player_choice":"Forget","floor":10.0,"gold_loss":0.0,"damage_taken":0.0},{"cards_removed":["Strike_R"],"damage_healed":0.0,"max_hp_gain":0.0,"max_hp_loss":0.0,"gold_gain":0.0,"event_name":"The Cleric","player_choice":"Card Removal","floor":11.0,"gold_loss":50.0,"damage_taken":0.0},{"cards_removed":["Defend_R"],"damage_healed":0.0,"max_hp_gain":0.0,"max_hp_loss":0.0,"gold_gain":0.0,"event_name":"Beggar","player_choice":"Gave Gold","floor":20.0,"gold_loss":75.0,"damage_taken":0.0},{"damage_healed":0.0,"max_hp_gain":0.0,"max_hp_loss":0.0,"gold_gain":0.0,"event_name":"Forgotten Altar","player_choice":"Gave Idol","floor":21.0,"relics_lost":["Golden Idol"],"gold_loss":0.0,"damage_taken":0.0,"relics_obtained":["Bloody Idol"]},{"damage_healed":0.0,"max_hp_gain":0.0,"max_hp_loss":0.0,"gold_gain":0.0,"event_name":"The Library","player_choice":"Read","floor":24.0,"gold_loss":0.0,"damage_taken":0.0,"cards_obtained":["Rage"]},{"damage_healed":0.0,"max_hp_gain":0.0,"max_hp_loss":0.0,"gold_gain":75.0,"event_name":"FaceTrader","player_choice":"Touch","floor":31.0,"gold_loss":0.0,"damage_taken":7.0},{"cards_removed":["Defend_R"],"damage_healed":0.0,"max_hp_gain":0.0,"max_hp_loss":0.0,"gold_gain":0.0,"event_name":"Falling","player_choice":"Removed Skill","floor":37.0,"gold_loss":0.0,"damage_taken":0.0},{"damage_healed":0,"gold_gain":0,"player_choice":"Memory 1","damage_taken":0,"max_hp_gain":0,"max_hp_loss":0,"event_name":"SensoryStone","floor":41,"gold_loss":0},{"cards_removed":["Bash"],"damage_healed":0,"gold_gain":0,"player_choice":"Offered Basic","damage_taken":0,"max_hp_gain":0,"max_hp_loss":0,"event_name":"Bonfire Elementals","floor":44,"gold_loss":0}],"is_beta":false,"boss_relics":[{"not_picked":["Black Blood","Ectoplasm"],"picked":"Empty Cage"},{"not_picked":["Mark of Pain","Pandora\u0027s Box"],"picked":"Busted Crown"}],"items_purged_floors":[3,29,39,46],"is_endless":false,"potions_floor_spawned":[1,2,13,18,19,33,35,38,45],"ascension_level":0}}