{"host":"Charlie","time":1608445988,"event":{"mods":["Aspiration","BaseMod","Better Match","Better Skull","Better Third Choice","BetterRewards","ChefMod","Colored Map","Colored Powertips","Conspire","Curses Come First","Downfall","Ekko","Friendly Minions","Halation","Hermit","Hubris","Infinite Spire","Luminous","Melee Mod","Minty Spire (QoL Compilation)","Quick Restart","Rare Cards Sparkle","Relic Stats","Robot Space Explorer","Shade Mod","Spicy Shops","StSLib","SuperFastMode","Synergy Search","The Animator","The Blue Laboratory","The Cursed","The Dragon Tamer","The Factory","The Gatherer","The Jungle","The Necromancer","Unceasing Turn Reminder","vexMod"],"gold_per_floor":[109,121,121,131,131,131,147,147,171,19,46,65,65,82,82,180,180,194,227,227,292,342,375,390,440,440,475,489,501,551,551],"floor_reached":30,"playtime":1290,"items_purged":[],"score":297,"play_id":"5e096b4f-b343-4545-a3b8-d5ab58090c64","local_time":"20201219223308","is_ascension_mode":false,"campfire_choices":[{"data":"meleeMod_BabActivated","floor":6,"key":"SMITH"},{"data":"meleeMod_UnclePunch","floor":8,"key":"SMITH"},{"data":"meleeMod_Taunt","floor":13,"key":"SMITH"},{"data":"meleeMod_NeutralAir","floor":15,"key":"SMITH"}],"circlet_count":0,"master_deck":["meleeMod_Jab","meleeMod_Jab","meleeMod_Jab","meleeMod_Shield+1","meleeMod_Shield","meleeMod_Shield","meleeMod_Shield+1","meleeMod_NeutralAir+1","meleeMod_BackAir","meleeMod_Moonwalking+1","meleeMod_BabActivated+1","meleeMod_UnclePunch+1","meleeMod_Taunt+1","meleeMod_SomebodyClipThat","meleeMod_SomebodyClipThat","meleeMod_EdgeCancel"],"relics":["meleeMod_LosersMang0","NeowsBlessing","War Paint","halation:LostSnail","aspiration:ChemicalBlood","conspire:Boomerang","conspire:SpecialSausage","Red Mask","SsserpentHead","MutagenicStrength","Centennial Puzzle","Bottled Tornado","Bird Faced Urn"],"acts_visited":["Exordium","TheCity"],"potions_floor_usage":[12,14,16,16,16,19,19,19,23,27,27,29,29,29],"damage_taken":[{"damage":0,"enemies":"Cultist","floor":1,"turns":1},{"damage":0,"enemies":"Jaw Worm","floor":2,"turns":1},{"damage":0,"enemies":"Small Slimes","floor":4,"turns":1},{"damage":7,"enemies":"Exordium Wildlife","floor":7,"turns":4},{"damage":13,"enemies":"Lagavulin","floor":11,"turns":7},{"damage":6,"enemies":"Red Slaver","floor":12,"turns":4},{"damage":11,"enemies":"Large Slime","floor":14,"turns":4},{"damage":38,"enemies":"The Guardian","floor":16,"turns":5},{"damage":22,"enemies":"Shell Parasite","floor":18,"turns":3},{"damage":0,"enemies":"Masked Bandits","floor":19,"turns":2},{"damage":17,"enemies":"2 Thieves","floor":21,"turns":4},{"damage":0,"enemies":"conspire:Head Lice","floor":23,"turns":2},{"damage":28,"enemies":"Cultist and Chosen","floor":24,"turns":5},{"damage":16,"enemies":"Book of Stabbing","floor":27,"turns":3},{"damage":0,"enemies":"Snecko","floor":28,"turns":4},{"damage":15,"enemies":"3 Cultists","floor":29,"turns":5},{"damage":27,"enemies":"Snake Plant","floor":30,"turns":3}],"seed_played":"-8072661364507706060","potions_obtained":[{"floor":1,"key":"Regen Potion"},{"floor":2,"key":"blueLaboratory:LouseDecoction"},{"floor":7,"key":"LiquidBronze"},{"floor":14,"key":"FearPotion"},{"floor":19,"key":"ColorlessPotion"},{"floor":21,"key":"blueLaboratory:BottleOfVodka"},{"floor":25,"key":"conspire:TimeTravelPotion"},{"floor":27,"key":"blueLaboratory:StoneskinPotion"},{"floor":29,"key":"GamblersBrew"}],"is_trial":false,"path_per_floor":["M","M","?","M","?","R","M","R","T","$","E","M","R","M","R","B",null,"M","?","?","M","?","E","M","?","T","E","M","M","M"],"character_chosen":"FALCON","items_purchased":["halation:LostSnail","aspiration:ChemicalBlood"],"campfire_rested":0,"item_purchase_floors":[10,10],"current_hp_per_floor":[85,85,85,85,85,85,78,78,78,78,65,71,71,65,65,27,90,68,68,68,51,51,51,23,23,23,7,11,19,0,0],"gold":551,"neow_bonus":"THREE_ENEMY_KILL","is_daily":false,"chose_seed":false,"campfire_upgraded":4,"win_rate":0.0,"timestamp":1608445988,"path_taken":["M","M","?","?","?","R","M","R","T","?","E","M","R","M","R","BOSS","M","?","?","?","?","E","M","?","T","E","M","M","?"],"items_purchased_type":["Relic","Relic"],"build_version":"2020-12-18","purchased_purges":0,"victory":false,"max_hp_per_floor":[85,85,85,85,85,85,85,85,85,85,85,85,85,90,90,90,90,90,90,90,90,90,90,90,90,90,90,90,90,90,90],"relic_stats":{"SsserpentHead":200,"Centennial Puzzle":[12],"counters":[17,58],"Bird Faced Urn":[20],"War Paint":["meleeMod_Shield","meleeMod_Shield"],"obtain_stats":[{"NeowsBlessing":0,"conspire:SpecialSausage":17,"conspire:Boomerang":11,"War Paint":9,"Bottled Tornado":26,"SsserpentHead":20,"Centennial Puzzle":23,"meleeMod_TeamBeerMang0":0,"MutagenicStrength":22,"Bird Faced Urn":27,"Red Mask":19,"halation:LostSnail":10,"meleeMod_LosersMang0":30,"aspiration:ChemicalBlood":10},{"NeowsBlessing":0,"conspire:SpecialSausage":8,"conspire:Boomerang":5,"War Paint":4,"Bottled Tornado":13,"SsserpentHead":10,"Centennial Puzzle":12,"meleeMod_TeamBeerMang0":0,"MutagenicStrength":11,"Bird Faced Urn":14,"Red Mask":10,"halation:LostSnail":4,"meleeMod_LosersMang0":17,"aspiration:ChemicalBlood":4},{"NeowsBlessing":0,"conspire:SpecialSausage":27,"conspire:Boomerang":14,"War Paint":7,"Bottled Tornado":43,"SsserpentHead":32,"Centennial Puzzle":38,"meleeMod_TeamBeerMang0":0,"MutagenicStrength":36,"Bird Faced Urn":46,"Red Mask":32,"halation:LostSnail":7,"meleeMod_LosersMang0":58,"aspiration:ChemicalBlood":7}]},"card_choices":[{"not_picked":["meleeMod_Pause","meleeMod_ShieldPoke","meleeMod_Wildfire"],"picked":"SKIP","floor":1},{"not_picked":["meleeMod_UpTilt","meleeMod_UpAir"],"picked":"meleeMod_Moonwalking","floor":2},{"not_picked":["meleeMod_HaxDash","meleeMod_UpTilt"],"picked":"meleeMod_BabActivated","floor":4},{"not_picked":["meleeMod_ForwardTilt","meleeMod_Knee"],"picked":"meleeMod_UnclePunch","floor":7},{"not_picked":["meleeMod_FalconKick","meleeMod_RaptorBoost"],"picked":"meleeMod_Taunt","floor":11},{"not_picked":["meleeMod_UpSmash","meleeMod_RockCrock","meleeMod_BackAir"],"picked":"SKIP","floor":12},{"not_picked":["meleeMod_NoDI","meleeMod_SoftKnee","meleeMod_FalconDive"],"picked":"SKIP","floor":14},{"not_picked":["meleeMod_LoseStock","meleeMod_UCF"],"picked":"meleeMod_SomebodyClipThat","floor":16},{"not_picked":["meleeMod_SweetSpot","meleeMod_DashDance","meleeMod_FalconKick"],"picked":"SKIP","floor":18},{"not_picked":["meleeMod_SoftKnee","meleeMod_UpTilt","meleeMod_WallJump"],"picked":"SKIP","floor":21},{"not_picked":["meleeMod_NeutralAir","meleeMod_NoDI"],"picked":"meleeMod_SomebodyClipThat","floor":23},{"not_picked":["meleeMod_SweetSpot","meleeMod_DownSmash","meleeMod_BackAir"],"picked":"SKIP","floor":24},{"not_picked":["meleeMod_BackAir+1","meleeMod_SuperMushroom","meleeMod_FalconKick+1"],"picked":"SKIP","floor":27},{"not_picked":["meleeMod_Grab","meleeMod_WaveDash"],"picked":"meleeMod_EdgeCancel","floor":28},{"not_picked":["meleeMod_Knee","meleeMod_DownTilt","meleeMod_DIMixUp"],"picked":"SKIP","floor":29}],"player_experience":431561,"relics_obtained":[{"floor":9,"key":"War Paint"},{"floor":11,"key":"conspire:Boomerang"},{"floor":19,"key":"Red Mask"},{"floor":23,"key":"Centennial Puzzle"},{"floor":26,"key":"Bottled Tornado"},{"floor":27,"key":"Bird Faced Urn"}],"event_choices":[{"damage_healed":0,"gold_gain":0,"player_choice":"Upgraded","damage_taken":0,"max_hp_gain":0,"max_hp_loss":0,"event_name":"Upgrade Shrine","floor":3,"gold_loss":0,"cards_upgraded":["meleeMod_Moonwalking"]},{"cards_removed":["meleeMod_Jab"],"damage_healed":0,"gold_gain":0,"player_choice":"Purged","damage_taken":0,"max_hp_gain":0,"max_hp_loss":0,"event_name":"Purifier","floor":5,"gold_loss":0},{"damage_healed":0,"gold_gain":0,"player_choice":"Fought Bandits","damage_taken":0,"max_hp_gain":0,"max_hp_loss":0,"event_name":"Masked Bandits","floor":19,"gold_loss":0},{"damage_healed":0,"gold_gain":0,"player_choice":"Trade","damage_taken":0,"relics_obtained":["SsserpentHead"],"max_hp_gain":0,"max_hp_loss":0,"event_name":"FaceTrader","floor":20,"gold_loss":0},{"damage_healed":0,"gold_gain":0,"player_choice":"Inject Mutagens","damage_taken":0,"relics_obtained":["MutagenicStrength"],"max_hp_gain":0,"max_hp_loss":0,"event_name":"Drug Dealer","floor":22,"gold_loss":0},{"damage_healed":0,"gold_gain":0,"player_choice":"Got Potions","damage_taken":0,"max_hp_gain":0,"max_hp_loss":0,"event_name":"Lab","floor":25,"gold_loss":0}],"is_beta":true,"boss_relics":[{"not_picked":["halation:Prosthetics","Philosopher\u0027s Stone"],"picked":"conspire:SpecialSausage"}],"items_purged_floors":[],"is_endless":false,"potions_floor_spawned":[1,2,7,14,19,21,27,29],"killed_by":"Snake Plant","ascension_level":0}}