{"host":"51f0ad793vly1w6u","time":1608444503,"event":{"mods":["BaseMod","Colored Map","DeckTracker","Minty Spire (QoL Compilation)","StSLib","SuperFastMode"],"gold_per_floor":[117,137,151,151,163,191,191,205,230,230,243,243,261,277,277,355,355,373,37,51,63,63,63,113,124,124,139,139,139,70,88,88,88,88],"floor_reached":33,"playtime":520,"items_purged":["Headbutt","Heavy Blade"],"score":506,"play_id":"00db37a8-67a5-4e5a-84cc-fcfa354b1242","local_time":"20201220150823","is_ascension_mode":true,"campfire_choices":[{"data":"Immolate","floor":7.0,"key":"SMITH"},{"data":"Perfected Strike","floor":10.0,"key":"SMITH"},{"data":"Double Tap","floor":12.0,"key":"SMITH"},{"data":"Seeing Red","floor":15.0,"key":"SMITH"},{"data":"Shockwave","floor":28,"key":"SMITH"},{"floor":32,"key":"REST"}],"circlet_count":0,"master_deck":["AscendersBane","Strike_R+1","Strike_R","Strike_R+1","Defend_R","Defend_R","Defend_R","Defend_R","Bash","Immolate+1","Shrug It Off","Double Tap+1","Battle Trance","Seeing Red+1","Bludgeon","Dual Wield","Sever Soul+1","Shockwave+1","Evolve","Disarm+1"],"relics":["Black Blood","Anchor","Bronze Scales","Membership Card","Whetstone","Calipers"],"acts_visited":["Exordium","TheCity"],"potions_floor_usage":[33],"damage_taken":[{"damage":6.0,"enemies":"Cultist","floor":1.0,"turns":4.0},{"damage":19.0,"enemies":"Jaw Worm","floor":2.0,"turns":5.0},{"damage":7.0,"enemies":"Small Slimes","floor":3.0,"turns":3.0},{"damage":14.0,"enemies":"3 Louse","floor":5.0,"turns":4.0},{"damage":8.0,"enemies":"Gremlin Nob","floor":6.0,"turns":3.0},{"damage":5.0,"enemies":"Exordium Thugs","floor":8.0,"turns":3.0},{"damage":6.0,"enemies":"2 Fungi Beasts","floor":11.0,"turns":3.0},{"damage":0.0,"enemies":"Blue Slaver","floor":13.0,"turns":2.0},{"damage":1.0,"enemies":"Looter","floor":14.0,"turns":2.0},{"damage":31.0,"enemies":"Slime Boss","floor":16.0,"turns":8.0},{"damage":12.0,"enemies":"Shell Parasite","floor":18.0,"turns":3.0},{"damage":18.0,"enemies":"Chosen","floor":20.0,"turns":4.0},{"damage":16.0,"enemies":"Centurion and Healer","floor":21.0,"turns":4.0},{"damage":15,"enemies":"Snecko","floor":25,"turns":4},{"damage":36,"enemies":"Sentry and Sphere","floor":27,"turns":5},{"damage":27,"enemies":"Shelled Parasite and Fungi","floor":31,"turns":3},{"damage":76,"enemies":"Collector","floor":33,"turns":7}],"seed_played":"5303226078233825550","potions_obtained":[{"floor":2.0,"key":"ColorlessPotion"},{"floor":3.0,"key":"SpeedPotion"},{"floor":5.0,"key":"HeartOfIron"},{"floor":11.0,"key":"PowerPotion"},{"floor":20.0,"key":"Strength Potion"},{"floor":25,"key":"FairyPotion"}],"is_trial":false,"path_per_floor":["M","M","M","?","M","E","R","M","T","R","M","R","M","M","R","B",null,"M","$","M","M","?","?","?","M","T","M","R","?","$","M","R","B"],"character_chosen":"IRONCLAD","items_purchased":["Membership Card","Whetstone","Dual Wield","Evolve"],"campfire_rested":1,"item_purchase_floors":[19,19,19,30],"current_hp_per_floor":[68,55,54,59,51,49,49,50,50,50,50,50,56,61,61,36,69,69,69,63,59,59,59,59,56,56,32,32,32,32,17,41,0,0],"gold":88,"neow_bonus":"REMOVE_CARD","is_daily":false,"chose_seed":false,"campfire_upgraded":5,"win_rate":0.0,"timestamp":1608444503,"path_taken":["M","M","?","?","M","E","R","M","T","R","M","R","M","M","R","BOSS","M","$","M","M","?","?","?","?","T","M","R","?","?","M","R","BOSS"],"items_purchased_type":["Relic","Relic","Card","Card"],"build_version":"2020-12-13","purchased_purges":2,"victory":false,"max_hp_per_floor":[75,75,75,80,80,80,80,80,80,80,80,80,80,80,80,80,80,80,80,80,80,80,80,80,80,80,80,80,80,80,80,80,80,80],"card_choices":[{"not_picked":["Dark Embrace","Clash"],"picked":"Headbutt","floor":1.0},{"not_picked":["Sever Soul","Havoc"],"picked":"Perfected Strike","floor":2.0},{"not_picked":["Rupture","Clash","Thunderclap"],"picked":"SKIP","floor":3.0},{"not_picked":["Sword Boomerang","Dark Embrace"],"picked":"Immolate","floor":5.0},{"not_picked":["Flex","Clothesline"],"picked":"Shrug It Off","floor":6.0},{"not_picked":["Headbutt","Thunderclap"],"picked":"Double Tap","floor":8.0},{"not_picked":["Rupture","Evolve"],"picked":"Battle Trance","floor":11.0},{"not_picked":["Thunderclap","Rupture","Rage"],"picked":"SKIP","floor":13.0},{"not_picked":["Havoc","Twin Strike"],"picked":"Seeing Red","floor":14.0},{"not_picked":["Double Tap","Barricade"],"picked":"Bludgeon","floor":16.0},{"not_picked":["Headbutt","Flex","Armaments"],"picked":"SKIP","floor":18.0},{"not_picked":["Thunderclap","Iron Wave"],"picked":"Sever Soul+1","floor":20.0},{"not_picked":["Iron Wave","True Grit","Havoc"],"picked":"SKIP","floor":21.0},{"not_picked":["Flex","Ghostly Armor","Wild Strike"],"picked":"SKIP","floor":25},{"not_picked":["Rage","Searing Blow","Iron Wave"],"picked":"SKIP","floor":27},{"not_picked":["Havoc","Second Wind"],"picked":"Disarm+1","floor":31}],"player_experience":1369558,"relics_obtained":[{"floor":6.0,"key":"Anchor"},{"floor":9.0,"key":"Bronze Scales"},{"floor":26,"key":"Calipers"}],"event_choices":[{"damage_healed":0.0,"max_hp_gain":5.0,"max_hp_loss":0.0,"gold_gain":0.0,"event_name":"Big Fish","player_choice":"Donut","floor":4.0,"gold_loss":0.0,"damage_taken":0.0},{"damage_healed":0.0,"max_hp_gain":0.0,"max_hp_loss":0.0,"gold_gain":0.0,"cards_transformed":["Perfected Strike","Strike_R"],"event_name":"Drug Dealer","player_choice":"Became Test Subject","floor":22.0,"gold_loss":0.0,"damage_taken":0.0,"cards_obtained":["Shockwave","Heavy Blade"]},{"damage_healed":0,"gold_gain":0,"player_choice":"Ignored","damage_taken":0,"max_hp_gain":0,"max_hp_loss":0,"event_name":"The Mausoleum","floor":23,"gold_loss":0},{"damage_healed":0,"gold_gain":50,"player_choice":"Stole From Cult","damage_taken":0,"max_hp_gain":0,"max_hp_loss":0,"event_name":"Nest","floor":24,"gold_loss":0},{"damage_healed":0,"gold_gain":0,"player_choice":"Ignored","damage_taken":0,"max_hp_gain":0,"max_hp_loss":0,"event_name":"Ghosts","floor":29,"gold_loss":0}],"is_beta":false,"boss_relics":[{"not_picked":["Runic Cube","Fusion Hammer"],"picked":"Black Blood"}],"items_purged_floors":[19,30],"is_endless":false,"potions_floor_spawned":[2,3,5,11,13,20,25,31],"killed_by":"Collector","ascension_level":20}}