{"host":"cz3p2o9n3b1gdmkz","time":1608437683,"event":{"mods":["AchievementEnabler","BaseMod","CapriCore","GungeonMod","Hermit","Lobotomy","Minty Spire (QoL Compilation)","Replay The Spire","Shop Mod","StSLib","SuperFastMode","The Cursed","The Dragon Tamer","The Gatherer","The Jungle","The Poker Player","The Runesmith"],"gold_per_floor":[117,117,117,130,196,231,245,101,153,254,110,144,144,170,170,266,266,276,286,33,33,33,66,66,97,97,97,113,113,138,164,164,276,276,309,309,158,158,6,55,67,139,175,244,297,389,401,477,489,535,547],"floor_reached":52,"playtime":2698,"items_purged":[],"score":1956,"play_id":"c73a2337-dc80-43ab-8a1f-1ae9752f3ffb","local_time":"20201220131443","is_ascension_mode":true,"campfire_choices":[{"data":"hermit:CalledShot","floor":13.0,"key":"SMITH"},{"floor":15.0,"key":"REST"},{"data":"hermit:Magnum","floor":24.0,"key":"SMITH"},{"data":"hermit:Snapshot","floor":29,"key":"SMITH"},{"data":"hermit:Defend_Hermit","floor":32,"key":"SMITH"},{"data":"hermit:BlackWind","floor":41,"key":"SMITH"},{"data":"hermit:Defend_Hermit","floor":47,"key":"SMITH"}],"circlet_count":0,"master_deck":["AscendersBane","hermit:Strike_Hermit+1","hermit:Strike_Hermit+1","hermit:Strike_Hermit+1","hermit:Strike_Hermit+1","hermit:Defend_Hermit","hermit:Defend_Hermit","hermit:Defend_Hermit+1","hermit:Defend_Hermit+1","hermit:Snapshot+1","hermit:Covet","hermit:DeadMansHand+1","hermit:CalledShot+1","hermit:Magnum+1","hermit:TakeCover+1","hermit:Gestalt+1","hermit:BlackWind+1","hermit:LuckOfTheDraw+1","Pot Of Greed+1","Pot Of Greed+1","hermit:BodyArmor+1","hermit:Dive+1"],"relics":["Busted Crown","Replay:Bottled Eggs","Akabeko","Bronze Scales","ReplayFunnel","DemoMod:RingOfEthereal","Gremlin Horn","Black Star","Toxic Egg 2","Replay:Ringing Soul","Replay:Bottled Flurry","Tiny Chest","hermit:RyeStalk","Eternal Feather","Anchor","Replay:Bandana","Blue Doll","Philosopher\u0027s Stone","Grinning Jar","hermit:Spyglass","DemoMod:MeatBun","MawBank","ReplayTheSpireMod:Lightbulb","DemoMod:PoisonVial","Prayer Wheel","Nunchaku","Dead Branch","Thread and Needle","DemoMod:ResourcefulSack","MealTicket","Divine Protection"],"acts_visited":["Exordium","TheCity","TheBeyond"],"potions_floor_usage":[30,33,50,50],"damage_taken":[{"damage":2.0,"enemies":"Jaw Worm","floor":1.0,"turns":3.0},{"damage":0.0,"enemies":"Cultist","floor":4.0,"turns":3.0},{"damage":3.0,"enemies":"3 Sentries","floor":6.0,"turns":8.0},{"damage":7.0,"enemies":"Small Slimes","floor":7.0,"turns":3.0},{"damage":9.0,"enemies":"Replay:BlueRogue","floor":12.0,"turns":4.0},{"damage":12.0,"enemies":"Gremlin Nob","floor":14.0,"turns":3.0},{"damage":0.0,"enemies":"Slime Boss","floor":16.0,"turns":8.0},{"damage":5.0,"enemies":"Shell Parasite","floor":18.0,"turns":4.0},{"damage":0.0,"enemies":"3 Byrds","floor":19.0,"turns":3.0},{"damage":13.0,"enemies":"Replay:Snechameleon","floor":23.0,"turns":5.0},{"damage":8.0,"enemies":"Slavers","floor":25.0,"turns":8.0},{"damage":0,"enemies":"3 Cultists","floor":28,"turns":5},{"damage":12,"enemies":"Gremlin Leader","floor":30,"turns":7},{"damage":0,"enemies":"Snecko","floor":31,"turns":5},{"damage":23,"enemies":"Pondfish","floor":33,"turns":16},{"damage":0,"enemies":"Orb Walker","floor":35,"turns":2},{"damage":23,"enemies":"R_Hoarder","floor":40,"turns":5},{"damage":8,"enemies":"Nemesis","floor":42,"turns":3},{"damage":8,"enemies":"R_Hoarder","floor":44,"turns":6},{"damage":1,"enemies":"3 Shapes","floor":45,"turns":3},{"damage":15,"enemies":"Mind Bloom Boss Battle","floor":46,"turns":4},{"damage":0,"enemies":"Reptomancer","floor":48,"turns":2},{"damage":0,"enemies":"Donu and Deca","floor":50,"turns":6}],"seed_played":"8592670352838839680","potions_obtained":[{"floor":1.0,"key":"Dexterity Potion"},{"floor":4.0,"key":"Dexterity Potion"},{"floor":18.0,"key":"Dexterity Potion"},{"floor":28,"key":"FearPotion"},{"floor":33,"key":"CultistPotion"},{"floor":42,"key":"SteroidPotion"}],"is_trial":false,"path_per_floor":["M","?","$","M","?","E","M","$","T","?","$","E","R","E","R","B",null,"M","M","$","?","T","E","R","E","T","?","M","R","E","M","R","B",null,"M","?","$","T","$","E","R","E","T","E","M","?","R","E","R","B",null,null],"character_chosen":"HERMIT","items_purchased":["Akabeko","ReplayFunnel","Toxic Egg 2","Grinning Jar","DemoMod:MeatBun"],"campfire_rested":1,"item_purchase_floors":[8,11,20,37,39],"current_hp_per_floor":[66,66,66,66,66,63,56,56,56,56,56,47,47,35,57,57,71,66,66,66,66,66,53,53,48,48,48,51,60,48,48,57,37,72,75,67,70,70,84,61,73,65,65,57,59,44,56,59,96,96,96],"gold":559,"neow_bonus":"BOSS_RELIC","is_daily":false,"chose_seed":false,"campfire_upgraded":6,"win_rate":0.0,"timestamp":1608437683,"path_taken":["M","?","?","M","?","E","M","?","T","?","$","E","R","E","R","BOSS","M","?","$","?","?","E","R","E","T","?","M","R","E","M","R","BOSS","M","?","?","?","?","E","R","E","T","E","?","?","R","E","R","BOSS"],"items_purchased_type":["Relic","Relic","Relic","Relic","Relic"],"build_version":"2020-12-13","purchased_purges":0,"victory":true,"max_hp_per_floor":[75,75,75,75,75,75,75,75,75,75,75,75,75,75,75,75,75,75,75,75,75,75,75,75,78,78,78,81,81,81,81,81,84,84,87,87,90,90,90,90,90,90,90,90,93,93,93,96,96,96,96],"card_choices":[{"not_picked":[],"picked":"hermit:DeadMansHand","floor":1.0},{"not_picked":[],"picked":"hermit:CalledShot","floor":4.0},{"not_picked":["hermit:TrackingShot"],"picked":"SKIP","floor":6.0},{"not_picked":["hermit:Glare"],"picked":"SKIP","floor":7.0},{"not_picked":["hermit:Feint"],"picked":"SKIP","floor":12.0},{"not_picked":["hermit:Reprieve"],"picked":"SKIP","floor":14.0},{"not_picked":[],"picked":"hermit:Magnum","floor":16.0},{"not_picked":["hermit:TakeAim"],"picked":"SKIP","floor":18.0},{"not_picked":["hermit:NoHoldsBarred"],"picked":"SKIP","floor":19.0},{"not_picked":["hermit:Malice"],"picked":"SKIP","floor":23.0},{"not_picked":[],"picked":"hermit:TakeCover+1","floor":25.0},{"not_picked":[],"picked":"hermit:Gestalt+1","floor":28},{"not_picked":["hermit:Misfire"],"picked":"SKIP","floor":30},{"not_picked":["hermit:WideOpen"],"picked":"SKIP","floor":31},{"not_picked":[],"picked":"hermit:BlackWind","floor":33},{"not_picked":[],"picked":"hermit:LuckOfTheDraw+1","floor":35},{"not_picked":["hermit:LuckOfTheDraw+1"],"picked":"SKIP","floor":40},{"not_picked":["hermit:BodyArmor+1"],"picked":"SKIP","floor":42},{"not_picked":["hermit:HighCaliber+1"],"picked":"SKIP","floor":44},{"not_picked":[],"picked":"hermit:BodyArmor+1","floor":45},{"not_picked":["hermit:DeadMansHand+1"],"picked":"SKIP","floor":45},{"not_picked":[],"picked":"hermit:Dive+1","floor":48}],"player_experience":978852,"relics_obtained":[{"floor":6.0,"key":"Replay:Bottled Eggs"},{"floor":9.0,"key":"Bronze Scales"},{"floor":12.0,"key":"DemoMod:RingOfEthereal"},{"floor":14.0,"key":"Gremlin Horn"},{"floor":22.0,"key":"Replay:Ringing Soul"},{"floor":23.0,"key":"Replay:Bottled Flurry"},{"floor":23.0,"key":"Tiny Chest"},{"floor":25.0,"key":"hermit:RyeStalk"},{"floor":25.0,"key":"Eternal Feather"},{"floor":26.0,"key":"Anchor"},{"floor":30,"key":"Replay:Bandana"},{"floor":30,"key":"Blue Doll"},{"floor":38,"key":"hermit:Spyglass"},{"floor":40,"key":"MawBank"},{"floor":40,"key":"ReplayTheSpireMod:Lightbulb"},{"floor":42,"key":"DemoMod:PoisonVial"},{"floor":42,"key":"Prayer Wheel"},{"floor":43,"key":"Nunchaku"},{"floor":44,"key":"Dead Branch"},{"floor":44,"key":"Thread and Needle"},{"floor":46,"key":"DemoMod:ResourcefulSack"},{"floor":48,"key":"MealTicket"},{"floor":48,"key":"Divine Protection"}],"event_choices":[{"damage_healed":0.0,"max_hp_gain":0.0,"max_hp_loss":0.0,"gold_gain":0.0,"event_name":"Accursed Blacksmith","player_choice":"Forge","floor":2.0,"gold_loss":0.0,"damage_taken":0.0,"cards_upgraded":["hermit:DeadMansHand"]},{"damage_healed":0.0,"max_hp_gain":0.0,"max_hp_loss":0.0,"gold_gain":66.0,"event_name":"Golden Wing","player_choice":"Gained Gold","floor":5.0,"gold_loss":0.0,"damage_taken":0.0},{"damage_healed":0.0,"max_hp_gain":0.0,"max_hp_loss":0.0,"gold_gain":0.0,"event_name":"Vampires","player_choice":"Ignored","floor":21.0,"gold_loss":0.0,"damage_taken":0.0},{"damage_healed":0,"gold_gain":0,"player_choice":"Damaged","damage_taken":8,"max_hp_gain":0,"max_hp_loss":0,"event_name":"Wheel of Change","floor":36,"gold_loss":0},{"damage_healed":0,"gold_gain":0,"player_choice":"Fight","damage_taken":0,"max_hp_gain":0,"max_hp_loss":0,"event_name":"MindBloom","floor":46,"gold_loss":0}],"is_beta":false,"boss_relics":[{"not_picked":["Snecko Heart","Empty Cage"],"picked":"Black Star"},{"not_picked":["Painkiller Herb","Coffee Dripper"],"picked":"Philosopher\u0027s Stone"}],"items_purged_floors":[],"is_endless":false,"potions_floor_spawned":[1,4,14,18,28,33,42,46,48],"ascension_level":12}}