{"host":"2wksfjtj8fwk6gfi","time":1608448275,"event":{"mods":["BaseMod","Minty Spire (QoL Compilation)","Quick Restart","StSLib"],"gold_per_floor":[114,126,140,140,159,159,170,204,204,236,246,246,279,96,96,199,199,213,60,75,93,103,103,132,132,202,214,226,252,252,252],"floor_reached":30,"playtime":1511,"items_purged":["Defend_G","Strike_G"],"score":323,"play_id":"1708bdf4-3faa-464c-9de3-c2e8b647a8f0","local_time":"20201220151115","is_ascension_mode":true,"campfire_choices":[{"data":"Neutralize","floor":6.0,"key":"SMITH"},{"data":"Corpse Explosion","floor":12.0,"key":"SMITH"},{"floor":15.0,"key":"REST"},{"data":"Catalyst","floor":23.0,"key":"SMITH"},{"data":"Well Laid Plans","floor":25.0,"key":"SMITH"}],"circlet_count":0,"master_deck":["Strike_G","Strike_G","Strike_G","Strike_G","Defend_G","Defend_G","Defend_G","Defend_G","Survivor","Neutralize+1","Deadly Poison+1","Footwork","Corpse Explosion+1","Well Laid Plans+1","Catalyst+1","Noxious Fumes","Storm of Steel","Acrobatics","Bane","Deadly Poison","Tactician+1","Backstab","Blur"],"relics":["Ring of the Snake","NeowsBlessing","Torii","CaptainsWheel","Blue Candle","Calipers","HoveringKite","Toy Ornithopter","Tough Bandages"],"acts_visited":["Exordium","TheCity"],"potions_floor_usage":[29,29,30],"damage_taken":[{"damage":0.0,"enemies":"Cultist","floor":1.0,"turns":1.0},{"damage":0.0,"enemies":"Jaw Worm","floor":2.0,"turns":1.0},{"damage":0.0,"enemies":"Small Slimes","floor":3.0,"turns":1.0},{"damage":6.0,"enemies":"Red Slaver","floor":5.0,"turns":3.0},{"damage":6.0,"enemies":"Looter","floor":7.0,"turns":3.0},{"damage":11.0,"enemies":"Lagavulin","floor":8.0,"turns":9.0},{"damage":6.0,"enemies":"Gremlin Nob","floor":10.0,"turns":4.0},{"damage":10.0,"enemies":"Large Slime","floor":11.0,"turns":9.0},{"damage":14.0,"enemies":"Lagavulin","floor":13.0,"turns":9.0},{"damage":5.0,"enemies":"Hexaghost","floor":16.0,"turns":8.0},{"damage":2.0,"enemies":"Shell Parasite","floor":18.0,"turns":4.0},{"damage":1.0,"enemies":"Spheric Guardian","floor":20.0,"turns":3.0},{"damage":7.0,"enemies":"Snecko","floor":21.0,"turns":4.0},{"damage":13.0,"enemies":"Snake Plant","floor":22.0,"turns":3.0},{"damage":7.0,"enemies":"Gremlin Leader","floor":24.0,"turns":5.0},{"damage":24.0,"enemies":"Centurion and Healer","floor":27.0,"turns":5.0},{"damage":13.0,"enemies":"Sentry and Sphere","floor":28.0,"turns":5.0},{"damage":22,"enemies":"Slavers","floor":29,"turns":2},{"damage":9,"enemies":"Snake Plant","floor":30,"turns":1}],"seed_played":"8617163915465165439","potions_obtained":[{"floor":1.0,"key":"ColorlessPotion"},{"floor":10.0,"key":"CultistPotion"},{"floor":13.0,"key":"CunningPotion"},{"floor":16.0,"key":"GhostInAJar"},{"floor":27.0,"key":"ColorlessPotion"},{"floor":28.0,"key":"CunningPotion"},{"floor":29,"key":"SpeedPotion"}],"is_trial":false,"path_per_floor":["M","M","M","?","M","R","M","E","T","E","M","R","E","$","R","B",null,"M","$","M","M","M","R","E","R","T","M","M","E","M"],"character_chosen":"THE_SILENT","items_purchased":["Catalyst","Noxious Fumes","Bane"],"campfire_rested":1,"item_purchase_floors":[14,14,19],"current_hp_per_floor":[70,70,70,70,64,64,58,47,47,41,31,31,17,17,38,33,70,68,68,67,60,47,47,40,40,40,16,13,1,0,0],"gold":252,"neow_bonus":"THREE_ENEMY_KILL","is_daily":false,"chose_seed":false,"campfire_upgraded":4,"win_rate":0.0,"timestamp":1608448275,"path_taken":["M","M","?","?","M","R","M","E","T","E","M","R","E","$","R","BOSS","M","$","M","M","M","R","E","R","T","M","M","E","M"],"items_purchased_type":["Card","Card","Card"],"build_version":"2020-12-13","purchased_purges":2,"victory":false,"max_hp_per_floor":[70,70,70,70,70,70,70,70,70,70,70,70,70,70,70,70,70,70,70,70,70,70,70,70,70,70,70,70,70,70,70],"card_choices":[{"not_picked":["Catalyst","Backflip"],"picked":"Deadly Poison","floor":1.0},{"not_picked":["Sucker Punch","Masterful Stab","Deflect"],"picked":"SKIP","floor":2.0},{"not_picked":["Blade Dance","Leg Sweep","Dodge and Roll"],"picked":"SKIP","floor":3.0},{"not_picked":["Deflect","Heel Hook","Dodge and Roll"],"picked":"SKIP","floor":5.0},{"not_picked":["Flying Knee","Caltrops"],"picked":"Footwork","floor":7.0},{"not_picked":["Blade Dance","Acrobatics"],"picked":"Corpse Explosion","floor":8.0},{"not_picked":["Concentrate","Backflip","Bouncing Flask"],"picked":"SKIP","floor":10.0},{"not_picked":["Dagger Spray","Blade Dance"],"picked":"Well Laid Plans","floor":11.0},{"not_picked":["Quick Slash","Flying Knee","Dash"],"picked":"SKIP","floor":13.0},{"not_picked":["Malaise","Die Die Die"],"picked":"Storm of Steel","floor":16.0},{"not_picked":["Dash","Outmaneuver"],"picked":"Acrobatics","floor":18.0},{"not_picked":["Prepared","Backflip"],"picked":"Deadly Poison","floor":20.0},{"not_picked":["Poisoned Stab","All Out Attack"],"picked":"Tactician+1","floor":21.0},{"not_picked":["Underhanded Strike","Expertise","Dash"],"picked":"SKIP","floor":22.0},{"not_picked":["Slice","Sucker Punch+1","Underhanded Strike"],"picked":"SKIP","floor":24.0},{"not_picked":["Predator+1","Escape Plan"],"picked":"Backstab","floor":27.0},{"not_picked":["Phantasmal Killer","Catalyst"],"picked":"Blur","floor":28.0},{"not_picked":["Flying Knee","Blade Dance","Bouncing Flask"],"picked":"SKIP","floor":29}],"player_experience":165678,"relics_obtained":[{"floor":8.0,"key":"Torii"},{"floor":9.0,"key":"CaptainsWheel"},{"floor":10.0,"key":"Blue Candle"},{"floor":13.0,"key":"Calipers"},{"floor":24.0,"key":"Toy Ornithopter"},{"floor":29,"key":"Tough Bandages"}],"event_choices":[{"damage_healed":0.0,"max_hp_gain":0.0,"max_hp_loss":0.0,"gold_gain":0.0,"event_name":"Accursed Blacksmith","player_choice":"Forge","floor":4.0,"gold_loss":0.0,"damage_taken":0.0,"cards_upgraded":["Deadly Poison"]}],"is_beta":false,"boss_relics":[{"not_picked":["WristBlade","Tiny House"],"picked":"HoveringKite"}],"items_purged_floors":[14,19],"is_endless":false,"potions_floor_spawned":[1,10,13,16,18,27,28,29],"killed_by":"Snake Plant","ascension_level":2}}