{"host":"8fjsnt81u6xsmhji","time":1608434700,"event":{"mods":["BaseMod","Colored Powertips","Downfall","Glutton Mod","Minty Spire (QoL Compilation)","Quick Restart","Somnambulant","StSLib","The Bug Knight","The Construct","The Forsaken","The Hierophant","The Mystic"],"gold_per_floor":[109,284,302,302,321,321,348,348,348,362,375,174,186,196,196,292,292,306,306,306,322,322,322,131,131,154,195,227,227,177,188,188,285,285,300,337,186,225,0,0,28,28,54,69,86,86,86,86,86,86],"floor_reached":51,"playtime":4401,"items_purged":[],"score":672,"play_id":"125c051e-f34c-4fdb-a1ba-69e5f66bcd33","local_time":"20201219212500","is_ascension_mode":false,"campfire_choices":[{"floor":6.0,"key":"RECALL"},{"floor":8.0,"key":"REST"},{"floor":15.0,"key":"REST"},{"floor":23.0,"key":"REST"},{"data":"HandOfGreed","floor":25.0,"key":"SMITH"},{"data":"mysticmod:MirrorEntity","floor":29.0,"key":"SMITH"},{"floor":32.0,"key":"REST"},{"floor":40,"key":"REST"},{"floor":42,"key":"REST"},{"data":"mysticmod:Doublecast","floor":47,"key":"SMITH"},{"floor":49,"key":"REST"}],"circlet_count":0,"master_deck":["mysticmod:Strike_Mystic+1","mysticmod:Strike_Mystic+1","mysticmod:Strike_Mystic+1","mysticmod:Strike_Mystic+1","mysticmod:Defend_Mystic+1","mysticmod:Defend_Mystic+1","mysticmod:Defend_Mystic+1","mysticmod:Defend_Mystic+1","mysticmod:ArcaneDodge+1","mysticmod:ShockingGrasp+1","mysticmod:SpellRecall+1","mysticmod:TomeOfSpells+1","mysticmod:MightyMagic+1","mysticmod:Disengage+1","mysticmod:KeenEdge+1","mysticmod:PowerSlash+1","mysticmod:CureLightWounds+1","mysticmod:Snowball+1","mysticmod:MirrorEntity+1","mysticmod:SpellRecall+1","mysticmod:PureInstinct+1","Writhe","mysticmod:FloatingDisk+1","mysticmod:ComponentsPouch+1","mysticmod:CureLightWounds+1","mysticmod:DiviningBlow+1","mysticmod:Doublecast+1","mysticmod:Flourish+1","mysticmod:SpellCombat+1"],"relics":["mysticmod:SpellBook","Bag of Marbles","Mercury Hourglass","mysticmod:BentSpoon","mysticmod:CrystalBall","Bag of Preparation","mysticmod:RunicPrism","Anchor","Philosopher\u0027s Stone","ClockworkSouvenir","Red Mask","Pantograph","Lantern","Mark of the Bloom"],"acts_visited":["Exordium","TheCity","TheBeyond"],"potions_floor_usage":[38,45,50,50],"damage_taken":[{"damage":0.0,"enemies":"2 Louse","floor":1.0,"turns":2.0},{"damage":5.0,"enemies":"Small Slimes","floor":3.0,"turns":4.0},{"damage":3.0,"enemies":"Jaw Worm","floor":5.0,"turns":6.0},{"damage":26.0,"enemies":"Lagavulin","floor":7.0,"turns":7.0},{"damage":4.0,"enemies":"Looter","floor":10.0,"turns":3.0},{"damage":2.0,"enemies":"Blue Slaver","floor":11.0,"turns":3.0},{"damage":0.0,"enemies":"3 Louse","floor":13.0,"turns":1.0},{"damage":4.0,"enemies":"Gremlin Gang","floor":14.0,"turns":4.0},{"damage":42.0,"enemies":"The Guardian","floor":16.0,"turns":10.0},{"damage":17.0,"enemies":"Chosen","floor":18.0,"turns":6.0},{"damage":1.0,"enemies":"Spheric Guardian","floor":21.0,"turns":3.0},{"damage":0.0,"enemies":"Snecko","floor":27.0,"turns":3.0},{"damage":0.0,"enemies":"Gremlin Leader","floor":28.0,"turns":3.0},{"damage":36.0,"enemies":"Snake Plant","floor":31.0,"turns":5.0},{"damage":80.0,"enemies":"Collector","floor":33.0,"turns":11.0},{"damage":0.0,"enemies":"Orb Walker","floor":35.0,"turns":2.0},{"damage":2.0,"enemies":"3 Shapes","floor":36.0,"turns":3.0},{"damage":26,"enemies":"Maw","floor":38,"turns":6},{"damage":46,"enemies":"Reptomancer","floor":41,"turns":5},{"damage":2,"enemies":"Spire Growth","floor":44,"turns":3},{"damage":11,"enemies":"Jaw Worm Horde","floor":45,"turns":4},{"damage":37,"enemies":"Awakened One","floor":50,"turns":10}],"seed_played":"-1434968261763995146","potions_obtained":[{"floor":1.0,"key":"Slimebound:ThreeZeroPotion"},{"floor":5.0,"key":"FearPotion"},{"floor":7.0,"key":"EntropicBrew"},{"floor":11.0,"key":"LiquidMemories"},{"floor":16.0,"key":"mysticmod:EssenceOfMagic"},{"floor":21.0,"key":"Fruit Juice"},{"floor":33.0,"key":"LiquidMemories"},{"floor":41,"key":"hexamod:EctoCoolerPotion"},{"floor":44,"key":"mysticmod:EssenceOfMagic"},{"floor":45,"key":"LiquidMemories"}],"is_trial":false,"path_per_floor":["M","?","M","?","M","R","E","R","T","M","M","$","M","M","R","B",null,"M","?","?","M","T","R","$","R","T","M","E","R","?","M","R","B",null,"M","M","$","M","?","R","E","R","T","M","M","?","R","?","R","B",null],"character_chosen":"MYSTIC_CLASS","items_purchased":["mysticmod:BentSpoon","mysticmod:Snowball","HandOfGreed","ClockworkSouvenir"],"campfire_rested":7,"item_purchase_floors":[12,12,24,37],"current_hp_per_floor":[77,77,72,72,69,69,43,66,66,62,60,60,60,58,77,38,77,60,46,46,45,45,69,69,69,69,77,77,77,77,49,75,10,87,87,85,85,66,66,87,46,72,72,76,74,74,74,74,74,37],"gold":86,"neow_bonus":"ONE_RANDOM_RARE_CARD","is_daily":false,"chose_seed":false,"campfire_upgraded":3,"win_rate":0.0,"timestamp":1608434700,"path_taken":["M","?","M","?","M","R","E","R","T","M","M","$","M","M","R","BOSS","M","?","?","M","?","R","$","R","T","M","E","R","?","?","R","BOSS","M","M","$","M","?","R","E","R","T","M","M","?","R","?","R","BOSS"],"items_purchased_type":["Relic","Card","Card","Relic"],"build_version":"2020-12-13","purchased_purges":0,"victory":true,"max_hp_per_floor":[77,77,77,77,77,77,77,77,77,77,77,77,77,77,77,77,77,77,82,82,82,82,82,82,82,82,87,87,87,87,87,87,87,87,87,87,87,87,87,87,87,87,87,87,87,87,87,87,87,87],"card_choices":[{"not_picked":["mysticmod:MagicMissile","mysticmod:BulkUp"],"picked":"mysticmod:TomeOfSpells","floor":1.0},{"not_picked":["mysticmod:Disengage","mysticmod:TomeOfSpells"],"picked":"mysticmod:MightyMagic","floor":3.0},{"not_picked":["mysticmod:BladedDash","mysticmod:VorpalThrust"],"picked":"mysticmod:Disengage","floor":5.0},{"not_picked":["mysticmod:ComponentsPouch","mysticmod:Disengage"],"picked":"mysticmod:KeenEdge","floor":7.0},{"not_picked":["mysticmod:Flourish","mysticmod:IllusionOfCalm"],"picked":"mysticmod:PowerSlash","floor":10.0},{"not_picked":["mysticmod:SuddenClarity","mysticmod:BulkUp"],"picked":"mysticmod:CureLightWounds","floor":11.0},{"not_picked":["mysticmod:LightningBolt","mysticmod:Grease","mysticmod:PowerSlash"],"picked":"SKIP","floor":13.0},{"not_picked":["mysticmod:VorpalThrust","mysticmod:CorrosiveTouch"],"picked":"mysticmod:MirrorEntity","floor":14.0},{"not_picked":["mysticmod:MirrorEntity","mysticmod:ObscuringMist"],"picked":"mysticmod:SpellRecall","floor":16.0},{"not_picked":["mysticmod:Disengage","mysticmod:DiviningBlow"],"picked":"mysticmod:PureInstinct","floor":18.0},{"not_picked":["mysticmod:Disengage","mysticmod:LightningBolt"],"picked":"mysticmod:FloatingDisk+1","floor":21.0},{"not_picked":["mysticmod:Disengage","mysticmod:CorrosiveTouch+1"],"picked":"mysticmod:ComponentsPouch","floor":27.0},{"not_picked":["mysticmod:MysticalShield","mysticmod:AllIn+1"],"picked":"mysticmod:CureLightWounds+1","floor":28.0},{"not_picked":["mysticmod:IllusionOfCalm","mysticmod:CorrosiveTouch"],"picked":"mysticmod:DiviningBlow+1","floor":31.0},{"not_picked":["mysticmod:KnowledgePool","mysticmod:MysticalShield"],"picked":"mysticmod:Doublecast","floor":33.0},{"not_picked":["mysticmod:Riposte","mysticmod:BulkUp","mysticmod:DiviningBlow"],"picked":"SKIP","floor":35.0},{"not_picked":["mysticmod:Alacrity","mysticmod:DiviningBlow+1","mysticmod:Fireball+1"],"picked":"SKIP","floor":36.0},{"not_picked":["mysticmod:CorrosiveTouch","mysticmod:MysticalShield"],"picked":"mysticmod:Flourish","floor":38},{"not_picked":["mysticmod:Alacrity+1","mysticmod:PureInstinct"],"picked":"mysticmod:SpellCombat+1","floor":41},{"not_picked":["mysticmod:Riposte","mysticmod:Disengage","mysticmod:Daze"],"picked":"SKIP","floor":44},{"not_picked":["mysticmod:Probe+1","mysticmod:Alacrity","mysticmod:Shield+1"],"picked":"SKIP","floor":45}],"player_experience":578508,"relics_obtained":[{"floor":7.0,"key":"Bag of Marbles"},{"floor":9.0,"key":"Mercury Hourglass"},{"floor":22.0,"key":"mysticmod:RunicPrism"},{"floor":28.0,"key":"Anchor"},{"floor":41,"key":"Pantograph"},{"floor":43,"key":"Lantern"}],"event_choices":[{"damage_healed":0.0,"max_hp_gain":0.0,"max_hp_loss":0.0,"gold_gain":175.0,"event_name":"Liars Game","player_choice":"AGREE","floor":2.0,"gold_loss":0.0,"damage_taken":0.0,"cards_obtained":["Doubt"]},{"cards_removed":["Doubt"],"damage_healed":0.0,"max_hp_gain":0.0,"max_hp_loss":0.0,"gold_gain":0.0,"event_name":"Living Wall","player_choice":"Forget","floor":4.0,"gold_loss":0.0,"damage_taken":0.0},{"damage_healed":0.0,"max_hp_gain":5.0,"max_hp_loss":0.0,"gold_gain":0.0,"event_name":"Forgotten Altar","player_choice":"Shed Blood","floor":19.0,"gold_loss":0.0,"damage_taken":19.0},{"damage_healed":0.0,"max_hp_gain":0.0,"max_hp_loss":0.0,"gold_gain":0.0,"event_name":"The Mausoleum","player_choice":"Opened","floor":20.0,"gold_loss":0.0,"damage_taken":0.0,"relics_obtained":["Bag of Preparation"],"cards_obtained":["Writhe"]},{"damage_healed":0.0,"max_hp_gain":0.0,"max_hp_loss":0.0,"gold_gain":0.0,"event_name":"The Joust","player_choice":"Bet on Owner","floor":30.0,"gold_loss":50.0,"damage_taken":0.0},{"damage_healed":0,"gold_gain":0,"player_choice":"Paid","damage_taken":0,"relics_obtained":["Red Mask"],"max_hp_gain":0,"max_hp_loss":0,"event_name":"Tomb of Lord Red Mask","floor":39,"gold_loss":225},{"cards_removed":["HandOfGreed"],"damage_healed":0,"gold_gain":0,"player_choice":"Removed Attack","damage_taken":0,"max_hp_gain":0,"max_hp_loss":0,"event_name":"Falling","floor":46,"gold_loss":0},{"damage_healed":0,"gold_gain":0,"player_choice":"Upgrade","damage_taken":0,"relics_obtained":["Mark of the Bloom"],"max_hp_gain":0,"max_hp_loss":0,"event_name":"MindBloom","floor":48,"gold_loss":0,"cards_upgraded":["mysticmod:Strike_Mystic","mysticmod:Strike_Mystic","mysticmod:Strike_Mystic","mysticmod:Strike_Mystic","mysticmod:Defend_Mystic","mysticmod:Defend_Mystic","mysticmod:Defend_Mystic","mysticmod:Defend_Mystic","mysticmod:ArcaneDodge","mysticmod:ShockingGrasp","mysticmod:SpellRecall","mysticmod:TomeOfSpells","mysticmod:MightyMagic","mysticmod:Disengage","mysticmod:KeenEdge","mysticmod:PowerSlash","mysticmod:CureLightWounds","mysticmod:Snowball","mysticmod:SpellRecall","mysticmod:PureInstinct","mysticmod:ComponentsPouch","mysticmod:Flourish"]}],"is_beta":false,"boss_relics":[{"not_picked":["construct:ClawGrip","Tiny House"],"picked":"mysticmod:CrystalBall"},{"not_picked":["Black Star","Fusion Hammer"],"picked":"Philosopher\u0027s Stone"}],"items_purged_floors":[],"is_endless":false,"potions_floor_spawned":[1,5,7,11,16,21,33,41,44,45],"ascension_level":0}}