{"host":"cb9xh4d0ss8ax8yb","time":1608456313,"event":{"mods":["BaseMod","Minty Spire (QoL Compilation)","StSLib","The Alterego","The Dragon Tamer","The Gatherer"],"gold_per_floor":[115,135,135,155,155,186,186,226,250,263,278,293,293,329,329,460,460,478,478,478,503,516,550,550,550,623,623,623],"floor_reached":27,"playtime":1635,"items_purged":[],"score":278,"play_id":"62c09e3d-56f8-4b0e-9808-5c0950a27036","local_time":"20201220182513","is_ascension_mode":true,"metric_token":413,"campfire_choices":[{"data":"Gatherer:FlamingBottle","floor":7,"key":"SMITH"},{"floor":13,"key":"REST"},{"floor":15,"key":"REST"},{"data":"Gatherer:PoisonMastery","floor":24,"key":"SMITH"}],"circlet_count":0,"master_deck":["Gatherer:Centralize","Gatherer:FlowerWhip","Gatherer:FlamingBottle+1","Gatherer:WitheringStrike","Gatherer:ScherryThrow","Gatherer:BambuSword","Gatherer:FlowerFalling","Gatherer:PoisonMastery+1","Gatherer:MindSearch","Gatherer:FeelingFine","Gatherer:WitheringStrike","Gatherer:HeartToFruit","Gatherer:ScrollOfPurity","Gatherer:CollectorsShot","Gatherer:Snatch","Gatherer:BlackTea","Gatherer:ScentOfRosmari","Gatherer:ScrollOfPurity","Gatherer:QuickSynthesis","Gatherer:FlowerShield","Gatherer:WoolGloves+1"],"relics":["Gatherer:AlchemyBag","Golden Idol","Juzu Bracelet","Smiling Mask","HornCleat","Akabeko","Darkstone Periapt","Pandora\u0027s Box","Oddly Smooth Stone","Frozen Egg 2"],"acts_visited":["Exordium","TheCity"],"potions_floor_usage":[6,8,8,10,14,14,22,27],"damage_taken":[{"damage":0,"enemies":"Cultist","floor":1,"turns":2},{"damage":7,"enemies":"Jaw Worm","floor":2,"turns":2},{"damage":0,"enemies":"Small Slimes","floor":4,"turns":2},{"damage":17,"enemies":"Lagavulin","floor":6,"turns":5},{"damage":6,"enemies":"Gremlin Nob","floor":8,"turns":3},{"damage":0,"enemies":"Exordium Thugs","floor":10,"turns":2},{"damage":5,"enemies":"3 Louse","floor":11,"turns":2},{"damage":6,"enemies":"Exordium Wildlife","floor":12,"turns":2},{"damage":9,"enemies":"3 Sentries","floor":14,"turns":4},{"damage":29,"enemies":"The Guardian","floor":16,"turns":11},{"damage":0,"enemies":"Chosen","floor":18,"turns":2},{"damage":12,"enemies":"Shell Parasite","floor":21,"turns":2},{"damage":27,"enemies":"Chosen and Byrds","floor":22,"turns":5},{"damage":39,"enemies":"Slavers","floor":23,"turns":5},{"damage":14,"enemies":"Centurion and Healer","floor":27,"turns":3}],"seed_played":"2829357773704989331","potions_obtained":[{"floor":1,"key":"EntropicBrew"},{"floor":4,"key":"LiquidMemories"},{"floor":8,"key":"LiquidMemories"},{"floor":12,"key":"Fruit Juice"},{"floor":18,"key":"BloodPotion"},{"floor":23,"key":"Explosive Potion"}],"is_trial":false,"path_per_floor":["M","M","?","M","?","E","R","E","T","M","M","M","R","E","R","B",null,"M","?","?","M","M","E","R","?","T","M"],"character_chosen":"THE_GATHERER","items_purchased":[],"campfire_rested":2,"item_purchase_floors":[],"current_hp_per_floor":[65,58,42,42,39,22,22,16,16,16,11,5,24,20,41,12,70,70,70,70,58,48,12,12,12,12,0,0],"gold":623,"neow_bonus":"THREE_RARE_CARDS","is_daily":false,"chose_seed":false,"campfire_upgraded":2,"win_rate":0.0,"timestamp":1608456313,"path_taken":["M","M","?","M","?","E","R","E","T","M","M","M","R","E","R","BOSS","M","?","?","M","M","E","R","?","T","M"],"items_purchased_type":[],"build_version":"2020-12-13","purchased_purges":0,"victory":false,"max_hp_per_floor":[65,65,65,65,65,65,65,65,65,65,65,65,65,70,70,70,70,70,70,70,70,73,76,76,76,76,76,76],"card_choices":[{"not_picked":["Gatherer:ColorfulGarden","Gatherer:BlackTea"],"picked":"Gatherer:FlamingBottle","floor":0},{"not_picked":["Gatherer:Enchant","Gatherer:SealedBomb","Gatherer:CarefulStrike"],"picked":"SKIP","floor":1},{"not_picked":["Gatherer:Convert","Gatherer:Liquidism"],"picked":"Gatherer:WitheringStrike","floor":2},{"not_picked":["Gatherer:WoolGloves","Gatherer:Nutrients"],"picked":"Gatherer:ScherryThrow","floor":4},{"not_picked":["Gatherer:FragileHammer","Gatherer:CarefulStrike"],"picked":"Gatherer:BambuSword","floor":6},{"not_picked":["Gatherer:WoolGloves","Gatherer:FragileHammer","Gatherer:CollectorsShot"],"picked":"SKIP","floor":8},{"not_picked":["Gatherer:AlchemyTrial","Gatherer:OddSpoils"],"picked":"Gatherer:FlowerFalling","floor":10},{"not_picked":["Gatherer:CollectorsShot","Gatherer:AlchemyTrial","Gatherer:Frenzy"],"picked":"SKIP","floor":11},{"not_picked":["Gatherer:EchoOfNature","Gatherer:RecipeChange"],"picked":"Gatherer:PoisonMastery","floor":12},{"not_picked":["Gatherer:GatherMaterial","Gatherer:EnergyBasket","Gatherer:AlchemyTrial"],"picked":"SKIP","floor":14},{"not_picked":["Gatherer:FinishingStrike","Gatherer:HeartToFruit"],"picked":"Gatherer:MindSearch","floor":16},{"not_picked":["Gatherer:Polymorphism","Gatherer:BigPouch"],"picked":"Gatherer:QuickSynthesis","floor":18},{"not_picked":["Gatherer:Frenzy","Gatherer:FlowerFalling+1","Gatherer:DrugPower+1"],"picked":"SKIP","floor":21},{"not_picked":["Gatherer:Frenzy+1","Gatherer:Pollute"],"picked":"Gatherer:FlowerShield","floor":22},{"not_picked":["Gatherer:EchoOfNature+1","Gatherer:Polymorphism"],"picked":"Gatherer:WoolGloves+1","floor":23}],"player_experience":433533,"relics_obtained":[{"floor":6,"key":"Smiling Mask"},{"floor":8,"key":"HornCleat"},{"floor":9,"key":"Akabeko"},{"floor":14,"key":"Darkstone Periapt"},{"floor":23,"key":"Oddly Smooth Stone"},{"floor":26,"key":"Frozen Egg 2"}],"event_choices":[{"damage_healed":0,"gold_gain":0,"player_choice":"Take Damage","damage_taken":16,"relics_obtained":["Golden Idol"],"max_hp_gain":0,"max_hp_loss":0,"event_name":"Golden Idol","floor":3,"gold_loss":0},{"damage_healed":0,"gold_gain":0,"player_choice":"Success","damage_taken":3,"relics_obtained":["Juzu Bracelet"],"max_hp_gain":0,"max_hp_loss":0,"event_name":"Scrap Ooze","floor":5,"gold_loss":0},{"damage_healed":0,"gold_gain":0,"player_choice":"Ignored","damage_taken":0,"max_hp_gain":0,"max_hp_loss":0,"event_name":"Cursed Tome","floor":19,"gold_loss":0},{"cards_removed":["Gatherer:SealedBomb"],"damage_healed":0,"gold_gain":0,"player_choice":"Elegance","damage_taken":0,"max_hp_gain":0,"max_hp_loss":0,"event_name":"Back to Basics","floor":20,"gold_loss":0},{"damage_healed":0,"gold_gain":0,"player_choice":"Bought 0 Potions","damage_taken":0,"max_hp_gain":0,"max_hp_loss":0,"event_name":"The Woman in Blue","floor":25,"gold_loss":0}],"is_beta":false,"boss_relics":[{"not_picked":["Runic Pyramid","Runic Dome"],"picked":"Pandora\u0027s Box"}],"items_purged_floors":[],"is_endless":false,"potions_floor_spawned":[1,4,8,12,18,23],"killed_by":"Centurion and Healer","ascension_level":2}}