{"host":"uwh382mre4waz4ff","time":1608441736,"event":{"mods":["AchievementEnabler","BaseMod","Better Note","Better Third Choice","BetterRewards","Highlight Path","HololiveMod","Minty Spire (QoL Compilation)","Shop Mod","StSLib"],"gold_per_floor":[66,66,66,66,51,51,51,51,51,51,51,51,51,51,51,51,51,51,51,6,6,6,6,6,6,6,6,6,6,6,6,6,6,6,6,6,6,6,6,6,6,6,6,6,6,6,6,6,6,6,6,6,6,6,6],"floor_reached":54,"playtime":2479,"items_purged":[],"score":2556,"play_id":"ffb79575-837c-49a4-845f-c65e127c35ea","local_time":"20201220132216","is_ascension_mode":true,"campfire_choices":[{"data":"Hololive_StrengthChampion","floor":7,"key":"SMITH"},{"data":"Hololive_StrengthChampion+2","floor":12,"key":"SMITH"},{"data":"Hololive_Recruit","floor":15,"key":"SMITH"},{"data":"Hololive_StrengthChampion+3","floor":23,"key":"SMITH"},{"data":"Hololive_StrengthChampion+4","floor":27,"key":"SMITH"},{"data":"Hololive_DiamondStrike","floor":29,"key":"SMITH"},{"data":"Hololive_StrengthChampion+5","floor":32,"key":"SMITH"},{"floor":49,"key":"RECALL"},{"data":"Writhe","floor":52,"key":"PURGE"}],"circlet_count":0,"master_deck":["AscendersBane","Hololive_StrengthChampion+6","Hololive_Strike","Hololive_Strike","Hololive_Defend+1","Hololive_Defend","Hololive_HuntDinosaur+1","Hololive_StrengthChampion","Hololive_Recruit+1","Hololive_FlareMind","Hololive_DevilCharm+1","Hololive_CocoNews+1","Hololive_DiamondStrike+1","Hololive_MaximGun","Enlightenment+1","Hololive_FlyingPonyTail+1","Hololive_StrengthChampion","Hololive_FlyingPonyTail+1"],"relics":["Hololive_TheStar","Ice Cream","MerchantsRug","Du-Vu Doll","Vajra","Sozu","Hololive_TheOnlyOne","Ectoplasm","Meat on the Bone","War Paint","InkBottle","Mango","Empty Cage","Regal Pillow","CultistMask","Toxic Egg 2","Bird Faced Urn","Anchor","Runic Dome","Mercury Hourglass","Calipers","TungstenRod","Molten Egg 2","HornCleat","Peace Pipe","Lantern"],"acts_visited":["Exordium","TheCity","TheBeyond","TheEnding"],"potions_floor_usage":[],"damage_taken":[{"damage":0,"enemies":"2 Louse","floor":1,"turns":2},{"damage":0,"enemies":"Cultist","floor":2,"turns":3},{"damage":0,"enemies":"Small Slimes","floor":3,"turns":2},{"damage":0,"enemies":"Looter","floor":5,"turns":2},{"damage":0,"enemies":"3 Sentries","floor":6,"turns":4},{"damage":0,"enemies":"Gremlin Nob","floor":8,"turns":3},{"damage":0,"enemies":"Gremlin Gang","floor":10,"turns":4},{"damage":0,"enemies":"3 Sentries","floor":13,"turns":4},{"damage":0,"enemies":"Exordium Thugs","floor":14,"turns":3},{"damage":0,"enemies":"The Guardian","floor":16,"turns":4},{"damage":0,"enemies":"3 Byrds","floor":18,"turns":3},{"damage":14,"enemies":"2 Thieves","floor":20,"turns":3},{"damage":0,"enemies":"Centurion and Healer","floor":24,"turns":3},{"damage":0,"enemies":"Book of Stabbing","floor":25,"turns":3},{"damage":0,"enemies":"3 Cultists","floor":30,"turns":3},{"damage":7,"enemies":"Slavers","floor":31,"turns":3},{"damage":0,"enemies":"Collector","floor":33,"turns":8},{"damage":0,"enemies":"Orb Walker","floor":35,"turns":3},{"damage":1,"enemies":"3 Darklings","floor":37,"turns":3},{"damage":0,"enemies":"Spire Growth","floor":38,"turns":3},{"damage":0,"enemies":"Nemesis","floor":40,"turns":5},{"damage":0,"enemies":"Transient","floor":41,"turns":5},{"damage":0,"enemies":"Giant Head","floor":42,"turns":4},{"damage":0,"enemies":"Nemesis","floor":44,"turns":5},{"damage":0,"enemies":"Maw","floor":45,"turns":4},{"damage":0,"enemies":"4 Shapes","floor":46,"turns":3},{"damage":0,"enemies":"Giant Head","floor":47,"turns":5},{"damage":0,"enemies":"Donu and Deca","floor":50,"turns":8},{"damage":61,"enemies":"Shield and Spear","floor":54,"turns":3}],"seed_played":"-8805935345212134061","potions_obtained":[],"is_trial":false,"path_per_floor":["M","M","M","$","M","E","R","E","T","M","?","R","E","M","R","B",null,"M","?","M","?","$","R","M","E","T","R","T","R","M","E","R","B",null,"M","?","M","M","?","E","M","E","T","E","M","M","E","T","R","B",null,"R","$","E"],"character_chosen":"Hololive_HololiveCharacter","items_purchased":["Ice Cream","MerchantsRug"],"campfire_rested":0,"item_purchase_floors":[0,0],"current_hp_per_floor":[9,9,9,9,9,9,9,21,21,21,21,21,35,35,35,35,42,42,42,28,28,28,28,38,38,38,38,38,38,42,41,41,44,44,44,44,44,44,44,44,44,44,44,44,44,44,44,44,44,44,44,44,44,0,0],"gold":6,"neow_bonus":"","is_daily":false,"chose_seed":false,"campfire_upgraded":7,"win_rate":0.0,"timestamp":1608441736,"path_taken":["M","M","M","$","M","E","R","E","T","M","?","R","E","?","R","BOSS","M","?","M","?","$","R","?","E","T","R","?","R","M","E","R","BOSS","M","?","M","M","?","E","M","E","T","E","M","?","E","?","R","BOSS","R","$","E"],"items_purchased_type":["Relic","Relic"],"build_version":"2020-12-13","purchased_purges":0,"victory":false,"max_hp_per_floor":[30,30,30,30,30,30,30,30,30,30,30,30,44,44,44,44,44,44,44,44,44,44,44,44,44,44,44,44,44,44,44,44,44,44,44,44,44,44,44,44,44,44,44,44,44,44,44,44,44,44,44,44,44,44,44],"card_choices":[{"not_picked":["Hololive_Psychosis","Hololive_CallShiroganeNoel","Hololive_LuckPotion"],"picked":"Hololive_CallSpadeEcho","floor":1},{"not_picked":["Hololive_LuckPotion","Hololive_Psychosis","Hololive_Breathe"],"picked":"Hololive_CallInugamiKorone","floor":2},{"not_picked":["Hololive_ILoveYou","Hololive_Watashimo","Hololive_CallOkamiMio"],"picked":"Hololive_CallYozoraMel","floor":3},{"not_picked":["Hololive_Psychosis","Hololive_SummonFox","Hololive_FlyingPonyTail"],"picked":"Hololive_StrengthChampion","floor":5},{"not_picked":["Hololive_RevenueBasedLive","Hololive_Thief","Hololive_StrengthChampion"],"picked":"Hololive_CallAyundaRisu","floor":6},{"not_picked":["Hololive_Drill","Hololive_CallDoris","Hololive_DiamondStrike"],"picked":"Hololive_CallAmaneKanata","floor":8},{"not_picked":["Hololive_Trident","Hololive_LuckPotion","Hololive_OvertimeWork"],"picked":"Hololive_CallTokinoSora","floor":10},{"not_picked":["Hololive_CallSpadeEcho","Hololive_Drill","Hololive_HuntDinosaur"],"picked":"Hololive_CallMoonaHoshinova","floor":13},{"not_picked":["Hololive_Trident","Hololive_HuntDinosaur","Hololive_Sequa"],"picked":"Hololive_Recruit","floor":14},{"not_picked":["Hololive_Nanodesu","Hololive_OpenUp","Hololive_Rebirth"],"picked":"Hololive_FlareMind","floor":16},{"not_picked":["Hololive_CocoNews","Hololive_Trident","Hololive_CallSpadeEcho"],"picked":"Hololive_CallShiroganeNoel","floor":18},{"not_picked":["Hololive_Teleport","Hololive_Rebound","Hololive_Sequa"],"picked":"Hololive_DevilCharm+1","floor":20},{"not_picked":["Hololive_Rebound+1","Hololive_Drill","Hololive_StrengthChampion"],"picked":"Hololive_CocoNews+1","floor":24},{"not_picked":["Hololive_BringToTrial+1","Hololive_SoulCatcher","Hololive_CallAkaiHaato"],"picked":"Hololive_DiamondStrike","floor":25},{"not_picked":["Hololive_StrengthChampion","Hololive_CallAiraniIofifteen","Hololive_CallFriendA"],"picked":"Hololive_CallShiroganeNoel+1","floor":30},{"not_picked":["Hololive_LuckPotion+1","Hololive_BeCareful+1","Hololive_CallTokinoSora"],"picked":"Hololive_CallTokoyamiTowa+1","floor":31},{"not_picked":["Hololive_AWSL","Hololive_ScarfAndHalo","Hololive_BeCareful+1"],"picked":"Hololive_MaximGun","floor":33},{"not_picked":["Hololive_CallNekomataOkayu","Hololive_Psychosis","Hololive_CallDoris"],"picked":"Hololive_CallAkiRosenthal","floor":35},{"not_picked":["Bandage Up+1","Dark Shackles+1","Madness+1"],"picked":"Enlightenment+1","floor":36},{"not_picked":["Hololive_Trident+1","Hololive_CocoNews","Hololive_CallNakiriAyame"],"picked":"Hololive_CallOmaruPolka","floor":37},{"not_picked":["Hololive_RevenueBasedLive+1","Hololive_OvertimeWork","Hololive_Sequa"],"picked":"Hololive_FlyingPonyTail+1","floor":38},{"not_picked":["Hololive_Psychosis","Hololive_RevenueBasedLive+1","Hololive_HuntDinosaur+1"],"picked":"Hololive_CallHoshimachiSuisei","floor":40},{"not_picked":["Hololive_Trident+1","Hololive_RevenueBasedLive+1","Hololive_OvertimeWork"],"picked":"Hololive_CallYogiri","floor":41},{"not_picked":["Hololive_AWSL","Hololive_Trident","Hololive_CallMomosuzuNene"],"picked":"Hololive_StrengthChampion","floor":42},{"not_picked":["Hololive_CallHimemoriLuna","Hololive_CallCivia+1","Hololive_CallRoboco"],"picked":"Hololive_CallNekomataOkayu+1","floor":44},{"not_picked":["Hololive_Psychosis+1","Hololive_Trident+1","Hololive_OvertimeWork+1"],"picked":"Hololive_CallAiraniIofifteen","floor":45},{"not_picked":["Hololive_CallFriendA","Hololive_HuntDinosaur+1","Hololive_Sequa+1"],"picked":"Hololive_FlyingPonyTail+1","floor":46},{"not_picked":["Hololive_ManjiGathering+1","Hololive_Nanodesu+1","Hololive_CallYukihanaLamy"],"picked":"Hololive_CallOzoraSubaru","floor":47}],"player_experience":146964,"relics_obtained":[{"floor":6,"key":"Meat on the Bone"},{"floor":8,"key":"War Paint"},{"floor":9,"key":"InkBottle"},{"floor":13,"key":"Mango"},{"floor":25,"key":"Toxic Egg 2"},{"floor":26,"key":"Bird Faced Urn"},{"floor":31,"key":"Anchor"},{"floor":40,"key":"Calipers"},{"floor":42,"key":"TungstenRod"},{"floor":43,"key":"Molten Egg 2"},{"floor":44,"key":"HornCleat"},{"floor":47,"key":"Peace Pipe"},{"floor":48,"key":"Lantern"}],"event_choices":[{"damage_healed":0,"gold_gain":0,"player_choice":"Upgraded","damage_taken":0,"max_hp_gain":0,"max_hp_loss":0,"event_name":"Upgrade Shrine","floor":11,"gold_loss":0,"cards_upgraded":["Hololive_StrengthChampion"]},{"damage_healed":0,"gold_gain":0,"player_choice":"Opened","damage_taken":0,"relics_obtained":["Regal Pillow"],"max_hp_gain":0,"max_hp_loss":0,"event_name":"The Mausoleum","floor":19,"gold_loss":0,"cards_obtained":["Writhe"]},{"damage_healed":0,"gold_gain":0,"player_choice":"Trade","damage_taken":0,"relics_obtained":["CultistMask"],"max_hp_gain":0,"max_hp_loss":0,"event_name":"FaceTrader","floor":21,"gold_loss":0},{"damage_healed":0,"gold_gain":0,"player_choice":"Memory 1","damage_taken":0,"max_hp_gain":0,"max_hp_loss":0,"event_name":"SensoryStone","floor":36,"gold_loss":0},{"cards_removed":["Hololive_Drill"],"damage_healed":0,"gold_gain":0,"player_choice":"Gave Card","damage_taken":0,"relics_obtained":["Mercury Hourglass"],"max_hp_gain":0,"max_hp_loss":0,"event_name":"WeMeetAgain","floor":39,"gold_loss":0}],"is_beta":false,"boss_relics":[{"not_picked":["SacredBark","Snecko Eye"],"picked":"Empty Cage"},{"not_picked":["Runic Pyramid","Philosopher\u0027s Stone"],"picked":"Runic Dome"}],"items_purged_floors":[],"is_endless":false,"potions_floor_spawned":[2,5,8,10,13,14,18,24,33,35,37,41,42,46],"killed_by":"Shield and Spear","ascension_level":16}}