{"host":"7i2b4pyo6x2376bs","time":1608506628,"event":{"mods":["BaseMod","Better Note","Colored Map","Highlight Path","Minty Spire (QoL Compilation)","Quick Restart","Rare Cards Sparkle","Shop Mod","StSLib","The Jungle"],"gold_per_floor":[109,109,109,127,145,172,172,198,198,208,220,9,22,36,36,36,36],"floor_reached":16,"playtime":1708,"items_purged":[],"score":125,"play_id":"109b208b-1ebc-4fd9-9f53-1b899eb5e3ce","local_time":"20201220152348","is_ascension_mode":true,"campfire_choices":[{"floor":7,"key":"REST"},{"floor":15,"key":"REST"}],"circlet_count":0,"master_deck":["Strike_G","Strike_G","Strike_G","Strike_G","Strike_G","Defend_G","Defend_G","Defend_G","Defend_G","Defend_G","Survivor","Neutralize+1","Flying Knee","Infinite Blades","Flying Knee","Deadly Poison","Unload","Bane","Outmaneuver","Noxious Fumes","Noxious Fumes"],"relics":["Ring of the Snake","FaceOfCleric","Blue Candle","White Beast Statue","Tiny Chest"],"acts_visited":["Exordium"],"potions_floor_usage":[6,8,10,11,13,16,16],"damage_taken":[{"damage":3.0,"enemies":"2 Louse","floor":1.0,"turns":4.0},{"damage":6.0,"enemies":"Jaw Worm","floor":4.0,"turns":5.0},{"damage":0,"enemies":"Cultist","floor":5,"turns":4},{"damage":28,"enemies":"3 Sentries","floor":6,"turns":10},{"damage":19,"enemies":"Gremlin Nob","floor":8,"turns":4},{"damage":18,"enemies":"Exordium Thugs","floor":10,"turns":4},{"damage":7,"enemies":"Gremlin Gang","floor":11,"turns":4},{"damage":0,"enemies":"Looter","floor":13,"turns":2},{"damage":0,"enemies":"Large Slime","floor":14,"turns":3},{"damage":57,"enemies":"Slime Boss","floor":16,"turns":7}],"seed_played":"-4580810200940843383","potions_obtained":[{"floor":5,"key":"LiquidBronze"},{"floor":6,"key":"Explosive Potion"},{"floor":8,"key":"ColorlessPotion"},{"floor":10,"key":"GamblersBrew"},{"floor":11,"key":"DistilledChaos"},{"floor":13,"key":"DistilledChaos"},{"floor":14,"key":"ColorlessPotion"}],"is_trial":false,"path_per_floor":["M","?","?","M","M","E","R","E","T","M","M","$","M","M","R","B"],"character_chosen":"THE_SILENT","items_purchased":["Noxious Fumes","Tiny Chest"],"campfire_rested":2,"item_purchase_floors":[12,12],"current_hp_per_floor":[67,72,72,67,68,41,64,46,46,29,23,23,24,25,49,0,0],"gold":36,"neow_bonus":"UPGRADE_CARD","is_daily":false,"chose_seed":false,"campfire_upgraded":0,"win_rate":0.0,"timestamp":1608506628,"path_taken":["M","?","?","M","?","E","R","E","T","M","M","?","M","?","R","BOSS"],"items_purchased_type":["Card","Relic"],"build_version":"2020-12-13","purchased_purges":0,"victory":false,"max_hp_per_floor":[70,75,75,76,77,78,78,79,79,80,81,81,82,83,83,83,83],"card_choices":[{"not_picked":["Dodge and Roll","PiercingWail"],"picked":"Flying Knee","floor":1.0},{"not_picked":["Eviscerate","Underhanded Strike"],"picked":"Infinite Blades","floor":4.0},{"not_picked":["Backflip","All Out Attack"],"picked":"Flying Knee","floor":5},{"not_picked":["Quick Slash","Reflex"],"picked":"Deadly Poison","floor":6},{"not_picked":["All Out Attack","Quick Slash"],"picked":"Unload","floor":8},{"not_picked":["Caltrops","Heel Hook"],"picked":"Bane","floor":10},{"not_picked":["Tactician","Finisher"],"picked":"Outmaneuver","floor":11},{"not_picked":["Prepared","Masterful Stab","Dagger Throw"],"picked":"SKIP","floor":13},{"not_picked":["Dodge and Roll","Prepared"],"picked":"Noxious Fumes","floor":14}],"player_experience":648628,"relics_obtained":[{"floor":6,"key":"Blue Candle"},{"floor":8,"key":"White Beast Statue"}],"event_choices":[{"damage_healed":0.0,"max_hp_gain":5.0,"max_hp_loss":0.0,"gold_gain":0.0,"event_name":"Big Fish","player_choice":"Donut","floor":2.0,"gold_loss":0.0,"damage_taken":0.0},{"damage_healed":0.0,"max_hp_gain":0.0,"max_hp_loss":0.0,"gold_gain":0.0,"event_name":"FaceTrader","player_choice":"Trade","floor":3.0,"gold_loss":0.0,"damage_taken":0.0,"relics_obtained":["FaceOfCleric"]}],"is_beta":false,"boss_relics":[],"items_purged_floors":[],"is_endless":false,"potions_floor_spawned":[5,6,8,10,11,13,14],"killed_by":"Slime Boss","ascension_level":2}}