{"host":"x6tlfgqpy55vgxdn","time":1608428531,"event":{"mods":["AchievementEnabler","BaseMod","DeckTracker","Minty Spire (QoL Compilation)","Permanent Neow","StSLib","SuperFastMode"],"gold_per_floor":[118,129,79,79,98,98,137,137,137,137,0,40,76,76,76,199,199,224,224,224,224,237,275,290,331,331,246,279,319,339,382,382,507,507,523,523,523,423,423,458,496,534,560,278,321,27,27,41,41,41,41,41,41,84,84],"floor_reached":56,"playtime":2617,"items_purged":["Strike_P","EmptyFist+1","Vigilance+1","Devotion+1"],"score":1968,"play_id":"b685b642-0f16-46ec-88b9-0d9458733043","local_time":"20201220104211","is_ascension_mode":false,"campfire_choices":[{"data":"Eruption","floor":6.0,"key":"SMITH"},{"data":"Devotion","floor":8.0,"key":"SMITH"},{"data":"Adaptation","floor":15.0,"key":"SMITH"},{"data":"InnerPeace","floor":32.0,"key":"SMITH"},{"floor":49.0,"key":"RECALL"},{"data":"1","floor":52,"key":"LIFT"}],"circlet_count":0,"master_deck":["Eruption+1","Adaptation+1","InnerPeace+1","Indignation+1","TalkToTheHand+1","Adaptation+1","FearNoEvil+1"],"relics":["PureWater","StoneCalendar","Golden Idol","Juzu Bracelet","Molten Egg 2","Damaru","Vajra","Odd Mushroom","Yang","SlaversCollar","TeardropLocket","Oddly Smooth Stone","Potion Belt","InkBottle","Lantern","Red Mask","Meat on the Bone","Runic Pyramid","Akabeko","Girya","WingedGreaves","CeramicFish","Letter Opener","OrangePellets","Bag of Preparation","Nunchaku","Bag of Marbles"],"acts_visited":["Exordium","TheCity","TheBeyond","TheEnding"],"potions_floor_usage":[55,55,55,55,55,55,55,55,55],"damage_taken":[{"damage":2.0,"enemies":"2 Louse","floor":1.0,"turns":2.0},{"damage":0.0,"enemies":"Jaw Worm","floor":2.0,"turns":3.0},{"damage":0.0,"enemies":"Small Slimes","floor":5.0,"turns":3.0},{"damage":12.0,"enemies":"3 Sentries","floor":7.0,"turns":4.0},{"damage":0.0,"enemies":"Gremlin Nob","floor":12.0,"turns":2.0},{"damage":0.0,"enemies":"The Mushroom Lair","floor":13.0,"turns":2.0},{"damage":0.0,"enemies":"Slime Boss","floor":16.0,"turns":3.0},{"damage":0.0,"enemies":"2 Thieves","floor":18.0,"turns":2.0},{"damage":0.0,"enemies":"Shell Parasite","floor":22.0,"turns":2.0},{"damage":0.0,"enemies":"Gremlin Leader","floor":23.0,"turns":2.0},{"damage":0.0,"enemies":"Chosen and Byrds","floor":24.0,"turns":2.0},{"damage":0.0,"enemies":"Book of Stabbing","floor":25.0,"turns":1.0},{"damage":0.0,"enemies":"Gremlin Leader","floor":28.0,"turns":1.0},{"damage":0.0,"enemies":"Masked Bandits","floor":29.0,"turns":1.0},{"damage":0.0,"enemies":"Snecko","floor":30.0,"turns":1.0},{"damage":0.0,"enemies":"Book of Stabbing","floor":31.0,"turns":1.0},{"damage":0.0,"enemies":"Champ","floor":33.0,"turns":1.0},{"damage":0.0,"enemies":"3 Darklings","floor":35.0,"turns":1.0},{"damage":0.0,"enemies":"Nemesis","floor":40.0,"turns":1.0},{"damage":0.0,"enemies":"Reptomancer","floor":41.0,"turns":1.0},{"damage":0.0,"enemies":"Giant Head","floor":42.0,"turns":1.0},{"damage":0.0,"enemies":"Reptomancer","floor":45.0,"turns":1.0},{"damage":3.0,"enemies":"3 Shapes","floor":48.0,"turns":1.0},{"damage":0,"enemies":"Awakened One","floor":50,"turns":2},{"damage":0,"enemies":"Shield and Spear","floor":54,"turns":1},{"damage":1,"enemies":"The Heart","floor":55,"turns":3}],"seed_played":"2932626045485146008","potions_obtained":[{"floor":5.0,"key":"BlessingOfTheForge"},{"floor":13.0,"key":"PowerPotion"},{"floor":18.0,"key":"EssenceOfSteel"},{"floor":22.0,"key":"Ambrosia"},{"floor":28.0,"key":"DistilledChaos"},{"floor":33.0,"key":"Ancient Potion"},{"floor":47.0,"key":"EntropicBrew"},{"floor":47.0,"key":"Regen Potion"}],"is_trial":false,"path_per_floor":["M","M","?","?","M","R","E","R","T","?","$","E","?","T","R","B",null,"M","?","?","?","M","E","M","E","T","?","E","?","M","E","R","B",null,"M","?","?","$","?","E","E","E","T","$","E","$","?","M","R","B",null,"R","$","E","B",null],"character_chosen":"WATCHER","items_purchased":["Damaru","Adaptation","InnerPeace","Flash of Steel+1","Vajra","OrangePellets","Nunchaku"],"campfire_rested":0,"item_purchase_floors":[11,11,11,11,11,44,46],"current_hp_per_floor":[49,49,49,31,31,31,19,19,19,5,5,5,5,5,5,5,72,72,72,72,72,72,72,72,72,72,72,72,72,72,72,72,72,72,72,72,72,72,72,72,72,72,72,72,72,72,72,69,69,69,72,72,72,72,72],"gold":84,"neow_bonus":"ONE_RARE_RELIC","is_daily":false,"chose_seed":false,"campfire_upgraded":4,"win_rate":0.0,"timestamp":1608428531,"path_taken":["M","M","?","?","M","R","E","R","T","?","$","E","?","?","R","BOSS","M","?","?","?","M","E","M","E","T","?","E","?","M","E","R","BOSS","M","?","?","$","?","E","E","E","T","$","E","?","?","M","R","BOSS","R","$","E","BOSS"],"items_purchased_type":["Relic","Card","Card","Card","Relic","Relic","Relic"],"build_version":"2020-12-13","purchased_purges":4,"victory":true,"max_hp_per_floor":[72,72,72,72,72,72,72,72,72,72,72,72,72,72,72,72,72,72,72,72,72,72,72,72,72,72,72,72,72,72,72,72,72,72,72,72,72,72,72,72,72,72,72,72,72,72,72,72,72,72,72,72,72,72,72],"card_choices":[{"not_picked":["Study","FollowUp"],"picked":"CrushJoints","floor":1.0},{"not_picked":["CutThroughFate","Prostrate"],"picked":"FollowUp","floor":2.0},{"not_picked":["SashWhip","Crescendo","Protect"],"picked":"SKIP","floor":5.0},{"not_picked":["Protect","Devotion","Nirvana"],"picked":"SKIP","floor":7.0},{"not_picked":["Protect","Nirvana"],"picked":"Devotion","floor":7.0},{"not_picked":["ForeignInfluence","Protect"],"picked":"EmptyFist+1","floor":12.0},{"not_picked":["CrushJoints+1","Consecrate+1"],"picked":"Tantrum+1","floor":18.0},{"not_picked":["Weave+1","Consecrate+1","FollowUp+1"],"picked":"SKIP","floor":22.0},{"not_picked":["ClearTheMind","Swivel","DeceiveReality+1"],"picked":"SKIP","floor":23.0},{"not_picked":["FlurryOfBlows+1","SignatureMove+1","Halt+1"],"picked":"SKIP","floor":24.0},{"not_picked":["MasterReality","EmptyFist+1","Evaluate+1"],"picked":"SKIP","floor":25.0},{"not_picked":["Ragnarok+1","Omniscience"],"picked":"Indignation+1","floor":28.0},{"not_picked":["Prostrate+1","BowlingBash+1","ThirdEye"],"picked":"SKIP","floor":30.0},{"not_picked":["Crescendo","SpiritShield","ThirdEye+1"],"picked":"SKIP","floor":31.0},{"not_picked":["Weave+1","Consecrate+1"],"picked":"TalkToTheHand+1","floor":35.0},{"not_picked":["FearNoEvil+1","Meditate","PathToVictory"],"picked":"SKIP","floor":40.0},{"not_picked":["WaveOfTheHand+1","Vengeance+1","Indignation+1"],"picked":"SKIP","floor":41.0},{"not_picked":["CarveReality+1","Conclude+1","Swivel"],"picked":"SKIP","floor":42.0},{"not_picked":["Evaluate+1","LikeWater+1","Protect"],"picked":"SKIP","floor":45.0},{"not_picked":["Protect","Study","SignatureMove+1"],"picked":"SKIP","floor":48.0},{"not_picked":["FollowUp+1","FlyingSleeves+1"],"picked":"FearNoEvil+1","floor":54}],"player_experience":180962,"relics_obtained":[{"floor":7.0,"key":"Juzu Bracelet"},{"floor":9.0,"key":"Molten Egg 2"},{"floor":12.0,"key":"WingedGreaves"},{"floor":13.0,"key":"Odd Mushroom"},{"floor":14.0,"key":"Yang"},{"floor":23.0,"key":"TeardropLocket"},{"floor":25.0,"key":"Oddly Smooth Stone"},{"floor":26.0,"key":"Potion Belt"},{"floor":28.0,"key":"Lantern"},{"floor":29.0,"key":"Red Mask"},{"floor":31.0,"key":"Meat on the Bone"},{"floor":40.0,"key":"Girya"},{"floor":41.0,"key":"CeramicFish"},{"floor":42.0,"key":"Letter Opener"},{"floor":45.0,"key":"Bag of Preparation"},{"floor":54,"key":"Bag of Marbles"}],"event_choices":[{"cards_removed":["Defend_P"],"damage_healed":0.0,"max_hp_gain":0.0,"max_hp_loss":0.0,"gold_gain":0.0,"event_name":"The Cleric","player_choice":"Card Removal","floor":3.0,"gold_loss":50.0,"damage_taken":0.0},{"damage_healed":0.0,"max_hp_gain":0.0,"max_hp_loss":0.0,"gold_gain":0.0,"event_name":"Golden Idol","player_choice":"Take Damage","floor":4.0,"gold_loss":0.0,"damage_taken":18.0,"relics_obtained":["Golden Idol"]},{"damage_healed":0.0,"max_hp_gain":0.0,"max_hp_loss":0.0,"gold_gain":0.0,"event_name":"Shining Light","player_choice":"Entered Light","floor":10.0,"gold_loss":0.0,"damage_taken":14.0,"cards_upgraded":["Vigilance","Defend_P"]},{"damage_healed":0.0,"max_hp_gain":0.0,"max_hp_loss":0.0,"gold_gain":0.0,"event_name":"Mushrooms","player_choice":"Fought Mushrooms","floor":13.0,"gold_loss":0.0,"damage_taken":0.0},{"damage_healed":0.0,"max_hp_gain":0.0,"max_hp_loss":0.0,"gold_gain":0.0,"event_name":"Ghosts","player_choice":"Ignored","floor":19.0,"gold_loss":0.0,"damage_taken":0.0},{"cards_removed":["Tantrum"],"damage_healed":0.0,"max_hp_gain":0.0,"max_hp_loss":0.0,"gold_gain":0.0,"event_name":"NoteForYourself","player_choice":"Took Card","floor":20.0,"gold_loss":0.0,"damage_taken":0.0,"cards_obtained":["Strike_G"]},{"damage_healed":0.0,"max_hp_gain":0.0,"max_hp_loss":0.0,"gold_gain":0.0,"event_name":"Vampires","player_choice":"Ignored","floor":21.0,"gold_loss":0.0,"damage_taken":0.0},{"damage_healed":0.0,"max_hp_gain":0.0,"max_hp_loss":0.0,"gold_gain":0.0,"event_name":"Addict","player_choice":"Obtained Relic","floor":27.0,"gold_loss":85.0,"damage_taken":0.0,"relics_obtained":["InkBottle"]},{"damage_healed":0.0,"max_hp_gain":0.0,"max_hp_loss":0.0,"gold_gain":0.0,"event_name":"Masked Bandits","player_choice":"Fought Bandits","floor":29.0,"gold_loss":0.0,"damage_taken":0.0},{"damage_healed":0.0,"max_hp_gain":0.0,"max_hp_loss":0.0,"gold_gain":0.0,"event_name":"Duplicator","player_choice":"Copied","floor":36.0,"gold_loss":0.0,"damage_taken":0.0,"cards_obtained":["Adaptation"]},{"cards_removed":["FollowUp"],"damage_healed":0.0,"max_hp_gain":0.0,"max_hp_loss":0.0,"gold_gain":0.0,"event_name":"Purifier","player_choice":"Purged","floor":37.0,"gold_loss":0.0,"damage_taken":0.0},{"cards_removed":["Flash of Steel"],"damage_healed":0.0,"max_hp_gain":0.0,"max_hp_loss":0.0,"gold_gain":0.0,"event_name":"WeMeetAgain","player_choice":"Gave Card","floor":39.0,"gold_loss":0.0,"damage_taken":0.0,"relics_obtained":["Akabeko"]},{"damage_healed":0.0,"max_hp_gain":0.0,"max_hp_loss":0.0,"gold_gain":0.0,"event_name":"Lab","player_choice":"Got Potions","floor":47.0,"gold_loss":0.0,"damage_taken":0.0}],"is_beta":false,"boss_relics":[{"not_picked":["Velvet Choker","Astrolabe"],"picked":"SlaversCollar"},{"not_picked":["Coffee Dripper","Calling Bell"],"picked":"Runic Pyramid"}],"items_purged_floors":[11,38,44,46],"is_endless":false,"potions_floor_spawned":[5,13,18,22,23,28,33,40,42,45],"ascension_level":0}}