{"host":"61r95uy0hn86b9iu","time":1608498047,"event":{"mods":["AchievementEnabler","BaseMod","Better Vampires","BetterRewards","Colored Powertips","Hubris","Minty Spire (QoL Compilation)","Shop Mod","StSLib"],"gold_per_floor":[119,119,33,108,108,108,247,247,247,247,212,235,255,268,268,361,361,375,375,375,399,513,513,513],"floor_reached":23,"playtime":4282,"items_purged":["Strike_G","Injury"],"score":578,"play_id":"b857e132-0e0d-4ce7-a4cc-6557593c6639","local_time":"20201220150047","is_ascension_mode":true,"campfire_choices":[{"floor":6.0,"key":"REST"},{"data":"Apotheosis","floor":8.0,"key":"SMITH"},{"data":"Calculated Gamble","floor":15.0,"key":"SMITH"}],"circlet_count":0,"master_deck":["AscendersBane","Strike_G","Strike_G","Strike_G","Strike_G","Defend_G","Defend_G","Defend_G","Defend_G","Defend_G","Survivor","Neutralize","Noxious Fumes","Apotheosis+1","Noxious Fumes","Calculated Gamble+1","Deflect","Blur","Deflect+1","Writhe","Flechettes","Dagger Throw"],"relics":["Ring of the Snake","Membership Card","Regal Pillow","Bronze Scales","Golden Idol","Snake Skull","hubris:Icosahedron","MealTicket","Pantograph","hubris:EvacipatedBox","hubris:RunicObelisk","Lantern"],"acts_visited":["Exordium","TheCity"],"potions_floor_usage":[23,23],"damage_taken":[{"damage":1.0,"enemies":"Jaw Worm","floor":1.0,"turns":5.0},{"damage":24.0,"enemies":"3 Sentries","floor":7.0,"turns":6.0},{"damage":0.0,"enemies":"Small Slimes","floor":12.0,"turns":4.0},{"damage":0.0,"enemies":"2 Louse","floor":13.0,"turns":2.0},{"damage":4.0,"enemies":"Blue Slaver","floor":14.0,"turns":4.0},{"damage":12.0,"enemies":"The Guardian","floor":16.0,"turns":10.0},{"damage":5.0,"enemies":"Shell Parasite","floor":18.0,"turns":7.0},{"damage":0.0,"enemies":"3 Byrds","floor":21.0,"turns":3.0},{"damage":35.0,"enemies":"Cultist and Chosen","floor":22.0,"turns":7.0},{"damage":47,"enemies":"Slavers","floor":23,"turns":4}],"seed_played":"-2076877446883245275","potions_obtained":[{"floor":1.0,"key":"DuplicationPotion"},{"floor":7.0,"key":"FearPotion"},{"floor":14.0,"key":"FairyPotion"},{"floor":22.0,"key":"EntropicBrew"}],"is_trial":false,"path_per_floor":["M","?","$","?","?","R","E","R","T","$","?","M","M","M","R","B",null,"M","?","?","M","M","E"],"character_chosen":"THE_SILENT","items_purchased":["Membership Card","Regal Pillow","Bronze Scales","Noxious Fumes","Apotheosis","Noxious Fumes","Snake Skull","hubris:EvacipatedBox"],"campfire_rested":1,"item_purchase_floors":[0,0,0,0,0,0,3,10],"current_hp_per_floor":[44,44,44,33,33,66,42,42,42,18,34,34,34,62,62,54,63,58,58,58,58,23,0,0],"gold":513,"neow_bonus":"","is_daily":false,"chose_seed":false,"campfire_upgraded":2,"win_rate":0.0,"timestamp":1608498047,"path_taken":["M","?","$","?","?","R","E","R","T","?","?","M","?","M","R","BOSS","M","?","?","M","M","E"],"items_purchased_type":["Relic","Relic","Relic","Card","Card","Card","Relic","Relic"],"build_version":"2020-12-13","purchased_purges":2,"victory":false,"max_hp_per_floor":[66,66,66,66,66,66,66,66,66,66,66,66,66,66,66,66,66,66,66,66,66,66,66,66],"card_choices":[{"not_picked":["Backflip","hubris:Counter"],"picked":"Calculated Gamble","floor":1.0},{"not_picked":["Phantasmal Killer","Skewer","PiercingWail"],"picked":"SKIP","floor":7.0},{"not_picked":["Dagger Throw","Quick Slash"],"picked":"Deflect","floor":12.0},{"not_picked":["Bane","hubris:Sniper","Riddle With Holes"],"picked":"SKIP","floor":13.0},{"not_picked":["Masterful Stab","Predator"],"picked":"Blur","floor":14.0},{"not_picked":["All Out Attack","Cloak And Dagger"],"picked":"Deflect+1","floor":18.0},{"not_picked":["Well Laid Plans","Dodge and Roll"],"picked":"Flechettes","floor":21.0},{"not_picked":["Dash","Distraction"],"picked":"Dagger Throw","floor":22.0}],"player_experience":3194207,"relics_obtained":[{"floor":7.0,"key":"MealTicket"},{"floor":9.0,"key":"Pantograph"}],"event_choices":[{"damage_healed":0.0,"max_hp_gain":0.0,"max_hp_loss":0.0,"gold_gain":0.0,"event_name":"Golden Idol","player_choice":"Take Wound","floor":2.0,"gold_loss":0.0,"damage_taken":0.0,"relics_obtained":["Golden Idol"],"cards_obtained":["Injury"]},{"damage_healed":0.0,"max_hp_gain":0.0,"max_hp_loss":0.0,"gold_gain":75.0,"event_name":"World of Goop","player_choice":"Gather Gold","floor":4.0,"gold_loss":0.0,"damage_taken":11.0},{"damage_healed":16.0,"max_hp_gain":0.0,"max_hp_loss":0.0,"gold_gain":0.0,"event_name":"The Cleric","player_choice":"Healed","floor":11.0,"gold_loss":35.0,"damage_taken":0.0},{"damage_healed":0.0,"max_hp_gain":0.0,"max_hp_loss":0.0,"gold_gain":0.0,"event_name":"The Mausoleum","player_choice":"Opened","floor":20.0,"gold_loss":0.0,"damage_taken":0.0,"relics_obtained":["Lantern"],"cards_obtained":["Writhe"]}],"is_beta":false,"boss_relics":[{"not_picked":["Pandora\u0027s Box","Ring of the Serpent","Busted Crown"],"picked":"hubris:RunicObelisk"}],"items_purged_floors":[0,10],"is_endless":false,"potions_floor_spawned":[1,7,14,16,22],"killed_by":"Slavers","ascension_level":20}}