{"host":"pbf6u3tyx46snqc7","time":1608467868,"event":{"mods":["AchievementEnabler","BaseMod","Colored Map","Minty Spire (QoL Compilation)","Rare Cards Sparkle","Shop Mod","SuperFastMode"],"gold_per_floor":[17,17,17,167,267,267,288,288,313,337,17,92,110,135,135,135,135],"floor_reached":16,"playtime":376,"items_purged":["Doubt"],"score":162,"play_id":"e92eecc4-efd2-43af-bd2e-ccfb3c23b4af","local_time":"20201220213748","is_ascension_mode":true,"campfire_choices":[{"data":"Zap","floor":6,"key":"SMITH"},{"data":"Dualcast","floor":8,"key":"SMITH"},{"floor":15,"key":"REST"}],"circlet_count":0,"master_deck":["AscendersBane","Strike_B","Strike_B","Strike_B","Strike_B","Defend_B","Defend_B","Defend_B","Defend_B","Zap+1","Dualcast+1","Master of Strategy","Capacitor","Hologram","Doom and Gloom","Coolheaded","Core Surge"],"relics":["Cracked Core","Golden Idol","Boot","Regal Pillow"],"acts_visited":["Exordium"],"potions_floor_usage":[13,16],"damage_taken":[{"damage":2,"enemies":"Jaw Worm","floor":1,"turns":3},{"damage":12,"enemies":"Small Slimes","floor":7,"turns":4},{"damage":8,"enemies":"2 Louse","floor":10,"turns":3},{"damage":4,"enemies":"Lots of Slimes","floor":13,"turns":2},{"damage":0,"enemies":"Looter","floor":14,"turns":4},{"damage":42,"enemies":"Hexaghost","floor":16,"turns":9}],"seed_played":"4822991741245568043","potions_obtained":[{"floor":7,"key":"Fire Potion"},{"floor":14,"key":"FearPotion"}],"is_trial":false,"path_per_floor":["M","$","?","?","?","R","M","R","T","M","$","?","M","M","R","B"],"character_chosen":"DEFECT","items_purchased":["Regal Pillow","Doom and Gloom"],"campfire_rested":1,"item_purchase_floors":[11,11],"current_hp_per_floor":[62,62,38,38,38,38,26,26,26,18,18,7,3,3,39,0,0],"gold":135,"neow_bonus":"RANDOM_COLORLESS_2","is_daily":false,"chose_seed":false,"campfire_upgraded":2,"win_rate":0.0,"timestamp":1608467868,"path_taken":["M","$","?","?","?","R","?","R","T","M","$","?","M","M","R","BOSS"],"items_purchased_type":["Relic","Card"],"build_version":"2020-12-13","purchased_purges":1,"victory":false,"max_hp_per_floor":[71,71,71,71,71,71,71,71,71,71,71,71,71,71,71,71,71],"card_choices":[{"not_picked":["Secret Weapon","Sadistic Nature"],"picked":"Master of Strategy","floor":0},{"not_picked":["Hologram","Steam"],"picked":"Capacitor","floor":1},{"not_picked":["Gash","Auto Shields","Beam Cell"],"picked":"SKIP","floor":7},{"not_picked":["Double Energy","Skim"],"picked":"Hologram","floor":10},{"not_picked":["Recycle","Streamline"],"picked":"Coolheaded","floor":13},{"not_picked":["Conserve Battery","Scrape"],"picked":"Core Surge","floor":14}],"player_experience":300005,"relics_obtained":[{"floor":9,"key":"Boot"}],"event_choices":[{"damage_healed":0,"gold_gain":0,"player_choice":"Take Damage","damage_taken":24,"relics_obtained":["Golden Idol"],"max_hp_gain":0,"max_hp_loss":0,"event_name":"Golden Idol","floor":3,"gold_loss":0},{"damage_healed":0,"gold_gain":150,"player_choice":"AGREE","damage_taken":0,"max_hp_gain":0,"max_hp_loss":0,"event_name":"Liars Game","floor":4,"gold_loss":0,"cards_obtained":["Doubt"]},{"damage_healed":0,"gold_gain":100,"player_choice":"Gold","damage_taken":0,"max_hp_gain":0,"max_hp_loss":0,"event_name":"Wheel of Change","floor":5,"gold_loss":0},{"damage_healed":0,"gold_gain":75,"player_choice":"Gather Gold","damage_taken":11,"max_hp_gain":0,"max_hp_loss":0,"event_name":"World of Goop","floor":12,"gold_loss":0}],"is_beta":false,"boss_relics":[],"items_purged_floors":[11],"is_endless":false,"potions_floor_spawned":[7,14],"killed_by":"Hexaghost","ascension_level":16}}