{"host":"ssahdsoo349p0ms1","time":1608503558,"event":{"mods":["AchievementEnabler","BaseMod","Colored Powertips","Downfall","Minty Spire (QoL Compilation)","StSLib"],"gold_per_floor":[99,432,452,468,501,501,501,533,552,552,552],"floor_reached":10,"playtime":507,"items_purged":[],"score":122,"play_id":"5853a143-2f8a-4610-b337-5df43009f6fe","local_time":"20201220163238","is_ascension_mode":true,"campfire_choices":[{"data":"Slimebound:Split","floor":1.0,"key":"SMITH"},{"floor":6.0,"key":"RECALL"}],"circlet_count":0,"master_deck":["Slimebound:Strike_Slimebound","Slimebound:Strike_Slimebound","Slimebound:Strike_Slimebound","Slimebound:Tackle","Slimebound:Defend_Slimebound","Slimebound:Defend_Slimebound","Slimebound:Defend_Slimebound","Slimebound:Defend_Slimebound","Slimebound:Split+1","Slimebound:CorrosiveSpit","Slimebound:Gluttony","Slimebound:SamplingLick","Slimebound:SlimeSpikes","Slimebound:SplitLeeching","Slimebound:MassFeed","Slimebound:Repurpose"],"relics":["Runic Pyramid","Old Coin","The Courier","Ornamental Fan","Blue Candle"],"acts_visited":["Exordium"],"potions_floor_usage":[10,10],"damage_taken":[{"damage":34.0,"enemies":"Gremlin Nob","floor":2.0,"turns":4.0},{"damage":9.0,"enemies":"Cultist","floor":3.0,"turns":3.0},{"damage":10.0,"enemies":"Jaw Worm","floor":4.0,"turns":3.0},{"damage":13.0,"enemies":"Lagavulin","floor":5.0,"turns":9.0},{"damage":12.0,"enemies":"3 Sentries","floor":8.0,"turns":8.0},{"damage":12.0,"enemies":"Small Slimes","floor":9.0,"turns":3.0},{"damage":35,"enemies":"Gremlin Nob","floor":10,"turns":4}],"seed_played":"1152453018108831081","potions_obtained":[{"floor":3.0,"key":"Explosive Potion"},{"floor":8.0,"key":"sneckomod:MuddlingPotion"}],"is_trial":false,"path_per_floor":["R","E","M","M","E","R","T","E","M","E"],"character_chosen":"SLIMEBOUND","items_purchased":[],"campfire_rested":0,"item_purchase_floors":[],"current_hp_per_floor":[60,34,33,31,26,26,26,26,29,0,0],"gold":552,"neow_bonus":"BOSS_RELIC","is_daily":false,"chose_seed":false,"campfire_upgraded":1,"win_rate":0.0,"timestamp":1608503558,"path_taken":["R","E","M","M","E","R","T","E","M","E"],"items_purchased_type":[],"build_version":"2020-12-13","purchased_purges":0,"victory":false,"max_hp_per_floor":[60,60,60,60,60,60,60,60,63,63,63],"card_choices":[{"not_picked":["Slimebound:FinishingTackle","Slimebound:ItLooksTasty"],"picked":"Slimebound:Gluttony","floor":2.0},{"not_picked":["Slimebound:BestDefense","Slimebound:SlimeBrawl"],"picked":"Slimebound:SamplingLick","floor":3.0},{"not_picked":["Slimebound:Schlurp","Slimebound:PressTheAttack"],"picked":"Slimebound:SlimeSpikes","floor":4.0},{"not_picked":["Slimebound:ViciousTackle","Slimebound:Replication"],"picked":"Slimebound:SplitLeeching","floor":5.0},{"not_picked":["Slimebound:ComboTackle","Slimebound:SpikyOuterGoop"],"picked":"Slimebound:MassFeed","floor":8.0},{"not_picked":["Slimebound:Chomp","Slimebound:ServeAndProtect"],"picked":"Slimebound:Repurpose","floor":9.0}],"player_experience":606340,"relics_obtained":[{"floor":2.0,"key":"Old Coin"},{"floor":5.0,"key":"The Courier"},{"floor":7.0,"key":"Ornamental Fan"},{"floor":8.0,"key":"Blue Candle"}],"event_choices":[],"is_beta":false,"boss_relics":[],"items_purged_floors":[],"is_endless":false,"potions_floor_spawned":[3,8],"killed_by":"Gremlin Nob","ascension_level":2}}