{"host":"g1dfl30o7gson6fx","time":1608447823,"event":{"mods":["AchievementEnabler","BaseMod","CapriCore","Colored Map","Minty Spire (QoL Compilation)","Quick Restart","Remove Card Discount Mod","Shop Mod","StSLib","SuperFastMode","The Immortal"],"gold_per_floor":[110,110,38,38,48,78,78,96,175,175,194,214,214,224,224,327,327,252,252,252,252],"floor_reached":19,"playtime":838,"items_purged":["Regret"],"score":192,"play_id":"daa25c83-d467-470d-a2d1-457216011e1a","local_time":"20201220160343","is_ascension_mode":false,"campfire_choices":[{"floor":7,"key":"RECALL"},{"floor":10,"key":"REST"},{"data":"MokouMod:Extinguish","floor":13,"key":"SMITH"},{"data":"MokouMod:Cataclysm","floor":15,"key":"SMITH"}],"circlet_count":0,"master_deck":["MokouMod:Strike","MokouMod:Strike","MokouMod:Strike+1","MokouMod:Strike","MokouMod:Strike","MokouMod:Defend","MokouMod:Defend","MokouMod:Defend","MokouMod:Defend","MokouMod:HeatSpark","MokouMod:SearingShot","MokouMod:RisingSunBarrier+1","MokouMod:RoaringFlare","MokouMod:IgnitionBlast","MokouMod:GuidingSmoke","MokouMod:Extinguish+1","MokouMod:Cataclysm+1","MokouMod:IgnitionBarrier","MokouMod:ResonatingAura+1","CurseOfTheBell","MokouMod:HeatTransfer+1"],"relics":["MokouMod:PhoenixFeather","NeowsBlessing","Tiny Chest","PreservedInsect","Frozen Egg 2","Calling Bell","Anchor","Toxic Egg 2","Turnip"],"acts_visited":["Exordium","TheCity"],"potions_floor_usage":[16],"damage_taken":[{"damage":0,"enemies":"Jaw Worm","floor":1,"turns":1},{"damage":2,"enemies":"2 Louse","floor":5,"turns":2},{"damage":0,"enemies":"3 Sentries","floor":6,"turns":1},{"damage":6,"enemies":"Cultist","floor":8,"turns":4},{"damage":7,"enemies":"Large Slime","floor":11,"turns":7},{"damage":0,"enemies":"3 Louse","floor":12,"turns":2},{"damage":15,"enemies":"Red Slaver","floor":14,"turns":6},{"damage":103,"enemies":"Hexaghost","floor":16,"turns":19},{"damage":24,"enemies":"2 Thieves","floor":18,"turns":5},{"damage":14,"enemies":"Chosen","floor":19,"turns":7}],"seed_played":"7760411921007298223","potions_obtained":[{"floor":6,"key":"Regen Potion"},{"floor":12,"key":"DuplicationPotion"},{"floor":14,"key":"Swift Potion"}],"is_trial":false,"path_per_floor":["M","?","$","?","M","E","R","M","T","R","M","M","R","M","R","B",null,"M","M"],"character_chosen":"MKU","items_purchased":["MokouMod:RisingSunBarrier"],"campfire_rested":1,"item_purchase_floors":[3],"current_hp_per_floor":[75,75,75,60,58,58,58,52,52,74,67,67,67,52,52,5,75,51,37,37,37],"gold":252,"neow_bonus":"THREE_ENEMY_KILL","is_daily":false,"chose_seed":false,"campfire_upgraded":2,"win_rate":0.0,"timestamp":1608447823,"path_taken":["M","?","$","?","M","E","R","M","T","R","M","M","R","M","R","BOSS","M","M"],"items_purchased_type":["Card"],"build_version":"2020-12-13","purchased_purges":1,"victory":false,"max_hp_per_floor":[75,75,75,75,75,75,75,75,75,75,75,75,75,75,75,75,75,75,75,75,75],"card_choices":[{"not_picked":["MokouMod:FujiyamaVolcano","MokouMod:FlareStarter"],"picked":"MokouMod:SearingShot","floor":1},{"not_picked":["MokouMod:IllusoryBattlefield","MokouMod:Sear"],"picked":"MokouMod:RoaringFlare","floor":5},{"not_picked":["MokouMod:EternalBurstReactor","MokouMod:PhoenixFeathers"],"picked":"MokouMod:IgnitionBlast","floor":6},{"not_picked":["MokouMod:Scorch","MokouMod:IllusoryBattlefield"],"picked":"MokouMod:GuidingSmoke","floor":8},{"not_picked":["MokouMod:FujiyamaVolcano","MokouMod:IgnitionBarrier"],"picked":"MokouMod:Extinguish","floor":11},{"not_picked":["MokouMod:InfernalWave","MokouMod:ShiftIgnition"],"picked":"MokouMod:Cataclysm","floor":12},{"not_picked":["MokouMod:BurningDraft","MokouMod:ResoluteFlare"],"picked":"MokouMod:IgnitionBarrier","floor":14},{"not_picked":["MokouMod:SacredFire","MokouMod:Extinguish"],"picked":"MokouMod:ResonatingAura+1","floor":16},{"not_picked":["MokouMod:BlazingComet+1","MokouMod:IgnitionBarrier+1"],"picked":"MokouMod:HeatTransfer+1","floor":18}],"player_experience":55288,"relics_obtained":[{"floor":6,"key":"PreservedInsect"},{"floor":9,"key":"Frozen Egg 2"},{"floor":17,"key":"Anchor"},{"floor":17,"key":"Toxic Egg 2"},{"floor":17,"key":"Turnip"}],"event_choices":[{"damage_healed":0,"gold_gain":0,"player_choice":"Box","damage_taken":0,"relics_obtained":["Tiny Chest"],"max_hp_gain":0,"max_hp_loss":0,"event_name":"Big Fish","floor":2,"gold_loss":0,"cards_obtained":["Regret"]},{"damage_healed":0,"gold_gain":0,"player_choice":"Entered Light","damage_taken":15,"max_hp_gain":0,"max_hp_loss":0,"event_name":"Shining Light","floor":4,"gold_loss":0,"cards_upgraded":["MokouMod:RisingSunBarrier","MokouMod:Strike"]}],"is_beta":false,"boss_relics":[{"not_picked":["Empty Cage","Runic Pyramid"],"picked":"Calling Bell"}],"items_purged_floors":[3],"is_endless":false,"potions_floor_spawned":[6,12,14],"killed_by":"Chosen","ascension_level":0}}