{"host":"gk9qdtkqd8dwfeg2","time":1608449460,"event":{"mods":["Aspiration","BaseMod","Minty Spire (QoL Compilation)","Quick Restart","Replay The Spire","Shop Mod","StSLib","TestMod","Waifu the Spire"],"gold_per_floor":[119,40,40,40,58,90,90,115,164,8,34,184,184,212,212,291,291,302,320,320,320,54,54,79,79,106,206,230,261,276,301,301,380,380,399,417,428,40,57,92,108,143,220,254,266,266,286,315,315,315,315,315,315,0,33,33],"floor_reached":57,"playtime":2148,"items_purged":["Strike_R","Normality"],"score":3583,"play_id":"3647841c-be8a-4209-87d6-b0a3ba557964","local_time":"20201220153100","is_ascension_mode":true,"campfire_choices":[{"data":"Abandon","floor":7.0,"key":"SMITH"},{"data":"Pot Of Greed","floor":13.0,"key":"SMITH"},{"data":"Eclipse","floor":15.0,"key":"SMITH"},{"data":"ReplayTheSpireMod:Uncanny Aura","floor":23.0,"key":"SMITH"},{"data":"Barricade","floor":32.0,"key":"SMITH"},{"floor":49,"key":"RECALL"},{"data":"Feel No Pain","floor":53,"key":"SMITH"}],"circlet_count":0,"master_deck":["AscendersBane","Strike_R+1","Strike_R","Strike_R","Strike_R+1","Defend_R","Defend_R","Defend_R","Defend_R","Bash","Abandon+1","Injury","Body Slam+1","Immolate+1","Pot Of Greed+1","Pot Of Greed","Shrug It Off","Doubt","Eclipse+1","Fiend Fire+1","Offering","ReplayTheSpireMod:Uncanny Aura+1","Pommel Strike+1","Barricade+1","Offering","Pot Of Greed","Feel No Pain+1","testmod-Arrangement+1","Fire Breathing","Burning Pact","Shockwave+1","Hemogenesis+1","Defy Death"],"relics":["Burning Blood","testmod-TestBox","testmod-ConstraintPeriapt","NeowsBlessing","Molten Egg 2","ReplayTheSpireMod:Ring of Addiction","White Beast Statue","Toy Ornithopter","Ring of Hypnosis","Replay:Baseball","Pet Ghost","aspiration:ChemicalBlood","testmod-TimeTraveler","MerchantsRug","Simple Rune","Vajra","testmod-Alchemist","aspiration:FetidBarrel","Replay:Rubber Ducky","Strawberry","testmod-LifeArmor","testmod-Nine","OrangePellets","Happy Flower","testmod-ObsoleteBoomerang","Replay:Bottled Flurry","Akabeko","ClockworkSouvenir","aspiration:SeaSaltIceCream","aspiration:Nostalgia","Replay:M_SmolderingBlood"],"acts_visited":["Exordium","TheCity","TheBeyond","TheEnding"],"potions_floor_usage":[48,48,50,50,50,51,51,55,56,56,56,56,56],"damage_taken":[{"damage":0.0,"enemies":"Small Slimes","floor":1.0,"turns":1.0},{"damage":0.0,"enemies":"2 Louse","floor":5.0,"turns":1.0},{"damage":0.0,"enemies":"Lagavulin","floor":6.0,"turns":1.0},{"damage":0.0,"enemies":"3 Sentries","floor":8.0,"turns":3.0},{"damage":3.0,"enemies":"Lagavulin","floor":11.0,"turns":3.0},{"damage":0.0,"enemies":"3 Sentries","floor":14.0,"turns":1.0},{"damage":12.0,"enemies":"Fading Forest","floor":16.0,"turns":13.0},{"damage":15.0,"enemies":"2 Thieves","floor":18.0,"turns":2.0},{"damage":0.0,"enemies":"Spheric Guardian","floor":19.0,"turns":3.0},{"damage":0.0,"enemies":"Slavers","floor":24.0,"turns":1.0},{"damage":0.0,"enemies":"Colosseum Slavers","floor":27.0,"turns":2.0},{"damage":17.0,"enemies":"Colosseum Nobs","floor":27.0,"turns":3.0},{"damage":6.0,"enemies":"Book of Stabbing","floor":29.0,"turns":2.0},{"damage":0.0,"enemies":"Centurion and Healer","floor":30.0,"turns":2.0},{"damage":6.0,"enemies":"Slavers","floor":31.0,"turns":1.0},{"damage":6.0,"enemies":"Collector","floor":33.0,"turns":5.0},{"damage":6.0,"enemies":"3 Darklings","floor":35.0,"turns":1.0},{"damage":0.0,"enemies":"3 Shapes","floor":36.0,"turns":1.0},{"damage":6.0,"enemies":"3 Darklings","floor":37.0,"turns":2.0},{"damage":12.0,"enemies":"Transient","floor":39.0,"turns":6.0},{"damage":12.0,"enemies":"Giant Head","floor":40.0,"turns":5.0},{"damage":18.0,"enemies":"4 Shapes","floor":41.0,"turns":1.0},{"damage":12.0,"enemies":"Nemesis","floor":42.0,"turns":5.0},{"damage":0.0,"enemies":"Reptomancer","floor":44.0,"turns":3.0},{"damage":12.0,"enemies":"Maw","floor":45.0,"turns":2.0},{"damage":12.0,"enemies":"3 Darklings","floor":47.0,"turns":1.0},{"damage":12,"enemies":"Nemesis","floor":48,"turns":3},{"damage":41,"enemies":"Awakened One","floor":50,"turns":6},{"damage":28,"enemies":"Donu and Deca","floor":51,"turns":6},{"damage":12,"enemies":"Shield and Spear","floor":55,"turns":3},{"damage":20,"enemies":"The Heart","floor":56,"turns":7}],"seed_played":"8343121944975873920","potions_obtained":[{"floor":1.0,"key":"Regen Potion"},{"floor":4.0,"key":"PowerPotion"},{"floor":4.0,"key":"SteroidPotion"},{"floor":8.0,"key":"DuplicationPotion"},{"floor":11.0,"key":"DuplicationPotion"},{"floor":16.0,"key":"Cursed Concoction"},{"floor":18.0,"key":"Dexterity Potion"},{"floor":19.0,"key":"EssenceOfSteel"},{"floor":24.0,"key":"Block Potion"},{"floor":24.0,"key":"Dexterity Potion"},{"floor":24.0,"key":"SpeedPotion"},{"floor":27.0,"key":"EntropicBrew"},{"floor":29.0,"key":"Swift Potion"},{"floor":30.0,"key":"ColorlessPotion"},{"floor":31.0,"key":"Regen Potion"},{"floor":33.0,"key":"Explosive Potion"},{"floor":35.0,"key":"Regen Potion"},{"floor":37.0,"key":"Adrenaline Potion"},{"floor":40.0,"key":"SkillPotion"},{"floor":41.0,"key":"Reflective Coating"},{"floor":42.0,"key":"BloodPotion"},{"floor":44.0,"key":"BloodPotion"},{"floor":47.0,"key":"Languid Potion"},{"floor":48,"key":"testmod-EscapePotion"},{"floor":55,"key":"Reflective Coating"}],"is_trial":false,"path_per_floor":["M","$","?","?","M","E","R","E","T","$","E","?","R","E","R","B",null,"M","M","?","?","$","R","E","$","T","?","T","E","M","E","R","B",null,"M","M","M","$","M","E","M","E","T","E","M","?","M","E","R","B","B",null,"R","$","E","B",null],"character_chosen":"IRONCLAD","items_purchased":["Abandon","Immolate+1","MerchantsRug","ReplayTheSpireMod:Uncanny Aura","Feel No Pain","OrangePellets","testmod-Arrangement+1","ClockworkSouvenir","Defy Death"],"campfire_rested":0,"item_purchase_floors":[2,10,22,22,38,38,38,54,54],"current_hp_per_floor":[74,74,74,74,75,75,75,73,73,73,73,73,73,73,71,71,71,67,69,69,50,50,50,64,64,64,68,68,79,79,79,79,79,79,79,79,79,79,79,79,79,79,79,79,73,73,75,74,74,65,62,72,72,72,73,73],"gold":33,"neow_bonus":"THREE_ENEMY_KILL","is_daily":false,"chose_seed":false,"campfire_upgraded":6,"win_rate":0.0,"timestamp":1608449460,"path_taken":["M","$","?","?","M","E","R","E","T","?","E","?","R","E","R","BOSS","M","M","?","?","?","R","E","$","T","?","?","E","M","E","R","BOSS","M","M","M","$","M","E","M","E","T","E","M","?","M","E","R","BOSS","BOSS","R","$","E","BOSS"],"items_purchased_type":["Card","Card","Relic","Card","Card","Relic","Card","Relic","Card"],"build_version":"2020-12-13","purchased_purges":2,"victory":true,"max_hp_per_floor":[75,75,75,75,75,75,75,73,73,73,73,73,73,73,71,71,71,69,69,69,74,74,72,72,72,72,72,72,79,79,79,79,79,79,79,79,79,79,79,79,79,79,79,79,79,75,75,75,75,75,75,75,75,75,73,73],"card_choices":[{"not_picked":["Bloodletting","Entrench","Sword Boomerang"],"picked":"SKIP","floor":1.0},{"not_picked":["Cleave+1","Metallicize","Warcry"],"picked":"SKIP","floor":5.0},{"not_picked":["Sword Boomerang+1","Warcry"],"picked":"Body Slam+1","floor":6.0},{"not_picked":["Havoc","Iron Wave+1","True Grit"],"picked":"SKIP","floor":8.0},{"not_picked":["Sentinel","Replay:Undeath\u0027s Touch+1"],"picked":"Shrug It Off","floor":11.0},{"not_picked":["Dual Wield","Shockwave"],"picked":"Eclipse","floor":14.0},{"not_picked":["Limit Break","Bludgeon+1"],"picked":"Fiend Fire+1","floor":16.0},{"not_picked":["Twin Strike+1","Wild Strike+1","Metallicize"],"picked":"SKIP","floor":18.0},{"not_picked":["Inflame","Whirlwind+1","Disarm"],"picked":"SKIP","floor":19.0},{"not_picked":["Havoc","Pommel Strike+1","ReplayTheSpireMod:Limb From Limb+1"],"picked":"SKIP","floor":24.0},{"not_picked":["Havoc","ReplayTheSpireMod:Limb From Limb+1"],"picked":"Pommel Strike+1","floor":24.0},{"not_picked":["Dual Wield","Metallicize+1","Rupture+1"],"picked":"SKIP","floor":29.0},{"not_picked":["Run Through+1","Flex","Twin Strike+1"],"picked":"SKIP","floor":30.0},{"not_picked":["Massacre+1","Infernal Blade"],"picked":"Barricade","floor":31.0},{"not_picked":["Replay:Many Hands","Brutality"],"picked":"Offering","floor":33.0},{"not_picked":["Sword Boomerang+1","Iron Wave+1","Whirlwind+1"],"picked":"SKIP","floor":35.0},{"not_picked":["ReplayTheSpireMod:Strike From Hell+1","Anger+1","Headbutt+1"],"picked":"SKIP","floor":36.0},{"not_picked":["Headbutt+1","Life Link","Run Through+1"],"picked":"SKIP","floor":37.0},{"not_picked":["True Grit","ReplayTheSpireMod:Strike From Hell+1","Body Slam+1"],"picked":"SKIP","floor":39.0},{"not_picked":["Flex","Havoc","Twin Strike+1"],"picked":"SKIP","floor":40.0},{"not_picked":["Abandon+1","Anger+1","Replay:Undeath\u0027s Touch+1"],"picked":"SKIP","floor":41.0},{"not_picked":["Warcry","Demonic Infusion"],"picked":"Fire Breathing","floor":42.0},{"not_picked":["Massacre+1","ReplayTheSpireMod:Limb From Limb+1","Headbutt+1"],"picked":"SKIP","floor":44.0},{"not_picked":["Dual Wield","True Grit"],"picked":"Burning Pact","floor":45.0},{"not_picked":["True Grit","Sword Boomerang+1"],"picked":"Shockwave+1","floor":47.0},{"not_picked":["Whirlwind+1","Intimidate"],"picked":"Hemogenesis+1","floor":48},{"not_picked":["ReplayTheSpireMod:Corrosion Curse","Iron Wave+1","Thunderclap+1"],"picked":"SKIP","floor":55}],"player_experience":1008569,"relics_obtained":[{"floor":4.0,"key":"ReplayTheSpireMod:Ring of Addiction"},{"floor":4.0,"key":"White Beast Statue"},{"floor":4.0,"key":"Toy Ornithopter"},{"floor":4.0,"key":"Ring of Hypnosis"},{"floor":6.0,"key":"Replay:Baseball"},{"floor":8.0,"key":"Pet Ghost"},{"floor":9.0,"key":"aspiration:ChemicalBlood"},{"floor":11.0,"key":"Grinning Jar"},{"floor":14.0,"key":"Dream Catcher"},{"floor":24.0,"key":"Simple Rune"},{"floor":26.0,"key":"Vajra"},{"floor":27.0,"key":"testmod-Alchemist"},{"floor":27.0,"key":"aspiration:FetidBarrel"},{"floor":28.0,"key":"Replay:Rubber Ducky"},{"floor":29.0,"key":"Strawberry"},{"floor":31.0,"key":"testmod-LifeArmor"},{"floor":40.0,"key":"Happy Flower"},{"floor":42.0,"key":"testmod-ObsoleteBoomerang"},{"floor":44.0,"key":"Replay:Bottled Flurry"},{"floor":48,"key":"Akabeko"},{"floor":55,"key":"aspiration:SeaSaltIceCream"}],"event_choices":[{"damage_healed":0.0,"max_hp_gain":0.0,"max_hp_loss":0.0,"gold_gain":150.0,"event_name":"Liars Game","player_choice":"AGREE","floor":12.0,"gold_loss":0.0,"damage_taken":0.0,"cards_obtained":["Doubt"]},{"damage_healed":0.0,"max_hp_gain":0.0,"max_hp_loss":0.0,"gold_gain":0.0,"event_name":"The Library","player_choice":"Read","floor":20.0,"gold_loss":0.0,"damage_taken":0.0,"cards_obtained":["Offering"]},{"damage_healed":0.0,"max_hp_gain":5.0,"max_hp_loss":0.0,"gold_gain":0.0,"event_name":"Forgotten Altar","player_choice":"Shed Blood","floor":21.0,"gold_loss":0.0,"damage_taken":24.0},{"damage_healed":0.0,"max_hp_gain":0.0,"max_hp_loss":0.0,"gold_gain":0.0,"event_name":"Colosseum","player_choice":"Fight","floor":27.0,"gold_loss":0.0,"damage_taken":0.0},{"damage_healed":0.0,"max_hp_gain":0.0,"max_hp_loss":0.0,"gold_gain":0.0,"event_name":"Colosseum","player_choice":"Fought Nobs","floor":27.0,"gold_loss":0.0,"damage_taken":0.0},{"damage_healed":0.0,"max_hp_gain":0.0,"max_hp_loss":4.0,"gold_gain":0.0,"event_name":"Winding Halls","player_choice":"Max HP","floor":46.0,"gold_loss":0.0,"damage_taken":0.0}],"is_beta":false,"boss_relics":[{"not_picked":["Abe\u0027s Treasure","Ooze Armor"],"picked":"testmod-TimeTraveler"},{"not_picked":["Ring of Chaos","testmod-Recursion"],"picked":"testmod-Nine"}],"items_purged_floors":[10,54],"is_endless":false,"potions_floor_spawned":[1,5,6,8,11,14,16,18,19,24,27,27,29,30,31,33,35,36,37,39,40,41,42,44,45,47,48,55],"ascension_level":20}}