{"host":"Aysed","time":1608467679,"event":{"mods":["AchievementEnabler","BaseMod","Colored Powertips","Downfall","Faster Ascension Climbing","Minty Spire (QoL Compilation)","Quick Restart","StSLib","SuperFastMode"],"gold_per_floor":[111,111,111,186,111,129,164,339,362,362,362,380,397,417,417,417,417],"floor_reached":16,"playtime":170,"items_purged":["Regret"],"score":125,"play_id":"b211ec57-eb72-4548-bc5b-c2ec3ff281cb","local_time":"20201220133439","is_ascension_mode":false,"campfire_choices":[{"data":"Zap","floor":10.0,"key":"SMITH"},{"data":"Storm","floor":15,"key":"SMITH"}],"circlet_count":0,"master_deck":["Strike_B","Strike_B","Strike_B","Defend_B","Defend_B","Defend_B","Defend_B","Zap+1","Dualcast+1","Doubt","Storm+1"],"relics":["Cracked Core","NeowsBlessing","Strawberry","Mummified Hand","Anchor"],"acts_visited":["Exordium"],"potions_floor_usage":[14],"damage_taken":[{"damage":0.0,"enemies":"2 Louse","floor":1.0,"turns":1.0},{"damage":0.0,"enemies":"Jaw Worm","floor":6.0,"turns":1.0},{"damage":0.0,"enemies":"Gremlin Nob","floor":7.0,"turns":1.0},{"damage":0.0,"enemies":"Small Slimes","floor":12.0,"turns":3.0},{"damage":5.0,"enemies":"2 Fungi Beasts","floor":13.0,"turns":4.0},{"damage":8,"enemies":"Exordium Thugs","floor":14,"turns":2},{"damage":35,"enemies":"Hexaghost","floor":16,"turns":7}],"seed_played":"-8836985848132238859","potions_obtained":[{"floor":1.0,"key":"PowerPotion"},{"floor":7.0,"key":"PotionOfCapacity"},{"floor":12.0,"key":"Block Potion"},{"floor":13.0,"key":"DuplicationPotion"}],"is_trial":false,"path_per_floor":["M","?","?","?","$","M","E","?","T","R","?","M","M","M","R","B"],"character_chosen":"DEFECT","items_purchased":[],"campfire_rested":0,"item_purchase_floors":[],"current_hp_per_floor":[75,75,82,71,71,71,71,71,71,71,71,71,66,58,58,23,23],"gold":417,"neow_bonus":"THREE_ENEMY_KILL","is_daily":false,"chose_seed":false,"campfire_upgraded":2,"win_rate":0.0,"timestamp":1608467679,"path_taken":["M","?","?","?","$","M","E","?","T","R","?","M","M","M","R","BOSS"],"items_purchased_type":[],"build_version":"2020-12-18","purchased_purges":1,"victory":false,"max_hp_per_floor":[75,75,82,82,82,82,82,82,82,82,82,82,82,82,82,82,82],"card_choices":[{"not_picked":["Genetic Algorithm","Stack","Blizzard"],"picked":"SKIP","floor":1.0},{"not_picked":["Go for the Eyes","Streamline","Beam Cell"],"picked":"SKIP","floor":6.0},{"not_picked":["Streamline","Loop","Turbo"],"picked":"SKIP","floor":7.0},{"not_picked":["Auto Shields","Streamline"],"picked":"Storm","floor":12.0},{"not_picked":["Aggregate","Fusion","Go for the Eyes"],"picked":"SKIP","floor":13.0},{"not_picked":["Steam","Go for the Eyes","Doom and Gloom"],"picked":"SKIP","floor":14}],"player_experience":38841,"relics_obtained":[{"floor":7.0,"key":"Mummified Hand"},{"floor":9.0,"key":"Anchor"}],"event_choices":[{"cards_removed":["Strike_B"],"damage_healed":0.0,"max_hp_gain":0.0,"max_hp_loss":0.0,"gold_gain":0.0,"event_name":"Living Wall","player_choice":"Forget","floor":2.0,"gold_loss":0.0,"damage_taken":0.0},{"damage_healed":0.0,"max_hp_gain":0.0,"max_hp_loss":0.0,"gold_gain":0.0,"event_name":"Big Fish","player_choice":"Box","floor":3.0,"gold_loss":0.0,"damage_taken":0.0,"relics_obtained":["Strawberry"],"cards_obtained":["Regret"]},{"damage_healed":0.0,"max_hp_gain":0.0,"max_hp_loss":0.0,"gold_gain":75.0,"event_name":"World of Goop","player_choice":"Gather Gold","floor":4.0,"gold_loss":0.0,"damage_taken":11.0},{"damage_healed":0.0,"max_hp_gain":0.0,"max_hp_loss":0.0,"gold_gain":175.0,"event_name":"Liars Game","player_choice":"AGREE","floor":8.0,"gold_loss":0.0,"damage_taken":0.0,"cards_obtained":["Doubt"]},{"damage_healed":0.0,"max_hp_gain":0.0,"max_hp_loss":0.0,"gold_gain":0.0,"event_name":"Upgrade Shrine","player_choice":"Upgraded","floor":11.0,"gold_loss":0.0,"damage_taken":0.0,"cards_upgraded":["Dualcast"]}],"is_beta":true,"boss_relics":[],"items_purged_floors":[5],"is_endless":false,"potions_floor_spawned":[1,7,12,13],"killed_by":"Hexaghost","ascension_level":0}}