{"host":"8by3m8mve9y2rhh4","time":1608479733,"event":{"mods":["BaseMod","Minty Spire (QoL Compilation)","Quick Restart"],"gold_per_floor":[117,137,147,164,179,207,217,249,274,3,13,41,41,69,69,167,167,186,203,203,55,69,69,82,114,114,127,157,157,186,136,136,136,136],"floor_reached":33,"playtime":1960,"items_purged":["Strike_R"],"score":381,"play_id":"c8d7e963-2278-4d3b-a769-60f91c398c4e","local_time":"20201220155533","is_ascension_mode":true,"campfire_choices":[{"floor":15,"key":"RECALL"},{"floor":23,"key":"REST"},{"floor":29,"key":"REST"},{"floor":32,"key":"REST"}],"circlet_count":0,"master_deck":["Strike_R","Strike_R","Strike_R+1","Defend_R","Defend_R","Defend_R","Defend_R","Bash+1","Trip","Battle Trance","Cleave","Sword Boomerang","Shrug It Off","Spot Weakness","Iron Wave","Armaments","Shrug It Off","Spot Weakness","Berserk","True Grit+1","Disarm+1","Decay","Disarm","Heavy Blade","Rage+1","Reaper"],"relics":["Burning Blood","Orichalcum","Whetstone","Boot","Lee\u0027s Waffle","Strawberry","Bronze Scales","Juzu Bracelet","Empty Cage","PreservedInsect","Toy Ornithopter","Singing Bowl","White Beast Statue","Art of War"],"acts_visited":["Exordium","TheCity"],"potions_floor_usage":[6,6,7,11,16,16,22,25,28,30,30,33],"damage_taken":[{"damage":6,"enemies":"Cultist","floor":1,"turns":3},{"damage":6,"enemies":"Jaw Worm","floor":2,"turns":3},{"damage":7,"enemies":"2 Louse","floor":3,"turns":2},{"damage":30,"enemies":"Gremlin Gang","floor":4,"turns":3},{"damage":9,"enemies":"2 Fungi Beasts","floor":5,"turns":3},{"damage":9,"enemies":"3 Sentries","floor":6,"turns":6},{"damage":2,"enemies":"Blue Slaver","floor":7,"turns":3},{"damage":25,"enemies":"Lagavulin","floor":8,"turns":7},{"damage":4,"enemies":"Gremlin Gang","floor":11,"turns":4},{"damage":10,"enemies":"3 Sentries","floor":12,"turns":6},{"damage":28,"enemies":"Lagavulin","floor":14,"turns":6},{"damage":54,"enemies":"Slime Boss","floor":16,"turns":12},{"damage":10,"enemies":"3 Byrds","floor":18,"turns":4},{"damage":18,"enemies":"Chosen","floor":19,"turns":5},{"damage":32,"enemies":"3 Cultists","floor":22,"turns":5},{"damage":23,"enemies":"Snake Plant","floor":24,"turns":4},{"damage":51,"enemies":"Slavers","floor":25,"turns":4},{"damage":15,"enemies":"Centurion and Healer","floor":27,"turns":6},{"damage":13,"enemies":"Book of Stabbing","floor":28,"turns":6},{"damage":35,"enemies":"Gremlin Leader","floor":30,"turns":6},{"damage":98,"enemies":"Collector","floor":33,"turns":8}],"seed_played":"4530922371821765364","potions_obtained":[{"floor":3,"key":"SteroidPotion"},{"floor":4,"key":"BlessingOfTheForge"},{"floor":5,"key":"FearPotion"},{"floor":7,"key":"Fire Potion"},{"floor":8,"key":"Ancient Potion"},{"floor":11,"key":"Dexterity Potion"},{"floor":14,"key":"Regen Potion"},{"floor":18,"key":"Energy Potion"},{"floor":22,"key":"DuplicationPotion"},{"floor":24,"key":"ColorlessPotion"},{"floor":25,"key":"SkillPotion"},{"floor":30,"key":"SneckoOil"}],"is_trial":false,"path_per_floor":["M","M","M","M","M","E","M","E","T","$","M","E","?","E","R","B",null,"M","M","?","$","M","R","M","E","T","M","E","R","E","?","R","B"],"character_chosen":"IRONCLAD","items_purchased":["Lee\u0027s Waffle","Armaments","PreservedInsect"],"campfire_rested":3,"item_purchase_floors":[10,10,21],"current_hp_per_floor":[80,80,79,55,52,49,53,34,34,87,87,90,90,68,68,34,94,90,78,78,78,52,80,63,18,18,11,9,37,50,50,79,0,0],"gold":136,"neow_bonus":"RANDOM_COLORLESS","is_daily":false,"chose_seed":false,"campfire_upgraded":0,"win_rate":0.0,"timestamp":1608479733,"path_taken":["M","M","M","M","M","E","M","E","T","$","M","E","?","E","R","BOSS","M","M","?","$","M","R","M","E","T","M","E","R","E","?","R","BOSS"],"items_purchased_type":["Relic","Card","Relic"],"build_version":"2020-12-13","purchased_purges":1,"victory":false,"max_hp_per_floor":[80,80,80,80,80,80,80,80,80,87,87,94,94,94,94,94,94,94,94,94,94,94,94,94,94,94,96,96,96,98,98,98,98,98],"card_choices":[{"not_picked":["Purity","Good Instincts"],"picked":"Trip","floor":0},{"not_picked":["Intimidate","Sentinel"],"picked":"Battle Trance","floor":1},{"not_picked":["Rage","Shockwave"],"picked":"Cleave","floor":2},{"not_picked":["Wild Strike","Power Through"],"picked":"Sword Boomerang","floor":3},{"not_picked":["Burning Pact","Headbutt"],"picked":"Shrug It Off","floor":4},{"not_picked":["Combust","Burning Pact","Twin Strike"],"picked":"SKIP","floor":5},{"not_picked":["Impervious","Ghostly Armor"],"picked":"Spot Weakness","floor":6},{"not_picked":["Sword Boomerang","Pommel Strike"],"picked":"Iron Wave","floor":7},{"not_picked":["Burning Pact","Sentinel","Battle Trance"],"picked":"SKIP","floor":8},{"not_picked":["Body Slam","Anger"],"picked":"Shrug It Off","floor":11},{"not_picked":["Iron Wave","Body Slam"],"picked":"Spot Weakness","floor":12},{"not_picked":["Flex","Reaper","Burning Pact"],"picked":"SKIP","floor":14},{"not_picked":["Feed","Corruption"],"picked":"Berserk","floor":16},{"not_picked":["Infernal Blade+1","Clash"],"picked":"True Grit+1","floor":18},{"not_picked":["Entrench","Warcry"],"picked":"Disarm+1","floor":19},{"not_picked":["Anger","Heavy Blade"],"picked":"Disarm","floor":22},{"not_picked":["Havoc","Clothesline"],"picked":"Heavy Blade","floor":24},{"not_picked":["Cleave+1","Headbutt+1"],"picked":"Rage+1","floor":25},{"not_picked":["Feed","Thunderclap","Shrug It Off"],"picked":"Singing Bowl","floor":27},{"not_picked":["Warcry","Body Slam"],"picked":"Reaper","floor":28},{"not_picked":["Intimidate","Bloodletting+1","Seeing Red"],"picked":"Singing Bowl","floor":30}],"player_experience":576151,"relics_obtained":[{"floor":6,"key":"Orichalcum"},{"floor":8,"key":"Whetstone"},{"floor":9,"key":"Boot"},{"floor":12,"key":"Strawberry"},{"floor":14,"key":"Juzu Bracelet"},{"floor":25,"key":"Toy Ornithopter"},{"floor":26,"key":"Singing Bowl"},{"floor":28,"key":"White Beast Statue"},{"floor":30,"key":"Art of War"}],"event_choices":[{"damage_healed":0,"gold_gain":0,"player_choice":"Box","damage_taken":0,"relics_obtained":["Bronze Scales"],"max_hp_gain":0,"max_hp_loss":0,"event_name":"Big Fish","floor":13,"gold_loss":0,"cards_obtained":["Regret"]},{"damage_healed":0,"gold_gain":0,"player_choice":"Smashed Altar","damage_taken":0,"max_hp_gain":0,"max_hp_loss":0,"event_name":"Forgotten Altar","floor":20,"gold_loss":0,"cards_obtained":["Decay"]},{"damage_healed":0,"gold_gain":0,"player_choice":"Bet on Murderer","damage_taken":0,"max_hp_gain":0,"max_hp_loss":0,"event_name":"The Joust","floor":31,"gold_loss":50}],"is_beta":false,"boss_relics":[{"not_picked":["Velvet Choker","Sozu"],"picked":"Empty Cage"}],"items_purged_floors":[10],"is_endless":false,"potions_floor_spawned":[3,4,5,7,8,11,14,18,22,24,25,30],"killed_by":"Collector","ascension_level":1}}