{"host":"2lo6hma6kymb0g9i","time":1608488213,"event":{"mods":["BaseMod","Colored Map","DeckTracker","Minty Spire (QoL Compilation)"],"gold_per_floor":[115,40,90,105,117,117,143,153,153,170,170,170],"floor_reached":11,"playtime":484,"items_purged":[],"score":143,"play_id":"0a766cb6-63b8-48e2-a33d-29603262a2e5","local_time":"20201221031653","is_ascension_mode":true,"campfire_choices":[{"data":"Neutralize","floor":6,"key":"SMITH"}],"circlet_count":0,"master_deck":["AscendersBane","Strike_G","Strike_G","Strike_G","Strike_G","Defend_G","Defend_G","Defend_G","Defend_G","Defend_G","Survivor","Neutralize+1","Dagger Spray","Poisoned Stab","Blade Dance","Phantasmal Killer","Tactician","PiercingWail"],"relics":["Ring of the Snake","InkBottle","Mummified Hand"],"acts_visited":[],"potions_floor_usage":[7,11],"damage_taken":[{"damage":12,"enemies":"Small Slimes","floor":1,"turns":5},{"damage":0,"enemies":"2 Louse","floor":4,"turns":4},{"damage":0,"enemies":"Cultist","floor":5,"turns":3},{"damage":37,"enemies":"Lagavulin","floor":7,"turns":6},{"damage":0,"enemies":"2 Fungi Beasts","floor":8,"turns":3},{"damage":3,"enemies":"Looter","floor":10,"turns":3},{"damage":22,"enemies":"Gremlin Nob","floor":11,"turns":3}],"seed_played":"-2487920275607672336","potions_obtained":[{"floor":5,"key":"AttackPotion"},{"floor":8,"key":"Block Potion"}],"is_trial":false,"path_per_floor":["M","?","?","M","M","R","E","M","T","M","E"],"character_chosen":"THE_SILENT","items_purchased":[],"campfire_rested":0,"item_purchase_floors":[],"current_hp_per_floor":[53,53,53,53,53,53,16,16,16,13,0,0],"gold":170,"neow_bonus":"TEN_PERCENT_HP_BONUS","is_daily":false,"chose_seed":false,"campfire_upgraded":1,"win_rate":0.0,"timestamp":1608488213,"path_taken":["M","?","?","?","M","R","E","M","T","M","E"],"items_purchased_type":[],"build_version":"2020-12-13","purchased_purges":0,"victory":false,"max_hp_per_floor":[72,72,72,72,72,72,72,72,72,72,72,72],"card_choices":[{"not_picked":["Calculated Gamble","Blur"],"picked":"Dagger Spray","floor":1},{"not_picked":["Cloak And Dagger","Expertise"],"picked":"Poisoned Stab","floor":4},{"not_picked":["Crippling Poison","Flechettes"],"picked":"Blade Dance","floor":5},{"not_picked":["Prepared","Infinite Blades"],"picked":"Phantasmal Killer","floor":7},{"not_picked":["Outmaneuver","Flying Knee"],"picked":"Tactician","floor":8},{"not_picked":["Blade Dance","Outmaneuver"],"picked":"PiercingWail","floor":10}],"player_experience":851423,"relics_obtained":[{"floor":7,"key":"InkBottle"},{"floor":9,"key":"Mummified Hand"}],"event_choices":[{"cards_removed":["Strike_G"],"damage_healed":0,"gold_gain":0,"player_choice":"Card Removal","damage_taken":0,"max_hp_gain":0,"max_hp_loss":0,"event_name":"The Cleric","floor":2,"gold_loss":75},{"damage_healed":0,"gold_gain":50,"player_choice":"Pray","damage_taken":0,"max_hp_gain":0,"max_hp_loss":0,"event_name":"Golden Shrine","floor":3,"gold_loss":0}],"is_beta":false,"boss_relics":[],"items_purged_floors":[],"is_endless":false,"potions_floor_spawned":[5,8],"killed_by":"Gremlin Nob","ascension_level":18}}