{"host":"bbcqjedmotowk2e9","time":1608459442,"event":{"mods":["A Magickal Journey","AchievementEnabler","Aspiration","BaseMod","BetterRewards","Colored Powertips","Conspire","Energized Spire","GifTheSpireLib","Halation","Hubris","Hyrulean Relics","Minty Spire (QoL Compilation)","Permanent Neow","Quick Restart","Relic Stats","Replay The Spire","Spires And Sneckos","StSLib","Stuff the Spire","Synergy Search","The Disciple","vexMod"],"gold_per_floor":[116,116,166,181,195,227,264,264,264,279,293,293,306,320,320,416,416,432,531,531,541,466,466,466,466],"floor_reached":24,"playtime":1164,"items_purged":["Defend_G"],"score":257,"play_id":"70fefa0f-9d2a-4f58-acc2-c2e41186dd47","local_time":"20201220131722","is_ascension_mode":true,"campfire_choices":[{"floor":8,"key":"REST"},{"floor":12,"key":"REST"},{"floor":15,"key":"REST"},{"data":"Calculated Gamble","floor":23,"key":"SMITH"}],"circlet_count":0,"master_deck":["Strike_G","Strike_G","Strike_G","Strike_G","Defend_G","Defend_G","Defend_G","Defend_G","Survivor","Neutralize","Calculated Gamble+1","Infinite Blades+1","Blade Dance","ReplayTheSpireMod:Scrap Shanks","ReplayTheSpireMod:Speed Training","StuffTheSpire:Sprint","Tactician","Finisher","Phantasmal Killer","Prepared"],"relics":["Ring of the Serpent","aspiration:ChemicalBlood","Byrd Skull","aspiration:StickyExplosives_weak","Pantograph","Blood Vial"],"acts_visited":["Exordium","TheCity"],"potions_floor_usage":[6,6,7,7,7,13,16,16,16,16,16,16,18,18,21,24,24,24],"damage_taken":[{"damage":0,"enemies":"Cultist","floor":1,"turns":3},{"damage":7,"enemies":"Jaw Worm","floor":4,"turns":4},{"damage":6,"enemies":"Small Slimes","floor":5,"turns":4},{"damage":32,"enemies":"Lagavulin","floor":6,"turns":9},{"damage":30,"enemies":"conspire:MimicChest","floor":7,"turns":6},{"damage":5,"enemies":"Looter","floor":10,"turns":4},{"damage":6,"enemies":"Red Slaver","floor":11,"turns":4},{"damage":12,"enemies":"Exordium Wildlife","floor":13,"turns":5},{"damage":0,"enemies":"Large Slime","floor":14,"turns":6},{"damage":28,"enemies":"The Guardian","floor":16,"turns":13},{"damage":15,"enemies":"Shell Parasite","floor":18,"turns":4},{"damage":0,"enemies":"Spheric Guardian","floor":21,"turns":3},{"damage":59,"enemies":"Gremlin Leader","floor":24,"turns":6}],"seed_played":"6653801293032594543","potions_obtained":[{"floor":5,"key":"conspire:TimeTravelPotion"},{"floor":11,"key":"BlessingOfTheForge"},{"floor":13,"key":"ColorlessPotion"},{"floor":16,"key":"SteroidPotion"},{"floor":18,"key":"LifebloodPotion"}],"is_trial":false,"path_per_floor":["M","?","T","M","M","E","?","R","T","M","M","R","M","M","R","B",null,"M","?","?","M","$","R","E"],"character_chosen":"THE_SILENT","items_purchased":[],"campfire_rested":3,"item_purchase_floors":[],"current_hp_per_floor":[63,63,63,56,50,33,3,24,24,19,13,34,22,22,43,40,63,48,48,48,50,50,50,0,0],"gold":466,"neow_bonus":"RANDOM_EVENT","is_daily":false,"chose_seed":false,"campfire_upgraded":1,"win_rate":0.0,"timestamp":1608459442,"path_taken":["M","?","?","M","M","E","?","R","T","M","?","R","M","M","R","BOSS","M","?","?","M","$","R","E"],"items_purchased_type":[],"build_version":"2020-12-13","purchased_purges":1,"victory":false,"max_hp_per_floor":[70,70,70,70,70,70,70,70,70,70,70,70,70,70,70,70,70,70,70,70,70,70,70,70,70],"relic_stats":{"Blood Vial":4,"counters":[13,69],"Pantograph":25,"obtain_stats":[{"Blood Vial":20,"Pantograph":9,"Byrd Skull":6,"Ring of the Serpent":17,"Ring of the Snake":0,"aspiration:ChemicalBlood":3,"aspiration:StickyExplosives_weak":7},{"Blood Vial":11,"Pantograph":5,"Byrd Skull":4,"Ring of the Serpent":10,"Ring of the Snake":0,"aspiration:ChemicalBlood":1,"aspiration:StickyExplosives_weak":5},{"Blood Vial":60,"Pantograph":26,"Byrd Skull":20,"Ring of the Serpent":56,"Ring of the Snake":0,"aspiration:ChemicalBlood":3,"aspiration:StickyExplosives_weak":26}]},"card_choices":[{"not_picked":["Acrobatics","hubris:SlightOfHand"],"picked":"Infinite Blades","floor":1},{"not_picked":["Deadly Poison","Leg Sweep"],"picked":"Blade Dance","floor":4},{"not_picked":["Sucker Punch","StuffTheSpire:ClusterCrunch","StuffTheSpire:BrimstoneBlast"],"picked":"SKIP","floor":5},{"not_picked":["StuffTheSpire:ClusterCrunch","Dodge and Roll"],"picked":"ReplayTheSpireMod:Scrap Shanks","floor":6},{"not_picked":["Outmaneuver","Dagger Spray"],"picked":"ReplayTheSpireMod:Speed Training","floor":7},{"not_picked":["Noxious Fumes","Bane"],"picked":"StuffTheSpire:Sprint","floor":10},{"not_picked":["Glass Knife","Bane","Slice"],"picked":"SKIP","floor":11},{"not_picked":["hubris:Counter","Outmaneuver"],"picked":"Tactician","floor":13},{"not_picked":["Dagger Throw","Acrobatics"],"picked":"Finisher","floor":14},{"not_picked":["Grand Finale","Bullet Time"],"picked":"Phantasmal Killer","floor":16},{"not_picked":["StuffTheSpire:Sprint","PiercingWail+1","Bane+1"],"picked":"SKIP","floor":18},{"not_picked":["Poisoned Stab+1","Deadly Poison"],"picked":"Prepared","floor":21}],"player_experience":532405,"relics_obtained":[{"floor":3,"key":"aspiration:ChemicalBlood"},{"floor":6,"key":"Byrd Skull"},{"floor":7,"key":"aspiration:StickyExplosives_weak"},{"floor":9,"key":"Pantograph"}],"event_choices":[{"damage_healed":0,"gold_gain":0,"cards_transformed":["Strike_G"],"player_choice":"Change","damage_taken":0,"max_hp_gain":0,"max_hp_loss":0,"event_name":"Living Wall","floor":0,"gold_loss":0,"cards_obtained":["Calculated Gamble"]},{"damage_healed":0,"gold_gain":99,"player_choice":"Stole From Cult","damage_taken":0,"max_hp_gain":0,"max_hp_loss":0,"event_name":"Nest","floor":19,"gold_loss":0}],"is_beta":false,"boss_relics":[{"not_picked":["Empty Cage","energizedSpire:EnergizedDie"],"picked":"Ring of the Serpent"}],"items_purged_floors":[22],"is_endless":false,"potions_floor_spawned":[5,11,13,16,18],"killed_by":"Gremlin Leader","ascension_level":6}}