{"host":"27cnk69rbdk9vsnt","time":1608506689,"event":{"mods":["BaseMod","CatGirl Mod","Ekko","Energized Spire","JesterMod","Mimic Mod","Minty Spire (QoL Compilation)","Shade Mod","Shop Mod","StSLib","The Spell Scribe","Thieving Mod"],"gold_per_floor":[117,7,7,22,41,75,67,106,141,168,200,212,249,279,291,402,414,436,462,424,37,37,70,86,86,120,130,157,171,184,27,27,124,124,134,145,155,175,185,185,211,211,285,285,160,213,239,91,91,91,91,91,16,50,50],"floor_reached":56,"playtime":3290,"items_purged":["theScribe:StarterDefend","Decay","Parasite"],"score":1344,"play_id":"b69ea827-4097-4a3b-8a72-8e4c0bcd6ac0","local_time":"20201221002449","is_ascension_mode":false,"campfire_choices":[{"floor":12.0,"key":"REST"},{"data":"theScribe:ScriptedStarfall","floor":15.0,"key":"SMITH"},{"data":"theScribe:Thunder","floor":25.0,"key":"SMITH"},{"floor":32.0,"key":"RECALL"},{"data":"theScribe:WordsOfPower","floor":40.0,"key":"SMITH"},{"data":"theScribe:WordsOfPower","floor":42.0,"key":"SMITH"},{"data":"theScribe:ScriptedStarfall","floor":49.0,"key":"SMITH"},{"data":"theScribe:Ghost_Realm","floor":52,"key":"SMITH"}],"circlet_count":0,"master_deck":["theScribe:StarterAttack","theScribe:StarterAttack","theScribe:LightningStrike","theScribe:LightningStrike","theScribe:StarterDefend","theScribe:StarterDefend","theScribe:IcyDefend","theScribe:IcyDefend","theScribe:StarterModifier","theScribe:FranticSearch","theScribe:WordsOfPower+1","theScribe:LightningBlade","theScribe:SanguineSurge","theScribe:Frost","theScribe:ScriptedStarfall+1","theScribe:FrostvenomToxin","theScribe:BluntWeapons","theScribe:GatherComponents","theScribe:BarrierOfLight","theScribe:Ghost_Realm+1","theScribe:PiercingBolts","theScribe:IcicleBlast","theScribe:Thunder+1","theScribe:ScindoSpellstone","theScribe:QuickStudy","Regret","theScribe:ArcaneBarrier","theScribe:CapacitanceScroll","theScribe:GatherComponents+1","theScribe:Split","theScribe:ScriptedStarfall+1","theScribe:SanguineSurge+1","theScribe:Overcharge+1","theScribe:FrostvenomToxin+1","theScribe:Thunder+1","theScribe:WordsOfPower+1","theScribe:CrystalShield+1","Doubt","theScribe:FocusingBarrier+1","theScribe:Dark+1","theScribe:LightningBolt","theScribe:FrostvenomToxin+1"],"relics":["Cursed Key","MawBank","Ancient Tea Set","PreservedInsect","Bronze Scales","theScribe:MeditationCircle","FossilizedHelix","ClockworkSouvenir","Bottled Tornado","Blood Vial","HandDrill","energizedSpire:RedRose","Ornamental Fan","Shuriken","Lizard Tail","Vajra","jesterMod:MirrorMask","Lantern"],"acts_visited":["Exordium","TheCity","TheBeyond","TheEnding"],"potions_floor_usage":[55,55],"damage_taken":[{"damage":4.0,"enemies":"Cultist","floor":1.0,"turns":4.0},{"damage":0.0,"enemies":"2 Louse","floor":4.0,"turns":2.0},{"damage":1.0,"enemies":"Jaw Worm","floor":5.0,"turns":3.0},{"damage":26.0,"enemies":"3 Sentries","floor":6.0,"turns":7.0},{"damage":0.0,"enemies":"Gremlin Nob","floor":8.0,"turns":3.0},{"damage":22.0,"enemies":"Gremlin Gang","floor":10.0,"turns":4.0},{"damage":13.0,"enemies":"Lots of Slimes","floor":11.0,"turns":3.0},{"damage":8.0,"enemies":"Lagavulin","floor":13.0,"turns":7.0},{"damage":1.0,"enemies":"3 Louse","floor":14.0,"turns":2.0},{"damage":10.0,"enemies":"Slime Boss","floor":16.0,"turns":5.0},{"damage":0.0,"enemies":"Shell Parasite","floor":18.0,"turns":5.0},{"damage":5.0,"enemies":"3 Byrds","floor":19.0,"turns":2.0},{"damage":7.0,"enemies":"Book of Stabbing","floor":23.0,"turns":4.0},{"damage":14.0,"enemies":"Snake Plant","floor":24.0,"turns":2.0},{"damage":0.0,"enemies":"Snecko","floor":26.0,"turns":4.0},{"damage":0.0,"enemies":"Snecko","floor":27.0,"turns":4.0},{"damage":0.0,"enemies":"Gremlin Leader","floor":28.0,"turns":3.0},{"damage":1.0,"enemies":"Centurion and Healer","floor":29.0,"turns":5.0},{"damage":6.0,"enemies":"3 Cultists","floor":30.0,"turns":4.0},{"damage":25.0,"enemies":"Collector","floor":33.0,"turns":3.0},{"damage":3.0,"enemies":"Orb Walker","floor":35.0,"turns":3.0},{"damage":8.0,"enemies":"3 Shapes","floor":36.0,"turns":3.0},{"damage":0.0,"enemies":"Writhing Mass","floor":37.0,"turns":3.0},{"damage":1.0,"enemies":"Maw","floor":38.0,"turns":5.0},{"damage":28.0,"enemies":"4 Shapes","floor":39.0,"turns":3.0},{"damage":1.0,"enemies":"Giant Head","floor":41.0,"turns":4.0},{"damage":34.0,"enemies":"2 Orb Walkers","floor":46.0,"turns":2.0},{"damage":3.0,"enemies":"Reptomancer","floor":47.0,"turns":5.0},{"damage":21,"enemies":"Awakened One","floor":50,"turns":10},{"damage":10,"enemies":"Shield and Spear","floor":54,"turns":3},{"damage":103,"enemies":"The Heart","floor":55,"turns":8}],"seed_played":"-3870302997241574252","potions_obtained":[{"floor":1.0,"key":"DistilledChaos"},{"floor":5.0,"key":"SkillPotion"},{"floor":6.0,"key":"Energy Potion"},{"floor":7.0,"key":"BlessingOfTheForge"},{"floor":13.0,"key":"LiquidBronze"},{"floor":14.0,"key":"EssenceOfSteel"},{"floor":19.0,"key":"Fruit Juice"},{"floor":23.0,"key":"PowerPotion"},{"floor":27.0,"key":"SteroidPotion"},{"floor":29.0,"key":"EssenceOfSteel"},{"floor":30.0,"key":"EntropicBrew"},{"floor":35.0,"key":"SkillPotion"},{"floor":36.0,"key":"Energy Potion"},{"floor":37.0,"key":"Strength Potion"}],"is_trial":false,"path_per_floor":["M","$","?","M","M","E","?","E","T","M","M","R","E","M","R","B",null,"M","M","?","$","?","E","M","R","MIM","M","E","M","M","$","R","B",null,"M","M","M","M","M","R","E","R","T","?","$","?","E","$","R","B",null,"R","$","E","B",null],"character_chosen":"THE_SCRIBE","items_purchased":["theScribe:WordsOfPower","FossilizedHelix","HandDrill","jesterMod:MirrorMask","FearPotion","theScribe:LightningBolt"],"campfire_rested":1,"item_purchase_floors":[2,21,31,48,53,53],"current_hp_per_floor":[71,71,76,76,75,49,49,49,49,27,14,38,30,29,29,19,80,80,75,75,75,75,68,59,59,59,59,59,60,56,56,56,33,85,82,76,78,79,53,53,54,54,54,54,54,22,21,21,21,2,82,82,82,72,27],"gold":50,"neow_bonus":"BOSS_RELIC","is_daily":false,"chose_seed":false,"campfire_upgraded":6,"win_rate":0.0,"timestamp":1608506689,"path_taken":["M","$","?","M","M","E","?","E","T","?","M","R","E","M","R","BOSS","M","M","?","$","?","E","M","R","MIM","M","E","M","?","$","R","BOSS","M","M","?","?","M","R","E","R","T","?","$","?","E","$","R","BOSS","R","$","E","BOSS"],"items_purchased_type":["Card","Relic","Relic","Relic","Potion","Card"],"build_version":"2020-12-13","purchased_purges":3,"victory":true,"max_hp_per_floor":[75,75,80,80,80,80,80,80,80,80,80,80,80,80,80,80,80,80,80,80,80,80,80,85,85,85,85,85,85,85,85,85,85,85,85,85,85,85,85,85,85,85,85,85,82,82,82,82,82,82,82,82,82,82,82],"card_choices":[{"not_picked":["theScribe:PriceOfKnowledge","theScribe:ToxicSpellstone"],"picked":"theScribe:FranticSearch","floor":1.0},{"not_picked":["theScribe:Divination","theScribe:RecklessResponse"],"picked":"theScribe:LightningBlade","floor":4.0},{"not_picked":["theScribe:Thunder","theScribe:Overcharge"],"picked":"theScribe:SanguineSurge","floor":5.0},{"not_picked":["theScribe:EnchantedStrike","theScribe:WeirdBlast"],"picked":"theScribe:Frost","floor":6.0},{"not_picked":["theScribe:EnchantedStrike","theScribe:ToxicSpellstone"],"picked":"theScribe:ScriptedStarfall","floor":8.0},{"not_picked":["theScribe:AmplifyingSpellstone","theScribe:GatherComponents"],"picked":"theScribe:FrostvenomToxin","floor":10.0},{"not_picked":["theScribe:Meditate","theScribe:Incendio"],"picked":"theScribe:BluntWeapons","floor":11.0},{"not_picked":["theScribe:BluntWeapons","theScribe:ScrollOfPoison"],"picked":"theScribe:GatherComponents","floor":13.0},{"not_picked":["theScribe:ArcaneBarrier","theScribe:EnchantedStrike"],"picked":"theScribe:BarrierOfLight","floor":14.0},{"not_picked":["theScribe:CatalyticCatastrophe","theScribe:Overexert"],"picked":"theScribe:Ghost_Realm","floor":16.0},{"not_picked":["theScribe:MirrorImage","theScribe:WordsOfPower"],"picked":"theScribe:PiercingBolts","floor":18.0},{"not_picked":["theScribe:Incendio","theScribe:AmplifyingSpellstone"],"picked":"theScribe:IcicleBlast","floor":19.0},{"not_picked":["theScribe:WordsOfPower","theScribe:Overcharge"],"picked":"theScribe:ScindoSpellstone","floor":23.0},{"not_picked":["theScribe:FocusingBlow","theScribe:ToxicSpellstone"],"picked":"theScribe:QuickStudy","floor":24.0},{"not_picked":["theScribe:MagicMissiles","theScribe:IcicleBlast"],"picked":"theScribe:FrostvenomToxin+1","floor":26.0},{"not_picked":["theScribe:ScrollOfScrying","theScribe:ThrownScroll"],"picked":"theScribe:ArcaneBarrier","floor":27.0},{"not_picked":["theScribe:ArcaneBarrier","theScribe:ThrownScroll"],"picked":"theScribe:CapacitanceScroll","floor":28.0},{"not_picked":["theScribe:InvigoratingStrike","theScribe:Divination+1"],"picked":"theScribe:GatherComponents+1","floor":29.0},{"not_picked":["theScribe:InvigoratingStrike","theScribe:LightningBolt"],"picked":"theScribe:Split","floor":30.0},{"not_picked":["theScribe:CatalyticCatastrophe","theScribe:Echo"],"picked":"theScribe:ScriptedStarfall","floor":33.0},{"not_picked":["theScribe:LightningBolt","theScribe:MirrorImage"],"picked":"theScribe:SanguineSurge+1","floor":35.0},{"not_picked":["theScribe:SacrificeRitual","theScribe:Divination+1"],"picked":"theScribe:Overcharge+1","floor":36.0},{"not_picked":["theScribe:Meditate+1","theScribe:ThrownScroll"],"picked":"theScribe:FrostvenomToxin+1","floor":37.0},{"not_picked":["theScribe:Incendio","theScribe:TelumSpellstone+1"],"picked":"theScribe:Thunder+1","floor":38.0},{"not_picked":["theScribe:Divination+1","theScribe:PiercingBolts"],"picked":"theScribe:WordsOfPower","floor":39.0},{"not_picked":["theScribe:FocusingBlow","theScribe:ForkedBolt"],"picked":"theScribe:CrystalShield+1","floor":41.0},{"not_picked":["theScribe:Clarity+1","theScribe:BluntWeapons+1"],"picked":"theScribe:FocusingBarrier+1","floor":46.0},{"not_picked":["theScribe:QuickStudy","theScribe:FlowLikeWater"],"picked":"theScribe:Dark+1","floor":47.0},{"not_picked":["theScribe:Dark+1","theScribe:Divination"],"picked":"theScribe:FrostvenomToxin+1","floor":54}],"player_experience":481666,"relics_obtained":[{"floor":6.0,"key":"MawBank"},{"floor":8.0,"key":"Ancient Tea Set"},{"floor":9.0,"key":"PreservedInsect"},{"floor":13.0,"key":"Bronze Scales"},{"floor":23.0,"key":"Bottled Tornado"},{"floor":28.0,"key":"Blood Vial"},{"floor":41.0,"key":"Ornamental Fan"},{"floor":43.0,"key":"Shuriken"},{"floor":46.0,"key":"Lizard Tail"},{"floor":47.0,"key":"Vajra"},{"floor":54,"key":"Lantern"}],"event_choices":[{"damage_healed":0.0,"max_hp_gain":5.0,"max_hp_loss":0.0,"gold_gain":0.0,"event_name":"Big Fish","player_choice":"Donut","floor":3.0,"gold_loss":0.0,"damage_taken":0.0},{"damage_healed":0.0,"max_hp_gain":0.0,"max_hp_loss":0.0,"gold_gain":0.0,"event_name":"The Woman in Blue","player_choice":"Bought 1 Potion","floor":7.0,"gold_loss":0.0,"damage_taken":0.0},{"damage_healed":0.0,"max_hp_gain":0.0,"max_hp_loss":0.0,"gold_gain":0.0,"event_name":"The Joust","player_choice":"Bet on Owner","floor":20.0,"gold_loss":50.0,"damage_taken":0.0},{"damage_healed":0.0,"max_hp_gain":0.0,"max_hp_loss":0.0,"gold_gain":0.0,"event_name":"The Library","player_choice":"Read","floor":22.0,"gold_loss":0.0,"damage_taken":0.0,"cards_obtained":["theScribe:Thunder"]},{"cards_removed":["theScribe:FrostvenomToxin"],"damage_healed":0.0,"max_hp_gain":0.0,"max_hp_loss":0.0,"gold_gain":0.0,"event_name":"Falling","player_choice":"Removed Skill","floor":44.0,"gold_loss":0.0,"damage_taken":0.0},{"damage_healed":0.0,"max_hp_gain":0.0,"max_hp_loss":0.0,"gold_gain":0.0,"event_name":"Mysterious Sphere","player_choice":"Fight","floor":46.0,"gold_loss":0.0,"damage_taken":0.0}],"is_beta":false,"boss_relics":[{"not_picked":["energizedSpire:StickyHand","energizedSpire:EnergizedDie"],"picked":"theScribe:MeditationCircle"},{"not_picked":["Pandora\u0027s Box","energizedSpire:MagnifyingGlass"],"picked":"energizedSpire:RedRose"}],"items_purged_floors":[2,21,45],"is_endless":false,"potions_floor_spawned":[1,5,6,13,14,19,23,27,29,30,35,36,37],"ascension_level":0}}