{"host":"cuki0l1gmktphd86","time":1608449375,"event":{"mods":["ATMod(阿瑾Mod)","BaseMod","Luminous","Minty Spire (QoL Compilation)","StSLib","The Alterego","noobMod","【东方二次创作】八云紫mod","【角色mod】十八桐人","【遗物卡牌】REMEMod"],"gold_per_floor":[114,114,126,144,156,156,156],"floor_reached":6,"playtime":176,"items_purged":[],"score":38,"play_id":"f057ed75-7dd0-44d7-a291-dc5e85b0970e","local_time":"20201220152935","is_ascension_mode":false,"campfire_choices":[],"circlet_count":0,"master_deck":["alterego_mod:Strike","alterego_mod:Strike","alterego_mod:Strike","alterego_mod:Strike","alterego_mod:Defend","alterego_mod:Defend","alterego_mod:Defend","alterego_mod:Defend","alterego_mod:Impale","alterego_mod:BigMeatyClaws","alterego_mod:BrynhildrsRune+1","alterego_mod:Cushion","Luminous:Arcane_Rage_Luminous","alterego_mod:Bounce","alterego_mod:Swimsuit","alterego_mod:PerceptionDisorder"],"relics":["alterego_mod:MasochisticConstitution","ice","AT_ATBox","REME_ComplimentaryCards","NeowsBlessing"],"acts_visited":["Exordium"],"potions_floor_usage":[],"damage_taken":[{"damage":0,"enemies":"Small Slimes","floor":1,"turns":1},{"damage":0,"enemies":"Cultist","floor":3,"turns":1},{"damage":0,"enemies":"Jaw Worm","floor":4,"turns":1},{"damage":12,"enemies":"Exordium Thugs","floor":5,"turns":5},{"damage":11,"enemies":"3 Sentries","floor":6,"turns":1}],"seed_played":"-8870600798902443303","potions_obtained":[{"floor":1,"key":"Strength Potion"},{"floor":4,"key":"SkillPotion"}],"is_trial":false,"path_per_floor":["M","?","M","M","M","E"],"character_chosen":"The_Alterego","items_purchased":[],"campfire_rested":0,"item_purchase_floors":[],"current_hp_per_floor":[70,70,70,70,59,48,48],"gold":156,"neow_bonus":"THREE_ENEMY_KILL","is_daily":false,"chose_seed":false,"campfire_upgraded":0,"win_rate":0.0,"timestamp":1608449375,"path_taken":["M","?","M","?","M","E"],"items_purchased_type":[],"build_version":"2020-12-13","purchased_purges":0,"victory":false,"max_hp_per_floor":[70,70,70,70,71,71,71],"card_choices":[{"not_picked":["alterego_mod:Clap","alterego_mod:Cooking"],"picked":"alterego_mod:Cushion","floor":1},{"not_picked":["alterego_mod:Mirror","alterego_mod:Crossover"],"picked":"alterego_mod:Bounce","floor":3},{"not_picked":["alterego_mod:TrashNCrash","alterego_mod:1TonWallop"],"picked":"alterego_mod:Swimsuit","floor":4},{"not_picked":["alterego_mod:GoddessCore","alterego_mod:Bounce"],"picked":"alterego_mod:PerceptionDisorder","floor":5}],"player_experience":29999,"relics_obtained":[],"event_choices":[{"damage_healed":0,"gold_gain":0,"player_choice":"Forge","damage_taken":0,"max_hp_gain":0,"max_hp_loss":0,"event_name":"Accursed Blacksmith","floor":2,"gold_loss":0,"cards_upgraded":["alterego_mod:BrynhildrsRune"]}],"is_beta":false,"boss_relics":[],"items_purged_floors":[],"is_endless":false,"potions_floor_spawned":[1,4],"killed_by":"3 Sentries","ascension_level":0}}