{"host":"5jrzbyi7mr38r3qm","time":1608467718,"event":{"mods":["Abigail Mod","AchievementEnabler","Aspiration","Astrologer","Bard","Bartender","BaseMod","BetterRewards","Colored Map","Colored Powertips","Conspire","Downfall","Friendly Minions","GifTheSpireLib","Gold Saver","Halation","Hermit","Hubris","Jedi Mod","Jorbs\u0027s Wanderer Trilogy","Kiyohime????","Koishi","Mad Scientist","Magitek Elite","Marisa????????","Minty Spire (QoL Compilation)","Nova Terra(??·??)","Prisma Mod","READ ME - Guardian Mod","Rare Cards Sparkle","Relic Stats","Remilia??????","RumiaBox-????????","Shop Mod","Small Relic Pack","Spikes Relics","StSLib","Stuff the Spire","Td1madao Mod","The Administrix","The Animator","The Blackbeard","The Cursed","The Disciple","The Forsaken","The Gatherer","The Hierophant","The Mystic","The Necromancer","The Poker Player","The Runesmith","The Sage","The Showman","The Valiant","The Witch","TheBandit","TheSwordswoman","vexMod"],"gold_per_floor":[117,128,148,148,158,187,187,207,232,246,246,246,276,286,286,382,382,397,307,81,101,114,114,145,257,296,323,345,357,123,134,134,229,229,241,241,253,8,20,54,74,99,99,99,99,116,133,144,144,144,144,144,22,22,22],"floor_reached":54,"playtime":3270,"items_purged":["TheCursedMod:Strike_TheCursed","TheCursedMod:Strike_TheCursed"],"score":810,"play_id":"97bdd463-546c-4a41-9ea3-318d1fde8e6e","local_time":"20201220123518","is_ascension_mode":false,"campfire_choices":[{"floor":7,"key":"REST"},{"data":"TheCursedMod:SpitefulPray","floor":11,"key":"SMITH"},{"data":"TheCursedMod:CursedMace","floor":15,"key":"SMITH"},{"data":"TheCursedMod:Obscuration","floor":23,"key":"SMITH"},{"floor":32,"key":"RECALL"},{"floor":45,"key":"REST"},{"data":"TheCursedMod:SpitefulPray","floor":49,"key":"SMITH"},{"data":"TheCursedMod:ManaCirculation","floor":52,"key":"SMITH"}],"circlet_count":0,"master_deck":["TheCursedMod:Defend_TheCursed","TheCursedMod:Defend_TheCursed+1","TheCursedMod:Defend_TheCursed","TheCursedMod:Defend_TheCursed","TheCursedMod:CursedWand","TheCursedMod:CleanUpWorkshop","TheCursedMod:Dregs","TheCursedMod:Obscuration+1","TheCursedMod:CursedBlade","TheCursedMod:SpitefulPray+1","TheCursedMod:WearCloak","TheCursedMod:HellsGateOpen","TheCursedMod:SpitefulStrike","TheCursedMod:ManaCirculation+1","TheCursedMod:DemonSword","TheCursedMod:HellfireBreathing+1","TheCursedMod:HellsGateOpen","TheCursedMod:WearCloak+1","TheCursedMod:CircleOfAbyss","TheCursedMod:WearCloak+1","TheCursedMod:CircleOfFlame+1","TheCursedMod:CursedMace+1","TheCursedMod:CursedRelics","TheCursedMod:SpitefulPray+1"],"relics":["TheCursedMod:BlackMagic101","Runesmith:AutoHammer","Happy Flower","Nunchaku","Regal Pillow","Sandwich","SnailShell","MawBank","hubris:Towel","halation:Sosunser","SacredBark","StuffTheSpire:Mouthbags","Gremlin Horn","Art of War","theForsaken:Lifeblossom","relicPack:OneForAll"],"acts_visited":["Exordium","TheCity","TheBeyond","TheEnding"],"potions_floor_usage":[6,8,10,10,13,13,13,24,33,40,40,41,42,47,50,50,54],"damage_taken":[{"damage":2,"enemies":"Small Slimes","floor":1,"turns":4},{"damage":1,"enemies":"Cultist","floor":2,"turns":5},{"damage":0,"enemies":"Jaw Worm","floor":3,"turns":4},{"damage":12,"enemies":"Lots of Slimes","floor":5,"turns":4},{"damage":24,"enemies":"Lagavulin","floor":6,"turns":12},{"damage":0,"enemies":"3 Louse","floor":8,"turns":3},{"damage":7,"enemies":"Exordium Thugs","floor":10,"turns":6},{"damage":0,"enemies":"Gremlin Nob","floor":13,"turns":2},{"damage":0,"enemies":"Blue Slaver","floor":14,"turns":2},{"damage":28,"enemies":"Hexaghost","floor":16,"turns":10},{"damage":20,"enemies":"2 Thieves","floor":18,"turns":4},{"damage":0,"enemies":"conspire:FuzzyDice","floor":21,"turns":3},{"damage":0,"enemies":"Snake Plant","floor":22,"turns":4},{"damage":0,"enemies":"Book of Stabbing","floor":24,"turns":5},{"damage":1,"enemies":"Cultist and Chosen","floor":27,"turns":6},{"damage":0,"enemies":"Centurion and Healer","floor":28,"turns":3},{"damage":4,"enemies":"3 Cultists","floor":31,"turns":5},{"damage":2,"enemies":"Collector","floor":33,"turns":6},{"damage":0,"enemies":"Orb Walker","floor":35,"turns":3},{"damage":0,"enemies":"3 Darklings","floor":37,"turns":6},{"damage":0,"enemies":"Spire Growth","floor":39,"turns":4},{"damage":5,"enemies":"Giant Head","floor":40,"turns":5},{"damage":47,"enemies":"Writhing Mass","floor":41,"turns":6},{"damage":13,"enemies":"Nemesis","floor":42,"turns":7},{"damage":0,"enemies":"Maw","floor":46,"turns":7},{"damage":0,"enemies":"4 Shapes","floor":47,"turns":3},{"damage":1,"enemies":"Sphere and 2 Shapes","floor":48,"turns":4},{"damage":42,"enemies":"Awakened One","floor":50,"turns":8},{"damage":79,"enemies":"Shield and Spear","floor":54,"turns":5}],"seed_played":"-3672664867539976528","potions_obtained":[{"floor":1,"key":"sneckomod:MuddlingPotion"},{"floor":5,"key":"SkillPotion"},{"floor":6,"key":"EntropicBrew"},{"floor":10,"key":"DuplicationPotion"},{"floor":21,"key":"Weak Potion"},{"floor":31,"key":"ColorlessPotion"},{"floor":33,"key":"Energy Potion"},{"floor":35,"key":"LiquidBronze"},{"floor":37,"key":"SmokeBomb"},{"floor":46,"key":"Explosive Potion"},{"floor":48,"key":"PowerPotion"}],"is_trial":false,"path_per_floor":["M","M","M","?","M","E","R","M","T","M","R","?","E","M","R","B",null,"M","?","$","M","M","R","E","?","T","M","M","?","$","M","R","B",null,"M","$","M","$","M","E","M","E","T","?","R","M","M","M","R","B",null,"R","$","E"],"character_chosen":"THE_CURSED","items_purchased":["SnailShell","halation:Sosunser","StuffTheSpire:Mouthbags","EntropicBrew","Block Potion","LiquidBronze"],"campfire_rested":2,"item_purchase_floors":[20,30,38,38,53,53],"current_hp_per_floor":[73,72,72,72,60,36,58,58,58,51,51,51,51,51,51,23,75,55,55,55,55,55,55,55,55,55,54,54,54,54,50,50,48,75,75,75,75,75,75,70,23,10,10,10,47,53,58,63,63,27,75,75,75,0,0],"gold":22,"neow_bonus":"RANDOM_COMMON_RELIC","is_daily":false,"chose_seed":false,"campfire_upgraded":5,"win_rate":0.0,"timestamp":1608467718,"path_taken":["M","M","M","?","M","E","R","M","T","?","R","?","E","M","R","BOSS","M","?","$","?","M","R","E","?","T","M","?","?","?","M","R","BOSS","M","$","M","$","M","E","M","E","T","?","R","M","M","M","R","BOSS","R","$","E"],"items_purchased_type":["Relic","Relic","Relic","Potion","Potion","Potion"],"build_version":"2020-12-13","purchased_purges":2,"victory":false,"max_hp_per_floor":[75,75,75,75,75,75,75,75,75,75,75,75,75,75,75,75,75,75,75,75,75,75,75,75,75,75,75,75,75,75,75,75,75,75,75,75,75,75,75,75,75,75,75,75,75,75,75,75,75,75,75,75,75,75,75],"relic_stats":{"Nunchaku":[26],"Regal Pillow":15,"Happy Flower":[39],"Gremlin Horn":[8,8],"counters":[29,145],"Art of War":[3],"MawBank":72,"obtain_stats":[{"TheCursedMod:BlackMagic101":0,"Regal Pillow":13,"SnailShell":20,"Happy Flower":6,"Gremlin Horn":40,"halation:Sosunser":30,"SacredBark":34,"theForsaken:Lifeblossom":43,"hubris:Towel":29,"MawBank":24,"Sandwich":17,"relicPack:OneForAll":44,"Nunchaku":9,"StuffTheSpire:Mouthbags":38,"Art of War":42,"Runesmith:AutoHammer":0},{"TheCursedMod:BlackMagic101":0,"Regal Pillow":8,"SnailShell":11,"Happy Flower":5,"Gremlin Horn":22,"halation:Sosunser":16,"SacredBark":18,"theForsaken:Lifeblossom":24,"hubris:Towel":16,"MawBank":14,"Sandwich":10,"relicPack:OneForAll":24,"Nunchaku":6,"StuffTheSpire:Mouthbags":20,"Art of War":24,"Runesmith:AutoHammer":0},{"TheCursedMod:BlackMagic101":0,"Regal Pillow":40,"SnailShell":56,"Happy Flower":29,"Gremlin Horn":105,"halation:Sosunser":77,"SacredBark":87,"theForsaken:Lifeblossom":118,"hubris:Towel":77,"MawBank":68,"Sandwich":52,"relicPack:OneForAll":118,"Nunchaku":32,"StuffTheSpire:Mouthbags":96,"Art of War":118,"Runesmith:AutoHammer":0}]},"card_choices":[{"not_picked":["TheCursedMod:Wield","TheCursedMod:SmokeScreen"],"picked":"TheCursedMod:Obscuration","floor":1},{"not_picked":["TheCursedMod:Obscuration","TheCursedMod:RapidMovement"],"picked":"TheCursedMod:CursedBlade","floor":2},{"not_picked":["TheCursedMod:CircleOfCorruption","TheCursedMod:Evocation"],"picked":"TheCursedMod:SpitefulPray","floor":3},{"not_picked":["TheCursedMod:CircleOfFlame","TheCursedMod:RavingStaff"],"picked":"TheCursedMod:WearCloak","floor":5},{"not_picked":["TheCursedMod:RapidMovement","TheCursedMod:SoulCrush"],"picked":"TheCursedMod:HellsGateOpen","floor":6},{"not_picked":["TheCursedMod:Hemoplague","TheCursedMod:ReleasedStrength"],"picked":"TheCursedMod:CursedMace","floor":8},{"not_picked":["TheCursedMod:ReleasedStrength","TheCursedMod:CursedArmor"],"picked":"TheCursedMod:SpitefulStrike","floor":10},{"not_picked":["TheCursedMod:RavingStaff","TheCursedMod:WearCloak","TheCursedMod:SmokeScreen"],"picked":"SKIP","floor":13},{"not_picked":["TheCursedMod:SoulReap","TheCursedMod:Stigma"],"picked":"TheCursedMod:ManaCirculation","floor":14},{"not_picked":["TheCursedMod:DemonicPact","TheCursedMod:CollectTribute"],"picked":"TheCursedMod:DemonSword","floor":16},{"not_picked":["TheCursedMod:CircleOfBlood","TheCursedMod:CircleOfWindfury+1"],"picked":"TheCursedMod:HellfireBreathing+1","floor":18},{"not_picked":["TheCursedMod:BlessingInDisguise+1","TheCursedMod:CursedShiv+1"],"picked":"TheCursedMod:HellsGateOpen","floor":21},{"not_picked":["TheCursedMod:PrepareRite","TheCursedMod:FuryStrike","TheCursedMod:CircleOfFlame"],"picked":"SKIP","floor":22},{"not_picked":["TheCursedMod:Grudge+1","TheCursedMod:AshesToAshes","TheCursedMod:ShockAndAwe"],"picked":"SKIP","floor":24},{"not_picked":["TheCursedMod:Obscuration","TheCursedMod:CursedMace","TheCursedMod:PrepareRite"],"picked":"SKIP","floor":27},{"not_picked":["TheCursedMod:EmpowerCircles","TheCursedMod:Grudge","TheCursedMod:RavingStaff"],"picked":"SKIP","floor":28},{"not_picked":["TheCursedMod:Stigma+1","TheCursedMod:Mangle+1"],"picked":"TheCursedMod:WearCloak+1","floor":31},{"not_picked":["TheCursedMod:ParallelWorld","TheCursedMod:ShockAndAwe"],"picked":"TheCursedMod:CircleOfAbyss","floor":33},{"not_picked":["TheCursedMod:CursedBlade+1","TheCursedMod:ReleasedStrength+1"],"picked":"TheCursedMod:WearCloak+1","floor":35},{"not_picked":["TheCursedMod:Stigma","TheCursedMod:CursedShiv+1"],"picked":"TheCursedMod:CircleOfFlame+1","floor":37},{"not_picked":["TheCursedMod:VitalStrike+1","TheCursedMod:SpitefulStrike"],"picked":"TheCursedMod:CursedRelics","floor":39},{"not_picked":["TheCursedMod:CursedBlade+1","TheCursedMod:DoubleShield","TheCursedMod:Obscuration+1"],"picked":"SKIP","floor":40},{"not_picked":["TheCursedMod:CircleOfCorruption+1","TheCursedMod:CursedBoomerang+1","TheCursedMod:Stigma"],"picked":"SKIP","floor":41},{"not_picked":["TheCursedMod:ManaBullet+1","TheCursedMod:SurpriseAttack"],"picked":"TheCursedMod:SpitefulPray","floor":42},{"not_picked":["TheCursedMod:SmokeScreen+1","TheCursedMod:CursedAmulet+1","TheCursedMod:BlessingInDisguise+1"],"picked":"SKIP","floor":46},{"not_picked":["TheCursedMod:CircleOfFocus+1","TheCursedMod:DoubleShield+1","TheCursedMod:CursedShiv"],"picked":"SKIP","floor":47},{"not_picked":["TheCursedMod:FleshFromBone+1","TheCursedMod:Torture","TheCursedMod:TroublousMinions+1"],"picked":"SKIP","floor":48}],"player_experience":440494,"relics_obtained":[{"floor":6,"key":"Happy Flower"},{"floor":9,"key":"Nunchaku"},{"floor":13,"key":"Regal Pillow"},{"floor":24,"key":"MawBank"},{"floor":40,"key":"Gremlin Horn"},{"floor":42,"key":"Art of War"},{"floor":43,"key":"theForsaken:Lifeblossom"}],"event_choices":[{"cards_removed":["TheCursedMod:Strike_TheCursed"],"damage_healed":0,"gold_gain":0,"player_choice":"Card Removal","damage_taken":0,"max_hp_gain":0,"max_hp_loss":0,"event_name":"Wheel of Change","floor":4,"gold_loss":0},{"damage_healed":0,"gold_gain":0,"player_choice":"Bought 0 Potions","damage_taken":0,"max_hp_gain":0,"max_hp_loss":0,"event_name":"The Woman in Blue","floor":12,"gold_loss":0},{"cards_removed":["TheCursedMod:Strike_TheCursed"],"damage_healed":0,"gold_gain":0,"player_choice":"Upgrade and Remove","damage_taken":0,"max_hp_gain":0,"max_hp_loss":0,"event_name":"Designer","floor":19,"gold_loss":90,"cards_upgraded":["TheCursedMod:Defend_TheCursed"]},{"damage_healed":0,"gold_gain":100,"player_choice":"Pray","damage_taken":0,"max_hp_gain":0,"max_hp_loss":0,"event_name":"Golden Shrine","floor":25,"gold_loss":0}],"is_beta":false,"boss_relics":[{"not_picked":["aspiration:IroncladSkillbook","Busted Crown"],"picked":"Sandwich"},{"not_picked":["CosmicIsotope","Astrolabe"],"picked":"SacredBark"}],"items_purged_floors":[20,30],"is_endless":false,"potions_floor_spawned":[1,5,6,10,21,31,33,35,37,46,48],"killed_by":"Shield and Spear","ascension_level":0}}