{"host":"qie07cxbi2v0we72","time":1608484796,"event":{"mods":["BaseMod","Minty Spire (QoL Compilation)","Relic Stats","StSLib","SuperFastMode","Waifu the Spire","thorton"],"gold_per_floor":[116,78,78,99,121,121,71,107,132,132,132,154,154,194,194,323,323,346,195,195,228,256,256,292,292,317,317,328,328,328],"floor_reached":28,"playtime":957,"items_purged":[],"score":208,"play_id":"8261e7c8-6da1-4b4f-b7ed-0896dd5b92fc","local_time":"20201220181956","is_ascension_mode":false,"campfire_choices":[{"data":"thethorton:Heckle","floor":6,"key":"SMITH"},{"data":"thethorton:SummonProfit","floor":10,"key":"SMITH"},{"floor":15,"key":"REST"},{"floor":23,"key":"REST"},{"floor":25,"key":"REST"}],"circlet_count":0,"master_deck":["thethorton:Strike+1","thethorton:Strike","thethorton:Strike","thethorton:Strike+1","thethorton:Defend","thethorton:Defend","thethorton:Defend","thethorton:Defend","thethorton:Heckle+1","thethorton:CreditCard","thethorton:WhirlingBriefcase","thethorton:LastDitchEffort","Injury","thethorton:PowerUp","thethorton:BusinessBash","thethorton:SummonProfit+1","thethorton:PocketChange","thethorton:YoureFired","thethorton:ThickSkin","thethorton:BusinessCard","thethorton:BusinessBurst","thethorton:GoldBuffer"],"relics":["thethorton:CouragePotion","NeowsBlessing","Golden Idol","Odd Mushroom","thethorton:BusinessCardPrinter","Centennial Puzzle","SacredBark","Juzu Bracelet","PreservedInsect","Turnip","Whetstone"],"acts_visited":["Exordium","TheCity"],"potions_floor_usage":[16,22,22],"damage_taken":[{"damage":0,"enemies":"Small Slimes","floor":1,"turns":1},{"damage":0,"enemies":"2 Louse","floor":4,"turns":2},{"damage":0,"enemies":"Cultist","floor":5,"turns":1},{"damage":27,"enemies":"The Mushroom Lair","floor":8,"turns":6},{"damage":4,"enemies":"Blue Slaver","floor":12,"turns":4},{"damage":18,"enemies":"Lots of Slimes","floor":14,"turns":4},{"damage":35,"enemies":"Hexaghost","floor":16,"turns":11},{"damage":9,"enemies":"Chosen","floor":18,"turns":4},{"damage":18,"enemies":"3 Byrds","floor":21,"turns":6},{"damage":26,"enemies":"Centurion and Healer","floor":22,"turns":8},{"damage":22,"enemies":"Snake Plant","floor":24,"turns":6},{"damage":42,"enemies":"Snecko","floor":28,"turns":7}],"seed_played":"1297341303919118850","potions_obtained":[{"floor":4,"key":"SteroidPotion"},{"floor":8,"key":"BlessingOfTheForge"},{"floor":11,"key":"Explosive Potion"},{"floor":11,"key":"GamblersBrew"},{"floor":21,"key":"DistilledChaos"}],"is_trial":false,"path_per_floor":["M","$","?","M","M","R","?","?","T","R","?","M","?","M","R","B",null,"M","$","?","M","M","R","M","R","T","?","M"],"character_chosen":"THE_THORT","items_purchased":["thethorton:LastDitchEffort","Juzu Bracelet"],"campfire_rested":3,"item_purchase_floors":[2,19],"current_hp_per_floor":[68,68,68,68,68,68,68,41,41,41,41,37,37,19,39,4,68,59,59,59,41,15,35,13,33,33,33,0,0,0],"gold":328,"neow_bonus":"THREE_ENEMY_KILL","is_daily":false,"chose_seed":false,"campfire_upgraded":2,"win_rate":0.0,"timestamp":1608484796,"path_taken":["M","$","?","M","M","R","?","?","T","R","?","?","?","M","R","BOSS","M","?","?","M","M","R","M","R","T","?","M"],"items_purchased_type":["Card","Relic"],"build_version":"2020-12-13","purchased_purges":0,"victory":false,"max_hp_per_floor":[68,68,68,68,68,68,68,68,68,68,68,68,68,68,68,68,68,68,68,68,68,68,68,68,68,68,68,68,68,68],"relic_stats":{"Centennial Puzzle":[21],"counters":[12,60],"Golden Idol":60,"PreservedInsect":0,"Turnip":[2],"Juzu Bracelet":1,"Whetstone":["thethorton:Strike","thethorton:Strike"],"obtain_stats":[{"Centennial Puzzle":13,"NeowsBlessing":0,"Golden Idol":3,"thethorton:BusinessCardPrinter":9,"SacredBark":17,"PreservedInsect":21,"Turnip":24,"thethorton:CouragePotion":0,"Juzu Bracelet":19,"Whetstone":26,"Odd Mushroom":8},{"Centennial Puzzle":5,"NeowsBlessing":0,"Golden Idol":1,"thethorton:BusinessCardPrinter":4,"SacredBark":7,"PreservedInsect":9,"Turnip":11,"thethorton:CouragePotion":0,"Juzu Bracelet":8,"Whetstone":11,"Odd Mushroom":4},{"Centennial Puzzle":14,"NeowsBlessing":0,"Golden Idol":1,"thethorton:BusinessCardPrinter":10,"SacredBark":29,"PreservedInsect":34,"Turnip":51,"thethorton:CouragePotion":0,"Juzu Bracelet":33,"Whetstone":53,"Odd Mushroom":10}]},"card_choices":[{"not_picked":["thethorton:BookBash","thethorton:CoinShield"],"picked":"thethorton:WhirlingBriefcase","floor":1},{"not_picked":["thethorton:LongDaysWork","thethorton:CoinClash"],"picked":"thethorton:PowerUp","floor":4},{"not_picked":["thethorton:WhirlingBriefcase","thethorton:BusinessCard"],"picked":"thethorton:BusinessBash","floor":5},{"not_picked":["thethorton:DesperateRun","thethorton:CoffeeBlast"],"picked":"thethorton:SummonProfit","floor":8},{"not_picked":["thethorton:HitAhead","thethorton:ShoutAndRun","thethorton:Distance"],"picked":"SKIP","floor":12},{"not_picked":["thethorton:LongTermPayoff","thethorton:BookBash"],"picked":"thethorton:PocketChange","floor":14},{"not_picked":["thethorton:EquivalentExchange","thethorton:ScalingIsWin"],"picked":"thethorton:YoureFired","floor":16},{"not_picked":["thethorton:HedgeFund","thethorton:AngerMoment"],"picked":"thethorton:ThickSkin","floor":18},{"not_picked":["thethorton:FearfulRun","thethorton:BattleTrash","thethorton:RunningFeint"],"picked":"SKIP","floor":21},{"not_picked":["thethorton:GoldBuffer","thethorton:DownPayment+1"],"picked":"thethorton:BusinessBurst","floor":22},{"not_picked":["thethorton:TakeAccounts","thethorton:ChartProject+1"],"picked":"thethorton:GoldBuffer","floor":24}],"player_experience":890844,"relics_obtained":[{"floor":8,"key":"Odd Mushroom"},{"floor":9,"key":"thethorton:BusinessCardPrinter"},{"floor":26,"key":"Whetstone"}],"event_choices":[{"damage_healed":0,"gold_gain":0,"player_choice":"Take Wound","damage_taken":0,"relics_obtained":["Golden Idol"],"max_hp_gain":0,"max_hp_loss":0,"event_name":"Golden Idol","floor":3,"gold_loss":0,"cards_obtained":["Injury"]},{"cards_removed":["Normality"],"damage_healed":0,"gold_gain":0,"player_choice":"Card Removal","damage_taken":0,"max_hp_gain":0,"max_hp_loss":0,"event_name":"The Cleric","floor":7,"gold_loss":50},{"damage_healed":0,"gold_gain":0,"player_choice":"Fought Mushrooms","damage_taken":0,"max_hp_gain":0,"max_hp_loss":0,"event_name":"Mushrooms","floor":8,"gold_loss":0},{"damage_healed":0,"gold_gain":0,"player_choice":"Got Potions","damage_taken":0,"max_hp_gain":0,"max_hp_loss":0,"event_name":"Lab","floor":11,"gold_loss":0},{"damage_healed":0,"gold_gain":0,"player_choice":"Gave Potion","damage_taken":0,"relics_obtained":["Centennial Puzzle"],"max_hp_gain":0,"max_hp_loss":0,"event_name":"WeMeetAgain","floor":13,"gold_loss":0},{"damage_healed":0,"gold_gain":0,"player_choice":"Read","damage_taken":0,"max_hp_gain":0,"max_hp_loss":0,"event_name":"The Library","floor":20,"gold_loss":0,"cards_obtained":["thethorton:BusinessCard"]},{"damage_healed":0,"gold_gain":0,"player_choice":"Ignored","damage_taken":0,"max_hp_gain":0,"max_hp_loss":0,"event_name":"Cursed Tome","floor":27,"gold_loss":0}],"is_beta":false,"boss_relics":[{"not_picked":["Astrolabe","Snecko Eye"],"picked":"SacredBark"}],"items_purged_floors":[],"is_endless":false,"potions_floor_spawned":[4,8,21],"killed_by":"Snecko","ascension_level":0}}