{"host":"3qj1vaxru8jk8t9y","time":1608489103,"event":{"mods":["2.2 Compatiblity","AchievementEnabler","Act Like it!","BaseMod","Better Note","BetterRewards","Block Reminder","Colored Map","Colored Powertips","GifTheSpireLib","Highlight Path","Hubris","Minty Spire (QoL Compilation)","Permanent Neow","Quick Restart","Rare Cards Sparkle","Relic Sorter","Shop Mod","StSLib"],"gold_per_floor":[111,111,130,130,130,160,213,238,238,238,248,248,323,339,339,439,439,451,451,991,1002,1016,1016,1071,1097,1123,1149,1149,1126,1126,1154,1154,1251,1251,1269,1320,1260,1280,1298,1323,1333,1333,1333,1344,1377,1377,1404,1416,1428,1440],"floor_reached":51,"playtime":5463,"items_purged":[],"score":1361,"play_id":"ca3e5e07-f03d-47d8-b1d1-53d9971001da","local_time":"20201221023143","is_ascension_mode":true,"campfire_choices":[{"floor":12,"key":"REST"},{"data":"hubris:DuctTapeCard","floor":15,"key":"SMITH"},{"floor":23,"key":"REST"},{"data":"Limit Break","floor":30,"key":"SMITH"},{"data":"Exhume","floor":32,"key":"SMITH"},{"data":"Bash","floor":42,"key":"SMITH"},{"data":"Panacea","floor":49,"key":"SMITH"}],"circlet_count":0,"master_deck":["Strike_R","Strike_R","Strike_R","Defend_R","Defend_R","Bash+1","hubris:DuctTapeCard+2","Feel No Pain","Havoc+1","hubris:SharpeningStone","Reckless Charge","Sentinel","Pommel Strike","Inflame+1","Pommel Strike+1","Inflame+1","Limit Break+1","Sword Boomerang+1","Shrug It Off","Dropkick+1","Dark Embrace+1","Exhume+1","Feed+1","Sword Boomerang+1","hubris:ReadiedAction+1","Twin Strike+1","Heavy Blade+1","Panacea+1"],"relics":["Burning Blood","hubris:Icosahedron","Charon\u0027s Ashes","hubris:DuctTape","hubris:NiceRug","Gremlin Horn","hubris:SlimyHat","Frozen Egg 2","Molten Egg 2","hubris:Stopwatch","Regal Pillow","Red Mask","Omamori","Red Skull","hubris:BottledRain","hubris:ChampionShield","hubris:RunicObelisk","Pocketwatch","Smiling Mask","Sundial","Strawberry","MawBank"],"acts_visited":["Exordium","TheCity","TheBeyond"],"potions_floor_usage":[16,16,27,33,36,45],"damage_taken":[{"damage":6,"enemies":"2 Louse","floor":1,"turns":3},{"damage":4,"enemies":"Jaw Worm","floor":3,"turns":2},{"damage":48,"enemies":"Gremlin Nob","floor":6,"turns":6},{"damage":1,"enemies":"3 Sentries","floor":8,"turns":6},{"damage":6,"enemies":"Small Slimes","floor":11,"turns":3},{"damage":7,"enemies":"Exordium Thugs","floor":14,"turns":2},{"damage":0,"enemies":"Slime Boss","floor":16,"turns":4},{"damage":3,"enemies":"Spheric Guardian","floor":18,"turns":4},{"damage":0,"enemies":"3 Byrds","floor":21,"turns":3},{"damage":0,"enemies":"Centurion and Healer","floor":22,"turns":6},{"damage":0,"enemies":"Masked Bandits","floor":25,"turns":4},{"damage":9,"enemies":"Gremlin Leader","floor":27,"turns":5},{"damage":0,"enemies":"Book of Stabbing","floor":29,"turns":6},{"damage":15,"enemies":"Slavers","floor":31,"turns":5},{"damage":0,"enemies":"Champ","floor":33,"turns":7},{"damage":0,"enemies":"Orb Walker","floor":35,"turns":3},{"damage":14,"enemies":"2 Orb Walkers","floor":36,"turns":6},{"damage":0,"enemies":"3 Darklings","floor":38,"turns":4},{"damage":0,"enemies":"Transient","floor":39,"turns":5},{"damage":0,"enemies":"Giant Head","floor":40,"turns":6},{"damage":0,"enemies":"Spire Growth","floor":41,"turns":4},{"damage":4,"enemies":"Writhing Mass","floor":44,"turns":4},{"damage":22,"enemies":"Nemesis","floor":45,"turns":7},{"damage":0,"enemies":"Giant Head","floor":47,"turns":5},{"damage":0,"enemies":"hubris:GrandSnecko","floor":50,"turns":6}],"seed_played":"4465217793225580476","potions_obtained":[{"floor":3,"key":"FearPotion"},{"floor":6,"key":"Energy Potion"},{"floor":14,"key":"HeartOfIron"},{"floor":22,"key":"BloodPotion"},{"floor":25,"key":"SteroidPotion"},{"floor":29,"key":"Strength Potion"},{"floor":38,"key":"Dexterity Potion"},{"floor":40,"key":"Explosive Potion"},{"floor":44,"key":"PowerPotion"}],"is_trial":false,"path_per_floor":["M","$","M","$","?","E","T","E","T","?","M","R","?","M","R","B",null,"M","?","?","M","M","R","T","?","T","E","?","E","R","E","R","B",null,"M","?","?","M","M","E","M","R","T","M","E","?","E","?","R","B",null],"character_chosen":"IRONCLAD","items_purchased":["hubris:SharpeningStone"],"campfire_rested":2,"item_purchase_floors":[0],"current_hp_per_floor":[72,72,74,74,74,32,32,37,37,37,37,61,50,49,49,55,80,80,80,23,29,35,59,59,65,65,62,47,53,53,44,44,50,85,85,77,77,83,85,85,85,85,85,85,76,76,82,82,82,88],"gold":1452,"neow_bonus":"","is_daily":false,"chose_seed":false,"campfire_upgraded":5,"win_rate":0.0,"timestamp":1608489103,"path_taken":["M","$","M","$","?","E","?","E","T","?","?","R","?","M","R","BOSS","M","?","?","M","?","R","?","?","T","E","?","E","R","E","R","BOSS","M","?","?","?","M","E","M","R","T","?","E","?","E","?","R","BOSS"],"items_purchased_type":["Card"],"build_version":"2020-12-13","purchased_purges":0,"victory":true,"max_hp_per_floor":[80,80,80,80,80,80,80,80,80,80,80,80,80,80,80,80,80,80,80,80,80,80,80,80,80,80,80,85,85,85,85,85,85,85,85,85,85,85,85,85,85,85,85,85,92,92,92,92,92,92],"card_choices":[{"not_picked":["Headbutt","Cleave"],"picked":"Reckless Charge","floor":1},{"not_picked":["Carnage","Combust"],"picked":"Sentinel","floor":3},{"not_picked":["Battle Trance","Ghostly Armor"],"picked":"Pommel Strike","floor":6},{"not_picked":["Demon Form+1","Spot Weakness"],"picked":"Inflame+1","floor":8},{"not_picked":["Sword Boomerang+1","Iron Wave+1"],"picked":"Pommel Strike+1","floor":11},{"not_picked":["Rage","Flame Barrier"],"picked":"Inflame+1","floor":14},{"not_picked":["Double Tap","Brutality+1"],"picked":"Limit Break","floor":16},{"not_picked":["True Grit","Rage"],"picked":"Sword Boomerang+1","floor":18},{"not_picked":["Searing Blow+1","Second Wind"],"picked":"Shrug It Off","floor":21},{"not_picked":["hubris:ReadiedAction","Anger+1","Wild Strike+1"],"picked":"SKIP","floor":22},{"not_picked":["Flame Barrier","Wild Strike+1"],"picked":"Dropkick+1","floor":25},{"not_picked":["Anger+1","Blood for Blood+1","Havoc"],"picked":"SKIP","floor":27},{"not_picked":["Burning Pact","Heavy Blade+1"],"picked":"Dark Embrace+1","floor":29},{"not_picked":["Sever Soul+1","Carnage+1"],"picked":"Exhume","floor":31},{"not_picked":["Fiend Fire+1","Exhume"],"picked":"Feed+1","floor":33},{"not_picked":["Rage","Entrench","Armaments"],"picked":"SKIP","floor":35},{"not_picked":["Wild Strike+1","Shockwave"],"picked":"Sword Boomerang+1","floor":36},{"not_picked":["Shrug It Off+1","True Grit+1","Flame Barrier"],"picked":"SKIP","floor":38},{"not_picked":["Body Slam+1","hubris:CleavingFinish+1"],"picked":"hubris:ReadiedAction+1","floor":39},{"not_picked":["Shrug It Off+1","Thunderclap+1","Perfected Strike+1"],"picked":"SKIP","floor":40},{"not_picked":["Havoc+1","Second Wind"],"picked":"Twin Strike+1","floor":41},{"not_picked":["Hemokinesis+1","Blood for Blood+1"],"picked":"Heavy Blade+1","floor":44},{"not_picked":["hubris:ReadiedAction","Dual Wield","Carnage+1"],"picked":"SKIP","floor":45},{"not_picked":["Offering","Warcry","hubris:CleavingFinish+1"],"picked":"SKIP","floor":47},{"not_picked":["hubris:Ssssneak","Forethought"],"picked":"Panacea","floor":48}],"player_experience":307041,"relics_obtained":[{"floor":6,"key":"Gremlin Horn"},{"floor":7,"key":"hubris:SlimyHat"},{"floor":8,"key":"Frozen Egg 2"},{"floor":9,"key":"Molten Egg 2"},{"floor":24,"key":"Regal Pillow"},{"floor":25,"key":"Red Mask"},{"floor":26,"key":"Omamori"},{"floor":27,"key":"Red Skull"},{"floor":29,"key":"hubris:BottledRain"},{"floor":31,"key":"hubris:ChampionShield"},{"floor":36,"key":"Pocketwatch"},{"floor":40,"key":"Smiling Mask"},{"floor":43,"key":"Sundial"},{"floor":45,"key":"Strawberry"},{"floor":47,"key":"MawBank"}],"event_choices":[{"damage_healed":0,"gold_gain":0,"player_choice":"Ignored","damage_taken":0,"max_hp_gain":0,"max_hp_loss":0,"event_name":"Shining Light","floor":10,"gold_loss":0},{"damage_healed":0,"gold_gain":75,"player_choice":"Gather Gold","damage_taken":11,"max_hp_gain":0,"max_hp_loss":0,"event_name":"World of Goop","floor":13,"gold_loss":0},{"cards_removed":["Sentinel"],"damage_healed":0,"gold_gain":0,"player_choice":"Give","damage_taken":0,"max_hp_gain":0,"max_hp_loss":0,"event_name":"betterNote:BetterNote","floor":19,"gold_loss":0,"cards_obtained":["Strike_P"]},{"damage_healed":0,"gold_gain":540,"player_choice":"GOLD GOLD GOLD GOLD GOLD GOLD ","damage_taken":57,"max_hp_gain":0,"max_hp_loss":0,"event_name":"Knowing Skull","floor":20,"potions_obtained":[],"gold_loss":0,"cards_obtained":[]},{"damage_healed":0,"gold_gain":0,"player_choice":"Fought Bandits","damage_taken":0,"max_hp_gain":0,"max_hp_loss":0,"event_name":"Masked Bandits","floor":25,"gold_loss":0},{"damage_healed":0,"gold_gain":0,"player_choice":"Shed Blood","damage_taken":20,"max_hp_gain":5,"max_hp_loss":0,"event_name":"Forgotten Altar","floor":28,"gold_loss":0},{"damage_healed":0,"gold_gain":0,"player_choice":"Fight","damage_taken":0,"max_hp_gain":0,"max_hp_loss":0,"event_name":"Mysterious Sphere","floor":36,"gold_loss":0},{"cards_removed":["Strike_R"],"damage_healed":0,"gold_gain":0,"player_choice":"Single Remove","damage_taken":0,"max_hp_gain":0,"max_hp_loss":0,"event_name":"Designer","floor":37,"gold_loss":60},{"damage_healed":0,"gold_gain":0,"player_choice":"Memory 1","damage_taken":0,"max_hp_gain":0,"max_hp_loss":0,"event_name":"SensoryStone","floor":48,"gold_loss":0}],"is_beta":false,"boss_relics":[{"not_picked":["Sozu","hubris:HollowSoul"],"picked":"hubris:Stopwatch"},{"not_picked":["hubris:GrandSneckoEye","Velvet Choker"],"picked":"hubris:RunicObelisk"}],"items_purged_floors":[],"is_endless":false,"potions_floor_spawned":[3,6,14,22,25,29,38,40,41,44],"ascension_level":1}}