{"host":"2o3sockympbxxanu","time":1608458876,"event":{"mods":["AchievementEnabler","BaseMod","Colored Map","Colored Powertips","Downfall","Marisa£®ÏF”Í°°ƒß¿Ì…≥£©","Minty Spire (QoL Compilation)","StSLib"],"gold_per_floor":[114,67,84,103,103,103,103,103,103],"floor_reached":8,"playtime":266,"items_purged":[],"score":48,"play_id":"5f17cc61-0b21-487c-96f3-6a73f06fafed","local_time":"20201220180756","is_ascension_mode":true,"campfire_choices":[{"data":"Eruption","floor":6.0,"key":"SMITH"}],"circlet_count":0,"master_deck":["Strike_P","Strike_P","Strike_P","Defend_P","Defend_P","Defend_P","Defend_P","Eruption+1","Vigilance","Prostrate","EmptyBody","Prostrate","DeceiveReality","FearNoEvil"],"relics":["PureWater"],"acts_visited":["Exordium"],"potions_floor_usage":[],"damage_taken":[{"damage":0.0,"enemies":"Small Slimes","floor":1.0,"turns":4.0},{"damage":2.0,"enemies":"Jaw Worm","floor":3.0,"turns":4.0},{"damage":1.0,"enemies":"2 Louse","floor":4.0,"turns":4.0},{"damage":77,"enemies":"Gremlin Nob","floor":8,"turns":6}],"seed_played":"3637400279789739169","potions_obtained":[{"floor":3.0,"key":"BottledMiracle"}],"is_trial":false,"path_per_floor":["M","$","M","M","?","R","?","E"],"character_chosen":"WATCHER","items_purchased":["Prostrate"],"campfire_rested":0,"item_purchase_floors":[2],"current_hp_per_floor":[72,72,70,69,69,69,69,0,0],"gold":103,"neow_bonus":"THREE_CARDS","is_daily":false,"chose_seed":false,"campfire_upgraded":1,"win_rate":0.0,"timestamp":1608458876,"path_taken":["M","$","M","M","?","R","?","E"],"items_purchased_type":["Card"],"build_version":"2020-12-13","purchased_purges":0,"victory":false,"max_hp_per_floor":[72,72,72,72,72,72,72,72,72],"card_choices":[{"not_picked":["WheelKick","EmptyFist"],"picked":"Prostrate","floor":0.0},{"not_picked":["Crescendo","ClearTheMind"],"picked":"EmptyBody","floor":1.0},{"not_picked":["FlyingSleeves","EmptyBody","SashWhip"],"picked":"SKIP","floor":3.0},{"not_picked":["Meditate","Indignation"],"picked":"DeceiveReality","floor":4.0}],"player_experience":250979,"relics_obtained":[],"event_choices":[{"damage_healed":0.0,"max_hp_gain":0.0,"max_hp_loss":0.0,"gold_gain":0.0,"cards_transformed":["Strike_P"],"event_name":"Living Wall","player_choice":"Change","floor":5.0,"gold_loss":0.0,"damage_taken":0.0,"cards_obtained":["FearNoEvil"]},{"damage_healed":0.0,"max_hp_gain":0.0,"max_hp_loss":0.0,"gold_gain":0.0,"event_name":"Dead Adventurer","player_choice":"Searched \u00271\u0027 times","floor":7.0,"gold_loss":0.0,"damage_taken":0.0}],"is_beta":false,"boss_relics":[],"items_purged_floors":[],"is_endless":false,"potions_floor_spawned":[3],"killed_by":"Gremlin Nob","ascension_level":1}}