{"host":"jx3f6ezc0g3s9edc","time":1608432553,"event":{"mods":["AchievementEnabler","BaseMod","Bestiary","Colored Map","Highlight Path","Minty Spire (QoL Compilation)","StSLib"],"gold_per_floor":[119,119,194,26,43,43,70,70,70,99,99,125,125,203,203,203,203],"floor_reached":16,"playtime":1198,"items_purged":["Strike_P"],"score":120,"play_id":"e5f9bb15-125c-443a-9fec-e8ebac08b4ef","local_time":"20201219214913","is_ascension_mode":true,"campfire_choices":[{"data":"Eruption","floor":6,"key":"SMITH"},{"data":"Halt","floor":8,"key":"SMITH"},{"floor":11,"key":"REST"},{"floor":13,"key":"REST"},{"floor":15,"key":"REST"}],"circlet_count":0,"master_deck":["Strike_P","Strike_P","Strike_P","Defend_P","Defend_P","Defend_P","Defend_P","Eruption+1","Vigilance","Wireheading","LikeWater","Halt+1","EmptyBody","EmptyFist","Crescendo","LessonLearned"],"relics":["Black Star","WingedGreaves","Ornamental Fan","MealTicket","White Beast Statue","Incense Burner","Kunai","Juzu Bracelet"],"acts_visited":["Exordium"],"potions_floor_usage":[16,16],"damage_taken":[{"damage":0,"enemies":"Small Slimes","floor":1,"turns":3},{"damage":6,"enemies":"2 Louse","floor":5,"turns":4},{"damage":12,"enemies":"3 Sentries","floor":7,"turns":16},{"damage":37,"enemies":"Gremlin Nob","floor":10,"turns":6},{"damage":15,"enemies":"3 Sentries","floor":12,"turns":13},{"damage":67,"enemies":"Hexaghost","floor":16,"turns":16}],"seed_played":"-6156934257292595829","potions_obtained":[{"floor":1,"key":"SneckoOil"},{"floor":5,"key":"Block Potion"},{"floor":10,"key":"SkillPotion"},{"floor":12,"key":"DuplicationPotion"}],"is_trial":false,"path_per_floor":["M","?","?","$","M","R","E","R","T","E","R","E","R","?","R","B"],"character_chosen":"WATCHER","items_purchased":["LikeWater","Halt"],"campfire_rested":3,"item_purchase_floors":[4,4],"current_hp_per_floor":[72,77,66,66,60,60,48,48,48,11,34,19,42,42,65,0,0],"gold":203,"neow_bonus":"BOSS_RELIC","is_daily":false,"chose_seed":false,"campfire_upgraded":2,"win_rate":0.0,"timestamp":1608432553,"path_taken":["M","?","?","$","M","R","E","R","T","E","R","E","R","?","R","BOSS"],"items_purchased_type":["Card","Card"],"build_version":"2020-12-13","purchased_purges":1,"victory":false,"max_hp_per_floor":[72,77,77,77,77,77,77,77,77,77,77,77,77,77,77,77,77],"card_choices":[{"not_picked":["ThirdEye","FlurryOfBlows"],"picked":"Wireheading","floor":1},{"not_picked":["Prostrate","ClearTheMind"],"picked":"EmptyBody","floor":5},{"not_picked":["PathToVictory","SashWhip"],"picked":"EmptyFist","floor":7},{"not_picked":["SpiritShield","Devotion"],"picked":"Crescendo","floor":10},{"not_picked":["WheelKick","Protect"],"picked":"LessonLearned","floor":12}],"player_experience":699276,"relics_obtained":[{"floor":7,"key":"WingedGreaves"},{"floor":7,"key":"Ornamental Fan"},{"floor":9,"key":"MealTicket"},{"floor":10,"key":"White Beast Statue"},{"floor":10,"key":"Incense Burner"},{"floor":12,"key":"Kunai"},{"floor":12,"key":"Juzu Bracelet"}],"event_choices":[{"damage_healed":0,"gold_gain":0,"player_choice":"Donut","damage_taken":0,"max_hp_gain":5,"max_hp_loss":0,"event_name":"Big Fish","floor":2,"gold_loss":0},{"damage_healed":0,"gold_gain":75,"player_choice":"Gather Gold","damage_taken":11,"max_hp_gain":0,"max_hp_loss":0,"event_name":"World of Goop","floor":3,"gold_loss":0},{"damage_healed":0,"gold_gain":78,"player_choice":"Gained Gold","damage_taken":0,"max_hp_gain":0,"max_hp_loss":0,"event_name":"Golden Wing","floor":14,"gold_loss":0}],"is_beta":false,"boss_relics":[],"items_purged_floors":[4],"is_endless":false,"potions_floor_spawned":[1,5,10,12],"killed_by":"Hexaghost","ascension_level":1}}