{"host":"Teixeira","time":1608434438,"event":{"mods":["2.2 Compatiblity","Aspiration","BaseMod","Better Match","Better Note","Better Sensory Stone","Better Skull","Better Third Choice","Colored Map","Colored Powertips","Hermit","Hubris","Infinite Spire","Marked Mod","Minty Spire (QoL Compilation)","Permanent Neow","Quick Restart","Rare Cards Sparkle","Relic Filter","Replay The Spire","Spicy Shops","StSLib","SuperFastMode"],"gold_per_floor":[218,234,250,250,27,67,131,174,174,174,192,192,236,18,18,148,211,227,13,31,484,499,539,539,574,601,601,639,639,664,664,664,795,795,810,98,121,121,145,145,183,308,332,232,248,273,293,293,293,293,293,293,38,74,74],"floor_reached":56,"playtime":4346,"items_purged":["Decay","MarkedMod:Acupuncture","MarkedMod:PinPointDefense","Defend_P"],"score":1758,"play_id":"b2b8e36f-fd04-4964-96b3-133f806035d5","local_time":"20201220002038","is_ascension_mode":true,"campfire_choices":[{"data":"Pray","floor":10.0,"key":"SMITH"},{"data":"Prostrate","floor":15.0,"key":"SMITH"},{"floor":24.0,"key":"REST"},{"data":"CrushJoints","floor":27.0,"key":"SMITH"},{"floor":29.0,"key":"RECALL"},{"data":"SandsOfTime","floor":32.0,"key":"SMITH"},{"data":"Eruption","floor":40,"key":"SMITH"},{"floor":49,"key":"REST"},{"data":"Strike_P","floor":52,"key":"SMITH"}],"circlet_count":0,"master_deck":["Strike_P","Strike_P","Strike_P+1","Strike_P+1","Defend_P","Defend_P","Defend_P","Vigilance+1","Meditate+1","CrushJoints+1","Pray+1","Prostrate+1","SandsOfTime+1","Brilliance+1","Pray+1","Wallop+1","ReplayTheSpireMod:Chaos Vortex+1"],"relics":["PureWater","Golden Idol","Question Card","hubris:Towel","ReplayTheSpireMod:CursedCoin","Omamori","The Courier","Mirror","White Beast Statue","hubris:MysteriousPyramids","Happy Flower","Membership Card","Tiny House","hubris:TenFootPole","DollysMirror","hubris:HerbalPaste","hubris:ToyBattleship","Potion Belt","Gremlin Food","Juzu Bracelet","Lantern","Golden Egg","hubris:Backtick","hubris:OldNail","hubris:EmptyBottle","ReplayFunnel","Nunchaku","Bag of Preparation","Bronze Scales","hubris:BundleOfHerbs","infinitespire:WardingShard","Pet Ghost","ReplayTheSpireMod:TigerMarble","hubris:CrystalStatue","FossilizedHelix","Replay:Wax Seal","Onion Ring","Damaru","aspiration:FrozenJewel","aspiration:Nostalgia","Iron Core","Anchor"],"acts_visited":["Exordium","TheCity","TheBeyond","TheEnding"],"potions_floor_usage":[35,35,41,55,55,55,55,55,55,55,55],"damage_taken":[{"damage":0.0,"enemies":"Cultist","floor":1.0,"turns":2.0},{"damage":2.0,"enemies":"Jaw Worm","floor":2.0,"turns":4.0},{"damage":5.0,"enemies":"2 Louse","floor":3.0,"turns":3.0},{"damage":0.0,"enemies":"Lagavulin","floor":6.0,"turns":4.0},{"damage":18.0,"enemies":"Gremlin Nob","floor":8.0,"turns":3.0},{"damage":15.0,"enemies":"Looter","floor":11.0,"turns":3.0},{"damage":0.0,"enemies":"Lagavulin","floor":13.0,"turns":4.0},{"damage":28.0,"enemies":"The Guardian","floor":16.0,"turns":6.0},{"damage":14.0,"enemies":"Shell Parasite","floor":18.0,"turns":2.0},{"damage":0.0,"enemies":"Chosen","floor":20.0,"turns":1.0},{"damage":0.0,"enemies":"Snake Plant","floor":22.0,"turns":1.0},{"damage":0.0,"enemies":"Gremlin Leader","floor":23.0,"turns":1.0},{"damage":15.0,"enemies":"Nightmare","floor":25.0,"turns":3.0},{"damage":0.0,"enemies":"Book of Stabbing","floor":28.0,"turns":1.0},{"damage":0.0,"enemies":"Centurion and Healer","floor":30.0,"turns":2.0},{"damage":0.0,"enemies":"Collector","floor":33.0,"turns":2.0},{"damage":0,"enemies":"3 Darklings","floor":35,"turns":1},{"damage":0,"enemies":"3 Shapes","floor":37,"turns":2},{"damage":0,"enemies":"Spire Growth","floor":39,"turns":1},{"damage":0,"enemies":"R_Hoarder","floor":41,"turns":3},{"damage":0,"enemies":"infinitespire:Three Voidlings","floor":42,"turns":1},{"damage":39,"enemies":"Nightmare_Alpha","floor":42,"turns":7},{"damage":0,"enemies":"Transient","floor":45,"turns":5},{"damage":0,"enemies":"4 Shapes","floor":46,"turns":2},{"damage":0,"enemies":"Spire Growth","floor":47,"turns":1},{"damage":0,"enemies":"Awakened One","floor":50,"turns":2},{"damage":0,"enemies":"Shield and Spear","floor":54,"turns":1},{"damage":0,"enemies":"The Heart","floor":55,"turns":4}],"seed_played":"-142764577152661611","potions_obtained":[{"floor":3.0,"key":"SpeedPotion"},{"floor":6.0,"key":"Energy Potion"},{"floor":11.0,"key":"Languid Potion"},{"floor":13.0,"key":"Explosive Potion"},{"floor":16.0,"key":"Strength Potion"},{"floor":18.0,"key":"Adrenaline Potion"},{"floor":22.0,"key":"Toxic Potion"},{"floor":23.0,"key":"Explosive Potion"},{"floor":25.0,"key":"Swift Potion"},{"floor":28.0,"key":"SpeedPotion"},{"floor":30.0,"key":"DuplicationPotion"},{"floor":33.0,"key":"Adrenaline Potion"},{"floor":35,"key":"LiquidMemories"},{"floor":37,"key":"SneckoOil"},{"floor":39,"key":"Dexterity Potion"},{"floor":41,"key":"CultistPotion"},{"floor":42,"key":"PowerPotion"},{"floor":45,"key":"LiquidBronze"},{"floor":47,"key":"Swift Potion"},{"floor":54,"key":"Strength Potion"}],"is_trial":false,"path_per_floor":["M","M","M","?","$","E","?","E","T","R","M","?","E","$","R","B",null,"M","$","M","?","M","E","R","NM","T","R","E","R","M","T","R","B",null,"M","$","M","?","M","R","E","?","T","NS","M","M","M","?","R","B",null,"R","$","E","B",null],"character_chosen":"WATCHER","items_purchased":["ReplayTheSpireMod:CursedCoin","Pray","Omamori","Membership Card","SandsOfTime","hubris:TenFootPole","DollysMirror","hubris:HerbalPaste","hubris:EmptyBottle","ReplayFunnel","Nunchaku","Bag of Preparation","Bronze Scales","hubris:BundleOfHerbs","infinitespire:WardingShard","Pet Ghost","ReplayTheSpireMod:TigerMarble","Onion Ring","Damaru","aspiration:FrozenJewel","aspiration:Nostalgia"],"campfire_rested":2,"item_purchase_floors":[5,5,5,14,14,19,19,19,36,36,36,36,36,36,36,36,36,53,53,53,53],"current_hp_per_floor":[72,70,65,65,65,65,65,47,47,47,32,32,32,32,32,4,77,63,63,63,19,19,19,42,32,32,32,32,32,35,35,35,38,77,77,77,77,77,77,77,77,39,39,39,45,48,48,48,71,74,77,77,77,77,77],"gold":74,"neow_bonus":"HUNDRED_GOLD","is_daily":false,"chose_seed":false,"campfire_upgraded":6,"win_rate":0.0,"timestamp":1608434438,"path_taken":["M","M","?","?","$","E","?","E","T","R","M","?","E","$","R","BOSS","M","$","M","?","M","E","R","NM","T","R","E","R","M","?","R","BOSS","M","$","M","?","M","R","E","?","T","NS","M","M","M","?","R","BOSS","R","$","E","BOSS"],"items_purchased_type":["Relic","Card","Relic","Relic","Card","Relic","Relic","Relic","Relic","Relic","Relic","Relic","Relic","Relic","Relic","Relic","Relic","Relic","Relic","Relic","Relic"],"build_version":"2020-11-17","purchased_purges":4,"victory":true,"max_hp_per_floor":[72,72,72,72,72,72,72,72,72,72,72,72,72,72,72,72,77,77,77,77,77,77,77,77,77,77,77,77,77,77,77,77,77,77,77,77,77,77,77,77,77,77,77,77,77,77,77,77,77,77,77,77,77,77,77],"card_choices":[{"not_picked":["Adaptation","Swivel","Evaluate"],"picked":"Tantrum","floor":1.0},{"not_picked":["Fasting2","Replay:Cycle","Replay:AtTheReady"],"picked":"Meditate","floor":2.0},{"not_picked":["Prostrate","Vengeance","Consecrate"],"picked":"CrushJoints","floor":3.0},{"not_picked":["PathToVictory","ClearTheMind","CrushJoints"],"picked":"MarkedMod:PinPointDefense","floor":6.0},{"not_picked":["FearNoEvil","SignatureMove","Replay:BluntJabs"],"picked":"MarkedMod:Acupuncture","floor":7.0},{"not_picked":["ThirdEye","Meditate","FlurryOfBlows"],"picked":"Prostrate","floor":8.0},{"not_picked":["Pray","Replay:AtTheReady","Prostrate","Study"],"picked":"SKIP","floor":11.0},{"not_picked":["Replay:BluntJabs","Prostrate","EmptyFist","DevaForm"],"picked":"SKIP","floor":13.0},{"not_picked":["DeusExMachina","Omniscience","Establishment"],"picked":"Brilliance","floor":16.0},{"not_picked":["Indignation","Replay:Anticipation","CutThroughFate+1","EmptyFist"],"picked":"SKIP","floor":18.0},{"not_picked":["Meditate","Indignation","MarkedMod:FirstStrike","Protect"],"picked":"SKIP","floor":20.0},{"not_picked":["Replay:BluntJabs","FlyingSleeves","Replay:AtTheReady","DeceiveReality"],"picked":"SKIP","floor":22.0},{"not_picked":["MarkedMod:SlowDance","FollowUp","EmptyMind","MarkedMod:GentlePulse"],"picked":"SKIP","floor":23.0},{"not_picked":["FlurryOfBlows+1","Crescendo","Replay:BluntJabs"],"picked":"Wallop+1","floor":25.0},{"not_picked":["ClearTheMind","WindmillStrike","Crescendo","FearNoEvil"],"picked":"SKIP","floor":28.0},{"not_picked":["Meditate+1","EmptyMind","SashWhip+1","FollowUp+1"],"picked":"SKIP","floor":30.0},{"not_picked":["Crescendo","JustLucky","LikeWater","Replay:AtTheReady"],"picked":"SKIP","floor":35},{"not_picked":["WaveOfTheHand","Replay:AtTheReady","CutThroughFate+1","SandsOfTime"],"picked":"SKIP","floor":37},{"not_picked":["Sanctity+1","FollowUp","Meditate","InnerPeace"],"picked":"SKIP","floor":39},{"not_picked":["Scrawl","MentalFortress","WheelKick+1","Replay:Vibes+1"],"picked":"SKIP","floor":41},{"not_picked":["infinitespire:Collect","infinitespire:Menacing"],"picked":"ReplayTheSpireMod:Chaos Vortex","floor":42},{"not_picked":["Replay:ManipulateFuture+1","Replay:DivineShield+1","Evaluate+1","Replay:Hum"],"picked":"SKIP","floor":45},{"not_picked":["Consecrate","CrushJoints","Replay:ManipulateFuture","Sanctity"],"picked":"SKIP","floor":46},{"not_picked":["FearNoEvil","BowlingBash","Protect","Evaluate"],"picked":"SKIP","floor":47},{"not_picked":["BowlingBash+1","Genetic Algorithm+1","Evolve","Heavy Blade"],"picked":"SKIP","floor":54}],"player_experience":54804,"relics_obtained":[{"floor":6.0,"key":"The Courier"},{"floor":7.0,"key":"Mirror"},{"floor":8.0,"key":"White Beast Statue"},{"floor":9.0,"key":"hubris:MysteriousPyramids"},{"floor":13.0,"key":"Happy Flower"},{"floor":23.0,"key":"Gremlin Food"},{"floor":25.0,"key":"Juzu Bracelet"},{"floor":26.0,"key":"Lantern"},{"floor":28.0,"key":"Golden Egg"},{"floor":41,"key":"hubris:CrystalStatue"},{"floor":42,"key":"FossilizedHelix"},{"floor":43,"key":"Replay:Wax Seal"},{"floor":54,"key":"Anchor"}],"event_choices":[{"damage_healed":0.0,"max_hp_gain":0.0,"max_hp_loss":0.0,"gold_gain":0.0,"event_name":"betterThird:BetterScrap","player_choice":"LEAVE","floor":12.0,"gold_loss":0.0,"damage_taken":0.0,"cards_obtained":["ReplayTheSpireMod:Repulse"]},{"damage_healed":0.0,"max_hp_gain":0.0,"max_hp_loss":0.0,"gold_gain":453.0,"event_name":"betterSkull:BetterSkull","player_choice":"RE GO GO GO GO RE UP UP ","floor":21.0,"gold_loss":0.0,"damage_taken":103.0,"cards_upgraded":["Tantrum","Vigilance"],"relics_obtained":["hubris:ToyBattleship","Potion Belt"]},{"damage_healed":0,"gold_gain":0,"player_choice":"Ignored","damage_taken":0,"max_hp_gain":0,"max_hp_loss":0,"event_name":"The Moai Head","floor":38,"gold_loss":0}],"is_beta":true,"boss_relics":[{"not_picked":["Replay:Drink Me","Ectoplasm"],"picked":"Tiny House"},{"not_picked":["Runic Dome","Black Star"],"picked":"hubris:Backtick"}],"items_purged_floors":[5,14,19,36],"is_endless":false,"potions_floor_spawned":[3,6,11,13,16,18,20,22,23,25,28,30,33,35,37,39,41,42,42,45,46,47,54],"ascension_level":2}}