{"host":"k5j3culymg4irp71","time":1608436201,"event":{"mods":["2.2 Compatiblity","Act Like it!","Art Attack!","Aspiration","Astrologer","Bard","BaseMod","Bestiary","Better Match","BetterRewards","Block Reminder","CCEM","Colored Map","Colored Powertips","Conspire","Downfall","Emptier Cage","Energized Spire","GifTheSpireLib","Halation","Hallownest","Hermit","Hubris","Infinite Spire","Ironclad Rager","Minty Spire (QoL Compilation)","Pale of the Ancients","Quarter Circle Forward PUNCH!","Rare Cards Sparkle","Replay The Spire","Shade Mod","Shop Mod","Spikes Relics","StSLib","Stuff the Spire","The Animator","The Blackbeard","The Bladedancer","The Blue Laboratory","The Cursed","The Druid","The Forsaken","The Gatherer","The Hayseed","The Hierophant","The Juggle","The Runesmith","The Servant 0.9.4","TheArtist","Waifu the Spire","Wandering Minibosses","slay the spire mod where everything is the same but ironclad has a cowboy hat","vexMod"],"gold_per_floor":[99,99,109,109,120,45,70,84,259,284,184,195,195,2,18,18,18],"floor_reached":16,"playtime":956,"items_purged":[],"score":100,"play_id":"25e4ea8f-2073-45b9-8178-8c4564a95b26","local_time":"20201219205001","is_ascension_mode":false,"campfire_choices":[{"floor":4,"key":"RECALL"},{"data":"sneckomod:QuickBite","floor":6,"key":"SMITH"}],"circlet_count":0,"master_deck":["sneckomod:Strike","sneckomod:Strike","sneckomod:Strike","sneckomod:Defend","sneckomod:Defend","sneckomod:Defend","sneckomod:TailWhip","sneckomod:SnekBite+1","sneckomod:Unknown","sneckomod:Unknown","sneckomod:WideSting+1","sneckomod:UnknownUncommonAttack","sneckomod:QuickBite+1","sneckomod:Unknown1Cost","Doubt","sneckomod:UnknownStrike","Ghostly","sneckomod:UnknownBlock","sneckomod:MixItUp","sneckomod:UnknownCommonAttack","sneckomod:SoulRoll"],"relics":["sneckomod:SneckoSoul","downfall:HeartBlessingRed","ReplayTheSpireMod:TigerMarble","Membership Card"],"acts_visited":["Exordium"],"potions_floor_usage":[15,16],"damage_taken":[{"damage":0,"enemies":"Small Slimes","floor":3,"turns":3},{"damage":8,"enemies":"infinitespire:Voidling","floor":5,"turns":3},{"damage":4,"enemies":"2 Louse","floor":8,"turns":2},{"damage":29,"enemies":"Lagavulin","floor":10,"turns":4},{"damage":17,"enemies":"Large Slime","floor":12,"turns":4},{"damage":0,"enemies":"downfall:FleeingMerchant","floor":14,"turns":4},{"damage":5,"enemies":"Blue Slaver","floor":15,"turns":3},{"damage":64,"enemies":"downfall:Defect","floor":16,"turns":5}],"seed_played":"-5818498086672145360","potions_obtained":[{"floor":3,"key":"blueLaboratory:HorrorPotion"},{"floor":10,"key":"blueLaboratory:PhilterOfMotion"},{"floor":15,"key":"sneckomod:DiceRollPotion"}],"is_trial":false,"path_per_floor":["R_BF","?","M","R","M","R","T","M","?","E","?","M","?","$","M","B"],"character_chosen":"THE_SNECKO","items_purchased":["Membership Card","sneckomod:UnknownCommonAttack"],"campfire_rested":0,"item_purchase_floors":[14,14],"current_hp_per_floor":[90,90,91,91,83,83,83,80,80,52,52,48,48,49,46,0,0],"gold":18,"neow_bonus":"THREE_CARDS","is_daily":false,"chose_seed":false,"campfire_upgraded":1,"win_rate":0.0,"timestamp":1608436201,"path_taken":["R_BF","?","M","R","M","R","T","?","?","E","?","M","?","?","M","BOSS"],"items_purchased_type":["Relic","Card"],"build_version":"2020-12-13","purchased_purges":0,"victory":false,"max_hp_per_floor":[90,90,91,91,91,91,91,92,92,93,93,94,94,95,97,97,97],"card_choices":[{"not_picked":["sneckomod:QuickMove","sneckomod:DiceBlock"],"picked":"sneckomod:WideSting","floor":0},{"not_picked":["sneckomod:UnknownClassASTROLOGER","sneckomod:QuickMove"],"picked":"sneckomod:UnknownUncommonAttack","floor":3},{"not_picked":["sneckomod:UnknownClassBLESSING","sneckomod:UnknownCommonAttack"],"picked":"sneckomod:QuickBite","floor":5},{"not_picked":["sneckomod:UnknownClassHEXA_GHOST_PURPLE","sneckomod:UnknownClassORANGE"],"picked":"sneckomod:Unknown1Cost","floor":8},{"not_picked":["sneckomod:UnknownDexterity","sneckomod:DiceCrush"],"picked":"sneckomod:UnknownStrike","floor":10},{"not_picked":["sneckomod:QuickMove","sneckomod:DiceCrush"],"picked":"sneckomod:UnknownBlock","floor":12},{"not_picked":["sneckomod:Nope","sneckomod:Unknown1Cost"],"picked":"sneckomod:MixItUp","floor":14},{"not_picked":["sneckomod:UnknownClassGUARDIAN","sneckomod:Unknown0Cost"],"picked":"sneckomod:SoulRoll","floor":15}],"player_experience":53050,"relics_obtained":[{"floor":10,"key":"ReplayTheSpireMod:TigerMarble"}],"event_choices":[{"damage_healed":0,"gold_gain":0,"player_choice":"Upgraded","damage_taken":0,"max_hp_gain":0,"max_hp_loss":0,"event_name":"Upgrade Shrine","floor":2,"gold_loss":0,"cards_upgraded":["sneckomod:WideSting"]},{"damage_healed":0,"gold_gain":0,"player_choice":"Argue","damage_taken":0,"max_hp_gain":0,"max_hp_loss":0,"event_name":"conspire:LoneGhost","floor":11,"gold_loss":0},{"damage_healed":0,"gold_gain":0,"player_choice":"Leave","damage_taken":0,"max_hp_gain":0,"max_hp_loss":0,"event_name":"conspire:Investor","floor":13,"gold_loss":0}],"is_beta":false,"boss_relics":[],"items_purged_floors":[],"is_endless":false,"potions_floor_spawned":[3,10,15],"killed_by":"downfall:Defect","ascension_level":0}}