{"host":"0lnx88jdgcrh6gmr","time":1608501385,"event":{"mods":["2.2 Compatiblity","AchievementEnabler","BaseMod","Beaked The Cultist","Better Note","Better Skull","Better Third Choice","Block Reminder","Colored Map","Displayed Cursed Tome","Glutton Mod","Googly Eyes","Hermit","Highlight Path","Minty Spire (QoL Compilation)","Rare Cards Sparkle","Relic Stats","Shade Mod","Spicy Shops","StSLib","The Construct","The Cursed","The Disciple","The Mystic","The Servant 0.9.4","Unceasing Turn Reminder","everything is the same but u backflip on backflip","slay the spire mod where everything is the same but ironclad has a cowboy hat"],"gold_per_floor":[111,122,134,134,61,80,98,98,98,111,111,35,48,62,62,158,158,98,98,113,113,126,126,136,148,171,27,27,27,38,52,52,52,52],"floor_reached":33,"playtime":1760,"items_purged":[],"score":243,"play_id":"fa829931-18ad-444c-8eac-5b240b1306a6","local_time":"20201220145625","is_ascension_mode":false,"campfire_choices":[{"data":"Coolheaded","floor":8,"key":"SMITH"},{"floor":11,"key":"RECALL"},{"floor":15,"key":"REST"},{"floor":23,"key":"REST"},{"floor":28,"key":"REST"},{"floor":32,"key":"REST"}],"circlet_count":0,"master_deck":["Strike_B","Strike_B","Defend_B","Defend_B","Defend_B","Zap","Dualcast","Cold Snap","Hologram","Barrage","Compile Driver","Zap","Defragment","Go for the Eyes","Coolheaded+1","Melter","Coolheaded","Cold Snap","Streamline+1","Reboot","Rebound","Coolheaded+1","Stack","Cold Snap+1","Gash","Beam Cell","Compile Driver","Steam+1","Gash"],"relics":["construct:WeddingRing","Dream Catcher","Empty Cage","Happy Flower","WingedGreaves"],"acts_visited":["Exordium","TheCity"],"potions_floor_usage":[33,33,33],"damage_taken":[{"damage":1,"enemies":"Cultist","floor":1,"turns":4},{"damage":1,"enemies":"Small Slimes","floor":2,"turns":3},{"damage":0,"enemies":"Jaw Worm","floor":3,"turns":5},{"damage":2,"enemies":"Blue Slaver","floor":6,"turns":4},{"damage":6,"enemies":"Large Slime","floor":7,"turns":5},{"damage":0,"enemies":"Exordium Thugs","floor":10,"turns":5},{"damage":0,"enemies":"Red Slaver","floor":13,"turns":4},{"damage":10,"enemies":"Gremlin Gang","floor":14,"turns":8},{"damage":24,"enemies":"The Guardian","floor":16,"turns":18},{"damage":7,"enemies":"2 Thieves","floor":18,"turns":4},{"damage":4,"enemies":"Shell Parasite","floor":20,"turns":9},{"damage":17,"enemies":"Snake Plant","floor":22,"turns":9},{"damage":12,"enemies":"Shelled Parasite and Fungi","floor":24,"turns":7},{"damage":14,"enemies":"Centurion and Healer","floor":25,"turns":11},{"damage":16,"enemies":"Chosen and Byrds","floor":30,"turns":6},{"damage":43,"enemies":"Snecko","floor":31,"turns":11},{"damage":50,"enemies":"Collector","floor":33,"turns":6}],"seed_played":"5270975588362744256","potions_obtained":[{"floor":1,"key":"DuplicationPotion"},{"floor":6,"key":"Fire Potion"},{"floor":13,"key":"EssenceOfDarkness"},{"floor":22,"key":"FearPotion"},{"floor":25,"key":"FocusPotion"}],"is_trial":false,"path_per_floor":["M","M","M","?","$","M","M","R","T","M","R","$","M","M","R","B",null,"M","?","M","?","M","R","M","M","T","$","R","$","M","M","R","B"],"character_chosen":"DEFECT","items_purchased":["Defragment","Melter","WingedGreaves"],"campfire_rested":4,"item_purchase_floors":[5,12,27],"current_hp_per_floor":[74,73,73,73,73,71,65,65,65,65,65,65,65,55,75,51,75,68,68,64,64,47,69,57,43,43,43,65,65,49,6,28,0,0],"gold":52,"neow_bonus":"BOSS_RELIC","is_daily":false,"chose_seed":false,"campfire_upgraded":1,"win_rate":0.0,"timestamp":1608501385,"path_taken":["M","M","?","?","$","?","M","R","T","M","R","$","M","M","R","BOSS","M","?","M","?","M","R","M","?","T","?","R","$","?","M","R","BOSS"],"items_purchased_type":["Card","Card","Relic"],"build_version":"2020-12-13","purchased_purges":0,"victory":false,"max_hp_per_floor":[75,75,75,75,75,75,75,75,75,75,75,75,75,75,75,75,75,75,75,75,75,75,75,75,75,75,75,75,75,75,75,75,75,75],"relic_stats":{"Dream Catcher":4,"Happy Flower":[7],"counters":[17,119],"obtain_stats":[{"Dream Catcher":9,"construct:WeddingRing":0,"Happy Flower":26,"WingedGreaves":27,"Cracked Core":0,"Empty Cage":17},{"Dream Catcher":5,"construct:WeddingRing":0,"Happy Flower":14,"WingedGreaves":14,"Cracked Core":0,"Empty Cage":9},{"Dream Catcher":21,"construct:WeddingRing":0,"Happy Flower":96,"WingedGreaves":96,"Cracked Core":0,"Empty Cage":56}]},"card_choices":[{"not_picked":["Heatsinks","Compile Driver"],"picked":"Cold Snap","floor":1},{"not_picked":["Steam","Darkness"],"picked":"Hologram","floor":2},{"not_picked":["Streamline","Sweeping Beam"],"picked":"Barrage","floor":3},{"not_picked":["Beam Cell","Reprogram"],"picked":"Go for the Eyes","floor":6},{"not_picked":["Reprogram","Cold Snap"],"picked":"Coolheaded","floor":7},{"not_picked":["Hyperbeam","Sunder","Aggregate"],"picked":"SKIP","floor":10},{"not_picked":["Compile Driver","Rebound"],"picked":"Coolheaded","floor":13},{"not_picked":["Ball Lightning","Static Discharge"],"picked":"Cold Snap","floor":14},{"not_picked":["Melter","Sweeping Beam"],"picked":"Streamline","floor":15},{"not_picked":["Echo Form","Electrodynamics"],"picked":"Reboot","floor":16},{"not_picked":["Leap","Coolheaded"],"picked":"Rebound","floor":18},{"not_picked":["Rip and Tear","Defragment"],"picked":"Coolheaded+1","floor":20},{"not_picked":["Ball Lightning","Capacitor+1"],"picked":"Stack","floor":22},{"not_picked":["Leap","Aggregate"],"picked":"Cold Snap+1","floor":23},{"not_picked":["Sweeping Beam+1","Ball Lightning"],"picked":"Gash","floor":24},{"not_picked":["Turbo","Rebound"],"picked":"Beam Cell","floor":25},{"not_picked":["Ball Lightning","Hologram"],"picked":"Compile Driver","floor":28},{"not_picked":["Stack","Ball Lightning+1","Chaos"],"picked":"SKIP","floor":30},{"not_picked":["Meteor Strike","Coolheaded"],"picked":"Steam+1","floor":31},{"not_picked":["Rebound","FTL"],"picked":"Gash","floor":32}],"player_experience":197772,"relics_obtained":[{"floor":9,"key":"Dream Catcher"},{"floor":26,"key":"Happy Flower"}],"event_choices":[{"damage_healed":0,"gold_gain":0,"player_choice":"2 cards matched","damage_taken":0,"max_hp_gain":0,"max_hp_loss":0,"event_name":"Match and Keep!","floor":4,"gold_loss":0,"cards_obtained":["Compile Driver","Zap"]},{"damage_healed":0,"gold_gain":0,"player_choice":"Upgraded","damage_taken":0,"max_hp_gain":0,"max_hp_loss":0,"event_name":"Upgrade Shrine","floor":19,"gold_loss":0,"cards_upgraded":["Streamline"]},{"cards_removed":["Strike_B"],"damage_healed":0,"gold_gain":0,"player_choice":"Purged","damage_taken":0,"max_hp_gain":0,"max_hp_loss":0,"event_name":"Purifier","floor":21,"gold_loss":0}],"is_beta":false,"boss_relics":[{"not_picked":["Cursed Key","Runic Pyramid"],"picked":"Empty Cage"}],"items_purged_floors":[],"is_endless":false,"potions_floor_spawned":[1,6,13,14,22,25,30,31],"killed_by":"Collector","ascension_level":0}}