{"host":"mrc3cf8wjlkkqes7","time":1608441325,"event":{"mods":["BaseMod","Downfall","Hermit","Infinite Spire","Minty Spire (QoL Compilation)","Replay The Spire","StSLib","The Cursed","The Servant 0.9.4"],"gold_per_floor":[113,113,43,61,4,39,39,66,66,83,33,33,62,13,13,117,117,131,51,81,93,93,123,142,142,217,249,262,262,295,105,105,205,205,219,231,231,231,231,231,262,288,323,335,347,392,414,426,438,450],"floor_reached":51,"playtime":3962,"items_purged":["Strike_S","Strike_S"],"score":1052,"play_id":"dd6592e1-6541-4f56-9495-a914545e8599","local_time":"20201219231525","is_ascension_mode":true,"campfire_choices":[{"data":"KidneyShot","floor":7.0,"key":"SMITH"},{"data":"Sunlight","floor":12.0,"key":"SMITH"},{"data":"Ricochet","floor":15.0,"key":"SMITH"},{"data":"Rearm","floor":25.0,"key":"SMITH"},{"data":"SurpressingFire","floor":32.0,"key":"SMITH"},{"data":"Starlight","floor":40,"key":"SMITH"},{"data":"ReplayTheSpireMod:Haul","floor":45,"key":"SMITH"},{"data":"Duplication","floor":49,"key":"SMITH"}],"circlet_count":0,"master_deck":["Defend_S","KidneyShot+1","Exchange","Rearm+1","Sunlight+1","SpecialFormula","BottledTime","Barrier+1","Defy","SurpressingFire+1","FastForward","Comet","Ricochet+1","MurderousAura","BestPractice","ShatteredReality","SurpressingFire","Rewind","Duplication+1","BottledTime","ShatteredReality+1","Rewind","Desolation+1","Solidify","PendulumOfEternity+1","Foresight+1","StarChef+1","Starlight+1","Revamp","ReplayTheSpireMod:Haul+1","Contraction","Misdirection+1","Thinking Ahead+1","Starlight+1"],"relics":["Uniform","NeowsBlessing","infinitespire:Bottled Soul","infinitespire:WardingShard","ReplayTheSpireMod:TigerMarble","Mercury Hourglass","Replay:Bronze Core","Red Mask","ReplayFunnel","Replay:Accelerometer","PreservedInsect","Pondfish Scales","Replay:Towering Pillar of Hats","BargainBundle","Astrolabe","Bottled Tornado","MawBank","Anchor","Eternal Feather"],"acts_visited":["Exordium","TheCity","TheBeyond"],"potions_floor_usage":[41,50,50,50],"damage_taken":[{"damage":0.0,"enemies":"2 Louse","floor":1.0,"turns":2.0},{"damage":0.0,"enemies":"Jaw Worm","floor":4.0,"turns":1.0},{"damage":0.0,"enemies":"Lagavulin","floor":6.0,"turns":1.0},{"damage":25.0,"enemies":"3 Sentries","floor":8.0,"turns":9.0},{"damage":0.0,"enemies":"Small Slimes","floor":10.0,"turns":4.0},{"damage":2.0,"enemies":"Gremlin Nob","floor":13.0,"turns":4.0},{"damage":11.0,"enemies":"Hexaghost","floor":16.0,"turns":12.0},{"damage":3.0,"enemies":"3 Byrds","floor":18.0,"turns":4.0},{"damage":28.0,"enemies":"Masked Bandits","floor":20.0,"turns":5.0},{"damage":0.0,"enemies":"Shell Parasite","floor":21.0,"turns":5.0},{"damage":0.0,"enemies":"Nightmare","floor":23.0,"turns":8.0},{"damage":0.0,"enemies":"Centurion and Healer","floor":24.0,"turns":4.0},{"damage":0.0,"enemies":"Slavers","floor":27.0,"turns":7.0},{"damage":9.0,"enemies":"Snake Plant","floor":28.0,"turns":4.0},{"damage":9.0,"enemies":"Gremlin Leader","floor":30.0,"turns":5.0},{"damage":0.0,"enemies":"Champ","floor":33.0,"turns":8.0},{"damage":7,"enemies":"3 Darklings","floor":35,"turns":4},{"damage":4,"enemies":"Orb Walker","floor":36,"turns":5},{"damage":4,"enemies":"Reptomancer","floor":41,"turns":4},{"damage":0,"enemies":"Sphere and 2 Shapes","floor":42,"turns":4},{"damage":0,"enemies":"R_Hoarder","floor":46,"turns":5},{"damage":1,"enemies":"Maw","floor":47,"turns":8},{"damage":5,"enemies":"infinitespire:MassOfShapes","floor":50,"turns":15}],"seed_played":"4678011381284774015","potions_obtained":[{"floor":8.0,"key":"BlessingOfTheForge"},{"floor":13.0,"key":"Energy Potion"},{"floor":20.0,"key":"champ:CounterPotion"},{"floor":21.0,"key":"SkillPotion"},{"floor":23.0,"key":"SkillPotion"},{"floor":24.0,"key":"Swift Potion"},{"floor":30.0,"key":"Weak Potion"},{"floor":33.0,"key":"Ancient Potion"},{"floor":36,"key":"LiquidMemories"},{"floor":46,"key":"Guardian:BlockOnCardUsePotion"}],"is_trial":false,"path_per_floor":["M","?","$","M","$","E","R","E","T","M","?","R","E","$","R","B",null,"M","$","?","M","?","NM","M","R","T","E","M","T","E","$","R","B",null,"M","M","AVR","?","?","R","E","M","T","?","R","E","M","?","R","B",null],"character_chosen":"THE_SERVANT","items_purchased":["SpecialFormula","Barrier+1","Ricochet","BestPractice","BargainBundle","PowerPotion","Energy Potion","Rewind","Desolation+1"],"campfire_rested":0,"item_purchase_floors":[3,5,14,19,31,31,31,31,31],"current_hp_per_floor":[65,65,65,65,65,65,65,45,45,55,55,55,53,53,53,57,65,62,62,44,52,52,65,65,65,65,65,61,61,65,65,65,65,65,63,65,65,49,49,49,53,58,58,58,58,65,64,64,65,65],"gold":462,"neow_bonus":"THREE_ENEMY_KILL","is_daily":false,"chose_seed":false,"campfire_upgraded":8,"win_rate":0.0,"timestamp":1608441325,"path_taken":["M","?","$","M","$","E","R","E","T","M","?","R","E","?","R","BOSS","M","$","?","M","?","NM","M","R","T","E","M","?","E","?","R","BOSS","M","M","AVR","?","?","R","E","M","T","?","R","E","?","?","R","BOSS"],"items_purchased_type":["Card","Card","Card","Card","Relic","Potion","Potion","Card","Card"],"build_version":"2020-12-13","purchased_purges":2,"victory":true,"max_hp_per_floor":[65,65,65,65,65,65,65,65,65,65,65,65,65,65,65,65,65,65,65,65,65,65,65,65,65,65,65,65,65,65,65,65,65,65,65,65,65,65,65,65,65,65,65,65,65,65,65,65,65,65],"card_choices":[{"not_picked":["Spin","Rewind"],"picked":"Rearm","floor":1.0},{"not_picked":["Defy","Revamp"],"picked":"BottledTime","floor":4.0},{"not_picked":["Read","FloweringNight"],"picked":"Defy","floor":6.0},{"not_picked":["Contraction","TimeWarp"],"picked":"SurpressingFire","floor":8.0},{"not_picked":["Reset","Gouge"],"picked":"FastForward","floor":10.0},{"not_picked":["FastForward","Spin"],"picked":"Comet","floor":13.0},{"not_picked":["FlawlessForm","Solidify"],"picked":"MurderousAura","floor":16.0},{"not_picked":["Replace","InstantArmor","Defy"],"picked":"SKIP","floor":18.0},{"not_picked":["TimeWarp+1","Unruled+1"],"picked":"ShatteredReality","floor":20.0},{"not_picked":["FastForward+1","BestPractice"],"picked":"SurpressingFire","floor":21.0},{"not_picked":["Reset","Replace","TimeWarp"],"picked":"SKIP","floor":23.0},{"not_picked":["Potential","ShatteredReality"],"picked":"Rewind","floor":24.0},{"not_picked":["FlawlessForm","Defy"],"picked":"Duplication","floor":27.0},{"not_picked":["Misdirection","Alleviate"],"picked":"BottledTime","floor":28.0},{"not_picked":["Manipulate","DoubleEdge+1"],"picked":"ShatteredReality+1","floor":30.0},{"not_picked":["Embodiment","MurderousAura"],"picked":"Solidify","floor":33.0},{"not_picked":["BottledTime","Defy"],"picked":"Starlight","floor":35},{"not_picked":["Unruled+1","ShatteredReality+1"],"picked":"Revamp","floor":36},{"not_picked":["ReplayTheSpireMod:??????????????????????","infinitespire:FinalStrike"],"picked":"ReplayTheSpireMod:Haul","floor":38},{"not_picked":["FanOfKnives","Spin"],"picked":"Contraction","floor":41},{"not_picked":["BottledTime","Unruled"],"picked":"Misdirection+1","floor":42},{"not_picked":["expansioncontent:ManipulateTime","Replay:SS_fish_2"],"picked":"Thinking Ahead","floor":44},{"not_picked":["TimeWarp","Advance+1"],"picked":"Starlight+1","floor":46},{"not_picked":["Alleviate","Potential+1","Deadline+1"],"picked":"SKIP","floor":47}],"player_experience":207630,"relics_obtained":[{"floor":6.0,"key":"infinitespire:Bottled Soul"},{"floor":8.0,"key":"infinitespire:WardingShard"},{"floor":9.0,"key":"ReplayTheSpireMod:TigerMarble"},{"floor":13.0,"key":"Mercury Hourglass"},{"floor":20.0,"key":"Red Mask"},{"floor":23.0,"key":"ReplayFunnel"},{"floor":26.0,"key":"Replay:Accelerometer"},{"floor":27.0,"key":"PreservedInsect"},{"floor":29.0,"key":"Pondfish Scales"},{"floor":30.0,"key":"Replay:Towering Pillar of Hats"},{"floor":41,"key":"MawBank"},{"floor":43,"key":"Anchor"},{"floor":46,"key":"Eternal Feather"}],"event_choices":[{"damage_healed":0.0,"max_hp_gain":0.0,"max_hp_loss":0.0,"gold_gain":0.0,"cards_transformed":["Strike_S"],"event_name":"Living Wall","player_choice":"Change","floor":2.0,"gold_loss":0.0,"damage_taken":0.0,"cards_obtained":["Sunlight"]},{"cards_removed":["Strike_S"],"damage_healed":0.0,"max_hp_gain":0.0,"max_hp_loss":0.0,"gold_gain":0.0,"event_name":"The Cleric","player_choice":"Card Removal","floor":11.0,"gold_loss":50.0,"damage_taken":0.0},{"damage_healed":0.0,"max_hp_gain":0.0,"max_hp_loss":0.0,"gold_gain":0.0,"event_name":"Masked Bandits","player_choice":"Fought Bandits","floor":20.0,"gold_loss":0.0,"damage_taken":0.0},{"damage_healed":0.0,"max_hp_gain":0.0,"max_hp_loss":0.0,"gold_gain":0.0,"event_name":"Vampires","player_choice":"Ignored","floor":22.0,"gold_loss":0.0,"damage_taken":0.0},{"damage_healed":0,"gold_gain":0,"player_choice":"Memory 1","damage_taken":0,"max_hp_gain":0,"max_hp_loss":0,"event_name":"SensoryStone","floor":44,"gold_loss":0},{"damage_healed":0,"gold_gain":0,"player_choice":"Forge","damage_taken":0,"max_hp_gain":0,"max_hp_loss":0,"event_name":"Accursed Blacksmith","floor":48,"gold_loss":0,"cards_upgraded":["Thinking Ahead"]}],"is_beta":false,"boss_relics":[{"not_picked":["Runic Dome","Abe\u0027s Treasure"],"picked":"Replay:Bronze Core"},{"not_picked":["StoneMask","SacredBark"],"picked":"Astrolabe"}],"items_purged_floors":[31,37],"is_endless":false,"potions_floor_spawned":[8,13,20,21,23,24,30,33,36,46,47],"ascension_level":4}}