{"host":"07tcb8n8jdavk3gs","time":1608449267,"event":{"mods":["BaseMod","Colored Map","Hermit","Marisa????????","Minty Spire (QoL Compilation)","StSLib","The Animator","The Cursed","The Servant 0.9.4"],"gold_per_floor":[277,298,73,73,97,123,88,139,221,226,226],"floor_reached":10,"playtime":404,"items_purged":[],"score":133,"play_id":"5925bf4f-f2cc-4f11-8eeb-10d733c4782c","local_time":"20201220012747","is_ascension_mode":true,"campfire_choices":[],"circlet_count":0,"master_deck":["AscendersBane","animator:Strike_Kancolle","animator:Defend_Kancolle","animator:Strike","animator:Strike","animator:Strike","animator:Defend","animator:Defend","animator:Defend","animator:Shimakaze","animator:Saber","animator:RinTohsaka","animator:Berserker","animator:Caster+1","animator:Alexander","animator:Illya","animator:HigakiRinne"],"relics":["animator:LivingPicture","animator:TheMissingPiece","PreservedInsect","Paper Crane","Happy Flower","Frozen Egg 2"],"acts_visited":["Exordium"],"potions_floor_usage":[8,10],"damage_taken":[{"damage":0,"enemies":"2 Louse","floor":1,"turns":3},{"damage":5,"enemies":"Cultist","floor":2,"turns":4},{"damage":0,"enemies":"Small Slimes","floor":5,"turns":3},{"damage":20,"enemies":"Gremlin Nob","floor":6,"turns":4},{"damage":40,"enemies":"Lagavulin","floor":8,"turns":5},{"damage":16,"enemies":"Gremlin Nob","floor":10,"turns":2}],"seed_played":"3915651074323342752","potions_obtained":[{"floor":1,"key":"Ancient Potion"},{"floor":6,"key":"FearPotion"},{"floor":8,"key":"DuplicationPotion"}],"is_trial":false,"path_per_floor":["M","M","$","?","M","E","?","E","T","E"],"character_chosen":"THE_ANIMATOR","items_purchased":["PreservedInsect","animator:Caster"],"campfire_rested":0,"item_purchase_floors":[3,3],"current_hp_per_floor":[54,49,49,49,49,29,42,2,2,0,0],"gold":226,"neow_bonus":"THREE_RARE_CARDS","is_daily":false,"chose_seed":false,"campfire_upgraded":0,"win_rate":0.0,"timestamp":1608449267,"path_taken":["M","M","$","?","M","E","?","E","T","E"],"items_purchased_type":["Relic","Card"],"build_version":"2020-12-13","purchased_purges":0,"victory":false,"max_hp_per_floor":[54,54,54,54,54,54,54,54,54,54,54],"card_choices":[{"not_picked":["animator:Wiz","animator:Ainz"],"picked":"animator:Saber","floor":0},{"not_picked":["animator:OrikoMikuni","animator:YunYun"],"picked":"animator:RinTohsaka","floor":1},{"not_picked":["animator:YunYun","animator:UneriGinkaku"],"picked":"animator:Berserker","floor":2},{"not_picked":["animator:YuiTsuruno","animator:Shalltear"],"picked":"animator:Alexander","floor":5},{"not_picked":["animator:Berserker","animator:Assassin"],"picked":"animator:Illya","floor":6},{"not_picked":["animator:TsurugaMeisai","animator:SayakaMiki"],"picked":"animator:HigakiRinne","floor":8}],"player_experience":892541,"relics_obtained":[{"floor":6,"key":"Paper Crane"},{"floor":8,"key":"Happy Flower"},{"floor":9,"key":"Frozen Egg 2"}],"event_choices":[{"damage_healed":0,"gold_gain":0,"player_choice":"Grow","damage_taken":0,"max_hp_gain":0,"max_hp_loss":0,"event_name":"Living Wall","floor":4,"gold_loss":0,"cards_upgraded":["animator:Caster"]},{"damage_healed":13,"gold_gain":0,"player_choice":"Healed","damage_taken":0,"max_hp_gain":0,"max_hp_loss":0,"event_name":"The Cleric","floor":7,"gold_loss":35}],"is_beta":false,"boss_relics":[],"items_purged_floors":[],"is_endless":false,"potions_floor_spawned":[1,6,8],"killed_by":"Gremlin Nob","ascension_level":15}}