{"host":"04aht2z7d1qbuefv","time":1608441779,"event":{"mods":["AchievementEnabler","BaseMod","Downfall","Minty Spire (QoL Compilation)","StSLib","The Cursed","The Necromancer"],"gold_per_floor":[99,116,216,242,242,84,84,109,123,48,148,168,318,332,342,441,441,441,441,461,473,487,506,556,556,588,513,513,276,276,276],"floor_reached":30,"playtime":1345,"items_purged":["Shame"],"score":283,"play_id":"d570bb76-3c79-49dc-827f-1690df775272","local_time":"20201220022259","is_ascension_mode":false,"campfire_choices":[{"floor":1.0,"key":"RECALL"},{"floor":5.0,"key":"REST"},{"floor":10.0,"key":"REST"},{"data":"hexamod:HexaLevel","floor":18.0,"key":"SMITH"},{"floor":25,"key":"REST"},{"floor":27,"key":"REST"}],"circlet_count":0,"master_deck":["hexamod:Strike","hexamod:Strike","hexamod:Strike","hexamod:Defend","hexamod:Defend","hexamod:Defend","hexamod:Sear+1","hexamod:Float","hexamod:RainOfEmbers","hexamod:HeatCrush","hexamod:NecessarySacrifice+1","hexamod:Hexaguard+1","hexamod:AdvancingGuard+1","Slimebound:Icky","hexamod:ChargedBarrage+1","hexamod:HexaLevel+1","hexamod:GhostflameBarrier+1","hexamod:BurningTouch+1"],"relics":["hexamod:SpiritBrand","FossilizedHelix","Sling","Matryoshka","Toxic Egg 2","downfall:HeartBlessingRed","hexamod:IceCube","War Paint","Happy Flower","Orichalcum","downfall:HeartBlessingGreen","Dream Catcher","Lantern"],"acts_visited":["Exordium","TheCity"],"potions_floor_usage":[23,26],"damage_taken":[{"damage":7.0,"enemies":"2 Louse","floor":2.0,"turns":3.0},{"damage":42.0,"enemies":"3 Sentries","floor":4.0,"turns":9.0},{"damage":4.0,"enemies":"downfall:FleeingMerchant","floor":6.0,"turns":4.0},{"damage":2.0,"enemies":"Lagavulin","floor":8.0,"turns":5.0},{"damage":0.0,"enemies":"Cultist","floor":9.0,"turns":3.0},{"damage":1.0,"enemies":"Jaw Worm","floor":12.0,"turns":3.0},{"damage":1.0,"enemies":"3 Louse","floor":14.0,"turns":4.0},{"damage":0.0,"enemies":"2 Fungi Beasts","floor":15.0,"turns":4.0},{"damage":36.0,"enemies":"downfall:Watcher","floor":16.0,"turns":9.0},{"damage":0.0,"enemies":"Spheric Guardian","floor":20.0,"turns":4.0},{"damage":0.0,"enemies":"Chosen","floor":21.0,"turns":4.0},{"damage":43.0,"enemies":"3 Cultists","floor":22.0,"turns":7.0},{"damage":3,"enemies":"Snake Plant","floor":23,"turns":4},{"damage":23,"enemies":"Book of Stabbing","floor":26,"turns":7},{"damage":0,"enemies":"downfall:FleeingMerchant","floor":29,"turns":4},{"damage":33,"enemies":"Cultist and Chosen","floor":30,"turns":6}],"seed_played":"-3564259646785077473","potions_obtained":[{"floor":2.0,"key":"Ancient Potion"},{"floor":12.0,"key":"AttackPotion"},{"floor":15.0,"key":"SteroidPotion"},{"floor":20.0,"key":"FearPotion"},{"floor":21.0,"key":"LiquidBronze"},{"floor":22,"key":"ColorlessPotion"}],"is_trial":false,"path_per_floor":["R","M","?","E","R","$","T","E","M","R","?","M","?","M","M","B",null,"R","?","M","M","M","M","T","R","E","R","?","$","M"],"character_chosen":"THE_SPIRIT","items_purchased":["Sling","Lantern"],"campfire_rested":4,"item_purchase_floors":[6,29],"current_hp_per_floor":[63,56,56,14,32,28,28,26,26,44,44,43,43,42,42,6,63,63,63,63,63,20,17,17,35,12,30,30,30,0,0],"gold":276,"neow_bonus":"REMOVE_TWO","is_daily":false,"chose_seed":false,"campfire_upgraded":1,"win_rate":0.0,"timestamp":1608441779,"path_taken":["R","M","?","E","R","$","T","E","?","R","?","M","?","M","M","BOSS","R","?","M","M","M","M","T","R","E","R","?","$","M"],"items_purchased_type":["Relic","Relic"],"build_version":"2020-12-13","purchased_purges":1,"victory":false,"max_hp_per_floor":[63,63,63,63,63,63,63,63,63,63,63,63,63,63,63,63,63,63,63,63,63,63,63,63,63,63,63,63,63,63,63],"card_choices":[{"not_picked":["hexamod:NecessarySacrifice","hexamod:HauntingEcho"],"picked":"hexamod:RainOfEmbers","floor":2.0},{"not_picked":["hexamod:FlamesFromBeyond","hexamod:BacktrackSmack"],"picked":"hexamod:HeatCrush","floor":4.0},{"not_picked":["hexamod:DynamicBlow","hexamod:EtherealExpedition"],"picked":"hexamod:NecessarySacrifice","floor":6.0},{"not_picked":["hexamod:SwordOfDarkness","hexamod:GhostLash"],"picked":"hexamod:Hexaguard+1","floor":8.0},{"not_picked":["hexamod:RainOfEmbers","hexamod:Hexaguard+1","hexamod:NightmareGuise+1"],"picked":"SKIP","floor":9.0},{"not_picked":["hexamod:Hexaguard+1","hexamod:Haunt+1"],"picked":"hexamod:AdvancingGuard+1","floor":12.0},{"not_picked":["hexamod:PhantomFireball","hexamod:NightmareGuise+1"],"picked":"hexamod:ChargedBarrage+1","floor":14.0},{"not_picked":["hexamod:HeatShield+1","hexamod:Firestarter","hexamod:HeatCrush"],"picked":"SKIP","floor":15.0},{"not_picked":["hexamod:FifthSeal","hexamod:CrushingStance"],"picked":"hexamod:HexaLevel","floor":16.0},{"not_picked":["hexamod:NightmareGuise+1","hexamod:SwordOfDarkness"],"picked":"hexamod:GhostflameBarrier+1","floor":20.0},{"not_picked":["hexamod:ShieldOfDarkness+1","hexamod:Incineration","hexamod:Hexaguard+1"],"picked":"SKIP","floor":21.0},{"not_picked":["hexamod:Haunt+1","hexamod:HeatMetal","hexamod:StepThrough"],"picked":"SKIP","floor":22},{"not_picked":["hexamod:NightmareGuise+1","hexamod:AdvancingGuard+1","hexamod:Firestarter"],"picked":"SKIP","floor":23},{"not_picked":["hexamod:ShieldOfDarkness+1","hexamod:NightmareStrike","hexamod:NecessarySacrifice+1"],"picked":"SKIP","floor":26},{"not_picked":["hexamod:NightmareGuise+1","hexamod:EmpoweredFlame"],"picked":"hexamod:BurningTouch+1","floor":29}],"player_experience":139925,"relics_obtained":[{"floor":4.0,"key":"FossilizedHelix"},{"floor":7.0,"key":"Matryoshka"},{"floor":8.0,"key":"Toxic Egg 2"},{"floor":24,"key":"War Paint"},{"floor":24,"key":"Happy Flower"},{"floor":26,"key":"Orichalcum"}],"event_choices":[{"damage_healed":0,"gold_gain":0,"player_choice":"Stole Relic","damage_taken":0,"relics_obtained":["Dream Catcher"],"max_hp_gain":0,"max_hp_loss":0,"event_name":"Addict","floor":28,"gold_loss":0,"cards_obtained":["Shame"]}],"is_beta":false,"boss_relics":[{"not_picked":["Cursed Key","Ectoplasm"],"picked":"hexamod:IceCube"}],"items_purged_floors":[29],"is_endless":false,"potions_floor_spawned":[2,12,15,20,21,22],"killed_by":"Cultist and Chosen","ascension_level":0}}