{"host":"98jnipsbpkz8k2sh","time":1608434773,"event":{"mods":["BaseMod","Challenge The Spire","GifTheSpireLib","Minty Spire (QoL Compilation)","Replay The Spire","StSLib"],"gold_per_floor":[109,79,93,109,184,210,225,225,225,225,24,34,64,13,13,117,117,130,148,73,73,87,115,67,67,67],"floor_reached":25,"playtime":948,"items_purged":["Strike_R"],"score":256,"play_id":"ae9aab1c-5b2c-481f-9950-7b962074c1b8","local_time":"20201219192613","is_ascension_mode":false,"campfire_choices":[{"data":"Replay:Many Hands","floor":8,"key":"SMITH"},{"data":"Flame Barrier","floor":10,"key":"SMITH"},{"data":"Strike_R","floor":15,"key":"PURGE"}],"circlet_count":0,"master_deck":["Strike_R","Strike_R","Defend_R","Defend_R","Defend_R","Defend_R","Bash","Wild Strike","ReplayTheSpireMod:Corrosion Curse","Flame Barrier+1","True Grit","Replay:Many Hands+1","Flame Barrier","Fire Breathing","Fire Breathing","Evolve","Carnage","Flex","Reaper","Anger","True Grit+1","RitualDagger"],"relics":["Burning Blood","Potion Belt","Pear","Replay:Bottled Steam","SacredBark","Incense Burner"],"acts_visited":["Exordium","TheCity"],"potions_floor_usage":[6,13,13,13,18,18,23,25],"damage_taken":[{"damage":6,"enemies":"Jaw Worm","floor":1,"turns":3},{"damage":0,"enemies":"Cultist","floor":3,"turns":2},{"damage":10,"enemies":"2 Louse","floor":4,"turns":3},{"damage":34,"enemies":"3 Sentries","floor":6,"turns":13},{"damage":15,"enemies":"Exordium Wildlife","floor":7,"turns":5},{"damage":2,"enemies":"Blue Slaver","floor":12,"turns":4},{"damage":7,"enemies":"Gremlin Nob","floor":13,"turns":5},{"damage":14,"enemies":"Slime Boss","floor":16,"turns":8},{"damage":13,"enemies":"2 Thieves","floor":18,"turns":4},{"damage":57,"enemies":"Shell Parasite","floor":19,"turns":8},{"damage":34,"enemies":"Centurion and Healer","floor":22,"turns":11},{"damage":14,"enemies":"Replay:Snechameleon","floor":23,"turns":6},{"damage":21,"enemies":"Shelled Parasite and Fungi","floor":25,"turns":3}],"seed_played":"-2198928054822315682","potions_obtained":[{"floor":1,"key":"DistilledChaos"},{"floor":2,"key":"SpeedPotion"},{"floor":2,"key":"Doom Potion"},{"floor":4,"key":"Energy Potion"},{"floor":7,"key":"Energy Potion"},{"floor":12,"key":"Swift Potion"},{"floor":13,"key":"Fire Potion"},{"floor":22,"key":"LiquidBronze"}],"is_trial":false,"path_per_floor":["M","?","M","M","?","E","M","R","T","R","$","M","E","$","R","B",null,"M","M","?","?","M","E","$","M"],"character_chosen":"IRONCLAD","items_purchased":["Flame Barrier","Fire Breathing","Flex","Strength Potion"],"campfire_rested":0,"item_purchase_floors":[11,11,14,24],"current_hp_per_floor":[88,88,88,84,73,45,36,36,46,46,46,50,49,49,49,41,98,91,46,46,40,21,13,13,0,0],"gold":67,"neow_bonus":"TEN_PERCENT_HP_BONUS","is_daily":false,"chose_seed":false,"campfire_upgraded":2,"win_rate":0.0,"timestamp":1608434773,"path_taken":["M","?","M","?","?","E","M","R","T","R","$","M","E","$","R","BOSS","M","M","?","?","M","E","?","M"],"items_purchased_type":["Card","Card","Card","Potion"],"build_version":"2020-12-13","purchased_purges":1,"victory":false,"max_hp_per_floor":[88,88,88,88,88,88,88,88,98,98,98,98,98,98,98,98,98,98,98,98,98,98,98,98,98,98],"card_choices":[{"not_picked":["ReplayTheSpireMod:Stacked","Body Slam"],"picked":"Wild Strike","floor":1},{"not_picked":["Defy Death","Armaments"],"picked":"ReplayTheSpireMod:Corrosion Curse","floor":3},{"not_picked":["Pummel","Pommel Strike"],"picked":"Flame Barrier","floor":4},{"not_picked":["Dark Embrace","ReplayTheSpireMod:LeadingStrike"],"picked":"True Grit","floor":6},{"not_picked":["ReplayTheSpireMod:LeadingStrike","Run Through"],"picked":"Replay:Many Hands","floor":7},{"not_picked":["Sword Boomerang","Cleave"],"picked":"Evolve","floor":12},{"not_picked":["Fire Breathing","ReplayReversal"],"picked":"Carnage","floor":13},{"not_picked":["Corruption","Feed"],"picked":"Reaper","floor":16},{"not_picked":["Cleave","Havoc"],"picked":"Anger","floor":18},{"not_picked":["Searing Blow","Carnage"],"picked":"True Grit+1","floor":19},{"not_picked":["Seeing Red","Headbutt","Run Through"],"picked":"SKIP","floor":22},{"not_picked":["Hemogenesis","Second Wind+1","ReplayTheSpireMod:Corrosion Curse"],"picked":"SKIP","floor":23}],"player_experience":1059032,"relics_obtained":[{"floor":6,"key":"Potion Belt"},{"floor":9,"key":"Pear"},{"floor":13,"key":"Replay:Bottled Steam"},{"floor":23,"key":"Incense Burner"}],"event_choices":[{"damage_healed":0,"gold_gain":0,"player_choice":"Bought 2 Potions","damage_taken":0,"max_hp_gain":0,"max_hp_loss":0,"event_name":"The Woman in Blue","floor":2,"gold_loss":0},{"damage_healed":0,"gold_gain":75,"player_choice":"Gather Gold","damage_taken":11,"max_hp_gain":0,"max_hp_loss":0,"event_name":"World of Goop","floor":5,"gold_loss":0},{"cards_removed":["Strike_R"],"damage_healed":0,"gold_gain":0,"player_choice":"Gave Gold","damage_taken":0,"max_hp_gain":0,"max_hp_loss":0,"event_name":"Beggar","floor":20,"gold_loss":75},{"damage_healed":0,"gold_gain":0,"player_choice":"Joined the Cult","damage_taken":6,"max_hp_gain":0,"max_hp_loss":0,"event_name":"Nest","floor":21,"gold_loss":0,"cards_obtained":["RitualDagger"]}],"is_beta":false,"boss_relics":[{"not_picked":["Philosopher\u0027s Stone","Runic Pyramid"],"picked":"SacredBark"}],"items_purged_floors":[11],"is_endless":false,"potions_floor_spawned":[1,4,7,12,13,22],"killed_by":"Shelled Parasite and Fungi","ascension_level":0}}