{"host":"a8rzj4nfw2w5de5r","time":1608483417,"event":{"mods":["BaseMod","Block Reminder","Colored Map","Downfall","Highlight Path","Minty Spire (QoL Compilation)","Relic Sorter","Relic Stats","StSLib"],"gold_per_floor":[99,114,114,128,128,158,158,158,83,118,130,143,143,143,153,254,254,179,46,65,91,16,33,33,33,61,61,75,92,92,92,105,210,210,210,48,61,80,106,106,130,189,189,220,235,255,31,50,66,66,66,92,92,92,92],"floor_reached":56,"playtime":5091,"items_purged":[],"score":1382,"play_id":"5f20d917-9240-4b15-bffe-8c86b1e5c5ac","local_time":"20201220222657","is_ascension_mode":false,"campfire_choices":[{"data":"Guardian:SpikerProtocol","floor":1,"key":"SMITH"},{"data":"Guardian:DecasProtection","floor":3,"key":"SMITH"},{"data":"Guardian:CurlUp","floor":9,"key":"SMITH"},{"floor":18,"key":"RECALL"},{"data":"Guardian:Suspension","floor":22,"key":"SMITH"},{"data":"Guardian:SpikerProtocol","floor":27,"key":"SMITH"},{"data":"Guardian:CompilePackage","floor":35,"key":"SMITH"},{"data":"Guardian:PiercingHide","floor":43,"key":"SMITH"},{"data":"Guardian:SpikerProtocol","floor":54,"key":"SMITH"}],"circlet_count":0,"master_deck":["Guardian:Strike_Guardian+1","Guardian:Strike_Guardian+1","Guardian:Defend_Guardian+1","Guardian:Defend_Guardian+1","Guardian:CurlUp+1","Guardian:TwinSlam","Guardian:SpikerProtocol+1","Guardian:DecasProtection+1","Guardian:PiercingHide","Guardian:TemporalShield","Guardian:DonusPower","Guardian:PrimingBeam+1","Guardian:SpikerProtocol+1","Guardian:GemFinder","Guardian:Suspension+1","Guardian:MultiBeam","Guardian:SentryBeam+1","Guardian:DonusPower+1","Guardian:FuturePlans+1","Guardian:FloatingOrbs","Guardian:PiercingHide+1","Guardian:ChargeUp+1","Guardian:WalkerClaw+1","RitualDagger","Guardian:CompilePackage+1","Guardian:TimeCapacitor+1","Guardian:PolyBeam","Guardian:SentryBeam","Guardian:Suspension+1","Panache","Guardian:MultiBeam","Guardian:FloatingOrbs","Guardian:SpikerProtocol+1","Guardian:TemporalShield+1","Guardian:FloatingOrbs"],"relics":["Guardian:ModeShifter","Lantern","downfall:HeartBlessingBlue","Omamori","Guardian:PickAxe","Pen Nib","Sozu","downfall:HeartBlessingGreen","Vajra","downfall:HeartBlessingRed","Bottled Tornado","Whetstone","Enchiridion","Philosopher\u0027s Stone","OrangePellets","Singing Bowl","Bag of Preparation","War Paint","Guardian:StasisUpgradeRelic","Centennial Puzzle"],"acts_visited":["Exordium","TheCity","TheBeyond","TheEnding"],"potions_floor_usage":[],"damage_taken":[{"damage":0,"enemies":"Small Slimes","floor":2,"turns":3},{"damage":8,"enemies":"2 Louse","floor":4,"turns":2},{"damage":12,"enemies":"3 Sentries","floor":6,"turns":6},{"damage":11,"enemies":"Lagavulin","floor":10,"turns":6},{"damage":0,"enemies":"Jaw Worm","floor":11,"turns":3},{"damage":0,"enemies":"Large Slime","floor":12,"turns":5},{"damage":2,"enemies":"Exordium Wildlife","floor":15,"turns":4},{"damage":17,"enemies":"downfall:Watcher","floor":16,"turns":9},{"damage":0,"enemies":"downfall:FleeingMerchant","floor":19,"turns":4},{"damage":0,"enemies":"Chosen","floor":20,"turns":4},{"damage":15,"enemies":"Book of Stabbing","floor":21,"turns":5},{"damage":0,"enemies":"Shell Parasite","floor":23,"turns":4},{"damage":10,"enemies":"Gremlin Leader","floor":26,"turns":6},{"damage":10,"enemies":"Shelled Parasite and Fungi","floor":28,"turns":3},{"damage":0,"enemies":"Cultist and Chosen","floor":29,"turns":3},{"damage":9,"enemies":"Snake Plant","floor":32,"turns":4},{"damage":8,"enemies":"downfall:Silent","floor":33,"turns":5},{"damage":0,"enemies":"downfall:FleeingMerchant","floor":36,"turns":4},{"damage":3,"enemies":"Orb Walker","floor":37,"turns":3},{"damage":10,"enemies":"3 Shapes","floor":38,"turns":2},{"damage":10,"enemies":"Reptomancer","floor":39,"turns":4},{"damage":0,"enemies":"downfall:FleeingMerchant","floor":42,"turns":3},{"damage":0,"enemies":"Nemesis","floor":44,"turns":3},{"damage":0,"enemies":"Spire Growth","floor":45,"turns":4},{"damage":2,"enemies":"Transient","floor":46,"turns":5},{"damage":0,"enemies":"4 Shapes","floor":48,"turns":4},{"damage":11,"enemies":"Jaw Worm Horde","floor":49,"turns":3},{"damage":0,"enemies":"downfall:Defect","floor":50,"turns":4},{"damage":0,"enemies":"downfall:CharBossMerchant","floor":52,"turns":6},{"damage":2,"enemies":"downfall:NeowBoss","floor":55,"turns":11}],"seed_played":"9130333432524913478","potions_obtained":[{"floor":4,"key":"champ:CounterPotion"},{"floor":10,"key":"sneckomod:MuddlingPotion"},{"floor":11,"key":"Swift Potion"}],"is_trial":false,"path_per_floor":["R","M","R","M","?","E","T","?","R","E","M","M","?","T","M","B",null,"R","$","M","E","R","M","T","?","E","R","M","M","?","?","M","B",null,"R","$","M","M","E","?","T","$","R","E","M","M","$","M","M","B",null,"E","$","R","B",null],"character_chosen":"GUARDIAN","items_purchased":["Guardian:MultiBeam","Guardian:SentryBeam","OrangePellets","Panache","Guardian:MultiBeam","Guardian:FloatingOrbs","Guardian:StasisUpgradeRelic","Guardian:SpikerProtocol"],"campfire_rested":0,"item_purchase_floors":[19,19,36,42,42,42,47,47],"current_hp_per_floor":[56,56,56,48,48,36,36,62,72,61,61,61,61,61,59,42,90,90,90,90,75,75,75,75,75,65,65,55,55,49,33,24,16,90,90,90,87,77,71,71,71,71,71,73,77,79,79,79,70,70,106,106,106,106,104],"gold":92,"neow_bonus":"TRANSFORM_TWO_CARDS","is_daily":false,"chose_seed":false,"campfire_upgraded":8,"win_rate":0.0,"timestamp":1608483417,"path_taken":["R","M","R","M","?","E","T","?","R","E","M","?","?","?","M","BOSS","R","$","M","E","R","M","T","?","E","R","M","M","?","?","M","BOSS","R","$","M","M","E","?","T","$","R","E","M","M","$","?","M","BOSS","E","$","R","BOSS"],"items_purchased_type":["Card","Card","Relic","Card","Card","Card","Relic","Card"],"build_version":"2020-12-13","purchased_purges":0,"victory":true,"max_hp_per_floor":[80,80,80,80,80,80,80,80,90,90,90,90,90,90,90,90,90,90,90,90,90,90,90,90,90,90,90,90,90,90,90,90,90,90,90,90,90,90,94,94,94,94,94,96,100,104,104,104,106,106,106,106,106,106,106],"relic_stats":{"Sozu":6,"OrangePellets":[19],"Centennial Puzzle":[3],"Singing Bowl":16,"counters":[30,132],"Pen Nib":[24],"Bag of Preparation":[18],"Whetstone":["Guardian:SentryBeam","Guardian:PrimingBeam"],"War Paint":["Guardian:DonusPower","Guardian:ChargeUp"],"obtain_stats":[{"Lantern":6,"downfall:HeartBlessingRed":22,"Singing Bowl":39,"Guardian:ModeShifter":0,"Vajra":21,"Enchiridion":31,"downfall:HeartBlessingGreen":18,"Pen Nib":14,"Omamori":10,"Bag of Preparation":41,"Whetstone":26,"Bottled Tornado":24,"War Paint":44,"Guardian:PickAxe":13,"Sozu":17,"OrangePellets":36,"Guardian:StasisUpgradeRelic":47,"Centennial Puzzle":52,"downfall:HeartBlessingBlue":9,"Philosopher\u0027s Stone":34},{"Lantern":3,"downfall:HeartBlessingRed":11,"Singing Bowl":21,"Guardian:ModeShifter":0,"Vajra":11,"Enchiridion":15,"downfall:HeartBlessingGreen":8,"Pen Nib":6,"Omamori":4,"Bag of Preparation":21,"Whetstone":13,"Bottled Tornado":12,"War Paint":23,"Guardian:PickAxe":6,"Sozu":8,"OrangePellets":18,"Guardian:StasisUpgradeRelic":25,"Centennial Puzzle":29,"downfall:HeartBlessingBlue":3,"Philosopher\u0027s Stone":17},{"Lantern":11,"downfall:HeartBlessingRed":51,"Singing Bowl":89,"Guardian:ModeShifter":0,"Vajra":51,"Enchiridion":67,"downfall:HeartBlessingGreen":38,"Pen Nib":25,"Omamori":17,"Bag of Preparation":89,"Whetstone":61,"Bottled Tornado":55,"War Paint":95,"Guardian:PickAxe":25,"Sozu":38,"OrangePellets":80,"Guardian:StasisUpgradeRelic":104,"Centennial Puzzle":121,"downfall:HeartBlessingBlue":11,"Philosopher\u0027s Stone":76}]},"card_choices":[{"not_picked":["Guardian:Gem_Green","Guardian:SentryBeam"],"picked":"Guardian:PiercingHide","floor":2},{"not_picked":["Guardian:TimeBomb","Guardian:WalkerClaw"],"picked":"Guardian:TemporalShield","floor":4},{"not_picked":["Guardian:PiercingHide","Guardian:EvasiveProtocol"],"picked":"Guardian:DonusPower","floor":6},{"not_picked":["Guardian:Incinerate","Guardian:AncientConstruct"],"picked":"Guardian:Gem_Cyan","floor":10},{"not_picked":["Guardian:BronzeArmor","Guardian:Preprogram"],"picked":"Guardian:Gem_Cyan","floor":11},{"not_picked":["Guardian:ShieldSpikes","Guardian:WalkerClaw"],"picked":"Guardian:PrimingBeam","floor":12},{"not_picked":["Guardian:FloatingOrbs","Guardian:TemporalShield"],"picked":"Guardian:SpikerProtocol","floor":15},{"not_picked":["Guardian:SphericShield","Guardian:ConstructionForm"],"picked":"Guardian:GemFinder","floor":16},{"not_picked":["Guardian:Planning","Guardian:Incinerate"],"picked":"Guardian:Suspension","floor":19},{"not_picked":["Guardian:VentSteam","Guardian:PrimingBeam"],"picked":"Guardian:DonusPower","floor":20},{"not_picked":["Guardian:Suspension+1","Guardian:PiercingHide"],"picked":"Guardian:FuturePlans+1","floor":21},{"not_picked":["Guardian:Gem_Green","Guardian:Gem_Lightblue"],"picked":"Guardian:Gem_Cyan","floor":21},{"not_picked":["Guardian:Incinerate+1","Guardian:ShieldCharger+1"],"picked":"Guardian:FloatingOrbs","floor":23},{"not_picked":["Guardian:ShieldCharger","Guardian:Incinerate+1"],"picked":"Guardian:PiercingHide","floor":26},{"not_picked":["Guardian:Gem_Red","Guardian:Gem_Green"],"picked":"Guardian:Gem_Lightblue","floor":26},{"not_picked":["Guardian:Planning","Guardian:Reroute"],"picked":"Guardian:ChargeUp","floor":28},{"not_picked":["Guardian:Reroute+1","Guardian:TemporalStrike+1"],"picked":"Guardian:WalkerClaw+1","floor":29},{"not_picked":["Guardian:CrystalBeam+1","Guardian:Gem_Blue"],"picked":"Guardian:Gem_Purple","floor":32},{"not_picked":["Guardian:Gem_Orange","Guardian:StasisStrike"],"picked":"Guardian:CompilePackage","floor":33},{"not_picked":["Guardian:WalkerClaw","Guardian:MultiBeam"],"picked":"Guardian:TimeCapacitor+1","floor":36},{"not_picked":["Guardian:TemporalShield","Guardian:PrimingBeam"],"picked":"Guardian:PolyBeam","floor":37},{"not_picked":["Guardian:TemporalStrike+1","Guardian:Planning+1","Guardian:WalkerClaw+1"],"picked":"SKIP","floor":38},{"not_picked":["Guardian:Gem_Lightblue","Guardian:Gem_Red","Guardian:Gem_Cyan"],"picked":"Singing Bowl","floor":39},{"not_picked":["Guardian:RollAttack","Guardian:DonusPower","Guardian:CrystalBeam"],"picked":"Singing Bowl","floor":39},{"not_picked":["Guardian:FloatingOrbs+1","Guardian:Planning+1"],"picked":"Guardian:Suspension+1","floor":42},{"not_picked":["Guardian:SentryBeam+1","Guardian:VentSteam","Guardian:RefractedBeam"],"picked":"Singing Bowl","floor":44},{"not_picked":["Guardian:Gem_Cyan","Guardian:Gem_Green","Guardian:Gem_Red"],"picked":"Singing Bowl","floor":45},{"not_picked":["Guardian:AncientConstruct","Guardian:SentryBeam+1","Guardian:ChargeCore+1"],"picked":"Singing Bowl","floor":45},{"not_picked":["Guardian:Gem_Green","Guardian:Gem_Cyan","Guardian:Gem_Lightblue"],"picked":"Singing Bowl","floor":46},{"not_picked":["Guardian:TemporalStrike","Guardian:PrismaticBeam+1","Guardian:Harden"],"picked":"Singing Bowl","floor":46},{"not_picked":["Guardian:Preprogram","Guardian:TemporalStrike"],"picked":"Guardian:TemporalShield+1","floor":48},{"not_picked":["Guardian:Gem_Lightblue","Guardian:Gem_Green","Guardian:Gem_Red"],"picked":"Singing Bowl","floor":49},{"not_picked":["Guardian:BronzeOrb","Guardian:Reroute"],"picked":"Guardian:FloatingOrbs","floor":49},{"not_picked":["Guardian:ChargeCore","Guardian:Clone+1"],"picked":"Guardian:Gem_Synthetic","floor":52}],"player_experience":568888,"relics_obtained":[{"floor":6,"key":"Lantern"},{"floor":10,"key":"Omamori"},{"floor":14,"key":"Pen Nib"},{"floor":21,"key":"Vajra"},{"floor":24,"key":"Bottled Tornado"},{"floor":26,"key":"Whetstone"},{"floor":31,"key":"Enchiridion"},{"floor":39,"key":"Singing Bowl"},{"floor":41,"key":"Bag of Preparation"},{"floor":44,"key":"War Paint"},{"floor":52,"key":"Centennial Puzzle"}],"event_choices":[{"damage_healed":26,"gold_gain":0,"player_choice":"Banana","damage_taken":0,"max_hp_gain":0,"max_hp_loss":0,"event_name":"Big Fish","floor":8,"gold_loss":0},{"damage_healed":0,"gold_gain":0,"player_choice":"Simplicity","damage_taken":0,"max_hp_gain":0,"max_hp_loss":0,"event_name":"Back to Basics","floor":25,"gold_loss":0,"cards_upgraded":["Guardian:Strike_Guardian","Guardian:Strike_Guardian","Guardian:Strike_Guardian","Guardian:Defend_Guardian","Guardian:Defend_Guardian"]},{"damage_healed":0,"gold_gain":0,"cards_transformed":["Guardian:Strike_Guardian"],"player_choice":"Transformed","damage_taken":0,"max_hp_gain":0,"max_hp_loss":0,"event_name":"Transmorgrifier","floor":40,"gold_loss":0,"cards_obtained":["Guardian:SentryBeam"]}],"is_beta":false,"boss_relics":[{"not_picked":["SacredBark","Empty Cage"],"picked":"Sozu"},{"not_picked":["Guardian:ModeShifterPlus","Tiny House"],"picked":"Philosopher\u0027s Stone"}],"items_purged_floors":[],"is_endless":false,"potions_floor_spawned":[4,10,11,16,20,21,23,32,37,39,44,45,48,52],"ascension_level":0}}