{"host":"7gewg82ormp6yt4e","time":1608462734,"event":{"mods":["BaseMod","Block Reminder","Colored Map","Colored Powertips","DeckTracker","Highlight Path","Minty Spire (QoL Compilation)","Relic Stats","StSLib"],"gold_per_floor":[118,118,118,129,279,311,311,311,311,311,328,360,376,376,376],"floor_reached":14,"playtime":277,"items_purged":[],"score":246,"play_id":"c32de0d3-a5f3-42f7-b601-a741b05ee483","local_time":"20201220201214","is_ascension_mode":true,"campfire_choices":[{"data":"Dagger Spray","floor":7,"key":"SMITH"},{"data":"Bane","floor":10,"key":"SMITH"}],"circlet_count":0,"master_deck":["AscendersBane","Strike_G","Strike_G","Strike_G","Strike_G","Defend_G","Defend_G","Defend_G","Defend_G","Defend_G","Survivor","Neutralize","Bane+1","Dagger Spray+1","Doubt","Burst","Regret","Poisoned Stab","Deadly Poison","Deadly Poison"],"relics":["Ring of the Snake","NeowsBlessing","Blue Candle","Blood Vial","Bronze Scales","White Beast Statue","Anchor"],"acts_visited":["Exordium"],"potions_floor_usage":[12,13,14],"damage_taken":[{"damage":0,"enemies":"Small Slimes","floor":1,"turns":1},{"damage":0,"enemies":"2 Louse","floor":4,"turns":1},{"damage":0,"enemies":"Lagavulin","floor":6,"turns":1},{"damage":3,"enemies":"Cultist","floor":11,"turns":4},{"damage":47,"enemies":"Gremlin Nob","floor":12,"turns":5},{"damage":0,"enemies":"Exordium Wildlife","floor":13,"turns":2},{"damage":12,"enemies":"Lagavulin","floor":14,"turns":3}],"seed_played":"-4640722443581893812","potions_obtained":[{"floor":11,"key":"EssenceOfSteel"},{"floor":12,"key":"Regen Potion"},{"floor":13,"key":"Block Potion"}],"is_trial":false,"path_per_floor":["M","?","?","M","?","E","R","?","T","R","M","E","M","E"],"character_chosen":"THE_SILENT","items_purchased":[],"campfire_rested":0,"item_purchase_floors":[],"current_hp_per_floor":[59,52,47,47,47,47,47,47,47,47,46,1,8,0,0],"gold":376,"neow_bonus":"THREE_ENEMY_KILL","is_daily":false,"chose_seed":false,"campfire_upgraded":2,"win_rate":0.0,"timestamp":1608462734,"path_taken":["M","?","?","M","?","E","R","?","T","R","M","E","M","E"],"items_purchased_type":[],"build_version":"2020-12-13","purchased_purges":0,"victory":false,"max_hp_per_floor":[66,66,66,66,66,66,66,66,66,66,66,66,66,66,66],"relic_stats":{"Blood Vial":8,"counters":[7,17],"Blue Candle":[6],"Bronze Scales":[20],"obtain_stats":[{"Blood Vial":6,"Anchor":12,"NeowsBlessing":0,"Blue Candle":3,"Bronze Scales":8,"White Beast Statue":9,"Ring of the Snake":0},{"Blood Vial":3,"Anchor":5,"NeowsBlessing":0,"Blue Candle":1,"Bronze Scales":3,"White Beast Statue":3,"Ring of the Snake":0},{"Blood Vial":3,"Anchor":12,"NeowsBlessing":0,"Blue Candle":1,"Bronze Scales":3,"White Beast Statue":3,"Ring of the Snake":0}],"Ring of the Snake":[14]},"card_choices":[{"not_picked":["Deflect","Dodge and Roll"],"picked":"Bane","floor":1},{"not_picked":["Acrobatics","Quick Slash"],"picked":"Dagger Spray","floor":4},{"not_picked":["Distraction","Backstab"],"picked":"Burst","floor":6},{"not_picked":["Dagger Throw","Well Laid Plans"],"picked":"Poisoned Stab","floor":11},{"not_picked":["Well Laid Plans","All Out Attack"],"picked":"Deadly Poison","floor":12},{"not_picked":["Quick Slash","Poisoned Stab"],"picked":"Deadly Poison","floor":13}],"player_experience":2406547,"relics_obtained":[{"floor":6,"key":"Blood Vial"},{"floor":9,"key":"White Beast Statue"},{"floor":12,"key":"Anchor"}],"event_choices":[{"cards_removed":["Strike_G"],"damage_healed":0,"gold_gain":0,"player_choice":"Card Removal","damage_taken":7,"max_hp_gain":0,"max_hp_loss":0,"event_name":"Golden Wing","floor":2,"gold_loss":0},{"damage_healed":0,"gold_gain":0,"player_choice":"Success","damage_taken":5,"relics_obtained":["Blue Candle"],"max_hp_gain":0,"max_hp_loss":0,"event_name":"Scrap Ooze","floor":3,"gold_loss":0},{"damage_healed":0,"gold_gain":150,"player_choice":"AGREE","damage_taken":0,"max_hp_gain":0,"max_hp_loss":0,"event_name":"Liars Game","floor":5,"gold_loss":0,"cards_obtained":["Doubt"]},{"damage_healed":0,"gold_gain":0,"player_choice":"Box","damage_taken":0,"relics_obtained":["Bronze Scales"],"max_hp_gain":0,"max_hp_loss":0,"event_name":"Big Fish","floor":8,"gold_loss":0,"cards_obtained":["Regret"]}],"is_beta":false,"boss_relics":[],"items_purged_floors":[],"is_endless":false,"potions_floor_spawned":[11,12,13],"killed_by":"Lagavulin","ascension_level":20}}