{"host":"sav7uxregyirlf69","time":1608442028,"event":{"mods":["AchievementEnabler","BaseMod","Colored Map","DeckTracker","Keyboard Shortcuts","Minty Spire (QoL Compilation)","READ ME - Guardian Mod","StSLib","SuperFastMode"],"gold_per_floor":[111,111,126,145,70,100,100,100,147,165,165,194,214,214,214,288,288,301,301,320,245,205,205,205,205],"floor_reached":24,"playtime":462,"items_purged":["SignatureMove"],"score":408,"play_id":"9bcfb33c-ed9c-489a-aa32-300fc936b943","local_time":"20201220142708","is_ascension_mode":true,"campfire_choices":[{"data":"Eruption","floor":7.0,"key":"SMITH"},{"floor":11.0,"key":"REST"},{"data":"MentalFortress","floor":15.0,"key":"SMITH"},{"data":"TalkToTheHand","floor":23.0,"key":"SMITH"}],"circlet_count":0,"master_deck":["AscendersBane","Eruption+1","Vigilance","FearNoEvil+1","MentalFortress+1","SandsOfTime+1","TalkToTheHand+1","EmptyBody","CrushJoints","Halt","ConjureBlade","WreathOfFlame","Indignation+1"],"relics":["PureWater","Boot","Question Card","Whetstone","Anchor","Pandora\u0027s Box"],"acts_visited":["Exordium","TheCity"],"potions_floor_usage":[24,24],"damage_taken":[{"damage":0.0,"enemies":"2 Louse","floor":1.0,"turns":4.0},{"damage":2.0,"enemies":"Jaw Worm","floor":3.0,"turns":2.0},{"damage":1.0,"enemies":"Small Slimes","floor":4.0,"turns":3.0},{"damage":4.0,"enemies":"Gremlin Nob","floor":6.0,"turns":3.0},{"damage":4.0,"enemies":"3 Louse","floor":10.0,"turns":3.0},{"damage":11.0,"enemies":"Lagavulin","floor":12.0,"turns":5.0},{"damage":0.0,"enemies":"Looter","floor":13.0,"turns":2.0},{"damage":11.0,"enemies":"The Guardian","floor":16.0,"turns":9.0},{"damage":5.0,"enemies":"Spheric Guardian","floor":18.0,"turns":3.0},{"damage":2.0,"enemies":"2 Thieves","floor":20.0,"turns":3.0},{"damage":59,"enemies":"Slavers","floor":24,"turns":6}],"seed_played":"-1019555468107301487","potions_obtained":[{"floor":3.0,"key":"Block Potion"},{"floor":4.0,"key":"Dexterity Potion"},{"floor":12.0,"key":"DistilledChaos"},{"floor":16.0,"key":"Ambrosia"},{"floor":22.0,"key":"Block Potion"}],"is_trial":false,"path_per_floor":["M","?","M","M","?","E","R","?","T","M","R","E","M","?","R","B",null,"M","?","M","$","?","R","E"],"character_chosen":"WATCHER","items_purchased":[],"campfire_rested":1,"item_purchase_floors":[],"current_hp_per_floor":[67,41,39,38,38,34,34,27,27,23,45,34,34,34,34,23,61,56,56,54,54,54,54,0,0],"gold":205,"neow_bonus":"TEN_PERCENT_HP_BONUS","is_daily":false,"chose_seed":false,"campfire_upgraded":3,"win_rate":0.0,"timestamp":1608442028,"path_taken":["M","?","M","M","?","E","R","?","T","M","R","E","M","?","R","BOSS","M","?","M","$","?","R","E"],"items_purchased_type":[],"build_version":"2020-12-13","purchased_purges":1,"victory":false,"max_hp_per_floor":[74,74,74,74,74,74,74,74,74,74,74,74,74,74,74,74,74,74,74,74,74,74,74,74,74],"card_choices":[{"not_picked":["ThirdEye","Crescendo"],"picked":"FearNoEvil","floor":1.0},{"not_picked":["ClearTheMind","Vengeance"],"picked":"MentalFortress","floor":3.0},{"not_picked":["JustLucky","CrushJoints"],"picked":"SandsOfTime","floor":4.0},{"not_picked":["PathToVictory","WaveOfTheHand","SashWhip"],"picked":"SKIP","floor":6.0},{"not_picked":["ReachHeaven","EmptyFist","DevaForm","Crescendo"],"picked":"SKIP","floor":10.0},{"not_picked":["Fasting2","Pray","Collect","FlyingSleeves"],"picked":"SKIP","floor":12.0},{"not_picked":["SandsOfTime","FearNoEvil","BowlingBash"],"picked":"TalkToTheHand","floor":13.0},{"not_picked":["ThirdEye+1","Indignation+1","SashWhip","Halt"],"picked":"SKIP","floor":18.0},{"not_picked":["ThirdEye+1","SashWhip","Halt"],"picked":"Indignation+1","floor":18.0},{"not_picked":["BattleHymn","Wallop","Halt","Protect"],"picked":"SKIP","floor":20.0}],"player_experience":964110,"relics_obtained":[{"floor":6.0,"key":"Question Card"},{"floor":9.0,"key":"Whetstone"},{"floor":12.0,"key":"Anchor"}],"event_choices":[{"damage_healed":0.0,"max_hp_gain":0.0,"max_hp_loss":0.0,"gold_gain":0.0,"event_name":"Scrap Ooze","player_choice":"Success","floor":2.0,"gold_loss":0.0,"damage_taken":26.0,"relics_obtained":["Boot"]},{"cards_removed":["Strike_P"],"damage_healed":0.0,"max_hp_gain":0.0,"max_hp_loss":0.0,"gold_gain":0.0,"event_name":"The Cleric","player_choice":"Card Removal","floor":5.0,"gold_loss":75.0,"damage_taken":0.0},{"cards_removed":["Defend_P"],"damage_healed":0.0,"max_hp_gain":0.0,"max_hp_loss":0.0,"gold_gain":0.0,"event_name":"Golden Wing","player_choice":"Card Removal","floor":8.0,"gold_loss":0.0,"damage_taken":7.0},{"damage_healed":0.0,"max_hp_gain":0.0,"max_hp_loss":0.0,"gold_gain":0.0,"event_name":"Living Wall","player_choice":"Grow","floor":14.0,"gold_loss":0.0,"damage_taken":0.0,"cards_upgraded":["SandsOfTime"]},{"damage_healed":0.0,"max_hp_gain":0.0,"max_hp_loss":0.0,"gold_gain":0.0,"event_name":"Cursed Tome","player_choice":"Ignored","floor":19.0,"gold_loss":0.0,"damage_taken":0.0},{"damage_healed":0.0,"max_hp_gain":0.0,"max_hp_loss":0.0,"gold_gain":0.0,"event_name":"The Woman in Blue","player_choice":"Bought 3 Potions","floor":22.0,"gold_loss":0.0,"damage_taken":0.0}],"is_beta":false,"boss_relics":[{"not_picked":["Fusion Hammer","SlaversCollar"],"picked":"Pandora\u0027s Box"}],"items_purged_floors":[21],"is_endless":false,"potions_floor_spawned":[3,4,12,16,18,20],"killed_by":"Slavers","ascension_level":20}}