{"host":"a5lz0e76zb3fcwkm","time":1608498624,"event":{"mods":["AchievementEnabler","BaseMod","Colored Map","Colored Powertips","Minty Spire (QoL Compilation)","StSLib","SuperFastMode"],"gold_per_floor":[115,125,125,143,143,143,143,143,143,174,99,99,114,155,155,248,248,266,285,304,43,43,43,53,53,104,104,120,35,48,65,65,65,65],"floor_reached":33,"playtime":646,"items_purged":["Strike_R","Strike_R"],"score":514,"play_id":"d4c9d8e8-5e57-4784-9a1a-32fd84892a7e","local_time":"20201221061024","is_ascension_mode":true,"campfire_choices":[{"data":"Immolate","floor":6.0,"key":"SMITH"},{"floor":8.0,"key":"REST"},{"data":"Offering","floor":15.0,"key":"SMITH"},{"data":"Entrench","floor":23,"key":"SMITH"},{"data":"Double Tap","floor":25,"key":"SMITH"},{"data":"Flame Barrier","floor":27,"key":"SMITH"},{"floor":32,"key":"RECALL"}],"circlet_count":0,"master_deck":["AscendersBane","Strike_R","Defend_R","Defend_R","Defend_R","Defend_R","Bash","Dropkick","Burning Pact","Immolate+1","Flame Barrier+1","Shrug It Off","Offering+1","Double Tap+1","Entrench+1","Entrench+1"],"relics":["Burning Blood","NeowsBlessing","Bloody Idol","Self Forming Clay","Toy Ornithopter","Prayer Wheel","Busted Crown","ClockworkSouvenir","Blood Vial","Paper Frog"],"acts_visited":["Exordium","TheCity"],"potions_floor_usage":[33],"damage_taken":[{"damage":0.0,"enemies":"Jaw Worm","floor":1.0,"turns":1.0},{"damage":0.0,"enemies":"Cultist","floor":2.0,"turns":1.0},{"damage":0.0,"enemies":"2 Louse","floor":4.0,"turns":1.0},{"damage":29.0,"enemies":"Gremlin Nob","floor":10.0,"turns":4.0},{"damage":2.0,"enemies":"Blue Slaver","floor":13.0,"turns":4.0},{"damage":8.0,"enemies":"3 Sentries","floor":14.0,"turns":4.0},{"damage":55.0,"enemies":"Slime Boss","floor":16.0,"turns":7.0},{"damage":6,"enemies":"Chosen","floor":18,"turns":2},{"damage":13,"enemies":"Spheric Guardian","floor":19,"turns":4},{"damage":15,"enemies":"Snake Plant","floor":20,"turns":2},{"damage":6,"enemies":"Centurion and Healer","floor":24,"turns":2},{"damage":10,"enemies":"Snecko","floor":28,"turns":5},{"damage":8,"enemies":"Shelled Parasite and Fungi","floor":30,"turns":3},{"damage":6,"enemies":"3 Cultists","floor":31,"turns":1},{"damage":117,"enemies":"Collector","floor":33,"turns":9}],"seed_played":"-30467984479950125","potions_obtained":[{"floor":1.0,"key":"LiquidMemories"},{"floor":4.0,"key":"FairyPotion"},{"floor":13.0,"key":"Strength Potion"},{"floor":14.0,"key":"PowerPotion"},{"floor":20,"key":"SteroidPotion"}],"is_trial":false,"path_per_floor":["M","M","?","M","?","R","?","R","T","E","$","?","M","E","R","B",null,"M","M","M","$","?","R","M","R","T","R","M","?","M","M","R","B"],"character_chosen":"IRONCLAD","items_purchased":["ClockworkSouvenir"],"campfire_rested":1,"item_purchase_floors":[21],"current_hp_per_floor":[74,75,75,75,75,75,49,71,71,48,48,53,57,55,55,11,63,63,56,47,47,47,47,52,52,57,57,60,60,65,72,72,0,0],"gold":65,"neow_bonus":"THREE_ENEMY_KILL","is_daily":false,"chose_seed":false,"campfire_upgraded":5,"win_rate":0.0,"timestamp":1608498624,"path_taken":["M","M","?","?","?","R","?","R","T","E","?","?","M","E","R","BOSS","M","M","M","$","?","R","M","R","T","R","M","?","M","M","R","BOSS"],"items_purchased_type":["Relic"],"build_version":"2020-12-13","purchased_purges":2,"victory":false,"max_hp_per_floor":[75,75,75,75,75,75,75,75,75,75,75,80,80,80,80,80,80,80,80,80,80,80,80,80,80,80,80,80,80,80,80,80,80,80],"card_choices":[{"not_picked":["Havoc","Flex"],"picked":"Dropkick","floor":1.0},{"not_picked":["Flex","Warcry"],"picked":"Burning Pact","floor":2.0},{"not_picked":["Perfected Strike","Dark Embrace"],"picked":"Flame Barrier","floor":4.0},{"not_picked":["Pummel","Perfected Strike"],"picked":"Offering","floor":10.0},{"not_picked":["Thunderclap","Ghostly Armor","Dropkick"],"picked":"SKIP","floor":13.0},{"not_picked":["Armaments","Wild Strike","Rupture"],"picked":"SKIP","floor":14.0},{"not_picked":["Impervious","Limit Break"],"picked":"Double Tap","floor":16.0},{"not_picked":[],"picked":"Entrench","floor":18},{"not_picked":["Clash"],"picked":"SKIP","floor":18},{"not_picked":["Armaments"],"picked":"SKIP","floor":19},{"not_picked":["Perfected Strike+1"],"picked":"SKIP","floor":19},{"not_picked":["Uppercut"],"picked":"SKIP","floor":20},{"not_picked":["Headbutt"],"picked":"SKIP","floor":20},{"not_picked":["Whirlwind"],"picked":"SKIP","floor":24},{"not_picked":["Sword Boomerang"],"picked":"SKIP","floor":24},{"not_picked":["Bloodletting"],"picked":"SKIP","floor":28},{"not_picked":["Dual Wield"],"picked":"SKIP","floor":28},{"not_picked":["Bloodletting"],"picked":"SKIP","floor":28},{"not_picked":["Dual Wield"],"picked":"SKIP","floor":28},{"not_picked":["Bloodletting"],"picked":"SKIP","floor":28},{"not_picked":["Dual Wield"],"picked":"SKIP","floor":28},{"not_picked":["Heavy Blade"],"picked":"SKIP","floor":30},{"not_picked":["True Grit"],"picked":"SKIP","floor":30},{"not_picked":[],"picked":"Entrench+1","floor":31},{"not_picked":["Hemokinesis"],"picked":"SKIP","floor":31}],"player_experience":1628916,"relics_obtained":[{"floor":9.0,"key":"Self Forming Clay"},{"floor":10.0,"key":"Toy Ornithopter"},{"floor":14.0,"key":"Prayer Wheel"},{"floor":26,"key":"Blood Vial"}],"event_choices":[{"damage_healed":0.0,"max_hp_gain":0.0,"max_hp_loss":0.0,"gold_gain":0.0,"cards_transformed":["Strike_R"],"event_name":"Transmorgrifier","player_choice":"Transformed","floor":3.0,"gold_loss":0.0,"damage_taken":0.0,"cards_obtained":["Immolate"]},{"damage_healed":0.0,"max_hp_gain":0.0,"max_hp_loss":0.0,"gold_gain":0.0,"cards_transformed":["Strike_R"],"event_name":"Living Wall","player_choice":"Change","floor":5.0,"gold_loss":0.0,"damage_taken":0.0,"cards_obtained":["Shrug It Off"]},{"damage_healed":0.0,"max_hp_gain":0.0,"max_hp_loss":0.0,"gold_gain":0.0,"event_name":"Golden Idol","player_choice":"Take Damage","floor":7.0,"gold_loss":0.0,"damage_taken":26.0,"relics_obtained":["Golden Idol"]},{"damage_healed":0.0,"max_hp_gain":5.0,"max_hp_loss":0.0,"gold_gain":0.0,"event_name":"Big Fish","player_choice":"Donut","floor":12.0,"gold_loss":0.0,"damage_taken":0.0},{"damage_healed":0,"gold_gain":0,"player_choice":"Gave Idol","damage_taken":0,"relics_obtained":["Bloody Idol"],"max_hp_gain":0,"max_hp_loss":0,"event_name":"Forgotten Altar","floor":22,"relics_lost":["Golden Idol"],"gold_loss":0},{"damage_healed":0,"gold_gain":0,"player_choice":"Obtained Relic","damage_taken":0,"relics_obtained":["Paper Frog"],"max_hp_gain":0,"max_hp_loss":0,"event_name":"Addict","floor":29,"gold_loss":85}],"is_beta":false,"boss_relics":[{"not_picked":["Runic Cube","Pandora\u0027s Box"],"picked":"Busted Crown"}],"items_purged_floors":[11,21],"is_endless":false,"potions_floor_spawned":[1,4,13,14,20,30,31],"killed_by":"Collector","ascension_level":20}}