{"host":"jm9833yuloeli2yd","time":1608423907,"event":{"mods":["AchievementEnabler","BaseMod","Better Altar","Better Match","Better Note","Better Sensory Stone","Better Skull","Better Vampires","Colored Map","Colored Powertips","DeckTracker","Minty Spire (QoL Compilation)","Permanent Neow","Quick Restart","Replay The Spire","StSLib","SuperFastMode"],"gold_per_floor":[115,128,138,313,330,330,359,359,440,420,420,433,433,445,445,445,445],"floor_reached":16,"playtime":351,"items_purged":[],"score":148,"play_id":"dce73245-b57c-4f3b-a0c3-c98dc06e6915","local_time":"20201219192507","is_ascension_mode":true,"campfire_choices":[{"data":"Wallop","floor":6.0,"key":"SMITH"},{"floor":8.0,"key":"REST"},{"data":"TalkToTheHand","floor":11.0,"key":"SMITH"},{"data":"Eruption","floor":13.0,"key":"SMITH"},{"floor":15.0,"key":"DIG"}],"circlet_count":0,"master_deck":["Strike_P","Strike_P","Strike_P","Strike_P","Defend_P","Defend_P","Defend_P","Defend_P","Eruption+1","Vigilance","FlurryOfBlows","Crescendo","TalkToTheHand+1","Doubt","Wallop+1","MentalFortress","SpiritShield","TalkToTheHand"],"relics":["SacredBark","Durian","Meat on the Bone","Tiny Chest"],"acts_visited":["Exordium"],"potions_floor_usage":[16,16],"damage_taken":[{"damage":1.0,"enemies":"Small Slimes","floor":1.0,"turns":3.0},{"damage":1.0,"enemies":"Cultist","floor":2.0,"turns":3.0},{"damage":3.0,"enemies":"2 Louse","floor":3.0,"turns":2.0},{"damage":14.0,"enemies":"Red Slaver","floor":5.0,"turns":3.0},{"damage":36.0,"enemies":"Gremlin Nob","floor":7.0,"turns":5.0},{"damage":3.0,"enemies":"Looter","floor":12.0,"turns":3.0},{"damage":0.0,"enemies":"2 Fungi Beasts","floor":14.0,"turns":5.0},{"damage":47,"enemies":"Hexaghost","floor":16,"turns":14}],"seed_played":"5156662184894532286","potions_obtained":[{"floor":3.0,"key":"Weak Potion"},{"floor":7.0,"key":"Dexterity Potion"},{"floor":10.0,"key":"Swift Potion"}],"is_trial":false,"path_per_floor":["M","M","M","?","M","R","E","R","T","?","R","M","R","M","R_BF","B"],"character_chosen":"WATCHER","items_purchased":[],"campfire_rested":1,"item_purchase_floors":[],"current_hp_per_floor":[64,63,60,60,46,46,15,38,38,38,38,47,47,47,47,0,0],"gold":445,"neow_bonus":"BOSS_RELIC","is_daily":false,"chose_seed":false,"campfire_upgraded":3,"win_rate":0.0,"timestamp":1608423907,"path_taken":["M","M","M","?","M","R","E","R","T","?","R","M","R","M","R_BF","BOSS"],"items_purchased_type":[],"build_version":"2020-12-13","purchased_purges":0,"victory":false,"max_hp_per_floor":[72,72,72,72,72,72,77,77,77,77,77,77,77,77,77,77,77],"card_choices":[{"not_picked":["Evaluate","EmptyMind"],"picked":"FlurryOfBlows","floor":1.0},{"not_picked":["Collect","Evaluate"],"picked":"Crescendo","floor":2.0},{"not_picked":["PathToVictory","Perseverance"],"picked":"TalkToTheHand","floor":3.0},{"not_picked":["Protect","SashWhip"],"picked":"Wallop","floor":5.0},{"not_picked":["FlyingSleeves","Replay:Hum"],"picked":"MentalFortress","floor":7.0},{"not_picked":["ForeignInfluence","SashWhip"],"picked":"SpiritShield","floor":12.0},{"not_picked":["Fasting2","Prostrate"],"picked":"TalkToTheHand","floor":14.0}],"player_experience":1130812,"relics_obtained":[{"floor":7.0,"key":"Durian"},{"floor":9.0,"key":"Meat on the Bone"},{"floor":15.0,"key":"Tiny Chest"}],"event_choices":[{"damage_healed":0.0,"max_hp_gain":0.0,"max_hp_loss":0.0,"gold_gain":175.0,"event_name":"Liars Game","player_choice":"AGREE","floor":4.0,"gold_loss":0.0,"damage_taken":0.0,"cards_obtained":["Doubt"]},{"damage_healed":0.0,"max_hp_gain":0.0,"max_hp_loss":0.0,"gold_gain":0.0,"event_name":"The Woman in Blue","player_choice":"Bought 1 Potion","floor":10.0,"gold_loss":0.0,"damage_taken":0.0}],"is_beta":false,"boss_relics":[],"items_purged_floors":[],"is_endless":false,"potions_floor_spawned":[3,7],"killed_by":"Hexaghost","ascension_level":9}}