{"host":"nsvh1q2jrp2m1ip1","time":1608437349,"event":{"mods":["BaseMod","Downfall","Googly Eyes","Hermit","Highlight Path","Minty Spire (QoL Compilation)","StSLib","The Bug Knight","The Cursed","The Hierophant","The Jungle"],"gold_per_floor":[115,115,115,128,128,153,153,167,167,180,27,46,61,71,71,176,176,196,196,212,69,82,82,95,95,122,135,165,165,182,198,198,198,198],"floor_reached":33,"playtime":3303,"items_purged":[],"score":298,"play_id":"7ab31130-4e55-44e9-acb9-4f9ece790bdc","local_time":"20201219230909","is_ascension_mode":false,"campfire_choices":[{"data":"HollowMod:FocusHealStart","floor":7.0,"key":"SMITH"},{"data":"HollowMod:GoodIntentions","floor":15.0,"key":"SMITH"},{"data":"HollowMod:ChannelNail","floor":23.0,"key":"SMITH"},{"data":"HollowMod:AwokenDreamNail","floor":25.0,"key":"SMITH"},{"data":"HollowMod:GreatSlash","floor":32,"key":"SMITH"}],"circlet_count":0,"master_deck":["HollowMod:NailStrikeStart","HollowMod:NailStrikeStart","HollowMod:NailStrikeStart","HollowMod:QuickDashStart","HollowMod:QuickDashStart","HollowMod:QuickDashStart","HollowMod:FocusHealStart+1","HollowMod:PogoStrike","HollowMod:FastStrike","HollowMod:GreatSlash+1","HollowMod:MothsMistake+1","HollowMod:NewLittleFool","HollowMod:GoodIntentions+1","HollowMod:Weaversong+1","HollowMod:CornifersMapStart","HollowMod:AwokenDreamNail+1","Necronomicurse","HollowMod:ChannelNail+1","HollowMod:MawleksShell+1","HollowMod:HornetsHelp"],"relics":["HollowMod:VesselMask","NeowsBlessing","Frozen Egg 2","Pen Nib","PreservedInsect","Coffee Dripper","Necronomicon","Orichalcum","HollowMod:PaleOreRelic","Akabeko"],"acts_visited":["Exordium","TheCity"],"potions_floor_usage":[33],"damage_taken":[{"damage":0.0,"enemies":"2 Louse","floor":1.0,"turns":1.0},{"damage":0.0,"enemies":"Small Slimes","floor":4.0,"turns":1.0},{"damage":0.0,"enemies":"3 Sentries","floor":6.0,"turns":1.0},{"damage":2.0,"enemies":"Cultist","floor":8.0,"turns":3.0},{"damage":17.0,"enemies":"Large Slime","floor":10.0,"turns":5.0},{"damage":5.0,"enemies":"Blue Slaver","floor":12.0,"turns":5.0},{"damage":1.0,"enemies":"3 Louse","floor":13.0,"turns":2.0},{"damage":6.0,"enemies":"Lots of Slimes","floor":14.0,"turns":2.0},{"damage":11.0,"enemies":"The Guardian","floor":16.0,"turns":11.0},{"damage":0.0,"enemies":"3 Byrds","floor":18.0,"turns":3.0},{"damage":26.0,"enemies":"HollowMod:HuskSentry","floor":20.0,"turns":5.0},{"damage":5.0,"enemies":"Cultist and Chosen","floor":22.0,"turns":4.0},{"damage":5.0,"enemies":"Snecko","floor":24.0,"turns":4.0},{"damage":0.0,"enemies":"3 Cultists","floor":27.0,"turns":3.0},{"damage":11.0,"enemies":"Gremlin Leader","floor":28.0,"turns":3.0},{"damage":3.0,"enemies":"Centurion and Healer","floor":30.0,"turns":4.0},{"damage":10.0,"enemies":"Shelled Parasite and Fungi","floor":31.0,"turns":3.0},{"damage":62,"enemies":"Automaton","floor":33,"turns":6}],"seed_played":"-9116822043330113539","potions_obtained":[{"floor":6.0,"key":"FearPotion"},{"floor":10.0,"key":"Block Potion"},{"floor":13.0,"key":"Weak Potion"},{"floor":20.0,"key":"Dexterity Potion"},{"floor":22.0,"key":"SkillPotion"},{"floor":24.0,"key":"Swift Potion"}],"is_trial":false,"path_per_floor":["M","?","?","M","?","E","R","M","T","M","$","M","M","M","R","B",null,"M","?","M","$","M","R","M","R","T","M","E","?","M","M","R","B"],"character_chosen":"THE_BUGKNIGHT","items_purchased":["PreservedInsect","Orichalcum"],"campfire_rested":0,"item_purchase_floors":[11,21],"current_hp_per_floor":[75,80,73,73,73,73,73,80,80,69,69,74,73,67,67,68,80,80,64,48,48,49,49,44,44,44,44,39,39,42,32,32,0,0],"gold":198,"neow_bonus":"THREE_ENEMY_KILL","is_daily":false,"chose_seed":false,"campfire_upgraded":5,"win_rate":0.0,"timestamp":1608437349,"path_taken":["M","?","?","M","?","E","R","M","T","M","$","M","?","M","R","BOSS","M","?","M","$","M","R","M","R","T","M","E","?","M","M","R","BOSS"],"items_purchased_type":["Relic","Relic"],"build_version":"2020-12-13","purchased_purges":0,"victory":false,"max_hp_per_floor":[75,80,80,80,80,80,80,80,80,80,80,80,80,80,80,80,80,80,80,80,80,80,80,80,80,80,80,80,80,80,80,80,80,80],"card_choices":[{"not_picked":["HollowMod:DoubleDash","HollowMod:DashSlash"],"picked":"HollowMod:FastStrike","floor":1.0},{"not_picked":["HollowMod:DoubleDash","HollowMod:NewGlowingWomb"],"picked":"HollowMod:GreatSlash","floor":4.0},{"not_picked":["HollowMod:SoulSplash","HollowMod:DungDefenderAura"],"picked":"HollowMod:MothsMistake+1","floor":6.0},{"not_picked":["HollowMod:TaintedHusks","HollowMod:SoulSplash"],"picked":"HollowMod:NewLittleFool","floor":8.0},{"not_picked":["HollowMod:FallenFury","HollowMod:WraithStrike"],"picked":"HollowMod:GoodIntentions","floor":10.0},{"not_picked":["HollowMod:ShapeofUnn+1","HollowMod:InfectedAttack"],"picked":"HollowMod:Weaversong+1","floor":12.0},{"not_picked":["HollowMod:NewJinnsSoul","HollowMod:SharpenedNail"],"picked":"HollowMod:CornifersMapStart","floor":13.0},{"not_picked":["HollowMod:CloakDash","HollowMod:DreamGate","HollowMod:DoubleDash"],"picked":"SKIP","floor":14.0},{"not_picked":["HollowMod:VoidDash","HollowMod:MidwifesHunger"],"picked":"HollowMod:AwokenDreamNail","floor":16.0},{"not_picked":["HollowMod:SiblingsShadow","HollowMod:TaintedHusks","HollowMod:DoubleDash"],"picked":"SKIP","floor":18.0},{"not_picked":["HollowMod:InfectedCysts","HollowMod:SoulStrike+1","HollowMod:DoubleDash"],"picked":"SKIP","floor":20.0},{"not_picked":["HollowMod:HuntersJournal","HollowMod:SharpenedShadows+1"],"picked":"HollowMod:ChannelNail","floor":22.0},{"not_picked":["HollowMod:CrystalDash","HollowMod:ShadowDash+1"],"picked":"HollowMod:MawleksShell+1","floor":24.0},{"not_picked":["HollowMod:WraithStrike","HollowMod:ShadowDash"],"picked":"HollowMod:HornetsHelp","floor":27.0},{"not_picked":["HollowMod:SoulEater+1","HollowMod:HowlingWraiths","HollowMod:DashSlash+1"],"picked":"SKIP","floor":28.0},{"not_picked":["HollowMod:NewLittleFool+1","HollowMod:CornifersMapStart+1","HollowMod:HowlingWraiths"],"picked":"SKIP","floor":30.0},{"not_picked":["HollowMod:SiblingsSouls","HollowMod:WraithStrike","HollowMod:VengefulVoid+1"],"picked":"SKIP","floor":31.0}],"player_experience":328590,"relics_obtained":[{"floor":6.0,"key":"Frozen Egg 2"},{"floor":9.0,"key":"Pen Nib"},{"floor":19.0,"key":"Necronomicon"},{"floor":26.0,"key":"HollowMod:PaleOreRelic"},{"floor":28.0,"key":"Akabeko"}],"event_choices":[{"damage_healed":0.0,"max_hp_gain":5.0,"max_hp_loss":0.0,"gold_gain":0.0,"event_name":"Big Fish","player_choice":"Donut","floor":2.0,"gold_loss":0.0,"damage_taken":0.0},{"cards_removed":["HollowMod:NailStrikeStart"],"damage_healed":0.0,"max_hp_gain":0.0,"max_hp_loss":0.0,"gold_gain":0.0,"event_name":"Golden Wing","player_choice":"Card Removal","floor":3.0,"gold_loss":0.0,"damage_taken":7.0},{"cards_removed":["HollowMod:QuickDashStart"],"damage_healed":0.0,"max_hp_gain":0.0,"max_hp_loss":0.0,"gold_gain":0.0,"event_name":"Bonfire Elementals","player_choice":"Offered Basic","floor":5.0,"gold_loss":0.0,"damage_taken":0.0},{"damage_healed":0.0,"max_hp_gain":0.0,"max_hp_loss":0.0,"gold_gain":0.0,"event_name":"Cursed Tome","player_choice":"Obtained Book","floor":19.0,"gold_loss":0.0,"damage_taken":16.0}],"is_beta":false,"boss_relics":[{"not_picked":["Black Star","Velvet Choker"],"picked":"Coffee Dripper"}],"items_purged_floors":[],"is_endless":false,"potions_floor_spawned":[6,10,13,14,20,22,24],"killed_by":"Automaton","ascension_level":0}}