{"host":"Jedit","time":1608492172,"event":{"mods":["BaseMod","Minty Spire (QoL Compilation)","Relic Stats","StSLib"],"gold_per_floor":[112,125,125,138,152,152,177,177,202,221,146,221,231,256,256,355,355,375,474,89,89,127,176,191,245,245,160,160,174,174,219,219,320,320,334,368,368,381,178,228,228,281,305,305,338,338,395,431,431,431,431,431,4,61,61],"floor_reached":56,"playtime":3223,"items_purged":["Pain","Neutralize","Strike_G","Strike_G"],"score":1748,"play_id":"7bf24600-6ddd-41ab-b9ff-22871c265545","local_time":"20201220192252","is_ascension_mode":true,"campfire_choices":[{"data":"Riddle With Holes","floor":6,"key":"SMITH"},{"data":"Crippling Poison","floor":15,"key":"SMITH"},{"floor":28,"key":"REST"},{"data":"Wraith Form v2","floor":30,"key":"SMITH"},{"data":"Footwork","floor":32,"key":"SMITH"},{"floor":41,"key":"RECALL"},{"data":"After Image","floor":44,"key":"SMITH"},{"data":"Skewer","floor":49,"key":"SMITH"},{"data":"Predator","floor":52,"key":"SMITH"}],"circlet_count":0,"master_deck":["Strike_G","Strike_G+1","Strike_G","Defend_G","Defend_G","Defend_G","Defend_G","Defend_G","Survivor","Dagger Spray+1","Sucker Punch","Sucker Punch","Riddle With Holes+1","Crippling Poison+1","Skewer+1","Footwork+1","Wraith Form v2+1","Eviscerate+1","Dash","Predator","HandOfGreed","Predator+1","Dodge and Roll+1","Underhanded Strike","Riddle With Holes","After Image+1","Apotheosis","Magnetism","Acrobatics+1","Bouncing Flask","Malaise"],"relics":["Snecko Eye","WarpedTongs","Centennial Puzzle","Whetstone","Strawberry","SacredBark","Incense Burner","Smiling Mask","InkBottle","Toy Ornithopter","Orichalcum","SlaversCollar","Dream Catcher","StrikeDummy","Letter Opener","Anchor","Tough Bandages","Bag of Marbles"],"acts_visited":["Exordium","TheCity","TheBeyond","TheEnding"],"potions_floor_usage":[14,16,23,25,33,33,35,38,40,42,47,50,50,54,55],"damage_taken":[{"damage":1,"enemies":"Small Slimes","floor":1,"turns":5},{"damage":0,"enemies":"Cultist","floor":2,"turns":3},{"damage":5,"enemies":"Jaw Worm","floor":4,"turns":3},{"damage":9,"enemies":"Exordium Wildlife","floor":5,"turns":5},{"damage":23,"enemies":"3 Sentries","floor":7,"turns":9},{"damage":1,"enemies":"Blue Slaver","floor":10,"turns":2},{"damage":0,"enemies":"2 Fungi Beasts","floor":13,"turns":2},{"damage":10,"enemies":"Lagavulin","floor":14,"turns":4},{"damage":11,"enemies":"Hexaghost","floor":16,"turns":10},{"damage":16,"enemies":"Spheric Guardian","floor":18,"turns":4},{"damage":14,"enemies":"2 Thieves","floor":22,"turns":2},{"damage":15,"enemies":"Book of Stabbing","floor":23,"turns":4},{"damage":0,"enemies":"Snake Plant","floor":24,"turns":3},{"damage":0,"enemies":"Slavers","floor":25,"turns":5},{"damage":1,"enemies":"Cultist and Chosen","floor":29,"turns":4},{"damage":0,"enemies":"Book of Stabbing","floor":31,"turns":4},{"damage":13,"enemies":"Champ","floor":33,"turns":11},{"damage":7,"enemies":"3 Darklings","floor":35,"turns":2},{"damage":0,"enemies":"3 Shapes","floor":36,"turns":4},{"damage":0,"enemies":"Transient","floor":38,"turns":5},{"damage":0,"enemies":"Nemesis","floor":40,"turns":7},{"damage":0,"enemies":"Reptomancer","floor":42,"turns":7},{"damage":0,"enemies":"Giant Head","floor":45,"turns":9},{"damage":5,"enemies":"Nemesis","floor":47,"turns":5},{"damage":0,"enemies":"Jaw Worm Horde","floor":48,"turns":3},{"damage":6,"enemies":"Donu and Deca","floor":50,"turns":8},{"damage":25,"enemies":"Shield and Spear","floor":54,"turns":6},{"damage":41,"enemies":"The Heart","floor":55,"turns":12}],"seed_played":"-3822340655025026923","potions_obtained":[{"floor":5,"key":"SneckoOil"},{"floor":10,"key":"Poison Potion"},{"floor":14,"key":"Weak Potion"},{"floor":16,"key":"Poison Potion"},{"floor":24,"key":"BlessingOfTheForge"},{"floor":29,"key":"SpeedPotion"},{"floor":31,"key":"SteroidPotion"},{"floor":33,"key":"Explosive Potion"},{"floor":40,"key":"ColorlessPotion"},{"floor":47,"key":"SteroidPotion"},{"floor":48,"key":"Weak Potion"}],"is_trial":false,"path_per_floor":["M","M","?","M","M","R","E","?","T","M","$","?","M","E","R","B",null,"M","?","$","?","M","E","M","E","T","?","R","M","R","E","R","B",null,"M","M","?","M","$","E","R","E","T","R","E","?","E","M","R","B",null,"R","$","E","B",null],"character_chosen":"THE_SILENT","items_purchased":["Dash","Predator","HandOfGreed","Dexterity Potion","PowerPotion","SkillPotion","Tough Bandages","Bouncing Flask","Block Potion"],"campfire_rested":1,"item_purchase_floors":[20,20,20,39,39,39,53,53,53],"current_hp_per_floor":[69,69,69,64,55,55,32,55,55,54,54,43,43,40,40,29,65,49,49,49,49,35,20,20,20,20,20,43,42,42,42,42,39,68,66,66,56,61,61,66,66,71,71,71,71,71,71,71,71,75,77,77,77,56,20],"gold":61,"neow_bonus":"BOSS_RELIC","is_daily":false,"chose_seed":false,"campfire_upgraded":7,"win_rate":0.0,"timestamp":1608492172,"path_taken":["M","M","?","?","M","R","E","?","T","M","$","?","M","E","R","BOSS","M","?","$","?","?","E","M","E","T","?","R","M","R","E","R","BOSS","M","M","?","M","$","E","R","E","T","R","E","?","E","M","R","BOSS","R","$","E","BOSS"],"items_purchased_type":["Card","Card","Card","Potion","Potion","Potion","Relic","Card","Potion"],"build_version":"2020-12-18","purchased_purges":4,"victory":true,"max_hp_per_floor":[70,70,70,70,70,70,70,70,70,70,70,70,70,77,77,77,77,77,77,77,77,77,77,77,77,77,77,77,77,77,77,77,77,77,77,77,77,77,77,77,77,77,77,77,77,77,77,77,77,77,77,77,77,77,77],"relic_stats":{"counters":[28,148],"Whetstone":["Strike_G","Dagger Spray"],"Letter Opener":[81],"Orichalcum":[48],"Smiling Mask":175,"WarpedTongs":[139],"Centennial Puzzle":[39],"Dream Catcher":0,"Tough Bandages":[24],"Snecko Eye":[305,289,270,244],"obtain_stats":[{"SacredBark":17,"Incense Burner":23,"Whetstone":9,"Letter Opener":45,"Orichalcum":31,"Smiling Mask":25,"WarpedTongs":3,"SlaversCollar":34,"Centennial Puzzle":7,"Dream Catcher":40,"Anchor":47,"Tough Bandages":53,"Strawberry":14,"Snecko Eye":0,"Bag of Marbles":54,"StrikeDummy":42,"InkBottle":26,"Toy Ornithopter":27,"Ring of the Snake":0},{"SacredBark":9,"Incense Burner":12,"Whetstone":5,"Letter Opener":23,"Orichalcum":16,"Smiling Mask":14,"WarpedTongs":2,"SlaversCollar":17,"Centennial Puzzle":5,"Dream Catcher":21,"Anchor":24,"Tough Bandages":26,"Strawberry":8,"Snecko Eye":0,"Bag of Marbles":27,"StrikeDummy":22,"InkBottle":14,"Toy Ornithopter":14,"Ring of the Snake":0},{"SacredBark":43,"Incense Burner":53,"Whetstone":25,"Letter Opener":114,"Orichalcum":69,"Smiling Mask":61,"WarpedTongs":8,"SlaversCollar":80,"Centennial Puzzle":25,"Dream Catcher":98,"Anchor":119,"Tough Bandages":130,"Strawberry":33,"Snecko Eye":0,"Bag of Marbles":136,"StrikeDummy":105,"InkBottle":61,"Toy Ornithopter":61,"Ring of the Snake":0}],"InkBottle":[43],"Toy Ornithopter":54},"card_choices":[{"not_picked":["Prepared","Backflip"],"picked":"Dagger Spray","floor":1},{"not_picked":["Distraction","Deflect"],"picked":"Sucker Punch","floor":2},{"not_picked":["Cloak And Dagger","Deadly Poison"],"picked":"Sucker Punch","floor":4},{"not_picked":["Infinite Blades","Prepared"],"picked":"Riddle With Holes","floor":5},{"not_picked":["Deadly Poison","Catalyst"],"picked":"Crippling Poison","floor":7},{"not_picked":["Deadly Poison","Masterful Stab"],"picked":"Skewer","floor":10},{"not_picked":["Sucker Punch","Prepared","Caltrops"],"picked":"SKIP","floor":13},{"not_picked":["Well Laid Plans","Riddle With Holes"],"picked":"Footwork","floor":14},{"not_picked":["Tools of the Trade","Envenom"],"picked":"Wraith Form v2","floor":16},{"not_picked":["Slice","Flying Knee"],"picked":"Eviscerate+1","floor":18},{"not_picked":["Quick Slash","Sucker Punch"],"picked":"Predator","floor":22},{"not_picked":["Setup+1","Phantasmal Killer"],"picked":"Dodge and Roll+1","floor":23},{"not_picked":["Flechettes","Setup","Flying Knee"],"picked":"SKIP","floor":24},{"not_picked":["Blade Dance","Accuracy"],"picked":"Underhanded Strike","floor":25},{"not_picked":["Deflect","Accuracy","Dagger Spray+1"],"picked":"SKIP","floor":29},{"not_picked":["Acrobatics","Catalyst"],"picked":"Riddle With Holes","floor":31},{"not_picked":["Tools of the Trade","Unload"],"picked":"After Image","floor":33},{"not_picked":["Sucker Punch","Bane+1","Quick Slash+1"],"picked":"SKIP","floor":35},{"not_picked":["Escape Plan","Dagger Spray+1","Backflip"],"picked":"SKIP","floor":36},{"not_picked":["Finesse","Transmutation"],"picked":"Apotheosis","floor":37},{"not_picked":["PanicButton","Secret Technique"],"picked":"Magnetism","floor":37},{"not_picked":["Outmaneuver+1","Dagger Throw+1","Skewer"],"picked":"SKIP","floor":38},{"not_picked":["Backstab+1","Deadly Poison+1","Storm of Steel"],"picked":"SKIP","floor":40},{"not_picked":["Deadly Poison+1","Dodge and Roll","Bane+1"],"picked":"SKIP","floor":42},{"not_picked":["Concentrate","Deflect+1","Deadly Poison"],"picked":"SKIP","floor":45},{"not_picked":["Tactician","Infinite Blades+1"],"picked":"Acrobatics+1","floor":47},{"not_picked":["Dagger Spray+1","Masterful Stab","Outmaneuver+1"],"picked":"SKIP","floor":48},{"not_picked":["Slice+1","Footwork+1"],"picked":"Malaise","floor":54}],"player_experience":3385874,"relics_obtained":[{"floor":7,"key":"Centennial Puzzle"},{"floor":9,"key":"Whetstone"},{"floor":14,"key":"Strawberry"},{"floor":23,"key":"Incense Burner"},{"floor":25,"key":"Smiling Mask"},{"floor":26,"key":"InkBottle"},{"floor":31,"key":"Orichalcum"},{"floor":40,"key":"Dream Catcher"},{"floor":42,"key":"StrikeDummy"},{"floor":45,"key":"Letter Opener"},{"floor":47,"key":"Anchor"},{"floor":54,"key":"Bag of Marbles"}],"event_choices":[{"damage_healed":0,"gold_gain":0,"player_choice":"Rummage","damage_taken":0,"relics_obtained":["WarpedTongs"],"max_hp_gain":0,"max_hp_loss":0,"event_name":"Accursed Blacksmith","floor":3,"gold_loss":0,"cards_obtained":["Pain"]},{"damage_healed":23,"gold_gain":0,"player_choice":"Banana","damage_taken":0,"max_hp_gain":0,"max_hp_loss":0,"event_name":"Big Fish","floor":8,"gold_loss":0},{"damage_healed":0,"gold_gain":75,"player_choice":"Gather Gold","damage_taken":11,"max_hp_gain":0,"max_hp_loss":0,"event_name":"World of Goop","floor":12,"gold_loss":0},{"damage_healed":0,"gold_gain":99,"player_choice":"Stole From Cult","damage_taken":0,"max_hp_gain":0,"max_hp_loss":0,"event_name":"Nest","floor":19,"gold_loss":0},{"damage_healed":0,"gold_gain":0,"player_choice":"Ignored","damage_taken":0,"max_hp_gain":0,"max_hp_loss":0,"event_name":"Vampires","floor":21,"gold_loss":0},{"damage_healed":0,"gold_gain":0,"player_choice":"Obtained Relic","damage_taken":0,"relics_obtained":["Toy Ornithopter"],"max_hp_gain":0,"max_hp_loss":0,"event_name":"Addict","floor":27,"gold_loss":85},{"damage_healed":0,"gold_gain":0,"player_choice":"Memory 3","damage_taken":10,"max_hp_gain":0,"max_hp_loss":0,"event_name":"SensoryStone","floor":37,"gold_loss":0},{"damage_healed":0,"gold_gain":0,"player_choice":"Ignored","damage_taken":0,"max_hp_gain":0,"max_hp_loss":0,"event_name":"Tomb of Lord Red Mask","floor":46,"gold_loss":0}],"is_beta":true,"boss_relics":[{"not_picked":["Empty Cage","Tiny House"],"picked":"SacredBark"},{"not_picked":["Philosopher\u0027s Stone","WristBlade"],"picked":"SlaversCollar"}],"items_purged_floors":[11,20,39,53],"is_endless":false,"potions_floor_spawned":[5,10,14,16,24,29,31,33,40,47,48],"ascension_level":5}}