{"host":"mq7pyadb5kndcn8l","time":1608442779,"event":{"mods":["AchievementEnabler","Act Like it!","Aspiration","BaseMod","Better Altar","Better Match","Better Note","Better Sensory Stone","Better Skull","Better Third Choice","BetterRewards","Block Reminder","CCEM","Challenge The Spire","ChefMod","Colored Map","Colored Powertips","Conspire","Defuse TimeMaze Blight","Dio Mod","Displayed Cursed Tome","Dota2Spire","Downfall","Duelist Mod","Energized Spire","Friendly Minions","GifTheSpireLib","Gremlin Skip","Highlight Path","Hubris","Ironclad Rager","Jedi Mod","Mad Scientist","Marked Mod","Mimic Mod","Minty Spire (QoL Compilation)","Permanent Neow","QueenMod","Quick Restart","Random Character Button","Rare Cards Sparkle","Relic Filter","Relic Sorter","Replay The Spire","Reworked Bosses","Shade Mod","Shop Mod","Spicy Shops","Spikes Relics","StSLib","Stuff the Spire","SuperFastMode","The Blue Laboratory","The Death Knight","The Exalted","The Necromancer","The Poker Player","TheBandit","Thieving Mod","Thrall Mod","Trackpad","Transform Curses","Unceasing Turn Reminder","Wandering Minibosses","vexMod"],"gold_per_floor":[116,135,150,150,71,98,118,118,157,182,182,182,195,212,212,313,313,330,255,355,355,1,1,20,20,57,69,94,113,6,51,51,184,184,202,202,251,226,74,135,135,181,243,243,302,302,348,406,406,436,436,436,11,42,72],"floor_reached":56,"playtime":3103,"items_purged":["Shade:SoulToxin","Shade:DangerousRitual","Shade:CarefulCut","Shade:Doomsay","Normality","Shade:Bite_Shade"],"score":2235,"play_id":"2b612ef6-c9b1-44fe-a2be-0bb17c77d833","local_time":"20201220003939","is_ascension_mode":true,"campfire_choices":[{"data":"Shade:LichForm","floor":21,"key":"SMITH"},{"data":"Reforge","floor":23,"key":"SMITH"},{"data":"Shade:Putrefaction","floor":25,"key":"SMITH"},{"floor":32,"key":"RECALL"},{"data":"Shade:AnimateDead","floor":41,"key":"SMITH"},{"data":"Shade:AuraOfUnlife","floor":44,"key":"SMITH"},{"data":"Shade:OpenGraves","floor":49,"key":"SMITH"},{"data":"Shade:OpenGraves","floor":52,"key":"SMITH"}],"circlet_count":0,"master_deck":["AscendersBane","Shade:AnimateDead+1","Shade:AnimateDead+1","Shade:UnbarTheGrave+1","Shade:FuneraryJewels","Shade:AuraOfUnlife+1","Shade:Putrefaction+1","Shade:GraveStillness","Shade:Bite_Shade","Shade:OpenGraves+1","Shade:Brains","Shade:Putrefaction+1","Shade:OpenGraves+1","Shade:LichForm+1","Reforge+1","Shade:FuneraryJewels","Shade:OpenGraves"],"relics":["Shade:YorickSkull","DollysMirror","MerchantsRug","CCEMRelics:Sandal","Dota2Spire:PhaseBoots","CCEMRelics:WhiteRose","TungstenRod","jedi:arcanewood","Replay:Baseball","CCEMRelics:SpiritsEdge","Dota2Spire:BattleFury","energizedSpire:NeverEndingSparkler","Replay:Wax Seal","Oddly Smooth Stone","vexMod:RetaliationKit","Dota2Spire:HandOfMidas","aspiration:IroncladSkillbook","Strange Spoon","StuffTheSpire:HeavyRock","Gambling Chip","BrokenLever","CCEMRelics:Barrel","hubris:EmptyBottle","ReplayTheSpireMod:TigerMarble"],"acts_visited":["Exordium","TheCity","TheBeyond","TheEnding"],"potions_floor_usage":[],"damage_taken":[{"damage":0,"enemies":"Small Slimes","floor":1,"turns":3},{"damage":0,"enemies":"Cultist","floor":2,"turns":3},{"damage":0,"enemies":"conspire:RoseBush","floor":3,"turns":3},{"damage":2,"enemies":"Replay:BlueRogue","floor":6,"turns":4},{"damage":2,"enemies":"Lots of Slimes","floor":7,"turns":3},{"damage":0,"enemies":"2 Fungi Beasts","floor":9,"turns":6},{"damage":3,"enemies":"3 Sentries","floor":10,"turns":4},{"damage":0,"enemies":"2 Fungi Beasts","floor":13,"turns":2},{"damage":0,"enemies":"Large Slime","floor":14,"turns":4},{"damage":9,"enemies":"Slime Boss","floor":16,"turns":6},{"damage":16,"enemies":"2 Thieves","floor":18,"turns":3},{"damage":3,"enemies":"conspire:FuzzyDice","floor":24,"turns":6},{"damage":0,"enemies":"Snecko","floor":26,"turns":5},{"damage":0,"enemies":"Snecko","floor":27,"turns":4},{"damage":0,"enemies":"theDuelist:KaibaA2","floor":28,"turns":3},{"damage":0,"enemies":"3 Cultists","floor":29,"turns":4},{"damage":9,"enemies":"Centurion and Healer","floor":31,"turns":4},{"damage":0,"enemies":"Automaton","floor":33,"turns":6},{"damage":0,"enemies":"3 Shapes","floor":35,"turns":3},{"damage":0,"enemies":"Orb Walker","floor":37,"turns":3},{"damage":0,"enemies":"Nemesis","floor":40,"turns":5},{"damage":0,"enemies":"Maw","floor":42,"turns":5},{"damage":0,"enemies":"Transient","floor":43,"turns":5},{"damage":6,"enemies":"R_Hoarder","floor":45,"turns":8},{"damage":0,"enemies":"Transient","floor":47,"turns":5},{"damage":8,"enemies":"Nemesis","floor":48,"turns":5},{"damage":9,"enemies":"Time Eater","floor":50,"turns":6},{"damage":32,"enemies":"Shield and Spear","floor":54,"turns":4},{"damage":12,"enemies":"Kars","floor":55,"turns":7}],"seed_played":"-5984324005444279458","potions_obtained":[{"floor":1,"key":"AttackPotion"},{"floor":3,"key":"Languid Potion"},{"floor":7,"key":"blueLaboratory:FrostheartPotion"},{"floor":31,"key":"DuplicationPotion"},{"floor":33,"key":"Block Potion"}],"is_trial":false,"path_per_floor":["M","M","M","?","$","E","M","R","MIM","E","?","R","M","M","R_BF","B",null,"M","?","?","R","$","R","M","R","MIM","M","E","M","$","M","R","B",null,"M","?","M","?","$","E","R","M","MIM","R","E","?","M","E","R","B",null,"R","$","E","B",null],"character_chosen":"SHADE","items_purchased":["DollysMirror","MerchantsRug","Pandora\u0027s Box","CCEMRelics:Sandal","Shade:GraveStillness","Shade:Bite_Shade","War Paint","Dota2Spire:PhaseBoots","CCEMRelics:WhiteRose","TungstenRod","jedi:arcanewood","Replay:Baseball","BargainBundle","Replay:Wax Seal","Oddly Smooth Stone","Reforge","Shade:FuneraryJewels","Dota2Spire:HandOfMidas","Strange Spoon","Shade:OpenGraves","hubris:EmptyBottle"],"campfire_rested":0,"item_purchase_floors":[0,0,0,0,0,0,0,0,0,0,0,0,22,22,22,22,22,30,39,53,53],"current_hp_per_floor":[24,28,32,32,32,36,42,42,52,55,55,55,59,65,65,62,64,52,52,52,52,52,52,57,57,65,65,65,65,65,60,60,65,65,65,65,65,65,65,65,65,65,65,65,66,66,66,66,66,66,66,66,66,51,55],"gold":72,"neow_bonus":"","is_daily":false,"chose_seed":false,"campfire_upgraded":7,"win_rate":0.0,"timestamp":1608442779,"path_taken":["M","M","M","?","$","E","M","R","MIM","E","?","R","?","M","R_BF","BOSS","M","?","?","?","$","R","M","R","MIM","M","E","M","$","M","R","BOSS","M","?","M","?","$","E","R","M","MIM","R","E","?","?","E","R","BOSS","R","$","E","BOSS"],"items_purchased_type":["Relic","Relic","Relic","Relic","Card","Card","Relic","Relic","Relic","Relic","Relic","Relic","Relic","Relic","Relic","Card","Card","Relic","Relic","Card","Relic"],"build_version":"2020-12-13","purchased_purges":6,"victory":true,"max_hp_per_floor":[65,65,65,65,65,65,65,65,65,65,65,65,65,65,65,65,65,65,65,65,65,65,65,65,65,65,65,65,65,65,65,65,65,65,65,65,65,65,65,65,65,65,65,65,66,66,66,66,66,66,66,66,66,66,66],"card_choices":[{"not_picked":["Shade:Frenzy","Shade:FeralStrike"],"picked":"Shade:OpenGraves","floor":1},{"not_picked":["Shade:Bonestorm","Shade:CoffinDance","Shade:AblativeArmor"],"picked":"SKIP","floor":2},{"not_picked":["Shade:FleshToFlesh","Shade:FleshOffering"],"picked":"Shade:Brains","floor":3},{"not_picked":["Shade:FreshBones","Shade:FleshLikeOak","Shade:Brains"],"picked":"SKIP","floor":6},{"not_picked":["Shade:CoffinDance","Shade:CommandSoldier"],"picked":"Shade:Putrefaction","floor":7},{"not_picked":["Shade:FleshToFlesh","Shade:Asphyxiate"],"picked":"Shade:OpenGraves","floor":10},{"not_picked":["Shade:AncientSpear","Shade:FeralStrike","Shade:FuneraryArmor"],"picked":"SKIP","floor":13},{"not_picked":["Shade:GoDigging","Shade:FreshBones","Shade:RavenousHorde"],"picked":"SKIP","floor":14},{"not_picked":["Shade:SelfBurial","Shade:SoulPierce"],"picked":"Shade:LichForm","floor":16},{"not_picked":["Shade:Patience","Shade:PressTheAttack+1","Shade:WallOfFlesh"],"picked":"SKIP","floor":18},{"not_picked":["Shade:FuneraryArmor","Shade:ExtraLimbs","Shade:FeralStrike"],"picked":"SKIP","floor":24},{"not_picked":["Shade:Trample","Shade:DangerousRitual+1","Shade:SpontaneousRitual"],"picked":"SKIP","floor":27},{"not_picked":["Shade:LyeBath+1","Shade:Brains","Shade:OminousRitual"],"picked":"SKIP","floor":28},{"not_picked":["Shade:FreshBones","Shade:Trample","Shade:Brains"],"picked":"SKIP","floor":29},{"not_picked":["Shade:CloudOfShrapnel","Shade:SkeletonArmy","Shade:GraveStillness"],"picked":"SKIP","floor":31},{"not_picked":["Run Through","Shade:Doomsay+1","Clothesline+1","True Grit+1"],"picked":"SKIP","floor":35},{"not_picked":["Shade:Bonestorm","StuffTheSpire:Resist","Pommel Strike+1","Warcry"],"picked":"SKIP","floor":37},{"not_picked":["Shade:BoneShards+1","Anger","Shade:FleshOffering","jedi:strikingstrike"],"picked":"SKIP","floor":40},{"not_picked":["Hemokinesis","Shade:SkeletonHug","Shade:BoneShards+1","Warcry"],"picked":"SKIP","floor":42},{"not_picked":["Shade:FleshToFlesh+1","Shade:Haruspicy+1","Heavy Blade+1","ICR:Frenzy"],"picked":"SKIP","floor":45},{"not_picked":["StuffTheSpire:RockThrow","Pommel Strike+1","Flex+1","hubris:ReadiedAction"],"picked":"SKIP","floor":47},{"not_picked":["Clothesline","Shade:WallOfFlesh+1","Heavy Blade","Shade:CloudOfShrapnel"],"picked":"SKIP","floor":48},{"not_picked":["Pommel Strike","Shade:SkeletonHug+1","jedi:bloodyhammer","hubris:CleavingFinish"],"picked":"SKIP","floor":54}],"player_experience":879196,"relics_obtained":[{"floor":6,"key":"CCEMRelics:SpiritsEdge"},{"floor":9,"key":"Dota2Spire:BattleFury"},{"floor":10,"key":"Pet Ghost"},{"floor":28,"key":"vexMod:RetaliationKit"},{"floor":40,"key":"StuffTheSpire:HeavyRock"},{"floor":43,"key":"Gambling Chip"},{"floor":45,"key":"BrokenLever"},{"floor":48,"key":"CCEMRelics:Barrel"},{"floor":54,"key":"ReplayTheSpireMod:TigerMarble"}],"event_choices":[{"damage_healed":0,"gold_gain":0,"player_choice":"Forge","damage_taken":0,"max_hp_gain":0,"max_hp_loss":0,"event_name":"Accursed Blacksmith","floor":4,"gold_loss":0,"cards_upgraded":["Shade:Putrefaction"]},{"damage_healed":0,"gold_gain":0,"player_choice":"Bought 0 Potions","damage_taken":0,"max_hp_gain":0,"max_hp_loss":0,"event_name":"The Woman in Blue","floor":11,"gold_loss":0},{"cards_removed":["Shade:BoneShards"],"damage_healed":0,"gold_gain":0,"player_choice":"Gave Gold","damage_taken":0,"max_hp_gain":0,"max_hp_loss":0,"event_name":"Beggar","floor":19,"gold_loss":75},{"damage_healed":0,"gold_gain":100,"player_choice":"Pray","damage_taken":0,"max_hp_gain":0,"max_hp_loss":0,"event_name":"Golden Shrine","floor":20,"gold_loss":0}],"is_beta":false,"boss_relics":[{"not_picked":["vexMod:BigBerry","Bromod:ArcaneBarrier"],"picked":"energizedSpire:NeverEndingSparkler"},{"not_picked":["aspiration:RunicSpoon","Fusion Hammer"],"picked":"aspiration:IroncladSkillbook"}],"items_purged_floors":[0,0,5,22,30,53],"is_endless":false,"potions_floor_spawned":[1,3,7,10,16,18,24,28,31,33,40,42,45,48,54],"ascension_level":10}}