{"host":"6pgtslebjnyv5xmi","time":1608447325,"event":{"mods":["AchievementEnabler","BaseMod","Colored Map","Minty Spire (QoL Compilation)","Rare Cards Sparkle","SuperFastMode","everything is the same but u backflip on backflip"],"gold_per_floor":[114,129,129,129,148,148,186,205,230,230,249,287,287,287,287,287,287],"floor_reached":16,"playtime":781,"items_purged":[],"score":160,"play_id":"3cd163cd-2381-459e-b408-e40e80fe43fd","local_time":"20201220155525","daily_mods":["Specialized","Flight","Terminal"],"is_ascension_mode":false,"campfire_choices":[{"data":"Concentrate","floor":6,"key":"SMITH"},{"data":"After Image","floor":13,"key":"SMITH"},{"data":"Finisher","floor":15,"key":"SMITH"}],"circlet_count":0,"master_deck":["Strike_G","Strike_G","Strike_G","Strike_G","Strike_G","Defend_G","Defend_G","Defend_G","Defend_G","Defend_G","Survivor","Neutralize","Choke","Choke","Choke","Choke","Finisher+1","Concentrate+1","After Image+1","Acrobatics","Calculated Gamble","Bouncing Flask+1"],"relics":["Ring of the Snake","Golden Idol","Ancient Tea Set","Potion Belt","Bronze Scales","Singing Bowl","Toxic Egg 2","Matryoshka"],"acts_visited":["Exordium"],"potions_floor_usage":[7,7,12,12],"damage_taken":[{"damage":2,"enemies":"Small Slimes","floor":1,"turns":4},{"damage":6,"enemies":"2 Louse","floor":2,"turns":2},{"damage":3,"enemies":"Jaw Worm","floor":5,"turns":2},{"damage":0,"enemies":"Gremlin Nob","floor":7,"turns":3},{"damage":2,"enemies":"Gremlin Gang","floor":8,"turns":5},{"damage":1,"enemies":"Large Slime","floor":11,"turns":6},{"damage":5,"enemies":"3 Sentries","floor":12,"turns":8},{"damage":25,"enemies":"The Guardian","floor":16,"turns":7}],"seed_played":"4005297234989847306","potions_obtained":[{"floor":1,"key":"Energy Potion"},{"floor":5,"key":"BlessingOfTheForge"},{"floor":7,"key":"Poison Potion"},{"floor":11,"key":"EssenceOfSteel"}],"is_trial":false,"path_per_floor":["M","M","?","?","M","R","E","M","T","?","M","E","R","T","R","B"],"character_chosen":"THE_SILENT","items_purchased":[],"campfire_rested":0,"item_purchase_floors":[],"current_hp_per_floor":[67,61,45,33,30,30,30,28,28,28,27,22,22,22,22,0,0],"gold":287,"neow_bonus":"","is_daily":true,"chose_seed":false,"campfire_upgraded":3,"win_rate":0.0,"timestamp":1608447325,"path_taken":["M","M","?","?","?","R","E","?","T","?","?","E","R","?","R","BOSS"],"items_purchased_type":[],"build_version":"2020-12-13","purchased_purges":0,"victory":false,"max_hp_per_floor":[68,67,66,65,64,63,62,61,60,59,58,57,56,55,54,54,54],"card_choices":[{"not_picked":["Dodge and Roll","Setup"],"picked":"Finisher","floor":1},{"not_picked":["Expertise","Dodge and Roll"],"picked":"Concentrate","floor":2},{"not_picked":["Outmaneuver","Bane","Sucker Punch"],"picked":"SKIP","floor":5},{"not_picked":["Predator","Backflip"],"picked":"After Image","floor":7},{"not_picked":["Dagger Spray","Riddle With Holes"],"picked":"Acrobatics","floor":8},{"not_picked":["Dagger Throw","Prepared"],"picked":"Calculated Gamble","floor":11},{"not_picked":["Quick Slash","Heel Hook"],"picked":"Bouncing Flask+1","floor":12}],"player_experience":272596,"relics_obtained":[{"floor":7,"key":"Potion Belt"},{"floor":9,"key":"Bronze Scales"},{"floor":12,"key":"Toxic Egg 2"},{"floor":14,"key":"Matryoshka"}],"event_choices":[{"damage_healed":0,"gold_gain":0,"player_choice":"Take Damage","damage_taken":16,"relics_obtained":["Golden Idol"],"max_hp_gain":0,"max_hp_loss":0,"event_name":"Golden Idol","floor":3,"gold_loss":0},{"damage_healed":0,"gold_gain":0,"player_choice":"Success","damage_taken":12,"relics_obtained":["Ancient Tea Set"],"max_hp_gain":0,"max_hp_loss":0,"event_name":"Scrap Ooze","floor":4,"gold_loss":0},{"cards_removed":["Choke"],"damage_healed":0,"gold_gain":0,"player_choice":"Gave Card","damage_taken":0,"relics_obtained":["Singing Bowl"],"max_hp_gain":0,"max_hp_loss":0,"event_name":"WeMeetAgain","floor":10,"gold_loss":0}],"is_beta":false,"boss_relics":[],"items_purged_floors":[],"is_endless":false,"potions_floor_spawned":[1,5,7,11],"killed_by":"The Guardian","ascension_level":0}}