{"host":"08sn1703g14rasc1","time":1608496795,"event":{"mods":["AchievementEnabler","BaseMod","Colored Map","Colored Powertips","Hermit","Minty Spire (QoL Compilation)","StSLib"],"gold_per_floor":[117,117,117,129,204,231,247,247,247,257,276,292,257,270,270,369,369,379,379,391,32,32,32,58,69,69,79,91,91,111,17,17,112,112,128,82,93,93,109,109,109,120,147,161,161,0,50,76,76,76],"floor_reached":51,"playtime":2166,"items_purged":["Strike_B"],"score":1087,"play_id":"77d85c8b-0dd8-4279-8bca-c70c6864a542","local_time":"20201220123955","is_ascension_mode":true,"campfire_choices":[{"floor":8,"key":"REST"},{"data":"Zap","floor":15,"key":"SMITH"},{"floor":23,"key":"REST"},{"floor":32,"key":"REST"},{"data":"Seek","floor":41,"key":"SMITH"},{"data":"Turbo","floor":45,"key":"SMITH"},{"floor":49,"key":"REST"}],"circlet_count":0,"master_deck":["Strike_B+1","Defend_B","Zap+1","Dualcast","Auto Shields+1","Static Discharge","Rip and Tear","Beam Cell","Gash","Gash","Skim","Ball Lightning","Hyperbeam","Capacitor+1","Gash+1","Turbo+1","Coolheaded+1","All For One","FTL","Machine Learning","Steam","Chill","Sweeping Beam","Echo Form","Consume+1","White Noise+1","Zap","Buffer","Amplify","Defragment","Stack","Seek+1","Steam Power+1","Turbo+1","Ball Lightning+1","All For One","Hologram","Writhe","Leap+1","Barrage+1","Core Surge"],"relics":["Cracked Core","NeowsBlessing","Question Card","Bronze Scales","Bird Faced Urn","Nloth\u0027s Gift","Gambling Chip","Orichalcum","Cursed Key","Omamori","Red Mask","Thread and Needle","Potion Belt"],"acts_visited":["Exordium","TheCity","TheBeyond"],"potions_floor_usage":[11,14,24,24,30,33,37,40,40,47,48,50,50],"damage_taken":[{"damage":0,"enemies":"Small Slimes","floor":1,"turns":1},{"damage":0,"enemies":"Jaw Worm","floor":4,"turns":1},{"damage":0,"enemies":"3 Sentries","floor":6,"turns":2},{"damage":0,"enemies":"2 Louse","floor":7,"turns":2},{"damage":15,"enemies":"Exordium Thugs","floor":10,"turns":4},{"damage":0,"enemies":"Blue Slaver","floor":11,"turns":2},{"damage":0,"enemies":"Exordium Wildlife","floor":12,"turns":3},{"damage":6,"enemies":"Lots of Slimes","floor":14,"turns":2},{"damage":27,"enemies":"Slime Boss","floor":16,"turns":7},{"damage":9,"enemies":"Shell Parasite","floor":18,"turns":3},{"damage":4,"enemies":"Spheric Guardian","floor":20,"turns":3},{"damage":17,"enemies":"Gremlin Leader","floor":24,"turns":4},{"damage":10,"enemies":"Cultist and Chosen","floor":25,"turns":6},{"damage":27,"enemies":"Snake Plant","floor":27,"turns":4},{"damage":7,"enemies":"Shelled Parasite and Fungi","floor":28,"turns":3},{"damage":15,"enemies":"Centurion and Healer","floor":30,"turns":7},{"damage":58,"enemies":"Automaton","floor":33,"turns":8},{"damage":0,"enemies":"3 Shapes","floor":35,"turns":3},{"damage":10,"enemies":"Orb Walker","floor":37,"turns":3},{"damage":8,"enemies":"Maw","floor":39,"turns":6},{"damage":3,"enemies":"Reptomancer","floor":40,"turns":2},{"damage":16,"enemies":"Jaw Worm Horde","floor":42,"turns":2},{"damage":0,"enemies":"3 Darklings","floor":44,"turns":3},{"damage":0,"enemies":"Mind Bloom Boss Battle","floor":47,"turns":2},{"damage":34,"enemies":"Nemesis","floor":48,"turns":5},{"damage":55,"enemies":"Time Eater","floor":50,"turns":8}],"seed_played":"5616676955899393614","potions_obtained":[{"floor":4,"key":"SpeedPotion"},{"floor":10,"key":"DistilledChaos"},{"floor":11,"key":"AttackPotion"},{"floor":12,"key":"Weak Potion"},{"floor":18,"key":"FocusPotion"},{"floor":20,"key":"Fire Potion"},{"floor":25,"key":"Ancient Potion"},{"floor":28,"key":"BlessingOfTheForge"},{"floor":30,"key":"SmokeBomb"},{"floor":35,"key":"ColorlessPotion"},{"floor":39,"key":"SkillPotion"},{"floor":42,"key":"Strength Potion"},{"floor":44,"key":"DistilledChaos"},{"floor":47,"key":"LiquidMemories"}],"is_trial":false,"path_per_floor":["M","?","?","M","?","E","M","R","T","M","M","M","?","M","R","B",null,"M","?","M","$","?","R","E","M","T","M","M","?","M","$","R","B",null,"M","$","M","?","M","E","R","M","T","M","R","?","?","E","R","B",null],"character_chosen":"DEFECT","items_purchased":["FTL","Machine Learning","Steam","Defragment","Stack","Turbo"],"campfire_rested":4,"item_purchase_floors":[21,21,21,31,31,36],"current_hp_per_floor":[68,53,46,46,35,35,35,57,57,44,46,48,66,60,60,35,65,58,58,56,56,56,75,58,54,54,31,30,30,23,23,45,7,58,64,64,62,85,77,82,82,71,71,83,83,83,85,57,82,36],"gold":76,"neow_bonus":"THREE_ENEMY_KILL","is_daily":false,"chose_seed":false,"campfire_upgraded":3,"win_rate":0.0,"timestamp":1608496795,"path_taken":["M","?","?","M","?","E","?","R","T","M","M","M","?","M","R","BOSS","M","?","M","?","?","R","E","M","T","M","?","?","?","?","R","BOSS","M","$","M","?","M","E","R","?","T","M","R","?","?","E","R","BOSS"],"items_purchased_type":["Card","Card","Card","Card","Card","Card"],"build_version":"2020-12-13","purchased_purges":1,"victory":true,"max_hp_per_floor":[75,75,75,75,75,75,75,75,75,75,75,75,75,75,75,75,75,75,75,75,75,75,75,75,75,75,75,75,75,75,75,75,75,75,75,75,75,85,85,85,85,85,85,85,85,85,85,85,85,85],"card_choices":[{"not_picked":["Beam Cell","Compile Driver"],"picked":"Auto Shields","floor":1},{"not_picked":["Steam","Compile Driver","Turbo"],"picked":"Static Discharge","floor":4},{"not_picked":["Tempest","Capacitor","Double Energy"],"picked":"Rip and Tear","floor":6},{"not_picked":["Redo","Steam","Streamline"],"picked":"Beam Cell","floor":7},{"not_picked":["FTL","Defragment","Heatsinks"],"picked":"Gash","floor":10},{"not_picked":["Steam Power","Darkness","Multi-Cast"],"picked":"Gash","floor":11},{"not_picked":["Streamline","Undo","Force Field"],"picked":"Skim","floor":12},{"not_picked":["Stack","Coolheaded","Steam Power"],"picked":"Ball Lightning","floor":14},{"not_picked":["Thunder Strike","Biased Cognition","Echo Form"],"picked":"Hyperbeam","floor":16},{"not_picked":["Streamline+1","Undo","Beam Cell"],"picked":"Coolheaded+1","floor":18},{"not_picked":["Barrage","Ball Lightning","Turbo+1"],"picked":"All For One","floor":20},{"not_picked":["Hyperbeam","White Noise","Machine Learning"],"picked":"Echo Form","floor":24},{"not_picked":["Steam","Beam Cell","Cold Snap"],"picked":"Consume+1","floor":25},{"not_picked":["Beam Cell+1","Streamline","Redo"],"picked":"White Noise+1","floor":27},{"not_picked":["Hologram","Barrage","Tempest+1"],"picked":"Thunder Strike","floor":28},{"not_picked":["Streamline","Go for the Eyes+1","Static Discharge"],"picked":"Amplify","floor":30},{"not_picked":["Multi-Cast","Reboot","Amplify"],"picked":"Seek","floor":33},{"not_picked":["Blizzard","Hologram","Streamline"],"picked":"Steam Power+1","floor":35},{"not_picked":["Sweeping Beam+1","Hyperbeam","Stack+1"],"picked":"Ball Lightning+1","floor":37},{"not_picked":["Tempest","Static Discharge","Hologram"],"picked":"All For One","floor":39},{"not_picked":["Auto Shields","Redo+1","Amplify"],"picked":"Hologram","floor":42},{"not_picked":["Blizzard","Streamline+1","Steam+1"],"picked":"Leap+1","floor":44},{"not_picked":["Cold Snap","Stack","Reprogram"],"picked":"Barrage+1","floor":47},{"not_picked":["Steam+1","Darkness","Loop+1"],"picked":"Core Surge","floor":48}],"player_experience":413774,"relics_obtained":[{"floor":6,"key":"Bronze Scales"},{"floor":9,"key":"Bird Faced Urn"},{"floor":24,"key":"Gambling Chip"},{"floor":26,"key":"Orichalcum"},{"floor":43,"key":"Omamori"},{"floor":47,"key":"Thread and Needle"},{"floor":48,"key":"Potion Belt"}],"event_choices":[{"damage_healed":0,"gold_gain":0,"player_choice":"Entered Light","damage_taken":15,"max_hp_gain":0,"max_hp_loss":0,"event_name":"Shining Light","floor":2,"gold_loss":0,"cards_upgraded":["Auto Shields","Strike_B"]},{"damage_healed":0,"gold_gain":0,"player_choice":"Success","damage_taken":7,"relics_obtained":["Question Card"],"max_hp_gain":0,"max_hp_loss":0,"event_name":"Scrap Ooze","floor":3,"gold_loss":0},{"damage_healed":0,"gold_gain":75,"player_choice":"Gather Gold","damage_taken":11,"max_hp_gain":0,"max_hp_loss":0,"event_name":"World of Goop","floor":5,"gold_loss":0},{"damage_healed":18,"gold_gain":0,"player_choice":"Healed","damage_taken":0,"max_hp_gain":0,"max_hp_loss":0,"event_name":"The Cleric","floor":13,"gold_loss":35},{"damage_healed":0,"gold_gain":0,"player_choice":"Traded Relic","damage_taken":0,"relics_obtained":["Nloth\u0027s Gift"],"max_hp_gain":0,"max_hp_loss":0,"event_name":"N\u0027loth","floor":19,"relics_lost":["Astrolabe"],"gold_loss":0},{"damage_healed":0,"gold_gain":0,"cards_transformed":["Defend_B","Defend_B"],"player_choice":"Became Test Subject","damage_taken":0,"max_hp_gain":0,"max_hp_loss":0,"event_name":"Drug Dealer","floor":22,"gold_loss":0,"cards_obtained":["Chill","Sweeping Beam"]},{"damage_healed":0,"gold_gain":0,"player_choice":"2 cards matched","damage_taken":0,"max_hp_gain":0,"max_hp_loss":0,"event_name":"Match and Keep!","floor":29,"gold_loss":0,"cards_obtained":["Zap","Buffer"]},{"cards_removed":["Thunder Strike"],"damage_healed":13,"gold_gain":0,"player_choice":"Offered Rare","damage_taken":0,"max_hp_gain":10,"max_hp_loss":0,"event_name":"Bonfire Elementals","floor":38,"gold_loss":0},{"damage_healed":0,"gold_gain":0,"player_choice":"Paid","damage_taken":0,"relics_obtained":["Red Mask"],"max_hp_gain":0,"max_hp_loss":0,"event_name":"Tomb of Lord Red Mask","floor":46,"gold_loss":161},{"damage_healed":0,"gold_gain":0,"player_choice":"Fight","damage_taken":0,"max_hp_gain":0,"max_hp_loss":0,"event_name":"MindBloom","floor":47,"gold_loss":0}],"is_beta":false,"boss_relics":[{"not_picked":["Philosopher\u0027s Stone","Busted Crown"],"picked":"Astrolabe"},{"not_picked":["Runic Pyramid","FrozenCore"],"picked":"Cursed Key"}],"items_purged_floors":[21],"is_endless":false,"potions_floor_spawned":[4,10,11,12,18,20,25,28,30,35,39,42,44,47],"ascension_level":7}}