{"host":"p5sw8xc69y7g1l0d","time":1608485328,"event":{"mods":["2.2 Compatiblity","BaseMod","Better Third Choice","BetterRewards","Card Forge","Colored Map","Custom Start","Energized Spire","GifTheSpireLib","Halation","Minty Spire (QoL Compilation)","MostiFishMod","Permanent Neow","Quick Restart","Shop Mod","Spicy Shops","StSLib","Stuff the Spire","SuperFastMode"],"gold_per_floor":[117,132,152,163,179,204,218,218,243,274,287,303,331,342,342,413,413,432,174,87,87,87,87,130,130,176,216,240,240,280,280,280,366,334,358,358,384,425,461,508,520,555,567,614,642,692,704,790,802,814,826,838,609,647,647],"floor_reached":56,"playtime":24856,"items_purged":[],"score":2482,"play_id":"73b2bfb0-167b-45f0-85db-e02b36da19c6","local_time":"20201220092848","is_ascension_mode":true,"campfire_choices":[{"floor":8,"key":"RECALL"},{"floor":15,"key":"REST"},{"floor":23,"key":"REST"},{"floor":25,"key":"REST"},{"floor":32,"key":"REST"},{"floor":41,"key":"REST"},{"floor":47,"key":"REST"},{"data":"StuffTheSpire:ShieldGenerator+5","floor":49,"key":"SMITH"},{"data":"StuffTheSpire:ShieldGenerator+6","floor":52,"key":"SMITH"}],"circlet_count":0,"master_deck":["AscendersBane","Strike_B+1","Strike_B+1","Defend_B+1","Defend_B+1","Zap+1","Dualcast+1","MostiFishMod:Neptune+1","MostiFishMod:TheEndOfMoonlight+1","MostiFishMod:SparklingWater+1","MostiFishMod:FantasySummer+1","MostiFishMod:NightSea+1","Conserve Battery+1","Glacier+1","Coolheaded+1","Storm+1","Clothesline+1","Shockwave+1","Thunderclap+1","BootSequence+1","Streamline+1","StuffTheSpire:Injection+1","Evaluate+1","Dagger Spray+1","MostiFishMod:FourSeasons+1","Protect+1","StuffTheSpire:Synthwave+1","StuffTheSpire:Brawn+1","MostiFishMod:Tomorrow+1","WheelKick+1","Bouncing Flask+1","Loop+1","StuffTheSpire:Plugnplay+1","Hologram+1","StuffTheSpire:Injection+1","Uppercut+1","Skim+1","MostiFishMod:Tomorrow+1","StuffTheSpire:ShieldGenerator+10","Lockon+1","Storm+1","Panacea+1","Lockon+1","Conserve Battery+1","Creative AI+1"],"relics":["Cracked Core","Hammer of Thor","Seething Fire","Anvil of the Gods","DaveBox","MoonlightInvasionPlan","Question Card","PrismaticShard","Regal Pillow","Boot","StuffTheSpire:Gunfinga","Toy Ornithopter","ImportantClient","Inserter","PreservedInsect","Tiny Chest","CeramicFish","halation:AfternoonTea","Bag of Preparation","StoneCalendar","energizedSpire:HugeHouse","halation:EternalFortune","MawBank","Juzu Bracelet","Ginger","Question Card","halation:SelfBoilingWater","StuffTheSpire:Tea","Pocketwatch"],"acts_visited":["Exordium","TheCity","TheBeyond","TheEnding"],"potions_floor_usage":[16,55,55],"damage_taken":[{"damage":0,"enemies":"Cultist","floor":1,"turns":2},{"damage":0,"enemies":"2 Louse","floor":2,"turns":1},{"damage":0,"enemies":"Small Slimes","floor":3,"turns":2},{"damage":0,"enemies":"Exordium Wildlife","floor":4,"turns":2},{"damage":0,"enemies":"Exordium Thugs","floor":5,"turns":1},{"damage":7,"enemies":"Gremlin Nob","floor":6,"turns":3},{"damage":0,"enemies":"Blue Slaver","floor":7,"turns":3},{"damage":0,"enemies":"Lagavulin","floor":10,"turns":3},{"damage":0,"enemies":"3 Louse","floor":11,"turns":2},{"damage":5,"enemies":"Exordium Thugs","floor":12,"turns":3},{"damage":0,"enemies":"3 Sentries","floor":13,"turns":3},{"damage":0,"enemies":"Lots of Slimes","floor":14,"turns":4},{"damage":12,"enemies":"Hexaghost","floor":16,"turns":4},{"damage":0,"enemies":"Shell Parasite","floor":18,"turns":4},{"damage":5,"enemies":"Book of Stabbing","floor":24,"turns":3},{"damage":11,"enemies":"Gremlin Leader","floor":27,"turns":2},{"damage":0,"enemies":"3 Byrds","floor":28,"turns":2},{"damage":0,"enemies":"Book of Stabbing","floor":30,"turns":1},{"damage":5,"enemies":"Collector","floor":33,"turns":5},{"damage":0,"enemies":"3 Shapes","floor":35,"turns":2},{"damage":0,"enemies":"3 Darklings","floor":38,"turns":2},{"damage":5,"enemies":"Writhing Mass","floor":39,"turns":4},{"damage":0,"enemies":"Giant Head","floor":40,"turns":3},{"damage":0,"enemies":"Spire Growth","floor":42,"turns":2},{"damage":0,"enemies":"Reptomancer","floor":44,"turns":3},{"damage":18,"enemies":"3 Darklings","floor":45,"turns":6},{"damage":0,"enemies":"Giant Head","floor":46,"turns":1},{"damage":0,"enemies":"Donu and Deca","floor":50,"turns":4},{"damage":22,"enemies":"Shield and Spear","floor":54,"turns":5},{"damage":2,"enemies":"The Heart","floor":55,"turns":4}],"seed_played":"8897059493934884362","potions_obtained":[{"floor":3,"key":"FocusPotion"},{"floor":4,"key":"SpeedPotion"},{"floor":12,"key":"FairyPotion"},{"floor":16,"key":"DuplicationPotion"},{"floor":28,"key":"Energy Potion"},{"floor":35,"key":"Dexterity Potion"}],"is_trial":false,"path_per_floor":["M","M","M","M","M","E","M","R","T","E","M","M","E","M","R","B",null,"M","$","?","?","?","R","E","R","T","E","M","T","E","?","R","B",null,"M","?","T","M","M","E","R","M","T","E","M","E","R","T","R","B",null,"R","$","E","B",null],"character_chosen":"DEFECT","items_purchased":["PreservedInsect","Tiny Chest","StuffTheSpire:Synthwave","Strength Potion","Storm","Panacea","Lockon","Conserve Battery"],"campfire_rested":6,"item_purchase_floors":[19,19,19,53,53,53,53,53],"current_hp_per_floor":[75,75,75,75,75,68,68,68,68,68,68,63,63,63,82,70,79,79,79,79,79,79,82,77,82,82,71,71,71,71,55,87,87,82,82,85,85,85,80,83,88,88,88,88,70,70,88,88,88,88,88,88,88,66,74],"gold":647,"neow_bonus":"TEN_PERCENT_HP_BONUS","is_daily":false,"chose_seed":false,"campfire_upgraded":2,"win_rate":0.0,"timestamp":1608485328,"path_taken":["M","M","M","M","?","E","M","R","T","E","M","M","E","M","R","BOSS","M","$","?","?","?","R","E","R","T","E","M","?","E","?","R","BOSS","M","?","?","M","M","E","R","M","T","E","M","E","R","?","R","BOSS","R","$","E","BOSS"],"items_purchased_type":["Relic","Relic","Card","Potion","Card","Card","Card","Card"],"build_version":"2020-12-13","purchased_purges":0,"victory":true,"max_hp_per_floor":[82,82,82,82,82,82,82,82,82,82,82,82,82,82,82,82,82,82,82,82,82,82,82,82,82,82,82,82,82,82,87,87,87,82,82,85,85,85,85,88,88,88,88,88,88,88,88,88,88,88,88,88,88,88,88],"card_choices":[{"not_picked":["Compile Driver","Blizzard"],"picked":"Conserve Battery","floor":1},{"not_picked":["Headbutt","Prostrate","Riddle With Holes"],"picked":"Glacier","floor":2},{"not_picked":["Streamline","StuffTheSpire:ClusterCrunch","Acrobatics"],"picked":"Coolheaded","floor":3},{"not_picked":["Armaments","Turbo","BowlingBash"],"picked":"Storm","floor":4},{"not_picked":["MostiFishMod:Minus","WaveOfTheHand","Prepared"],"picked":"Clothesline","floor":5},{"not_picked":["Sanctity","Reinforced Body","SashWhip"],"picked":"Shockwave","floor":6},{"not_picked":["Blade Dance","Sucker Punch","Clash"],"picked":"Thunderclap","floor":7},{"not_picked":["Sucker Punch","Calculated Gamble","Intimidate"],"picked":"BootSequence","floor":10},{"not_picked":["Bane","BowlingBash","Cloak And Dagger"],"picked":"Streamline","floor":11},{"not_picked":["Evaluate","StuffTheSpire:Sprint","Corruption"],"picked":"StuffTheSpire:Injection","floor":12},{"not_picked":["Biased Cognition","Armaments","Streamline"],"picked":"Evaluate","floor":13},{"not_picked":["ThirdEye","Dagger Throw","Dodge and Roll"],"picked":"Dagger Spray","floor":14},{"not_picked":["HandOfGreed","MostiFishMod:Impulse","MostiFishMod:FireWorks"],"picked":"MostiFishMod:FourSeasons","floor":16},{"not_picked":["EmptyBody","Melter","Leap"],"picked":"Protect","floor":18},{"not_picked":["Offering","Turbo","EmptyBody"],"picked":"WheelKick+1","floor":24},{"not_picked":["Hello World","Steam","ClearTheMind+1"],"picked":"Bouncing Flask","floor":27},{"not_picked":["Go for the Eyes","Tantrum","Rampage"],"picked":"Loop","floor":28},{"not_picked":["Clash","EmptyBody","Expertise"],"picked":"StuffTheSpire:Plugnplay+1","floor":30},{"not_picked":["MostiFishMod:StarLaLaLa","MostiFishMod:ElfcollectionBox","MostiFishMod:404NotFound"],"picked":"All For One","floor":33},{"not_picked":["JustLucky","Indignation","StuffTheSpire:Repulse"],"picked":"StuffTheSpire:BumpUp","floor":35},{"not_picked":["Slice+1","Prepared","Thunderclap"],"picked":"StuffTheSpire:Injection+1","floor":38},{"not_picked":["Barrage","CrushJoints","Impatience"],"picked":"Uppercut","floor":39},{"not_picked":["Skewer","Quick Slash","Trip+1"],"picked":"Skim+1","floor":40},{"not_picked":["WheelKick","Thunderclap+1","Clothesline"],"picked":"MostiFishMod:Tomorrow","floor":42},{"not_picked":["MostiFishMod:VineMother","FollowUp","Carnage"],"picked":"StuffTheSpire:ShieldGenerator","floor":44},{"not_picked":["Beam Cell+1","Sunder","Heavy Blade","Crescendo","Rampage"],"picked":"SKIP","floor":45},{"not_picked":["Concentrate","Steam Power","BattleHymn","Dodge and Roll"],"picked":"Lockon+1","floor":46},{"not_picked":["StuffTheSpire:Slingshot","StuffTheSpire:ClusterCrunch","Prepared+1","Distraction+1"],"picked":"Creative AI","floor":54}],"player_experience":664174,"relics_obtained":[{"floor":1,"key":"Question Card"},{"floor":1,"key":"PrismaticShard"},{"floor":6,"key":"Regal Pillow"},{"floor":9,"key":"Boot"},{"floor":10,"key":"StuffTheSpire:Gunfinga"},{"floor":13,"key":"Toy Ornithopter"},{"floor":16,"key":"ImportantClient"},{"floor":24,"key":"CeramicFish"},{"floor":26,"key":"halation:AfternoonTea"},{"floor":27,"key":"Bag of Preparation"},{"floor":30,"key":"StoneCalendar"},{"floor":37,"key":"MawBank"},{"floor":40,"key":"halation:EternalFortune"},{"floor":40,"key":"Juzu Bracelet"},{"floor":43,"key":"Ginger"},{"floor":44,"key":"Question Card"},{"floor":46,"key":"halation:SelfBoilingWater"},{"floor":48,"key":"StuffTheSpire:Tea"},{"floor":54,"key":"Pocketwatch"}],"event_choices":[{"damage_healed":0,"gold_gain":0,"player_choice":"Simplicity","damage_taken":0,"max_hp_gain":0,"max_hp_loss":0,"event_name":"betterThird:BetterWriting","floor":21,"gold_loss":0},{"damage_healed":0,"gold_gain":0,"cards_transformed":["Strike_B"],"player_choice":"Transformed","damage_taken":0,"max_hp_gain":0,"max_hp_loss":0,"event_name":"Transmorgrifier","floor":22,"gold_loss":0,"cards_obtained":["MostiFishMod:Tomorrow"]},{"damage_healed":0,"gold_gain":0,"player_choice":"Shed Blood","damage_taken":21,"max_hp_gain":5,"max_hp_loss":0,"event_name":"Forgotten Altar","floor":31,"gold_loss":0}],"is_beta":false,"boss_relics":[{"not_picked":["Transparent","FrozenCore"],"picked":"Inserter"},{"not_picked":["halation:Prosthetics","energizedSpire:OldTV"],"picked":"energizedSpire:HugeHouse"}],"items_purged_floors":[],"is_endless":false,"potions_floor_spawned":[3,4,5,12,13,14,16,18,24,28,35,38,42],"ascension_level":13}}