{"host":"y1gy3vaohdji07z5","time":1608483567,"event":{"mods":["BaseMod","Colored Map","Colored Powertips","Hermit","Minty Spire (QoL Compilation)","Random Character Button","Rare Cards Sparkle","StSLib"],"gold_per_floor":[113,113,113,74,91,91,16,34,109,129,129,164,177,187,187,287,287,299,299,199,211,224,224,244,278,278,278,278],"floor_reached":27,"playtime":895,"items_purged":["Strike_G","Strike_G"],"score":294,"play_id":"a27dbc1c-3ed5-4907-ba6b-a6892eb24415","local_time":"20201220175927","is_ascension_mode":true,"campfire_choices":[{"data":"Neutralize","floor":6.0,"key":"SMITH"},{"data":"Survivor","floor":11.0,"key":"SMITH"},{"data":"Defend_G","floor":15.0,"key":"SMITH"},{"floor":23.0,"key":"REST"}],"circlet_count":0,"master_deck":["Strike_G","Defend_G","Defend_G","Defend_G+1","Defend_G","Defend_G+1","Survivor+1","Neutralize+1","The Bomb+1","Burst","CurseOfTheBell","Backflip"],"relics":["Ring of the Snake","Darkstone Periapt","CaptainsWheel","Calling Bell","Ancient Tea Set","StrikeDummy","Tingsha","Bird Faced Urn","Kunai"],"acts_visited":["Exordium","TheCity"],"potions_floor_usage":[25],"damage_taken":[{"damage":4.0,"enemies":"Jaw Worm","floor":1.0,"turns":3.0},{"damage":0.0,"enemies":"Small Slimes","floor":5.0,"turns":5.0},{"damage":0.0,"enemies":"Cultist","floor":8.0,"turns":3.0},{"damage":1.0,"enemies":"Blue Slaver","floor":10.0,"turns":3.0},{"damage":6.0,"enemies":"Gremlin Nob","floor":12.0,"turns":3.0},{"damage":0.0,"enemies":"Red Slaver","floor":13.0,"turns":3.0},{"damage":0.0,"enemies":"Large Slime","floor":14.0,"turns":4.0},{"damage":16.0,"enemies":"Slime Boss","floor":16.0,"turns":9.0},{"damage":15.0,"enemies":"2 Thieves","floor":18.0,"turns":3.0},{"damage":0.0,"enemies":"Spheric Guardian","floor":21.0,"turns":3.0},{"damage":21.0,"enemies":"Cultist and Chosen","floor":22.0,"turns":8.0},{"damage":0,"enemies":"Snecko","floor":24,"turns":4},{"damage":6,"enemies":"Book of Stabbing","floor":25,"turns":5},{"damage":60,"enemies":"Gremlin Leader","floor":27,"turns":4}],"seed_played":"-8195330627896606715","potions_obtained":[{"floor":5.0,"key":"ColorlessPotion"},{"floor":8.0,"key":"GhostInAJar"},{"floor":16.0,"key":"DistilledChaos"},{"floor":18.0,"key":"AttackPotion"},{"floor":21.0,"key":"Regen Potion"}],"is_trial":false,"path_per_floor":["M","?","?","?","M","R","$","M","T","M","R","E","M","M","R","B",null,"M","?","$","M","M","R","M","E","T","E"],"character_chosen":"THE_SILENT","items_purchased":[],"campfire_rested":1,"item_purchase_floors":[],"current_hp_per_floor":[59,46,46,46,46,46,46,46,46,45,45,39,39,39,39,23,59,44,44,44,44,38,58,58,52,52,0,0],"gold":278,"neow_bonus":"RANDOM_COLORLESS_2","is_daily":false,"chose_seed":false,"campfire_upgraded":3,"win_rate":0.0,"timestamp":1608483567,"path_taken":["M","?","?","?","?","R","?","M","T","M","R","E","M","M","R","BOSS","M","?","$","M","?","R","M","E","T","E"],"items_purchased_type":[],"build_version":"2020-12-13","purchased_purges":2,"victory":false,"max_hp_per_floor":[63,63,63,63,63,63,63,63,63,63,63,63,63,63,63,63,69,69,69,69,69,69,69,69,69,69,69,69],"card_choices":[{"not_picked":["Transmutation","Secret Weapon"],"picked":"The Bomb","floor":0.0},{"not_picked":["Dodge and Roll","Prepared","Cloak And Dagger"],"picked":"SKIP","floor":1.0},{"not_picked":["Setup","Caltrops","Calculated Gamble"],"picked":"SKIP","floor":5.0},{"not_picked":["Slice","Poisoned Stab","PiercingWail"],"picked":"SKIP","floor":8.0},{"not_picked":["Backstab","Acrobatics","Blade Dance"],"picked":"SKIP","floor":10.0},{"not_picked":["Sucker Punch","Poisoned Stab","Well Laid Plans"],"picked":"SKIP","floor":12.0},{"not_picked":["Slice","Caltrops","Dagger Spray"],"picked":"SKIP","floor":13.0},{"not_picked":["Crippling Poison","Eviscerate","Escape Plan"],"picked":"SKIP","floor":14.0},{"not_picked":["Phantasmal Killer","After Image"],"picked":"Burst","floor":16.0},{"not_picked":["Underhanded Strike+1","Slice"],"picked":"Backflip","floor":18.0},{"not_picked":["Crippling Poison","Endless Agony","Escape Plan"],"picked":"SKIP","floor":21.0},{"not_picked":["Envenom","PiercingWail","Flying Knee"],"picked":"SKIP","floor":22.0},{"not_picked":["Blade Dance","Masterful Stab+1","Quick Slash"],"picked":"SKIP","floor":24},{"not_picked":["Flying Knee","Quick Slash","Cloak And Dagger"],"picked":"SKIP","floor":25}],"player_experience":344917,"relics_obtained":[{"floor":9.0,"key":"Darkstone Periapt"},{"floor":12.0,"key":"CaptainsWheel"},{"floor":17.0,"key":"Ancient Tea Set"},{"floor":17.0,"key":"StrikeDummy"},{"floor":17.0,"key":"Tingsha"},{"floor":25,"key":"Bird Faced Urn"},{"floor":26,"key":"Kunai"}],"event_choices":[{"damage_healed":0.0,"max_hp_gain":0.0,"max_hp_loss":0.0,"gold_gain":0.0,"event_name":"Shining Light","player_choice":"Entered Light","floor":2.0,"gold_loss":0.0,"damage_taken":13.0,"cards_upgraded":["The Bomb","Defend_G"]},{"cards_removed":["Strike_G"],"damage_healed":0.0,"max_hp_gain":0.0,"max_hp_loss":0.0,"gold_gain":0.0,"event_name":"Living Wall","player_choice":"Forget","floor":3.0,"gold_loss":0.0,"damage_taken":0.0},{"damage_healed":0.0,"max_hp_gain":0.0,"max_hp_loss":0.0,"gold_gain":0.0,"event_name":"World of Goop","player_choice":"Left Gold","floor":4.0,"gold_loss":39.0,"damage_taken":0.0},{"cards_removed":["Strike_G"],"damage_healed":0.0,"max_hp_gain":0.0,"max_hp_loss":0.0,"gold_gain":0.0,"event_name":"Wheel of Change","player_choice":"Card Removal","floor":19.0,"gold_loss":0.0,"damage_taken":0.0}],"is_beta":false,"boss_relics":[{"not_picked":["Snecko Eye","Coffee Dripper"],"picked":"Calling Bell"}],"items_purged_floors":[7,20],"is_endless":false,"potions_floor_spawned":[5,8,16,18,21],"killed_by":"Gremlin Leader","ascension_level":5}}