{"host":"6pgtslebjnyv5xmi","time":1608466224,"event":{"mods":["AchievementEnabler","BaseMod","Colored Map","Minty Spire (QoL Compilation)","Rare Cards Sparkle","SuperFastMode","everything is the same but u backflip on backflip"],"gold_per_floor":[113,113,129,129,143,143,154,154,202,221,66,79,100,111,111,211,211,222,222,71,114,36,68,68,81,81,81,81],"floor_reached":27,"playtime":1375,"items_purged":[],"score":289,"play_id":"4a0ac6b2-9478-4da5-bbf2-d2c0ab7cecd0","local_time":"20201220211024","is_ascension_mode":true,"campfire_choices":[{"data":"Eruption","floor":6,"key":"SMITH"},{"data":"Eruption","floor":8,"key":"SMITH"},{"data":"Omniscience","floor":15,"key":"SMITH"},{"data":"Study","floor":24,"key":"SMITH"}],"circlet_count":0,"master_deck":["Strike_P","Strike_P","Strike_P","Strike_P","Defend_P","Defend_P","Defend_P","Eruption+1","Vigilance","EmptyFist","Halt","Perseverance","Conclude","Eruption+1","Omniscience+1","Halt","Study+1","SpiritShield","Wish","MentalFortress","FearNoEvil","SandsOfTime","Wallop","MasterReality"],"relics":["PureWater","Toy Ornithopter","PreservedInsect","Odd Mushroom","Snecko Eye","Happy Flower","StrikeDummy","White Beast Statue"],"acts_visited":["Exordium","TheCity"],"potions_floor_usage":[16,16,25],"damage_taken":[{"damage":3,"enemies":"Small Slimes","floor":1,"turns":3},{"damage":0,"enemies":"2 Louse","floor":3,"turns":2},{"damage":0,"enemies":"Cultist","floor":5,"turns":3},{"damage":0,"enemies":"Large Slime","floor":7,"turns":4},{"damage":0,"enemies":"Blue Slaver","floor":10,"turns":2},{"damage":22,"enemies":"Exordium Thugs","floor":12,"turns":4},{"damage":16,"enemies":"The Mushroom Lair","floor":13,"turns":4},{"damage":38,"enemies":"Exordium Wildlife","floor":14,"turns":6},{"damage":0,"enemies":"Slime Boss","floor":16,"turns":8},{"damage":3,"enemies":"Chosen","floor":18,"turns":2},{"damage":39,"enemies":"Shell Parasite","floor":21,"turns":6},{"damage":17,"enemies":"Book of Stabbing","floor":23,"turns":4},{"damage":10,"enemies":"Centurion and Healer","floor":25,"turns":6},{"damage":12,"enemies":"Slavers","floor":27,"turns":1}],"seed_played":"8381431061491248921","potions_obtained":[{"floor":5,"key":"Weak Potion"},{"floor":10,"key":"FairyPotion"},{"floor":12,"key":"CultistPotion"},{"floor":14,"key":"SpeedPotion"},{"floor":18,"key":"Weak Potion"},{"floor":25,"key":"SpeedPotion"}],"is_trial":false,"path_per_floor":["M","?","M","?","M","R","M","R","T","M","$","M","?","M","R","B",null,"M","?","$","M","$","E","R","M","T","E"],"character_chosen":"WATCHER","items_purchased":["SpiritShield","Happy Flower","SandsOfTime"],"campfire_rested":0,"item_purchase_floors":[11,20,22],"current_hp_per_floor":[69,57,57,57,57,57,57,57,57,57,57,35,19,8,8,18,72,69,69,69,30,30,13,13,8,8,0,0],"gold":81,"neow_bonus":"THREE_CARDS","is_daily":false,"chose_seed":false,"campfire_upgraded":4,"win_rate":0.0,"timestamp":1608466224,"path_taken":["M","?","M","?","M","R","?","R","T","M","$","M","?","M","R","BOSS","M","?","?","M","?","E","R","M","T","E"],"items_purchased_type":["Card","Relic","Card"],"build_version":"2020-12-13","purchased_purges":0,"victory":false,"max_hp_per_floor":[72,72,72,72,72,72,72,72,72,72,72,72,72,72,72,72,72,72,72,72,72,72,72,72,72,72,72,72],"card_choices":[{"not_picked":["WheelKick","PathToVictory"],"picked":"EmptyFist","floor":0},{"not_picked":["Evaluate","EmptyBody"],"picked":"Halt","floor":1},{"not_picked":["EmptyFist","CrushJoints"],"picked":"Perseverance","floor":3},{"not_picked":["Conclude","CarveReality"],"picked":"Omniscience","floor":5},{"not_picked":["WreathOfFlame","FollowUp"],"picked":"Halt","floor":7},{"not_picked":["Collect","Protect"],"picked":"Study","floor":10},{"not_picked":["JustLucky","ForeignInfluence","Evaluate"],"picked":"SKIP","floor":12},{"not_picked":["FlurryOfBlows","WaveOfTheHand","SashWhip"],"picked":"SKIP","floor":14},{"not_picked":["DevaForm","Blasphemy"],"picked":"Wish","floor":16},{"not_picked":["CarveReality+1","SashWhip","Consecrate"],"picked":"SKIP","floor":18},{"not_picked":["Adaptation","Tantrum"],"picked":"FearNoEvil","floor":21},{"not_picked":["Adaptation","FlurryOfBlows"],"picked":"Wallop","floor":23},{"not_picked":["FlurryOfBlows","SashWhip"],"picked":"MasterReality","floor":25}],"player_experience":289772,"relics_obtained":[{"floor":9,"key":"PreservedInsect"},{"floor":13,"key":"Odd Mushroom"},{"floor":23,"key":"StrikeDummy"},{"floor":26,"key":"White Beast Statue"}],"event_choices":[{"damage_healed":0,"gold_gain":0,"player_choice":"Success","damage_taken":12,"relics_obtained":["Toy Ornithopter"],"max_hp_gain":0,"max_hp_loss":0,"event_name":"Scrap Ooze","floor":2,"gold_loss":0},{"damage_healed":0,"gold_gain":0,"player_choice":"2 cards matched","damage_taken":0,"max_hp_gain":0,"max_hp_loss":0,"event_name":"Match and Keep!","floor":4,"gold_loss":0,"cards_obtained":["Conclude","Eruption"]},{"damage_healed":0,"gold_gain":0,"player_choice":"Fought Mushrooms","damage_taken":0,"max_hp_gain":0,"max_hp_loss":0,"event_name":"Mushrooms","floor":13,"gold_loss":0},{"damage_healed":0,"gold_gain":0,"cards_transformed":["Defend_P"],"player_choice":"Transformed","damage_taken":0,"max_hp_gain":0,"max_hp_loss":0,"event_name":"Transmorgrifier","floor":19,"gold_loss":0,"cards_obtained":["MentalFortress"]}],"is_beta":false,"boss_relics":[{"not_picked":["Philosopher\u0027s Stone","Black Star"],"picked":"Snecko Eye"}],"items_purged_floors":[],"is_endless":false,"potions_floor_spawned":[5,10,12,14,18,25],"killed_by":"Slavers","ascension_level":1}}