{"host":"nx6ib2o6hmd449ys","time":1608461027,"event":{"mods":["2.2 Compatiblity","Act Like it!","Aspiration","BaseMod","Better Silent Start","Better Third Choice","BetterRewards","CCEM","Colored Powertips","Conjunction","Conspire","Downfall","Eldritch Tears","Energized Spire","Gensokyo","GifTheSpireLib","GungeonMod","Halation","Hallownest","Hubris","Infinite Spire","Jedi Mod","Lobotomy","LobotomyExtend","Marisa????????","Minty Spire (QoL Compilation)","MostiFishMod","Quick Restart","RRrroohrrRGHHhhh!!","Rare Cards Sparkle","RatMod","Replay The Spire","RumiaBox-????????","Shop Mod","Small Relic Pack","Spicy Shops","Spikes Relics","StSLib","Stuff the Spire","TestMod","The Blue Laboratory","The Dragon Tamer","The Exalted","The Jungle","TheWitcher","Wandering Minibosses","[IsaacMod]????","noobMod","vexMod","??????REMEMod"],"gold_per_floor":[116,128,158,172,17,43,216,216,216,241,268,287,287,305,92,127,127,202,202,202,226,248,271,296,340,340,442,579,579,579,925,925,925,862,862,862,862,862,862,862,862,862,862,862,862,862],"floor_reached":37,"playtime":3419,"items_purged":["Doubt"],"score":642,"play_id":"9647a0a6-19af-44fd-8b94-8f2ae42ec6ac","local_time":"20201220114347","is_ascension_mode":false,"campfire_choices":[{"data":"Bromod:OrganShatter","floor":7,"key":"SMITH"},{"data":"BettingIsNotGood","floor":10,"key":"SMITH"},{"data":"Slimebound:GoopSpray","floor":16,"key":"SMITH"},{"data":"BettingIsNotGood","floor":26,"key":"SMITH"},{"floor":34,"key":"DIG"}],"circlet_count":0,"master_deck":["Bromod:Strike_Bro","Bromod:Strike_Bro","Bromod:Strike_Bro","Bromod:Defend_Bro","Bromod:Defend_Bro","Bromod:Defend_Bro","Bromod:Defend_Bro","Bromod:SlashDash","Bromod:SlashDash","Bromod:SlashDash","BettingIsNotGood+1","SnafuTest:UnpredictablePuncture","Bromod:HeatedCharge","Bromod:ToxicFlight","Bromod:NoReturn","Bromod:OrganShatter","Hallucinations","Bromod:OrganShatter+1","Bromod:FastHands","sneckomod:Unknown1Cost","Twin Strike","WitchLeyline+1","Slimebound:GoopSpray+1","Whirlwind","testmod-Collector+1","StuffTheSpire:Innocence","testmod-BloodBlade+1","BettingIsNotGood+1","Finisher","StuffTheSpire:ClusterCrunch","REME_SpectralBlade+1","Slimebound:GoopSpray+1","Dropkick","ReplayTheSpireMod:Omega Cannon+1"],"relics":["Bromod:Ordis","Bromod:AscarisDevice","HushsDoor","DaveBox","testmod-TestBox","ice","REME_ComplimentaryCards","SteamSale","BionicSphere","testmod-Prudence","DemoMod:BlueGuonStone","testmod-ConstraintPeriapt","FossilizedHelix","Lantern","Orichalcum","aspiration:DSix","Question Card","wanderingMiniBosses:OtherGremlinHorn","DemoMod:MonsterBlood","halation:Jellyphish","testmod-TheFather","ReplayTheSpireMod:CursedCoin","Pear","TheBible","hubris:ToyBattleship","vexMod:MemoryStick","ice","Question Card","LetterFromLob","PrismaticShard","StrikeDummy","StuffTheSpire:Saxophone","DemoMod:PoisonVial","vexMod:BarristanHead","Ginger","DemoMod:RatBoots","DemoMod:ResourcefulSack","DemoMod:PartiallyEatenCheese","GreenFoldingFan","hubris:SlimyHat","HonorFeather","jedi:battlestandard","InspiredRelic","Membership Card","hubris:DisguiseKit","Gremlin Food","hubris:TenFootPole","jedi:archwizardhat","jedi:ominousloannote","MerchantsRug","MagicDraw2","BookofShadows","Anchor","GuppysHead","aspiration:ChemicalBlood","hubris:DeckOfHolding","GuppysTail","hubris:SphereOfDissonance","Replay:Baseball","Pet Ghost","DemoMod:SerJunkan","BrkXgEgg","Medical Kit","vexMod:ScavengeHelm","DemoMod:GlassGuonStoneRelic","DemoMod:Junk","DeadEye","halation:LostSnail","CCEMRelics:SpiritsEdge","CCEMRelics:PorcelainBowl","CCEMRelics:HistoryBook","CCEMRelics:WhiteRose"],"acts_visited":["Gensokyo:Gensokyo","Exordium","TheBeyond"],"potions_floor_usage":[22],"damage_taken":[{"damage":0,"enemies":"Gensokyo:3_Fairies","floor":1,"turns":3},{"damage":0,"enemies":"Gensokyo:Gryphon","floor":2,"turns":3},{"damage":0,"enemies":"Gensokyo:2_Kodama","floor":3,"turns":12},{"damage":0,"enemies":"Gensokyo:Kitsune","floor":4,"turns":3},{"damage":0,"enemies":"Gensokyo:Cirno","floor":6,"turns":6},{"damage":0,"enemies":"Gensokyo:3_Kodama","floor":7,"turns":3},{"damage":0,"enemies":"2 Louse","floor":1,"turns":2},{"damage":0,"enemies":"Small Slimes","floor":2,"turns":1},{"damage":0,"enemies":"Cultist","floor":4,"turns":2},{"damage":0,"enemies":"3 Sentries","floor":6,"turns":2},{"damage":0,"enemies":"DemoMod:4_Bullet_Kins_with_one_veteran","floor":11,"turns":2},{"damage":0,"enemies":"DemoMod:Red_and_blue_shotgun_kin","floor":12,"turns":2},{"damage":0,"enemies":"DemoMod:Red_and_blue_shotgun_kin_with_gunsinger","floor":13,"turns":3},{"damage":0,"enemies":"DemoMod:Veteran_shot_gun_kin_and_blue_shotgun_kin_with_gunsinger","floor":14,"turns":2},{"damage":0,"enemies":"DemoMod:2_Mousers","floor":15,"turns":5},{"damage":0,"enemies":"DemoMod:ResourcefulRat","floor":18,"turns":7},{"damage":0,"enemies":"Orb Walker","floor":20,"turns":1},{"damage":2,"enemies":"Hiden Room Battle","floor":22,"turns":2},{"damage":2,"enemies":"Reptomancer","floor":25,"turns":2},{"damage":0,"enemies":"Orb Walker","floor":29,"turns":1},{"damage":0,"enemies":"3 Shapes","floor":30,"turns":1},{"damage":1,"enemies":"Maw","floor":32,"turns":1},{"damage":1,"enemies":"conspire:OrnateMirror","floor":35,"turns":1}],"seed_played":"2110333688273524898","potions_obtained":[{"floor":2,"key":"Bromod:Kuva"},{"floor":6,"key":"blueLaboratory:LouseDecoction"},{"floor":7,"key":"Adrenaline Potion"},{"floor":30,"key":"hexamod:EctoCoolerPotion"}],"is_trial":false,"path_per_floor":["M","M","M","M","$","E","M","?","T","T","M","M","M","?","M","$","E","R","?","T","R","M","M","M","M","M","R","B","B",null,"M","$","?","$","?","E","R","?","T","M","M","$","M","?","R","B",null,null],"character_chosen":"THE_EXALTED","items_purchased":["DemoMod:GnawedKey","DemoMod:BlueGuonStone","testmod-ConstraintPeriapt","Lantern","Orichalcum","DemoMod:MonsterBlood","halation:Jellyphish","StrikeDummy","StuffTheSpire:Saxophone","DemoMod:PoisonVial","Membership Card","hubris:DisguiseKit","Gremlin Food","hubris:TenFootPole","jedi:archwizardhat","jedi:ominousloannote","SuicideKing","MerchantsRug","hubris:SphereOfDissonance","Replay:Baseball","Pet Ghost","DemoMod:SerJunkan","BrkXgEgg","Medical Kit","testmod-BloodBlade+1","halation:LostSnail","CCEMRelics:SpiritsEdge","CCEMRelics:PorcelainBowl","CCEMRelics:HistoryBook","CCEMRelics:WhiteRose"],"campfire_rested":0,"item_purchase_floors":[0,0,0,0,0,5,5,5,5,5,21,21,21,21,21,21,21,21,23,23,23,23,23,23,23,31,31,31,31,31],"current_hp_per_floor":[40,40,40,40,47,52,52,47,47,47,92,92,92,92,92,92,92,81,92,92,92,92,92,92,92,92,92,92,92,87,87,87,87,87,87,87,87,87,87,90,90,90,90,90,90,90],"gold":862,"neow_bonus":"","is_daily":false,"chose_seed":false,"campfire_upgraded":4,"win_rate":0.0,"timestamp":1608461027,"path_taken":["M","M","M","M","$","E","M","?","T","?","?","M","M","?","M","$","E","R","?","T","R","M","M","M","M","M","R","BOSS","BOSS","M","$","?","$","?","E","R","?","T","M","?","$","M","?","R","BOSS"],"items_purchased_type":["Relic","Relic","Relic","Card","Relic","Relic","Relic","Relic","Relic","Relic","Relic","Relic","Relic","Relic","Relic","Relic","Card","Relic","Relic","Relic","Relic","Relic","Relic","Relic","Card","Relic","Relic","Relic","Relic","Relic"],"build_version":"2020-12-13","purchased_purges":1,"victory":true,"max_hp_per_floor":[75,75,75,75,82,82,82,92,92,92,92,92,92,92,92,92,92,92,92,92,92,92,92,92,92,92,92,92,92,87,87,87,87,87,87,87,87,87,87,90,90,90,90,90,90,90],"card_choices":[{"not_picked":[],"picked":"BettingIsNotGood","floor":0},{"not_picked":["Bromod:SeismicWave","Bromod:PressurePoint"],"picked":"Bromod:HeatedCharge","floor":1},{"not_picked":["Bromod:Vitality","Bromod:FastHands","Bromod:OrganShatter"],"picked":"Bromod:ToxicFlight","floor":2},{"not_picked":["Bromod:EnergySiphon","Bromod:PressurePoint","Bromod:PointStrike"],"picked":"Bromod:NoReturn","floor":3},{"not_picked":["Bromod:SpeedTrigger","Bromod:SteelFiber","Bromod:Stretch"],"picked":"Bromod:OrganShatter","floor":4},{"not_picked":["Bromod:Redirection","Bromod:Vitality","Bromod:HornetStrike","Bromod:Foundry"],"picked":"SKIP","floor":6},{"not_picked":["Bromod:Redirection","Bromod:Reflection","Bromod:Fury"],"picked":"Bromod:OrganShatter","floor":7},{"not_picked":["Bromod:ArchwingLauncher","Bromod:ShatteringImpact","Bromod:Foundry"],"picked":"Bromod:FastHands","floor":1},{"not_picked":["Guardian:PrimingBeam","sneckomod:UnknownClassMARISA_COLOR","ClearTheMind","REME_Compress","DemoMod:HighKaliber"],"picked":"SKIP","floor":2},{"not_picked":["ReplayTheSpireMod:Strike From Hell","hexamod:RainOfEmbers","Dodge and Roll","DemoMod:HungryBullets"],"picked":"sneckomod:Unknown1Cost","floor":4},{"not_picked":["Replay:Sssssssssshield","expansioncontent:AwakenDeath","rat:SilveredBlade","hexamod:InspiringFlames"],"picked":"Twin Strike","floor":6},{"not_picked":["SnafuTest:MCSuccubusSeduction+1","hexamod:FastForward","DTMod:BurningForce+1","Blur+1"],"picked":"WitchLeyline+1","floor":11},{"not_picked":["EmptyBody+1","MagicChant+1","BloodyBrimstone","SnafuTest:SmashingSlash+1"],"picked":"Slimebound:GoopSpray","floor":12},{"not_picked":["Leg Sweep+1","DTMod:Cover+1","Guardian:Suspension","Combust+1","Acrobatics+1"],"picked":"SKIP","floor":13},{"not_picked":["Bouncing Flask","expansioncontent:ManipulateTime+1","DTMod:Threaten+1","Guardian:Planning"],"picked":"hexamod:RainOfEmbers","floor":14},{"not_picked":["Pummel","Guardian:VentSteam","Beak","Guardian:TemporalStrike+1"],"picked":"Whirlwind","floor":15},{"not_picked":[],"picked":"DemoMod:Elimentaler","floor":18},{"not_picked":["jedi:acidrain","Finisher","Slimebound:SplitBruiser+1","Slimebound:ForwardTackle+1"],"picked":"testmod-Collector+1","floor":19},{"not_picked":["champ:BladeFlurry+1","SnafuTest:Oriole","DemoMod:PotionOfGunFriendShip","Turbo+1","Sentinel"],"picked":"Searing Blow+1","floor":22},{"not_picked":["Iron Wave+1","MostiFishMod:DustFall+1","rat:RuptureArtery+1","Guardian:Gem_Crimson","Cleave"],"picked":"BettingIsNotGood","floor":25},{"not_picked":["Barrage+1","ReplayTheSpireMod:Trickstab+1","DTMod:ShieldDrain+1","IllusionStar+1","Iron Wave"],"picked":"Slimebound:GoopSpray+1","floor":29},{"not_picked":["Guardian:TemporalShield","hexamod:HeatShield+1","Study+1","True Grit+1","jedi:collectorstrike"],"picked":"Dropkick","floor":30},{"not_picked":["sneckomod:QuickBite+1","sneckomod:DiceCrush+1","DemoMod:SAA","hexamod:AdvancingGuard+1","Rampage"],"picked":"ReplayTheSpireMod:Omega Cannon+1","floor":32}],"player_experience":283852,"relics_obtained":[{"floor":1,"key":"Question Card"},{"floor":1,"key":"LetterFromLob"},{"floor":3,"key":"wanderingMiniBosses:OtherGremlinHorn"},{"floor":6,"key":"testmod-TheFather"},{"floor":9,"key":"TheBible"},{"floor":10,"key":"hubris:ToyBattleship"},{"floor":1,"key":"Question Card"},{"floor":1,"key":"LetterFromLob"},{"floor":1,"key":"PrismaticShard"},{"floor":6,"key":"vexMod:BarristanHead"},{"floor":19,"key":"DemoMod:RatBoots"},{"floor":19,"key":"DemoMod:ResourcefulSack"},{"floor":19,"key":"DemoMod:PartiallyEatenCheese"},{"floor":19,"key":"GreenFoldingFan"},{"floor":22,"key":"MagicDraw2"},{"floor":22,"key":"BookofShadows"},{"floor":22,"key":"Anchor"},{"floor":22,"key":"GuppysHead"},{"floor":22,"key":"aspiration:ChemicalBlood"},{"floor":22,"key":"hubris:DeckOfHolding"},{"floor":22,"key":"GuppysTail"},{"floor":25,"key":"DemoMod:Junk"},{"floor":28,"key":"DeadEye"},{"floor":34,"key":"DemoMod:Junk"}],"event_choices":[{"damage_healed":0,"gold_gain":0,"player_choice":"Ignored","damage_taken":0,"max_hp_gain":0,"max_hp_loss":0,"event_name":"Golden Wing","floor":3,"gold_loss":0},{"damage_healed":0,"gold_gain":75,"player_choice":"Gold","damage_taken":11,"max_hp_gain":0,"max_hp_loss":0,"event_name":"betterThird:BetterGoop","floor":8,"gold_loss":0},{"damage_healed":0,"gold_gain":0,"player_choice":"Fight","damage_taken":0,"max_hp_gain":0,"max_hp_loss":0,"event_name":"HidenRoomEvent","floor":22,"gold_loss":0},{"damage_healed":0,"gold_gain":0,"player_choice":"Paid Gold","damage_taken":0,"relics_obtained":["vexMod:ScavengeHelm"],"max_hp_gain":0,"max_hp_loss":0,"event_name":"WeMeetAgain","floor":24,"gold_loss":63}],"is_beta":false,"boss_relics":[{"not_picked":[]}],"items_purged_floors":[23],"is_endless":false,"potions_floor_spawned":[2,6,7,2,4,11,13,14,30,32],"ascension_level":0}}