{"host":"6pgtslebjnyv5xmi","time":1608476414,"event":{"mods":["AchievementEnabler","BaseMod","Colored Map","Minty Spire (QoL Compilation)","Rare Cards Sparkle","SuperFastMode","everything is the same but u backflip on backflip"],"gold_per_floor":[109,121,133,145,145,145,145,179,179,179,212,212,287,172,172,292,292,313,313,313,12,12,12,12,12,39,55,55,68,112,12,12,143,143,159,177,52,52,76,96,96,96,120,120,160,493,525,579,579,579],"floor_reached":51,"playtime":2436,"items_purged":["Strike_G","Defend_G","Defend_G"],"score":1059,"play_id":"b78dfcd1-8747-4e3f-9191-556f6a06478b","local_time":"20201221000014","is_ascension_mode":true,"campfire_choices":[{"data":"Caltrops","floor":7,"key":"SMITH"},{"floor":12,"key":"REST"},{"data":"Catalyst","floor":15,"key":"SMITH"},{"data":"Noxious Fumes","floor":23,"key":"SMITH"},{"data":"Bouncing Flask","floor":25,"key":"SMITH"},{"data":"Bouncing Flask","floor":32,"key":"SMITH"},{"data":"Deadly Poison","floor":42,"key":"SMITH"},{"data":"A Thousand Cuts","floor":49,"key":"SMITH"}],"circlet_count":0,"master_deck":["Strike_G+1","Strike_G+1","Strike_G+1","Defend_G+1","Defend_G+1","Defend_G+1","Survivor+1","Neutralize+1","Bouncing Flask+1","Blur+1","Catalyst+1","Caltrops+1","Deadly Poison+1","Bouncing Flask+1","Noxious Fumes+1","Corpse Explosion+1","Deadly Poison+1","Ghostly+1","Ghostly+1","Ghostly+1","Ghostly+1","Ghostly+1","PiercingWail+1","A Thousand Cuts+1"],"relics":["Ring of the Snake","MealTicket","Orichalcum","Sundial","Letter Opener","SlaversCollar","StrikeDummy","TwistedFunnel","Omamori","Vajra","Mummified Hand","Dream Catcher","Cursed Key","Happy Flower","Mark of the Bloom","Akabeko","Art of War","Incense Burner"],"acts_visited":["Exordium","TheCity","TheBeyond"],"potions_floor_usage":[11,11,11,16,33,48],"damage_taken":[{"damage":2,"enemies":"Cultist","floor":1,"turns":5},{"damage":6,"enemies":"2 Louse","floor":2,"turns":4},{"damage":0,"enemies":"Jaw Worm","floor":3,"turns":4},{"damage":9,"enemies":"3 Louse","floor":4,"turns":5},{"damage":18,"enemies":"Gremlin Nob","floor":8,"turns":4},{"damage":19,"enemies":"3 Sentries","floor":11,"turns":8},{"damage":22,"enemies":"The Guardian","floor":16,"turns":7},{"damage":32,"enemies":"2 Thieves","floor":18,"turns":3},{"damage":0,"enemies":"Shell Parasite","floor":27,"turns":4},{"damage":0,"enemies":"Book of Stabbing","floor":28,"turns":5},{"damage":0,"enemies":"Cultist and Chosen","floor":29,"turns":6},{"damage":0,"enemies":"Gremlin Leader","floor":30,"turns":4},{"damage":27,"enemies":"Champ","floor":33,"turns":10},{"damage":0,"enemies":"Orb Walker","floor":35,"turns":4},{"damage":0,"enemies":"3 Darklings","floor":36,"turns":3},{"damage":0,"enemies":"Jaw Worm Horde","floor":39,"turns":4},{"damage":0,"enemies":"Transient","floor":40,"turns":5},{"damage":0,"enemies":"Nemesis","floor":45,"turns":5},{"damage":0,"enemies":"Giant Head","floor":47,"turns":6},{"damage":0,"enemies":"2 Orb Walkers","floor":48,"turns":3},{"damage":0,"enemies":"Donu and Deca","floor":50,"turns":6}],"seed_played":"246014143072407179","potions_obtained":[{"floor":3,"key":"Fire Potion"},{"floor":4,"key":"PowerPotion"},{"floor":8,"key":"PowerPotion"},{"floor":11,"key":"SpeedPotion"},{"floor":27,"key":"SmokeBomb"},{"floor":28,"key":"SneckoOil"},{"floor":30,"key":"Swift Potion"},{"floor":39,"key":"AttackPotion"},{"floor":40,"key":"SpeedPotion"},{"floor":47,"key":"SpeedPotion"}],"is_trial":false,"path_per_floor":["M","M","M","M","?","?","R","E","T","T","E","R","?","$","R","B",null,"M","?","?","$","?","R","$","R","T","M","E","M","E","$","R","B",null,"M","M","$","?","M","M","?","R","T","?","E","?","E","?","R","B",null],"character_chosen":"THE_SILENT","items_purchased":["Noxious Fumes","TwistedFunnel","Omamori"],"campfire_rested":1,"item_purchase_floors":[14,21,21],"current_hp_per_floor":[68,62,62,53,58,40,40,22,22,22,3,25,14,29,29,7,75,43,43,68,75,37,37,37,37,37,37,37,37,37,37,37,10,37,37,37,37,37,37,37,35,35,35,35,35,35,35,35,35,35],"gold":579,"neow_bonus":"REMOVE_CARD","is_daily":false,"chose_seed":false,"campfire_upgraded":7,"win_rate":0.0,"timestamp":1608476414,"path_taken":["M","M","M","M","?","?","R","E","T","?","E","R","?","$","R","BOSS","M","?","?","?","?","R","$","R","T","M","E","M","E","$","R","BOSS","M","M","$","?","?","M","?","R","T","?","E","?","E","?","R","BOSS"],"items_purchased_type":["Card","Relic","Relic"],"build_version":"2020-12-13","purchased_purges":3,"victory":true,"max_hp_per_floor":[70,70,70,70,75,75,75,75,75,75,75,75,75,75,75,75,75,75,75,75,75,37,37,37,37,37,37,37,37,37,37,37,37,37,37,37,37,37,37,37,35,35,35,35,35,35,35,35,35,35],"card_choices":[{"not_picked":["Deflect","Escape Plan"],"picked":"Bouncing Flask","floor":1},{"not_picked":["Flechettes","Bane"],"picked":"Blur","floor":2},{"not_picked":["Flechettes","Heel Hook"],"picked":"Catalyst","floor":3},{"not_picked":["Setup","Blade Dance"],"picked":"Caltrops","floor":4},{"not_picked":["Slice","Bane"],"picked":"Deadly Poison","floor":8},{"not_picked":["Footwork","Riddle With Holes"],"picked":"Bouncing Flask","floor":11},{"not_picked":["Night Terror","Doppelganger"],"picked":"Corpse Explosion","floor":16},{"not_picked":["Expertise","Deflect"],"picked":"Deadly Poison","floor":18},{"not_picked":["Expertise","Slice+1","Flechettes"],"picked":"SKIP","floor":27},{"not_picked":["Expertise","Blade Dance"],"picked":"PiercingWail+1","floor":28},{"not_picked":["Leg Sweep+1","Sucker Punch","PiercingWail+1"],"picked":"SKIP","floor":29},{"not_picked":["Sucker Punch","Escape Plan+1","Outmaneuver"],"picked":"SKIP","floor":30},{"not_picked":["Quick Slash+1","Dagger Spray","Slice"],"picked":"SKIP","floor":35},{"not_picked":["Envenom","Crippling Poison","Poisoned Stab+1"],"picked":"SKIP","floor":36},{"not_picked":["Quick Slash+1","All Out Attack+1","Slice+1"],"picked":"SKIP","floor":39},{"not_picked":["Backflip+1","Caltrops","Quick Slash+1"],"picked":"SKIP","floor":40},{"not_picked":["Flying Knee+1","Terror+1"],"picked":"A Thousand Cuts","floor":45},{"not_picked":["Prepared","Cloak And Dagger","Slice+1"],"picked":"SKIP","floor":47}],"player_experience":298709,"relics_obtained":[{"floor":8,"key":"MealTicket"},{"floor":9,"key":"Orichalcum"},{"floor":10,"key":"Sundial"},{"floor":11,"key":"Letter Opener"},{"floor":26,"key":"Vajra"},{"floor":28,"key":"Mummified Hand"},{"floor":30,"key":"Dream Catcher"},{"floor":43,"key":"Happy Flower"},{"floor":45,"key":"Akabeko"},{"floor":47,"key":"Art of War"},{"floor":48,"key":"Incense Burner"}],"event_choices":[{"damage_healed":0,"gold_gain":0,"player_choice":"Donut","damage_taken":0,"max_hp_gain":5,"max_hp_loss":0,"event_name":"Big Fish","floor":5,"gold_loss":0},{"damage_healed":0,"gold_gain":0,"player_choice":"Take Damage","damage_taken":18,"relics_obtained":["Golden Idol"],"max_hp_gain":0,"max_hp_loss":0,"event_name":"Golden Idol","floor":6,"gold_loss":0},{"damage_healed":0,"gold_gain":75,"player_choice":"Gather Gold","damage_taken":11,"max_hp_gain":0,"max_hp_loss":0,"event_name":"World of Goop","floor":13,"gold_loss":0},{"damage_healed":0,"gold_gain":0,"player_choice":"Opened","damage_taken":0,"relics_obtained":["StrikeDummy"],"max_hp_gain":0,"max_hp_loss":0,"event_name":"The Mausoleum","floor":19,"gold_loss":0},{"damage_healed":25,"gold_gain":0,"player_choice":"Heal","damage_taken":0,"max_hp_gain":0,"max_hp_loss":0,"event_name":"The Library","floor":20,"gold_loss":0},{"damage_healed":0,"gold_gain":0,"player_choice":"Became a Ghost","damage_taken":0,"max_hp_gain":0,"max_hp_loss":38,"event_name":"Ghosts","floor":22,"gold_loss":0,"cards_obtained":["Ghostly","Ghostly","Ghostly","Ghostly","Ghostly"]},{"damage_healed":0,"gold_gain":0,"player_choice":"Upgraded","damage_taken":0,"max_hp_gain":0,"max_hp_loss":0,"event_name":"Upgrade Shrine","floor":38,"gold_loss":0,"cards_upgraded":["Deadly Poison"]},{"damage_healed":0,"gold_gain":0,"player_choice":"Max HP","damage_taken":0,"max_hp_gain":0,"max_hp_loss":2,"event_name":"Winding Halls","floor":41,"gold_loss":0},{"damage_healed":0,"gold_gain":0,"player_choice":"Upgrade","damage_taken":0,"relics_obtained":["Mark of the Bloom"],"max_hp_gain":0,"max_hp_loss":0,"event_name":"MindBloom","floor":44,"gold_loss":0,"cards_upgraded":["Strike_G","Strike_G","Strike_G","Defend_G","Defend_G","Defend_G","Survivor","Neutralize","Blur","Corpse Explosion","Ghostly","Ghostly","Ghostly","Ghostly","Ghostly"]},{"damage_healed":0,"gold_gain":333,"player_choice":"Gave Idol","damage_taken":0,"max_hp_gain":0,"max_hp_loss":0,"event_name":"The Moai Head","floor":46,"relics_lost":["Golden Idol"],"gold_loss":0},{"damage_healed":0,"gold_gain":0,"player_choice":"Fight","damage_taken":0,"max_hp_gain":0,"max_hp_loss":0,"event_name":"Mysterious Sphere","floor":48,"gold_loss":0}],"is_beta":false,"boss_relics":[{"not_picked":["Ectoplasm","Busted Crown"],"picked":"SlaversCollar"},{"not_picked":["Coffee Dripper","Empty Cage"],"picked":"Cursed Key"}],"items_purged_floors":[14,31,37],"is_endless":false,"potions_floor_spawned":[3,4,8,11,27,28,30,39,40,47],"ascension_level":2}}