{"host":"2lo6hma6kymb0g9i","time":1608490119,"event":{"mods":["BaseMod","Colored Map","DeckTracker","Minty Spire (QoL Compilation)"],"gold_per_floor":[109,109,120,135,135,135,167,167,167,167,193,118,168,179,179,256,256,267,277,295,195,195,195,206,226,253,128,148,148,73,73,73],"floor_reached":31,"playtime":1703,"items_purged":["Pain","Strike_G","Strike_G"],"score":466,"play_id":"d718d262-dec6-4fc2-bbe3-429113383359","local_time":"20201221034839","is_ascension_mode":true,"campfire_choices":[{"data":"Neutralize","floor":6,"key":"SMITH"},{"floor":8,"key":"REST"},{"floor":15,"key":"REST"},{"data":"Phantasmal Killer","floor":23,"key":"SMITH"}],"circlet_count":0,"master_deck":["AscendersBane","Strike_G","Defend_G","Defend_G","Defend_G","Defend_G","Defend_G","Survivor","Neutralize+1","Blur","Deflect","Underhanded Strike","Cloak And Dagger","Phantasmal Killer+1","Tactician","Corpse Explosion","Tactician","Dagger Throw","Dagger Throw","Eviscerate","Footwork+1","Well Laid Plans+1","Blade Dance"],"relics":["Ring of the Serpent","WarpedTongs","Frozen Egg 2","Shuriken","Akabeko","Omamori","Anchor"],"acts_visited":["Exordium","TheCity"],"potions_floor_usage":[7,16,16,19,24,25],"damage_taken":[{"damage":6,"enemies":"Small Slimes","floor":1,"turns":5},{"damage":5,"enemies":"Cultist","floor":3,"turns":5},{"damage":2,"enemies":"2 Louse","floor":4,"turns":4},{"damage":24,"enemies":"3 Sentries","floor":7,"turns":11},{"damage":35,"enemies":"Lagavulin","floor":11,"turns":10},{"damage":0,"enemies":"2 Fungi Beasts","floor":14,"turns":3},{"damage":1,"enemies":"Hexaghost","floor":16,"turns":7},{"damage":20,"enemies":"Chosen","floor":18,"turns":7},{"damage":20,"enemies":"Shell Parasite","floor":19,"turns":7},{"damage":14,"enemies":"Snake Plant","floor":20,"turns":5},{"damage":20,"enemies":"Shelled Parasite and Fungi","floor":24,"turns":6},{"damage":2,"enemies":"Centurion and Healer","floor":25,"turns":2},{"damage":11,"enemies":"Snecko","floor":28,"turns":5},{"damage":12,"enemies":"Cultist and Chosen","floor":31,"turns":5}],"seed_played":"-603981476006440143","potions_obtained":[{"floor":3,"key":"Fire Potion"},{"floor":11,"key":"Poison Potion"},{"floor":14,"key":"CunningPotion"},{"floor":16,"key":"Regen Potion"},{"floor":18,"key":"Regen Potion"},{"floor":20,"key":"DistilledChaos"}],"is_trial":false,"path_per_floor":["M","?","M","M","?","R","E","R","T","?","E","$","?","M","R","B",null,"M","M","M","$","?","R","M","M","T","$","M","?","?","M"],"character_chosen":"THE_SILENT","items_purchased":[],"campfire_rested":2,"item_purchase_floors":[],"current_hp_per_floor":[59,59,54,52,52,52,28,49,49,54,19,19,19,19,42,41,68,48,43,29,29,29,29,24,22,22,22,11,11,11,0,0],"gold":73,"neow_bonus":"TEN_PERCENT_HP_BONUS","is_daily":false,"chose_seed":false,"campfire_upgraded":2,"win_rate":0.0,"timestamp":1608490119,"path_taken":["M","?","M","?","?","R","E","R","T","?","E","$","?","M","R","BOSS","M","M","?","$","?","R","M","M","T","?","M","?","?","M"],"items_purchased_type":[],"build_version":"2020-12-13","purchased_purges":3,"victory":false,"max_hp_per_floor":[72,72,72,72,72,72,72,72,72,77,77,77,77,77,77,77,77,77,77,77,77,77,77,77,77,77,77,77,77,77,77,77],"card_choices":[{"not_picked":["Acrobatics","Dodge and Roll"],"picked":"Blur","floor":1},{"not_picked":["Setup","Backflip"],"picked":"Deflect","floor":3},{"not_picked":["Acrobatics","Skewer"],"picked":"Underhanded Strike","floor":4},{"not_picked":["Accuracy+1","Slice"],"picked":"Cloak And Dagger","floor":7},{"not_picked":["Escape Plan","Blur"],"picked":"Phantasmal Killer","floor":11},{"not_picked":["Underhanded Strike","Heel Hook"],"picked":"Tactician","floor":14},{"not_picked":["Burst","A Thousand Cuts+1"],"picked":"Corpse Explosion","floor":16},{"not_picked":["Sucker Punch+1","Deadly Poison"],"picked":"Tactician","floor":18},{"not_picked":["Finisher+1","Flying Knee"],"picked":"Dagger Throw","floor":19},{"not_picked":["Skewer","Deflect"],"picked":"Dagger Throw","floor":20},{"not_picked":["Dagger Spray","Masterful Stab"],"picked":"Footwork+1","floor":24},{"not_picked":["Heel Hook","Bane+1"],"picked":"Well Laid Plans+1","floor":25},{"not_picked":["Backflip","PiercingWail+1"],"picked":"Blade Dance","floor":28}],"player_experience":851907,"relics_obtained":[{"floor":7,"key":"Frozen Egg 2"},{"floor":9,"key":"Shuriken"},{"floor":11,"key":"Akabeko"},{"floor":26,"key":"Omamori"}],"event_choices":[{"damage_healed":0,"gold_gain":0,"player_choice":"Rummage","damage_taken":0,"relics_obtained":["WarpedTongs"],"max_hp_gain":0,"max_hp_loss":0,"event_name":"Accursed Blacksmith","floor":2,"gold_loss":0,"cards_obtained":["Pain"]},{"damage_healed":0,"gold_gain":0,"player_choice":"Ignored","damage_taken":0,"max_hp_gain":0,"max_hp_loss":0,"event_name":"Golden Idol","floor":5,"gold_loss":0},{"damage_healed":0,"gold_gain":0,"player_choice":"Donut","damage_taken":0,"max_hp_gain":5,"max_hp_loss":0,"event_name":"Big Fish","floor":10,"gold_loss":0},{"damage_healed":0,"gold_gain":50,"player_choice":"Pray","damage_taken":0,"max_hp_gain":0,"max_hp_loss":0,"event_name":"Golden Shrine","floor":13,"gold_loss":0},{"damage_healed":0,"gold_gain":0,"cards_transformed":["Strike_G"],"player_choice":"Transformed","damage_taken":0,"max_hp_gain":0,"max_hp_loss":0,"event_name":"Transmorgrifier","floor":22,"gold_loss":0,"cards_obtained":["Eviscerate"]},{"damage_healed":0,"gold_gain":0,"player_choice":"Opened","damage_taken":0,"relics_obtained":["Anchor"],"max_hp_gain":0,"max_hp_loss":0,"event_name":"The Mausoleum","floor":29,"gold_loss":0,"cards_obtained":["Writhe"]},{"cards_removed":["Strike_G"],"damage_healed":0,"gold_gain":0,"player_choice":"Gave Gold","damage_taken":0,"max_hp_gain":0,"max_hp_loss":0,"event_name":"Beggar","floor":30,"gold_loss":75}],"is_beta":false,"boss_relics":[{"not_picked":["SacredBark","Velvet Choker"],"picked":"Ring of the Serpent"}],"items_purged_floors":[12,21,27],"is_endless":false,"potions_floor_spawned":[3,11,14,16,18,20],"killed_by":"Cultist and Chosen","ascension_level":18}}