{"host":"daa8jqyg4gqfaysm","time":1608459423,"event":{"mods":["BaseMod","Colored Powertips","Minty Spire (QoL Compilation)","StSLib"],"gold_per_floor":[111,124,124,49,66,66,99,99,153,185,185,185,211,221,221,298,298,311,24,36,36,51,51,83,83,83,83,108,126,142,177,177,252,252,272,289,289,300,315,315,315],"floor_reached":40,"playtime":1550,"items_purged":["Riddle With Holes"],"score":962,"play_id":"e1df1bab-77a8-4a90-88f4-ce44bcae6178","local_time":"20201220181703","is_ascension_mode":true,"campfire_choices":[{"data":"Adrenaline","floor":6.0,"key":"SMITH"},{"data":"Die Die Die","floor":8.0,"key":"SMITH"},{"data":"Neutralize","floor":12.0,"key":"SMITH"},{"data":"Glass Knife","floor":15.0,"key":"SMITH"},{"data":"Die Die Die","floor":23,"key":"SMITH"},{"data":"Ghostly","floor":25,"key":"SMITH"},{"data":"Ghostly","floor":27,"key":"SMITH"},{"floor":32,"key":"REST"}],"circlet_count":0,"master_deck":["AscendersBane","Survivor","Neutralize+1","Riddle With Holes","Calculated Gamble","Dodge and Roll","Flechettes","Die Die Die+1","Infinite Blades","Adrenaline+1","Blade Dance","Quick Slash","Dagger Throw","PiercingWail","Acrobatics","PiercingWail","Glass Knife+1","Die Die Die+1","Escape Plan","Deflect","Ghostly+1","Ghostly","Ghostly+1","Dodge and Roll","Malaise","Wraith Form v2","CurseOfTheBell","Escape Plan","Well Laid Plans","Dodge and Roll+1"],"relics":["Pandora\u0027s Box","Strawberry","Bag of Marbles","Pear","Odd Mushroom","SlaversCollar","Paper Crane","Boot","Pen Nib","Akabeko","Calling Bell","Regal Pillow","The Courier","Shovel"],"acts_visited":["Exordium","TheCity","TheBeyond"],"potions_floor_usage":[22,31],"damage_taken":[{"damage":0.0,"enemies":"Small Slimes","floor":1.0,"turns":2.0},{"damage":0.0,"enemies":"Jaw Worm","floor":2.0,"turns":2.0},{"damage":0.0,"enemies":"2 Louse","floor":5.0,"turns":1.0},{"damage":8.0,"enemies":"Gremlin Nob","floor":7.0,"turns":3.0},{"damage":10.0,"enemies":"Lagavulin","floor":10.0,"turns":3.0},{"damage":10.0,"enemies":"The Mushroom Lair","floor":13.0,"turns":2.0},{"damage":0.0,"enemies":"Exordium Thugs","floor":14.0,"turns":3.0},{"damage":30.0,"enemies":"Slime Boss","floor":16.0,"turns":8.0},{"damage":3,"enemies":"Spheric Guardian","floor":18,"turns":3},{"damage":0,"enemies":"Chosen","floor":20,"turns":2},{"damage":2,"enemies":"Snecko","floor":22,"turns":5},{"damage":12,"enemies":"Gremlin Leader","floor":24,"turns":6},{"damage":9,"enemies":"Book of Stabbing","floor":28,"turns":5},{"damage":0,"enemies":"Snake Plant","floor":29,"turns":3},{"damage":1,"enemies":"Shelled Parasite and Fungi","floor":30,"turns":3},{"damage":0,"enemies":"Slavers","floor":31,"turns":1},{"damage":14,"enemies":"Collector","floor":33,"turns":11},{"damage":0,"enemies":"Orb Walker","floor":35,"turns":2},{"damage":0,"enemies":"3 Shapes","floor":36,"turns":3},{"damage":37,"enemies":"Transient","floor":38,"turns":6},{"damage":1,"enemies":"Jaw Worm Horde","floor":39,"turns":5},{"damage":0,"enemies":"Reptomancer","floor":40,"turns":2}],"seed_played":"257997262641492917","potions_obtained":[{"floor":5.0,"key":"BlessingOfTheForge"},{"floor":7.0,"key":"Poison Potion"},{"floor":10.0,"key":"LiquidBronze"},{"floor":14.0,"key":"DuplicationPotion"},{"floor":20,"key":"DistilledChaos"},{"floor":24,"key":"AttackPotion"},{"floor":31,"key":"FairyPotion"}],"is_trial":false,"path_per_floor":["M","M","?","$","M","R","E","R","T","E","?","R","?","M","R","B",null,"M","$","M","?","M","R","E","R","T","R","E","M","M","E","R","B",null,"M","M","?","M","M","E"],"character_chosen":"THE_SILENT","items_purchased":["Paper Crane"],"campfire_rested":1,"item_purchase_floors":[19],"current_hp_per_floor":[59,59,64,64,64,64,63,63,63,63,56,56,46,46,46,16,70,67,67,67,44,42,42,30,30,30,30,21,21,20,20,33,19,38,38,38,38,1,13,13,13],"gold":315,"neow_bonus":"BOSS_RELIC","is_daily":false,"chose_seed":false,"campfire_upgraded":7,"win_rate":0.0,"timestamp":1608459423,"path_taken":["M","M","?","$","M","R","E","R","T","E","?","R","?","M","R","BOSS","M","$","M","?","M","R","E","R","T","R","E","M","M","E","R","BOSS","M","M","?","M","M","E"],"items_purchased_type":["Relic"],"build_version":"2020-12-13","purchased_purges":1,"victory":false,"max_hp_per_floor":[66,66,71,71,71,71,78,78,78,88,88,88,88,88,88,88,88,88,88,88,44,44,44,44,44,44,44,44,44,44,44,44,44,44,44,44,44,44,44,44,44],"card_choices":[{"not_picked":["Bane","Setup"],"picked":"Quick Slash","floor":1.0},{"not_picked":["Poisoned Stab","Outmaneuver","Infinite Blades"],"picked":"SKIP","floor":2.0},{"not_picked":["Concentrate","Bane"],"picked":"Dagger Throw","floor":5.0},{"not_picked":["Dagger Spray","Finisher"],"picked":"PiercingWail","floor":7.0},{"not_picked":["Dagger Throw","Heel Hook"],"picked":"Acrobatics","floor":10.0},{"not_picked":["Slice","Underhanded Strike"],"picked":"PiercingWail","floor":13.0},{"not_picked":["Cloak And Dagger","Flying Knee"],"picked":"Glass Knife","floor":14.0},{"not_picked":["Unload","Bullet Time"],"picked":"Die Die Die","floor":16.0},{"not_picked":["Outmaneuver","Underhanded Strike"],"picked":"Escape Plan","floor":18},{"not_picked":["Flying Knee","Acrobatics"],"picked":"Deflect","floor":20},{"not_picked":["Cloak And Dagger","Deadly Poison"],"picked":"Dodge and Roll","floor":22},{"not_picked":["Dagger Throw","Cloak And Dagger","Underhanded Strike"],"picked":"SKIP","floor":24},{"not_picked":["Riddle With Holes","Poisoned Stab","Dagger Spray"],"picked":"SKIP","floor":28},{"not_picked":["Deflect","Flying Knee","Reflex"],"picked":"SKIP","floor":29},{"not_picked":["Acrobatics","Outmaneuver","Underhanded Strike"],"picked":"SKIP","floor":30},{"not_picked":["Reflex","Riddle With Holes"],"picked":"Malaise","floor":31},{"not_picked":["Malaise","Unload"],"picked":"Wraith Form v2","floor":33},{"not_picked":["Endless Agony+1","Dagger Throw"],"picked":"Escape Plan","floor":35},{"not_picked":["Cloak And Dagger","Burst"],"picked":"Well Laid Plans","floor":36},{"not_picked":["Distraction","Prepared"],"picked":"Dodge and Roll+1","floor":38},{"not_picked":["Bane","Underhanded Strike","Deflect"],"picked":"SKIP","floor":39}],"player_experience":711658,"relics_obtained":[{"floor":7.0,"key":"Strawberry"},{"floor":9.0,"key":"Bag of Marbles"},{"floor":10.0,"key":"Pear"},{"floor":13.0,"key":"Odd Mushroom"},{"floor":24,"key":"Boot"},{"floor":28,"key":"Pen Nib"},{"floor":31,"key":"Akabeko"},{"floor":34,"key":"Regal Pillow"},{"floor":34,"key":"The Courier"},{"floor":34,"key":"Shovel"}],"event_choices":[{"damage_healed":0.0,"max_hp_gain":5.0,"max_hp_loss":0.0,"gold_gain":0.0,"event_name":"Big Fish","player_choice":"Donut","floor":3.0,"gold_loss":0.0,"damage_taken":0.0},{"cards_removed":["Eviscerate"],"damage_healed":0.0,"max_hp_gain":0.0,"max_hp_loss":0.0,"gold_gain":0.0,"event_name":"Golden Wing","player_choice":"Card Removal","floor":11.0,"gold_loss":0.0,"damage_taken":7.0},{"damage_healed":0.0,"max_hp_gain":0.0,"max_hp_loss":0.0,"gold_gain":0.0,"event_name":"Mushrooms","player_choice":"Fought Mushrooms","floor":13.0,"gold_loss":0.0,"damage_taken":0.0},{"damage_healed":0,"gold_gain":0,"player_choice":"Became a Ghost","damage_taken":0,"max_hp_gain":0,"max_hp_loss":44,"event_name":"Ghosts","floor":21,"gold_loss":0,"cards_obtained":["Ghostly","Ghostly","Ghostly"]},{"damage_healed":0,"gold_gain":0,"player_choice":"0 cards matched","damage_taken":0,"max_hp_gain":0,"max_hp_loss":0,"event_name":"Match and Keep!","floor":37,"gold_loss":0,"cards_obtained":[]}],"is_beta":false,"boss_relics":[{"not_picked":["Black Star","Busted Crown"],"picked":"SlaversCollar"},{"not_picked":["Coffee Dripper","WristBlade"],"picked":"Calling Bell"}],"items_purged_floors":[4],"is_endless":false,"potions_floor_spawned":[5,7,10,14,20,24,30,31,38],"killed_by":"Reptomancer","ascension_level":20}}