{"host":"h0xw20cia6ppa69g","time":1608465306,"event":{"mods":["AchievementEnabler","BaseMod","Colored Map","Filter the Spire","Googly Eyes","Minty Spire (QoL Compilation)","Relic Stats","StSLib","The Awakened One except there are too many feathers","everything is the same but u backflip on backflip"],"gold_per_floor":[119,191,191,191,191,224,224,31,57,77,90,100,112,146,146,244,244,262,278,278,278,290,323,21,21,48,82,101,112,137,37,37,139,139,152,152,164,21,33,33,67,79,79,79,79,79,110,123,123,123,123,123,42,69,69],"floor_reached":56,"playtime":3223,"items_purged":[],"score":1453,"play_id":"049fdce3-cd13-49c1-b106-ab87e6517dfd","local_time":"20201220055506","is_ascension_mode":true,"campfire_choices":[{"data":"Limit Break","floor":15.0,"key":"SMITH"},{"data":"Demon Form","floor":25.0,"key":"SMITH"},{"data":"Armaments","floor":32.0,"key":"SMITH"},{"floor":40.0,"key":"RECALL"},{"data":"Berserk","floor":46,"key":"SMITH"},{"data":"Limit Break","floor":49,"key":"SMITH"},{"data":"Barricade","floor":52,"key":"SMITH"}],"circlet_count":0,"master_deck":["Bash","Rampage","Dark Embrace","Carnage+1","Clothesline+1","Sentinel+1","Iron Wave","Demon Form+1","Limit Break+1","Thunderclap","Metallicize","Battle Trance+1","Whirlwind","Disarm","Reaper","True Grit","Metallicize","Sword Boomerang","Offering","Disarm","Berserk+1","True Grit+1","Armaments+1","Disarm","Barricade+1","Reaper","Flame Barrier","Shrug It Off+1","Demon Form","Burning Pact","Feel No Pain+1","Body Slam","Exhume","Power Through+1","Limit Break+1","Dual Wield","Clothesline+1"],"relics":["Pandora\u0027s Box","Red Skull","Strange Spoon","Oddly Smooth Stone","Sozu","Nloth\u0027s Gift","Pear","Bird Faced Urn","War Paint","Happy Flower","Kunai","Coffee Dripper","Orrery","Blue Candle","HornCleat","Darkstone Periapt","Thread and Needle"],"acts_visited":["Exordium","TheCity","TheBeyond","TheEnding"],"potions_floor_usage":[41,41,55],"damage_taken":[{"damage":8.0,"enemies":"Jaw Worm","floor":1.0,"turns":3.0},{"damage":13.0,"enemies":"Lagavulin","floor":6.0,"turns":7.0},{"damage":5.0,"enemies":"2 Louse","floor":10.0,"turns":3.0},{"damage":0.0,"enemies":"Small Slimes","floor":11.0,"turns":2.0},{"damage":4.0,"enemies":"Looter","floor":12.0,"turns":2.0},{"damage":0.0,"enemies":"Lots of Slimes","floor":13.0,"turns":1.0},{"damage":16.0,"enemies":"Gremlin Nob","floor":14.0,"turns":3.0},{"damage":0.0,"enemies":"Hexaghost","floor":16.0,"turns":6.0},{"damage":16.0,"enemies":"Spheric Guardian","floor":18.0,"turns":4.0},{"damage":39.0,"enemies":"2 Thieves","floor":19.0,"turns":4.0},{"damage":6.0,"enemies":"Centurion and Healer","floor":22.0,"turns":6.0},{"damage":29.0,"enemies":"Book of Stabbing","floor":23.0,"turns":7.0},{"damage":31.0,"enemies":"Gremlin Leader","floor":27.0,"turns":6.0},{"damage":7.0,"enemies":"Snecko","floor":28.0,"turns":4.0},{"damage":16.0,"enemies":"Shelled Parasite and Fungi","floor":29.0,"turns":7.0},{"damage":39.0,"enemies":"Slavers","floor":30.0,"turns":7.0},{"damage":48.0,"enemies":"Champ","floor":33.0,"turns":7.0},{"damage":15.0,"enemies":"3 Darklings","floor":35.0,"turns":9.0},{"damage":17.0,"enemies":"Orb Walker","floor":37.0,"turns":3.0},{"damage":51.0,"enemies":"Jaw Worm Horde","floor":39.0,"turns":6.0},{"damage":93,"enemies":"Reptomancer","floor":41,"turns":7},{"damage":31,"enemies":"Maw","floor":42,"turns":10},{"damage":6,"enemies":"Giant Head","floor":47,"turns":8},{"damage":28,"enemies":"Transient","floor":48,"turns":5},{"damage":37,"enemies":"Time Eater","floor":50,"turns":15},{"damage":140,"enemies":"Shield and Spear","floor":54,"turns":7},{"damage":94,"enemies":"The Heart","floor":55,"turns":10}],"seed_played":"-3859710277158719823","potions_obtained":[{"floor":6.0,"key":"LiquidBronze"},{"floor":12.0,"key":"Regen Potion"},{"floor":13.0,"key":"SkillPotion"}],"is_trial":false,"path_per_floor":["M","?","?","?","?","E","T","$","T","M","M","M","M","E","R","B",null,"M","M","?","?","M","E","$","R","T","E","M","M","E","$","R","B",null,"M","?","M","$","M","R","E","M","T","?","$","R","E","M","R","B",null,"R","$","E","B",null],"character_chosen":"IRONCLAD","items_purchased":["Strange Spoon","Metallicize","Bird Faced Urn","Armaments","Disarm","Orrery","Dual Wield"],"campfire_rested":0,"item_purchase_floors":[8,8,24,31,31,38,53],"current_hp_per_floor":[72,72,56,56,56,43,43,43,43,38,38,34,34,18,18,18,80,74,59,44,44,85,90,90,90,90,95,95,95,95,95,95,53,95,95,95,82,82,74,74,95,95,95,95,95,95,95,75,75,95,95,95,95,95,95],"gold":69,"neow_bonus":"BOSS_RELIC","is_daily":false,"chose_seed":false,"campfire_upgraded":6,"win_rate":0.0,"timestamp":1608465306,"path_taken":["M","?","?","?","?","E","?","?","T","M","M","M","M","E","R","BOSS","M","M","?","?","?","E","$","R","T","E","M","M","E","$","R","BOSS","M","?","M","?","M","R","E","?","T","?","?","R","E","?","R","BOSS","R","$","E","BOSS"],"items_purchased_type":["Relic","Card","Relic","Card","Card","Relic","Card"],"build_version":"2020-12-13","purchased_purges":0,"victory":true,"max_hp_per_floor":[80,80,80,80,80,80,80,80,80,80,80,80,80,80,80,80,80,80,80,85,85,85,95,95,95,95,95,95,95,95,95,95,95,95,95,95,95,95,95,95,95,95,95,95,95,95,95,95,95,95,95,95,95,95,95],"relic_stats":{"Sozu":5,"Darkstone Periapt":0,"Strange Spoon":[69],"Happy Flower":[35],"counters":[27,159],"Bird Faced Urn":[133],"Blue Candle":[0],"Pandora\u0027s Box":["Rampage","Dark Embrace","Carnage","Clothesline","Sentinel","Iron Wave","Demon Form","Limit Break","Infernal Blade"],"Nloth\u0027s Gift":7,"Kunai":[8],"War Paint":["Battle Trance","Sentinel"],"obtain_stats":[{"Darkstone Periapt":47,"Pear":23,"Happy Flower":27,"Blue Candle":41,"Oddly Smooth Stone":9,"Thread and Needle":54,"War Paint":26,"Burning Blood":0,"Sozu":17,"Strange Spoon":8,"HornCleat":43,"Bird Faced Urn":24,"Orrery":38,"Pandora\u0027s Box":0,"Nloth\u0027s Gift":21,"Coffee Dripper":34,"Kunai":30,"StrikeDummy":14,"Red Skull":6},{"Darkstone Periapt":23,"Pear":12,"Happy Flower":13,"Blue Candle":21,"Oddly Smooth Stone":2,"Thread and Needle":26,"War Paint":12,"Burning Blood":0,"Sozu":8,"Strange Spoon":2,"HornCleat":22,"Bird Faced Urn":12,"Orrery":19,"Pandora\u0027s Box":0,"Nloth\u0027s Gift":10,"Coffee Dripper":17,"Kunai":16,"StrikeDummy":7,"Red Skull":2},{"Darkstone Periapt":122,"Pear":48,"Happy Flower":54,"Blue Candle":104,"Oddly Smooth Stone":10,"Thread and Needle":149,"War Paint":48,"Burning Blood":0,"Sozu":27,"Strange Spoon":10,"HornCleat":114,"Bird Faced Urn":48,"Orrery":91,"Pandora\u0027s Box":0,"Nloth\u0027s Gift":35,"Coffee Dripper":79,"Kunai":72,"StrikeDummy":21,"Red Skull":10}]},"card_choices":[{"not_picked":["Clothesline","Sword Boomerang","Intimidate"],"picked":"SKIP","floor":1.0},{"not_picked":["Headbutt","Warcry"],"picked":"Thunderclap","floor":6.0},{"not_picked":["Bloodletting","Seeing Red"],"picked":"Battle Trance","floor":10.0},{"not_picked":["Sword Boomerang","Anger","Headbutt"],"picked":"SKIP","floor":11.0},{"not_picked":["Dark Embrace","Thunderclap"],"picked":"Whirlwind","floor":12.0},{"not_picked":["Bloodletting","Cleave","Dark Embrace"],"picked":"SKIP","floor":13.0},{"not_picked":["Demon Form","Uppercut"],"picked":"Disarm","floor":14.0},{"not_picked":["Offering","Fiend Fire"],"picked":"Reaper","floor":16.0},{"not_picked":["Twin Strike","Armaments"],"picked":"True Grit","floor":18.0},{"not_picked":["Clash","Clothesline+1"],"picked":"Metallicize","floor":19.0},{"not_picked":["Clash","Wild Strike+1"],"picked":"Sword Boomerang","floor":22.0},{"not_picked":["Rampage","Twin Strike"],"picked":"Offering","floor":23.0},{"not_picked":["Heavy Blade","Spot Weakness"],"picked":"Disarm","floor":27.0},{"not_picked":["Bloodletting","Perfected Strike"],"picked":"Berserk","floor":28.0},{"not_picked":["Shrug It Off+1","Pommel Strike"],"picked":"True Grit+1","floor":29.0},{"not_picked":["Perfected Strike","Spot Weakness","Wild Strike"],"picked":"SKIP","floor":30.0},{"not_picked":["Exhume","Brutality"],"picked":"Barricade","floor":33.0},{"not_picked":["Twin Strike","Sword Boomerang"],"picked":"Reaper","floor":35.0},{"not_picked":["Heavy Blade+1","Bloodletting+1"],"picked":"Flame Barrier","floor":37.0},{"not_picked":["Clothesline+1","True Grit"],"picked":"Shrug It Off+1","floor":38.0},{"not_picked":["Perfected Strike","Iron Wave+1"],"picked":"Demon Form","floor":38.0},{"not_picked":["Perfected Strike+1","Clash+1"],"picked":"Burning Pact","floor":38.0},{"not_picked":["Fire Breathing","Clothesline"],"picked":"Feel No Pain+1","floor":38.0},{"not_picked":["Disarm","Armaments+1"],"picked":"Body Slam","floor":38.0},{"not_picked":["Cleave","Warcry+1"],"picked":"Exhume","floor":39.0},{"not_picked":["Blood for Blood","Barricade","Twin Strike"],"picked":"SKIP","floor":41},{"not_picked":["True Grit","Havoc","Thunderclap"],"picked":"SKIP","floor":42},{"not_picked":["Intimidate+1","Hemokinesis+1"],"picked":"Power Through+1","floor":47},{"not_picked":["Spot Weakness+1","Heavy Blade"],"picked":"Limit Break","floor":48},{"not_picked":["Havoc","Feed"],"picked":"Clothesline+1","floor":54}],"player_experience":3527338,"relics_obtained":[{"floor":6.0,"key":"Red Skull"},{"floor":9.0,"key":"Oddly Smooth Stone"},{"floor":14.0,"key":"StrikeDummy"},{"floor":23.0,"key":"Pear"},{"floor":26.0,"key":"War Paint"},{"floor":27.0,"key":"Happy Flower"},{"floor":30.0,"key":"Kunai"},{"floor":41,"key":"Blue Candle"},{"floor":43,"key":"HornCleat"},{"floor":47,"key":"Darkstone Periapt"},{"floor":54,"key":"Thread and Needle"}],"event_choices":[{"damage_healed":0.0,"max_hp_gain":0.0,"max_hp_loss":0.0,"gold_gain":72.0,"event_name":"Golden Wing","player_choice":"Gained Gold","floor":2.0,"gold_loss":0.0,"damage_taken":0.0},{"damage_healed":0.0,"max_hp_gain":0.0,"max_hp_loss":0.0,"gold_gain":0.0,"event_name":"Shining Light","player_choice":"Entered Light","floor":3.0,"gold_loss":0.0,"damage_taken":16.0,"cards_upgraded":["Carnage","Clothesline"]},{"damage_healed":0.0,"max_hp_gain":0.0,"max_hp_loss":0.0,"gold_gain":0.0,"event_name":"Liars Game","player_choice":"Ignored","floor":4.0,"gold_loss":0.0,"damage_taken":0.0},{"damage_healed":0.0,"max_hp_gain":0.0,"max_hp_loss":0.0,"gold_gain":0.0,"event_name":"The Cleric","player_choice":"Leave","floor":5.0,"gold_loss":0.0,"damage_taken":0.0},{"damage_healed":0.0,"max_hp_gain":5.0,"max_hp_loss":0.0,"gold_gain":0.0,"event_name":"Forgotten Altar","player_choice":"Shed Blood","floor":20.0,"gold_loss":0.0,"damage_taken":20.0},{"damage_healed":0.0,"max_hp_gain":0.0,"max_hp_loss":0.0,"gold_gain":0.0,"event_name":"N\u0027loth","player_choice":"Traded Relic","floor":21.0,"relics_lost":["StrikeDummy"],"gold_loss":0.0,"damage_taken":0.0,"relics_obtained":["Nloth\u0027s Gift"]},{"damage_healed":0.0,"max_hp_gain":0.0,"max_hp_loss":0.0,"gold_gain":0.0,"event_name":"NoteForYourself","player_choice":"Ignored","floor":36.0,"gold_loss":0.0,"damage_taken":0.0},{"cards_removed":["Infernal Blade"],"damage_healed":0,"gold_gain":0,"player_choice":"Offered Uncommon","damage_taken":0,"max_hp_gain":0,"max_hp_loss":0,"event_name":"Bonfire Elementals","floor":44,"gold_loss":0}],"is_beta":false,"boss_relics":[{"not_picked":["Astrolabe","Cursed Key"],"picked":"Sozu"},{"not_picked":["Busted Crown","SlaversCollar"],"picked":"Coffee Dripper"}],"items_purged_floors":[],"is_endless":false,"potions_floor_spawned":[6,12,13,16,23,29,33,35,39,48,54],"ascension_level":1}}