{"host":"Niota","time":1608472746,"event":{"mods":["BaseMod","Colored Map","Colored Powertips","DeckTracker","Highlight Path","Minty Spire (QoL Compilation)"],"gold_per_floor":[369,381,267,232,232,262,262,297,297,472,507,523,534,546,546,641,641,659,659,674,705,290,290,325,325,325,325,2,20,39,54,54,54,54],"floor_reached":33,"playtime":2283,"items_purged":["Strike_B","Doubt"],"score":450,"play_id":"6a5dd988-73e5-44d0-9ea3-42f6c114c40e","local_time":"20201220145906","is_ascension_mode":true,"campfire_choices":[{"data":"Tempest","floor":7.0,"key":"SMITH"},{"floor":15.0,"key":"REST"},{"data":"Buffer","floor":23.0,"key":"SMITH"},{"floor":27,"key":"REST"},{"floor":32,"key":"REST"}],"circlet_count":0,"master_deck":["Strike_B","Strike_B","Defend_B","Defend_B","Defend_B","Defend_B","Zap","Dualcast","Lockon+1","Coolheaded","Lockon","Tempest+1","BootSequence","All For One+1","Hologram","Skim","Ball Lightning","Buffer+1","Hologram+1","Fusion+1","Static Discharge+1","Reboot","Reboot","Leap","Aggregate","Amplify","Loop","Cold Snap+1","Beam Cell+1","Beam Cell"],"relics":["FrozenCore","The Courier","Symbiotic Virus","Bag of Marbles","CaptainsWheel","Enchiridion","Red Mask","DollysMirror","Bottled Flame","Whetstone","Mummified Hand","Chemical X"],"acts_visited":["Exordium","TheCity"],"potions_floor_usage":[31],"damage_taken":[{"damage":3.0,"enemies":"Small Slimes","floor":1.0,"turns":4.0},{"damage":7.0,"enemies":"Jaw Worm","floor":2.0,"turns":2.0},{"damage":19.0,"enemies":"Lagavulin","floor":6.0,"turns":7.0},{"damage":0.0,"enemies":"Gremlin Nob","floor":8.0,"turns":2.0},{"damage":28.0,"enemies":"3 Sentries","floor":11.0,"turns":6.0},{"damage":0.0,"enemies":"Cultist","floor":12.0,"turns":3.0},{"damage":0.0,"enemies":"Large Slime","floor":13.0,"turns":3.0},{"damage":2.0,"enemies":"Red Slaver","floor":14.0,"turns":3.0},{"damage":18.0,"enemies":"Hexaghost","floor":16.0,"turns":9.0},{"damage":0.0,"enemies":"Spheric Guardian","floor":18.0,"turns":4.0},{"damage":0.0,"enemies":"Shell Parasite","floor":20.0,"turns":5.0},{"damage":18.0,"enemies":"Masked Bandits","floor":21.0,"turns":5.0},{"damage":29,"enemies":"Gremlin Leader","floor":24,"turns":8},{"damage":9,"enemies":"Shelled Parasite and Fungi","floor":29,"turns":7},{"damage":0,"enemies":"Chosen and Byrds","floor":30,"turns":6},{"damage":11,"enemies":"Sentry and Sphere","floor":31,"turns":6},{"damage":50,"enemies":"Automaton","floor":33,"turns":6}],"seed_played":"-2229595871975421475","potions_obtained":[{"floor":6.0,"key":"SteroidPotion"},{"floor":11.0,"key":"GamblersBrew"},{"floor":13.0,"key":"SmokeBomb"},{"floor":14.0,"key":"BlessingOfTheForge"},{"floor":18.0,"key":"Regen Potion"},{"floor":20.0,"key":"PowerPotion"},{"floor":30,"key":"FearPotion"}],"is_trial":false,"path_per_floor":["M","M","$","?","?","E","R","E","T","?","E","M","M","M","R","B",null,"M","?","M","?","$","R","E","?","T","R","$","M","M","M","R","B"],"character_chosen":"DEFECT","items_purchased":["Lockon","Reboot","DollysMirror","Leap","Aggregate","Mummified Hand","Chemical X"],"campfire_rested":3,"item_purchase_floors":[3,22,22,22,22,28,28],"current_hp_per_floor":[47,40,40,58,63,44,44,44,44,44,16,16,16,14,38,20,65,65,49,49,31,31,31,2,2,2,26,26,17,17,21,45,0,0],"gold":54,"neow_bonus":"TWO_FIFTY_GOLD","is_daily":false,"chose_seed":false,"campfire_upgraded":2,"win_rate":0.0,"timestamp":1608472746,"path_taken":["M","M","$","?","?","E","R","E","T","?","E","?","M","M","R","BOSS","M","?","M","?","$","R","E","?","T","R","$","M","?","M","R","BOSS"],"items_purchased_type":["Card","Card","Relic","Card","Card","Relic","Relic"],"build_version":"2020-12-18","purchased_purges":2,"victory":false,"max_hp_per_floor":[75,75,75,75,80,80,80,80,80,80,80,80,80,80,80,80,80,80,80,80,80,80,80,80,80,80,80,80,80,80,80,80,80,80],"card_choices":[{"not_picked":["Ball Lightning","Hello World"],"picked":"Lockon","floor":1.0},{"not_picked":["Streamline","Scrape"],"picked":"Coolheaded","floor":2.0},{"not_picked":["Hologram","Heatsinks"],"picked":"Tempest","floor":6.0},{"not_picked":["Gash","Coolheaded"],"picked":"BootSequence","floor":8.0},{"not_picked":["Blizzard","Coolheaded"],"picked":"All For One","floor":11.0},{"not_picked":["Streamline","Blizzard"],"picked":"Hologram","floor":12.0},{"not_picked":["Recycle","Steam"],"picked":"Skim","floor":13.0},{"not_picked":["Gash","Streamline"],"picked":"Ball Lightning","floor":14.0},{"not_picked":["Biased Cognition","All For One"],"picked":"Buffer","floor":16.0},{"not_picked":["Tempest+1","Go for the Eyes"],"picked":"Hologram+1","floor":18.0},{"not_picked":["Beam Cell","Ball Lightning"],"picked":"Fusion+1","floor":20.0},{"not_picked":["Hello World","Conserve Battery"],"picked":"Static Discharge+1","floor":21.0},{"not_picked":["Coolheaded","Go for the Eyes"],"picked":"Amplify","floor":24},{"not_picked":["Recycle","Gash"],"picked":"Cold Snap+1","floor":29},{"not_picked":["Loop","Hello World"],"picked":"Beam Cell+1","floor":30},{"not_picked":["Cold Snap","Gash+1"],"picked":"Beam Cell","floor":31}],"player_experience":810676,"relics_obtained":[{"floor":6.0,"key":"The Courier"},{"floor":8.0,"key":"Symbiotic Virus"},{"floor":9.0,"key":"Bag of Marbles"},{"floor":11.0,"key":"CaptainsWheel"},{"floor":19.0,"key":"Enchiridion"},{"floor":21.0,"key":"Red Mask"},{"floor":24,"key":"Bottled Flame"},{"floor":26,"key":"Whetstone"}],"event_choices":[{"damage_healed":18.0,"max_hp_gain":0.0,"max_hp_loss":0.0,"gold_gain":0.0,"event_name":"The Cleric","player_choice":"Healed","floor":4.0,"gold_loss":35.0,"damage_taken":0.0},{"damage_healed":0.0,"max_hp_gain":5.0,"max_hp_loss":0.0,"gold_gain":0.0,"event_name":"Big Fish","player_choice":"Donut","floor":5.0,"gold_loss":0.0,"damage_taken":0.0},{"damage_healed":0.0,"max_hp_gain":0.0,"max_hp_loss":0.0,"gold_gain":175.0,"event_name":"Liars Game","player_choice":"AGREE","floor":10.0,"gold_loss":0.0,"damage_taken":0.0,"cards_obtained":["Doubt"]},{"damage_healed":0.0,"max_hp_gain":0.0,"max_hp_loss":0.0,"gold_gain":0.0,"event_name":"Cursed Tome","player_choice":"Obtained Book","floor":19.0,"gold_loss":0.0,"damage_taken":16.0},{"damage_healed":0.0,"max_hp_gain":0.0,"max_hp_loss":0.0,"gold_gain":0.0,"event_name":"Masked Bandits","player_choice":"Fought Bandits","floor":21.0,"gold_loss":0.0,"damage_taken":0.0},{"damage_healed":0,"gold_gain":0,"cards_transformed":["Strike_B"],"player_choice":"Transformed","damage_taken":0,"max_hp_gain":0,"max_hp_loss":0,"event_name":"Transmorgrifier","floor":25,"gold_loss":0,"cards_obtained":["Loop"]}],"is_beta":true,"boss_relics":[{"not_picked":["Busted Crown","Ectoplasm"],"picked":"FrozenCore"}],"items_purged_floors":[3,22],"is_endless":false,"potions_floor_spawned":[6,11,13,14,18,20,30],"killed_by":"Automaton","ascension_level":9}}