{"host":"y1gy3vaohdji07z5","time":1608461891,"event":{"mods":["BaseMod","Colored Map","Colored Powertips","Hermit","Minty Spire (QoL Compilation)","Random Character Button","Rare Cards Sparkle","StSLib"],"gold_per_floor":[18,36,36,36,47,82,82,94,118,137,137,154,154,165,165,165,165],"floor_reached":16,"playtime":1559,"items_purged":[],"score":114,"play_id":"bde4aa0a-8807-4dd3-9971-adbe488fba08","local_time":"20201220115811","is_ascension_mode":true,"campfire_choices":[{"floor":7,"key":"REST"},{"data":"hermit:Dive","floor":11,"key":"SMITH"},{"data":"hermit:Glare","floor":13,"key":"SMITH"},{"data":"hermit:Dissolve","floor":15,"key":"SMITH"}],"circlet_count":0,"master_deck":["hermit:Strike_Hermit","hermit:Defend_Hermit","hermit:Defend_Hermit","hermit:Defend_Hermit","hermit:Defend_Hermit","hermit:Snapshot","hermit:Covet","hermit:GoldenBullet","hermit:Dive+1","Regret","hermit:Dissolve+1","hermit:Horror","hermit:Glare+1"],"relics":["hermit:Momento","Bag of Marbles","Dream Catcher","Boot"],"acts_visited":["Exordium"],"potions_floor_usage":[6,14,14,16],"damage_taken":[{"damage":0,"enemies":"2 Louse","floor":1,"turns":3},{"damage":0,"enemies":"Small Slimes","floor":2,"turns":2},{"damage":3,"enemies":"Jaw Worm","floor":5,"turns":5},{"damage":54,"enemies":"Gremlin Nob","floor":6,"turns":5},{"damage":22,"enemies":"Exordium Thugs","floor":8,"turns":8},{"damage":0,"enemies":"2 Fungi Beasts","floor":10,"turns":4},{"damage":2,"enemies":"Large Slime","floor":12,"turns":5},{"damage":0,"enemies":"Exordium Thugs","floor":14,"turns":5},{"damage":24,"enemies":"Slime Boss","floor":16,"turns":7}],"seed_played":"5084111293675469258","potions_obtained":[{"floor":2,"key":"SkillPotion"},{"floor":6,"key":"hermit:Tonic"},{"floor":12,"key":"Fire Potion"},{"floor":14,"key":"Fruit Juice"}],"is_trial":false,"path_per_floor":["M","M","?","?","M","E","R","M","T","M","R","M","R","M","R","B"],"character_chosen":"HERMIT","items_purchased":[],"campfire_rested":1,"item_purchase_floors":[],"current_hp_per_floor":[75,75,75,75,72,18,40,18,18,18,18,16,16,21,21,0,0],"gold":165,"neow_bonus":"REMOVE_TWO","is_daily":false,"chose_seed":false,"campfire_upgraded":3,"win_rate":0.0,"timestamp":1608461891,"path_taken":["M","M","?","?","M","E","R","M","T","M","R","M","R","M","R","BOSS"],"items_purchased_type":[],"build_version":"2020-12-13","purchased_purges":0,"victory":false,"max_hp_per_floor":[75,75,75,75,75,75,75,75,75,75,75,75,75,80,80,80,80],"card_choices":[{"not_picked":["hermit:SprayPray","hermit:LowProfile"],"picked":"hermit:GoldenBullet","floor":1},{"not_picked":["hermit:Roulette","hermit:Brawl"],"picked":"hermit:Dive","floor":2},{"not_picked":["hermit:Coalescence","hermit:Feint","hermit:TrackingShot"],"picked":"SKIP","floor":5},{"not_picked":["hermit:Cheat","hermit:HoleUp"],"picked":"hermit:Dissolve","floor":6},{"not_picked":["hermit:Maintenance","hermit:TrackingShot"],"picked":"hermit:Horror","floor":7},{"not_picked":["hermit:DeadMansHand","hermit:TrackingShot","hermit:Desperado"],"picked":"SKIP","floor":8},{"not_picked":["hermit:Feint","hermit:Determination"],"picked":"hermit:Glare","floor":10},{"not_picked":["hermit:Ricochet","hermit:TakeAim","hermit:Vantage"],"picked":"SKIP","floor":12},{"not_picked":["hermit:Misfire","hermit:HighCaliber","hermit:LowProfile"],"picked":"SKIP","floor":14}],"player_experience":332364,"relics_obtained":[{"floor":6,"key":"Dream Catcher"},{"floor":9,"key":"Boot"}],"event_choices":[{"damage_healed":0,"gold_gain":0,"player_choice":"Box","damage_taken":0,"relics_obtained":["Bag of Marbles"],"max_hp_gain":0,"max_hp_loss":0,"event_name":"Big Fish","floor":3,"gold_loss":0,"cards_obtained":["Regret"]},{"cards_removed":["hermit:Strike_Hermit"],"damage_healed":0,"gold_gain":0,"player_choice":"Forget","damage_taken":0,"max_hp_gain":0,"max_hp_loss":0,"event_name":"Living Wall","floor":4,"gold_loss":0}],"is_beta":false,"boss_relics":[],"items_purged_floors":[],"is_endless":false,"potions_floor_spawned":[2,6,12,14],"killed_by":"Slime Boss","ascension_level":2}}