{"host":"u6i4tuckh9ieu6fx","time":1608453879,"event":{"mods":["ATMod(阿瑾Mod)","Act Like it!","Ascension Reborn","Aspiration","Bard","BaseMod","Better Vampires","CapriCore","Chen","Colored Powertips","Conspire","Decade(王小明)","Dota2Spire","Downfall","Friendly Minions","Gensokyo","GifTheSpireLib","GungeonMod","Hallownest","Hermit","Highlight Path","HololiveMod","Hunter 猎人","Jedi Mod","Jorbs\u0027s Wanderer Trilogy","KinomotoSakuraMod(木之本樱)","Koishi","KomeijiMod","LagranYue(拉格朗・月)","Lobotomy","LobotomyExtend","Luminous","Marisa（F雨　魔理沙）","Marked Mod","Minty Spire (QoL Compilation)","MostiFishMod","Nova Terra(诺娃・泰拉)","Pale of the Ancients","Prisma Mod","Quick Restart","Reimu（博丽灵梦）","Replay The Spire","RumiaBox-露米娅的神秘盒子","SIMod","Spicy Shops","StSLib","TestMod","The Cursed","The Gatherer","The IronCluck","The Runesmith","The Senshi","The Servant 0.9.4","TheWitcher","WarShipGirlsR/战舰少女R mod","Youmu（魂魄妖梦）","Yuri Mod","Yuyuko","[地精首领爬塔]The Maniac","vexMod","【东方二次创作】八云紫mod","【功能Mod】混沌之环修复补丁","【遗物卡牌】REMEMod","篝火指南"],"gold_per_floor":[99,99,111,36,50,50,50,50,69,12,22,22,7,36,46,145,172,57,57,57],"floor_reached":19,"playtime":1647,"items_purged":[],"score":180,"play_id":"9e58e832-e9e4-4d9f-b917-c62c756d0b43","local_time":"20201220164439","is_ascension_mode":true,"campfire_choices":[{"floor":1,"key":"RECALL"},{"data":"AT_FamilyPortrait","floor":4,"key":"SMITH"},{"data":"HalloweenModCandy","floor":8,"key":"SMITH"}],"circlet_count":0,"master_deck":["hexamod:Strike","hexamod:Strike","hexamod:Strike","hexamod:Strike","hexamod:Defend","hexamod:Defend","hexamod:Defend","hexamod:Defend","hexamod:Sear","hexamod:Float","AT_FamilyPortrait+1","PrismaMod:ChloeHalloween","HalloweenModGhostCostume","HalloweenModCandy+1","HalloweenModTrick","HalloweenModTrick","Injury","HalloweenModGhostCostume","HalloweenModTrick+1","HalloweenModTrick+1","HalloweenModGhostCostume","Gensokyo:AllTheWorldsEvil","ReplayTheSpireMod:Faulty Equipment","hexamod:TimeOfNeed+1","hexamod:FirstSeal"],"relics":["hexamod:SpiritBrand","REME_ComplimentaryCards","testmod-TestBox","DaveBox","AT_ATBox","LagranYue:RandomDrawCardRelic","MetatronsCube","HalloweenModHalloween","Blue Candle","LetterFromLob","downfall:HeartBlessingRed","downfall:BrokenWingStatue","Blue Doll","DemoMod:GnawedKey","Molten Egg 2","Odd Mushroom","ImportantClient","Replay:Ancient Bell","CeramicFish","Matryoshka","testmod-Alchemist"],"acts_visited":["Exordium","TheCity"],"potions_floor_usage":[],"damage_taken":[{"damage":1,"enemies":"2 Louse","floor":3,"turns":3},{"damage":0,"enemies":"Small Slimes","floor":5,"turns":3},{"damage":4,"enemies":"Jaw Worm","floor":9,"turns":2},{"damage":0,"enemies":"Red Slaver","floor":11,"turns":2},{"damage":3,"enemies":"downfall:FleeingMerchant","floor":13,"turns":4},{"damage":0,"enemies":"The Mushroom Lair","floor":14,"turns":1},{"damage":14,"enemies":"conspire:2 RoseBushes","floor":15,"turns":1},{"damage":17,"enemies":"downfall:Silent","floor":16,"turns":4},{"damage":148,"enemies":"Gremlin Leader","floor":19,"turns":2}],"seed_played":"-7118272951326295411","potions_obtained":[{"floor":9,"key":"Swift Potion"},{"floor":11,"key":"Block Potion"}],"is_trial":false,"path_per_floor":["R","?","M","R","M","?","T","R","M","R","M","?","$","?","M","B",null,"R","E"],"character_chosen":"THE_SPIRIT","items_purchased":["DemoMod:GnawedKey","hexamod:TimeOfNeed+1","hexamod:FirstSeal"],"campfire_rested":0,"item_purchase_floors":[10,18,18],"current_hp_per_floor":[77,77,76,76,76,76,76,76,77,77,77,77,76,77,63,58,77,77,0,0],"gold":57,"neow_bonus":"TEN_PERCENT_HP_BONUS","is_daily":false,"chose_seed":false,"campfire_upgraded":2,"win_rate":0.0,"timestamp":1608453879,"path_taken":["R","?","M","R","M","?","T","R","?","R","?","?","$","?","M","BOSS","R","E"],"items_purchased_type":["Relic","Card","Card"],"build_version":"2020-12-13","purchased_purges":0,"victory":false,"max_hp_per_floor":[77,77,77,77,77,77,77,77,77,77,77,77,77,77,77,77,77,77,77,77],"card_choices":[{"not_picked":["HalloweenModCandy","HalloweenModTrick"],"picked":"HalloweenModGhostCostume","floor":3},{"not_picked":["HalloweenModTrick","HalloweenModGhostCostume"],"picked":"HalloweenModCandy","floor":5},{"not_picked":["HalloweenModCandy","HalloweenModGhostCostume"],"picked":"HalloweenModTrick","floor":9},{"not_picked":["HalloweenModCandy","HalloweenModGhostCostume"],"picked":"HalloweenModTrick","floor":11},{"not_picked":["HalloweenModCandy","HalloweenModTrick+1"],"picked":"HalloweenModGhostCostume","floor":13},{"not_picked":["HalloweenModGhostCostume","HalloweenModCandy"],"picked":"HalloweenModTrick+1","floor":14},{"not_picked":["HalloweenModCandy","HalloweenModGhostCostume"],"picked":"HalloweenModTrick+1","floor":15},{"not_picked":["HalloweenModCandy","HalloweenModTrick+1"],"picked":"HalloweenModGhostCostume","floor":16},{"not_picked":["SnafuTest:CurseImprisonment","Overencumbered"],"picked":"ReplayTheSpireMod:Doomed","floor":17},{"not_picked":["SnafuTest:CurseRiot","Lonely"],"picked":"Gensokyo:AllTheWorldsEvil","floor":17},{"not_picked":["Pain","SnafuTest:CurseImprisonment"],"picked":"ReplayTheSpireMod:Faulty Equipment","floor":17}],"player_experience":146626,"relics_obtained":[{"floor":3,"key":"LetterFromLob"},{"floor":7,"key":"Blue Doll"},{"floor":14,"key":"Odd Mushroom"},{"floor":16,"key":"ImportantClient"}],"event_choices":[{"damage_healed":0,"gold_gain":0,"player_choice":"Fought Mushrooms","damage_taken":0,"max_hp_gain":0,"max_hp_loss":0,"event_name":"Mushrooms","floor":14,"gold_loss":0}],"is_beta":false,"boss_relics":[{"not_picked":["Kintsugi","Sozu"],"picked":"Replay:Ancient Bell"},{"not_picked":["Happy Flower","Dota2Spire:EchoSabre"],"picked":"CeramicFish"},{"not_picked":["vexMod:ScavengeHelm","vexMod:InvisibilityCloak"],"picked":"Matryoshka"},{"not_picked":["ShirouKen","Ice Cream"],"picked":"testmod-Alchemist"}],"items_purged_floors":[],"is_endless":false,"potions_floor_spawned":[9,11,15,16],"killed_by":"Gremlin Leader","ascension_level":0}}