{"host":"q87smtchbkq9l0at","time":1608475676,"event":{"mods":["BaseMod","Colored Map","Colored Powertips","Minty Spire (QoL Compilation)","Quick Restart","StSLib","SuperFastMode","noobMod"],"gold_per_floor":[116,135,149,149,160,160,171,185,185,185,185,201,221,242,242,242,242],"floor_reached":16,"playtime":906,"items_purged":[],"score":108,"play_id":"18079440-1e44-4c06-bdee-0903b63b2445","local_time":"20201220224756","is_ascension_mode":true,"campfire_choices":[{"data":"Entrench","floor":6.0,"key":"SMITH"},{"data":"Body Slam","floor":15.0,"key":"SMITH"}],"circlet_count":0,"master_deck":["Strike_R","Strike_R","Strike_R","Strike_R","Defend_R","Defend_R","Defend_R","Defend_R","Bash","Clumsy","Metallicize","Metallicize","Bloodletting","Ghostly Armor","Flex","Entrench+1","Impervious","Sentinel","Battle Trance","Shrug It Off","Entrench","Body Slam+1"],"relics":["Burning Blood","ice","Prayer Wheel","Tiny Chest","Letter Opener","Golden Idol"],"acts_visited":["Exordium"],"potions_floor_usage":[16,16,16],"damage_taken":[{"damage":5.0,"enemies":"Small Slimes","floor":1.0,"turns":3.0},{"damage":3.0,"enemies":"2 Louse","floor":2.0,"turns":4.0},{"damage":1.0,"enemies":"Jaw Worm","floor":3.0,"turns":7.0},{"damage":14.0,"enemies":"3 Louse","floor":5.0,"turns":8.0},{"damage":6.0,"enemies":"Looter","floor":7.0,"turns":5.0},{"damage":0.0,"enemies":"Blue Slaver","floor":8.0,"turns":6.0},{"damage":8.0,"enemies":"2 Fungi Beasts","floor":12.0,"turns":7.0},{"damage":6.0,"enemies":"Red Slaver","floor":13.0,"turns":7.0},{"damage":12.0,"enemies":"Exordium Wildlife","floor":14.0,"turns":10.0},{"damage":70,"enemies":"Slime Boss","floor":16,"turns":16}],"seed_played":"7348041857861727657","potions_obtained":[{"floor":5.0,"key":"LiquidMemories"},{"floor":8.0,"key":"SpeedPotion"},{"floor":12.0,"key":"BloodPotion"},{"floor":13.0,"key":"ElixirPotion"}],"is_trial":false,"path_per_floor":["M","M","M","?","M","R","M","M","T","?","?","M","M","M","R","B"],"character_chosen":"IRONCLAD","items_purchased":[],"campfire_rested":0,"item_purchase_floors":[],"current_hp_per_floor":[80,80,80,77,69,69,69,75,75,55,48,62,62,56,56,60,60],"gold":242,"neow_bonus":"ONE_RARE_RELIC","is_daily":false,"chose_seed":false,"campfire_upgraded":2,"win_rate":0.0,"timestamp":1608475676,"path_taken":["M","M","M","?","M","R","M","M","T","?","?","M","M","M","R","BOSS"],"items_purchased_type":[],"build_version":"2020-12-13","purchased_purges":0,"victory":false,"max_hp_per_floor":[80,80,80,80,80,80,80,80,80,80,80,80,80,80,80,82,82],"card_choices":[{"not_picked":["Havoc","Rage"],"picked":"Metallicize","floor":1.0},{"not_picked":["Havoc","Clash"],"picked":"Metallicize","floor":1.0},{"not_picked":["Cleave","Infernal Blade"],"picked":"Bloodletting","floor":2.0},{"not_picked":["Perfected Strike","Reckless Charge"],"picked":"Ghostly Armor","floor":2.0},{"not_picked":["Searing Blow","Bloodletting"],"picked":"Flex","floor":3.0},{"not_picked":["Bloodletting","Havoc","Clothesline"],"picked":"SKIP","floor":3.0},{"not_picked":["Seeing Red","Whirlwind"],"picked":"Entrench","floor":5.0},{"not_picked":["Wild Strike","Headbutt"],"picked":"Impervious","floor":5.0},{"not_picked":["Clothesline","Flex"],"picked":"Sentinel","floor":7.0},{"not_picked":["Evolve","Shockwave"],"picked":"Battle Trance","floor":7.0},{"not_picked":["True Grit","Burning Pact","Uppercut"],"picked":"SKIP","floor":8.0},{"not_picked":["Pommel Strike","Dark Embrace","Clothesline"],"picked":"SKIP","floor":8.0},{"not_picked":["Flex","Infernal Blade","Heavy Blade"],"picked":"SKIP","floor":12.0},{"not_picked":["Thunderclap","Burning Pact","Inflame"],"picked":"SKIP","floor":12.0},{"not_picked":["Wild Strike","Entrench"],"picked":"Shrug It Off","floor":13.0},{"not_picked":["Armaments","Clothesline"],"picked":"Entrench","floor":13.0},{"not_picked":["Whirlwind","Headbutt"],"picked":"Body Slam","floor":14.0},{"not_picked":["Headbutt","Bludgeon","Pommel Strike"],"picked":"SKIP","floor":14.0}],"player_experience":49045,"relics_obtained":[{"floor":9.0,"key":"Letter Opener"}],"event_choices":[{"damage_healed":0.0,"max_hp_gain":0.0,"max_hp_loss":0.0,"gold_gain":0.0,"event_name":"Scrap Ooze","player_choice":"Success","floor":4.0,"gold_loss":0.0,"damage_taken":3.0,"relics_obtained":["Tiny Chest"]},{"damage_healed":0.0,"max_hp_gain":0.0,"max_hp_loss":0.0,"gold_gain":0.0,"event_name":"Golden Idol","player_choice":"Take Damage","floor":10.0,"gold_loss":0.0,"damage_taken":20.0,"relics_obtained":["Golden Idol"]},{"cards_removed":["Strike_R"],"damage_healed":0.0,"max_hp_gain":0.0,"max_hp_loss":0.0,"gold_gain":0.0,"event_name":"Golden Wing","player_choice":"Card Removal","floor":11.0,"gold_loss":0.0,"damage_taken":7.0}],"is_beta":false,"boss_relics":[],"items_purged_floors":[],"is_endless":false,"potions_floor_spawned":[5,8,12,13],"killed_by":"Slime Boss","ascension_level":2}}