{"host":"7mrmd33mpx7q5wx9","time":1608446506,"event":{"mods":["AchievementEnabler","BaseMod","Colored Map","Defuse TimeMaze Blight","Minty Spire (QoL Compilation)","Permanent Neow","Quick Restart","StSLib","SuperFastMode","slay the spire mod where everything is the same but ironclad has a cowboy hat"],"gold_per_floor":[114,131,131,144,164,164,114,214,238,238,248,264,293,305,305,406,406,424,441,453,453,472,502,502,502,502,521,533,548,66,80,80,180,180,198,6,6,26,41,41,61,79,79,92,121,121,136,0,0,0,0],"floor_reached":50,"playtime":2765,"items_purged":["Strike_R"],"score":504,"play_id":"9e1ce511-ec5c-44ad-a2b0-2de5e0eea1b0","local_time":"20201220004146","is_ascension_mode":false,"campfire_choices":[{"data":"Apotheosis","floor":6,"key":"SMITH"},{"data":"Thunderclap","floor":10,"key":"SMITH"},{"floor":15,"key":"RECALL"},{"floor":24,"key":"REST"},{"floor":32,"key":"REST"},{"floor":40,"key":"REST"},{"floor":49,"key":"REST"}],"circlet_count":0,"master_deck":["Strike_R","Strike_R","Strike_R","Strike_R","Defend_R","Defend_R","Defend_R","Bash","Apotheosis+1","Anger","Clash","Spot Weakness","Thunderclap+1","Havoc","Bloodletting","Clothesline","Immolate","Thunderclap+1","Twin Strike","Flame Barrier","Inflame+1","Shrug It Off","Conserve Battery+1","Secret Weapon","PiercingWail","Metallicize+1","TalkToTheHand+1","Calculated Gamble","Genetic Algorithm+1","Parasite","ThirdEye+1"],"relics":["Burning Blood","Happy Flower","SlaversCollar","Nilry\u0027s Codex","PreservedInsect","Regal Pillow","Anchor","Eternal Feather","PrismaticShard","Fusion Hammer","Orichalcum","Darkstone Periapt","Ornamental Fan","Red Mask"],"acts_visited":["Exordium","TheCity","TheBeyond"],"potions_floor_usage":[5,5,12,19,20,23,27,28,38,41,45,50],"damage_taken":[{"damage":19,"enemies":"Jaw Worm","floor":1,"turns":7},{"damage":1,"enemies":"Cultist","floor":2,"turns":3},{"damage":1,"enemies":"2 Louse","floor":4,"turns":3},{"damage":20,"enemies":"Gremlin Gang","floor":5,"turns":6},{"damage":7,"enemies":"Blue Slaver","floor":11,"turns":3},{"damage":4,"enemies":"Exordium Wildlife","floor":12,"turns":4},{"damage":16,"enemies":"Gremlin Nob","floor":13,"turns":3},{"damage":8,"enemies":"Gremlin Gang","floor":14,"turns":4},{"damage":38,"enemies":"Slime Boss","floor":16,"turns":7},{"damage":6,"enemies":"Chosen","floor":18,"turns":3},{"damage":22,"enemies":"Shell Parasite","floor":19,"turns":4},{"damage":8,"enemies":"Snecko","floor":20,"turns":3},{"damage":37,"enemies":"Snake Plant","floor":22,"turns":4},{"damage":10,"enemies":"Gremlin Leader","floor":23,"turns":4},{"damage":9,"enemies":"Centurion and Healer","floor":27,"turns":7},{"damage":0,"enemies":"3 Cultists","floor":28,"turns":2},{"damage":34,"enemies":"Snecko","floor":29,"turns":5},{"damage":9,"enemies":"Centurion and Healer","floor":31,"turns":6},{"damage":59,"enemies":"Collector","floor":33,"turns":9},{"damage":8,"enemies":"3 Shapes","floor":35,"turns":3},{"damage":0,"enemies":"3 Darklings","floor":38,"turns":2},{"damage":15,"enemies":"Maw","floor":39,"turns":8},{"damage":18,"enemies":"4 Shapes","floor":41,"turns":2},{"damage":16,"enemies":"3 Darklings","floor":42,"turns":6},{"damage":1,"enemies":"Writhing Mass","floor":44,"turns":8},{"damage":19,"enemies":"Reptomancer","floor":45,"turns":5},{"damage":5,"enemies":"Maw","floor":47,"turns":7},{"damage":89,"enemies":"Time Eater","floor":50,"turns":16}],"seed_played":"7490334559734235772","potions_obtained":[{"floor":1,"key":"Block Potion"},{"floor":3,"key":"ElixirPotion"},{"floor":3,"key":"Fire Potion"},{"floor":3,"key":"BlessingOfTheForge"},{"floor":5,"key":"SkillPotion"},{"floor":11,"key":"DuplicationPotion"},{"floor":14,"key":"Regen Potion"},{"floor":19,"key":"DistilledChaos"},{"floor":23,"key":"LiquidBronze"},{"floor":27,"key":"LiquidMemories"},{"floor":33,"key":"DistilledChaos"},{"floor":38,"key":"FearPotion"},{"floor":41,"key":"SneckoOil"}],"is_trial":false,"path_per_floor":["M","M","?","M","M","R","?","?","T","R","M","M","E","M","R","B",null,"M","M","M","?","M","E","R","T","T","M","M","M","$","M","R","B",null,"M","$","?","M","M","R","M","M","T","M","E","?","M","?","R","B"],"character_chosen":"IRONCLAD","items_purchased":["Eternal Feather","PrismaticShard","Orichalcum","Swift Potion"],"campfire_rested":4,"item_purchase_floors":[30,30,36,36],"current_hp_per_floor":[67,72,72,77,63,63,63,63,63,63,62,64,54,52,52,20,80,80,73,71,55,24,20,44,44,44,41,47,19,19,16,67,14,80,78,78,78,80,71,80,68,58,58,69,56,56,57,57,82,0,0],"gold":0,"neow_bonus":"RANDOM_COLORLESS_2","is_daily":false,"chose_seed":false,"campfire_upgraded":2,"win_rate":0.0,"timestamp":1608446506,"path_taken":["M","M","?","?","M","R","?","?","T","R","?","M","E","M","R","BOSS","M","M","M","?","M","E","R","?","T","?","M","M","$","M","R","BOSS","M","$","?","M","M","R","M","M","T","?","E","?","M","?","R","BOSS"],"items_purchased_type":["Relic","Relic","Relic","Potion"],"build_version":"2020-12-13","purchased_purges":1,"victory":false,"max_hp_per_floor":[80,80,80,80,80,80,80,80,80,80,80,80,80,80,80,80,80,80,80,80,80,80,80,80,80,80,80,80,80,80,80,80,80,80,80,80,80,80,80,80,80,80,80,86,86,82,82,82,82,82,82],"card_choices":[{"not_picked":["HandOfGreed","Secret Technique"],"picked":"Apotheosis","floor":0},{"not_picked":["Headbutt","Heavy Blade"],"picked":"Anger","floor":1},{"not_picked":["Rage","Sword Boomerang"],"picked":"Clash","floor":2},{"not_picked":["Armaments","Rampage"],"picked":"Spot Weakness","floor":4},{"not_picked":["Sword Boomerang","Seeing Red"],"picked":"Thunderclap","floor":5},{"not_picked":["Power Through","Hemokinesis","Thunderclap"],"picked":"SKIP","floor":11},{"not_picked":["Flex","Armaments"],"picked":"Havoc","floor":12},{"not_picked":["Sever Soul","Searing Blow"],"picked":"Bloodletting","floor":13},{"not_picked":["Carnage","Rampage"],"picked":"Clothesline","floor":14},{"not_picked":["Fiend Fire","Corruption"],"picked":"Immolate","floor":16},{"not_picked":["Perfected Strike","Wild Strike"],"picked":"Thunderclap+1","floor":18},{"not_picked":["Second Wind","Heavy Blade+1","Perfected Strike"],"picked":"SKIP","floor":19},{"not_picked":["Clash+1","Pommel Strike"],"picked":"Twin Strike","floor":20},{"not_picked":["Twin Strike","True Grit"],"picked":"Flame Barrier","floor":22},{"not_picked":["Rampage+1","Bludgeon","Armaments"],"picked":"SKIP","floor":23},{"not_picked":["Perfected Strike","True Grit+1"],"picked":"Inflame+1","floor":27},{"not_picked":["Headbutt","Infernal Blade","Pummel"],"picked":"SKIP","floor":28},{"not_picked":["Wild Strike","Combust+1"],"picked":"Shrug It Off","floor":29},{"not_picked":["Accuracy","Crescendo"],"picked":"Conserve Battery+1","floor":31},{"not_picked":["HandOfGreed","Electrodynamics"],"picked":"Secret Weapon","floor":33},{"not_picked":["Dodge and Roll+1","Consecrate"],"picked":"PiercingWail","floor":35},{"not_picked":["DeceiveReality","ReachHeaven+1"],"picked":"Metallicize+1","floor":38},{"not_picked":["PiercingWail+1","Pommel Strike"],"picked":"TalkToTheHand+1","floor":39},{"not_picked":["Dagger Spray+1","Fasting2+1"],"picked":"Calculated Gamble","floor":41},{"not_picked":["Capacitor","Iron Wave+1"],"picked":"Genetic Algorithm+1","floor":42},{"not_picked":["PiercingWail+1","Steam","Sever Soul+1"],"picked":"SKIP","floor":44},{"not_picked":["ReachHeaven+1","Doppelganger"],"picked":"ThirdEye+1","floor":45},{"not_picked":["Compile Driver","Glacier","ClearTheMind+1"],"picked":"SKIP","floor":47}],"player_experience":334706,"relics_obtained":[{"floor":13,"key":"Happy Flower"},{"floor":21,"key":"Nilry\u0027s Codex"},{"floor":23,"key":"PreservedInsect"},{"floor":25,"key":"Regal Pillow"},{"floor":26,"key":"Anchor"},{"floor":43,"key":"Darkstone Periapt"},{"floor":45,"key":"Ornamental Fan"}],"event_choices":[{"damage_healed":0,"gold_gain":0,"player_choice":"Got Potions","damage_taken":0,"max_hp_gain":0,"max_hp_loss":0,"event_name":"Lab","floor":3,"gold_loss":0},{"cards_removed":["Pain"],"damage_healed":0,"gold_gain":0,"player_choice":"Card Removal","damage_taken":0,"max_hp_gain":0,"max_hp_loss":0,"event_name":"The Cleric","floor":7,"gold_loss":50},{"damage_healed":0,"gold_gain":100,"player_choice":"Pray","damage_taken":0,"max_hp_gain":0,"max_hp_loss":0,"event_name":"Golden Shrine","floor":8,"gold_loss":0},{"damage_healed":0,"gold_gain":0,"player_choice":"Obtained Book","damage_taken":16,"max_hp_gain":0,"max_hp_loss":0,"event_name":"Cursed Tome","floor":21,"gold_loss":0},{"cards_removed":["Defend_R"],"damage_healed":0,"gold_gain":0,"player_choice":"Purged","damage_taken":0,"max_hp_gain":0,"max_hp_loss":0,"event_name":"Purifier","floor":37,"gold_loss":0},{"damage_healed":0,"gold_gain":0,"player_choice":"Max HP","damage_taken":0,"max_hp_gain":0,"max_hp_loss":4,"event_name":"Winding Halls","floor":46,"gold_loss":0},{"damage_healed":0,"gold_gain":0,"player_choice":"Paid","damage_taken":0,"relics_obtained":["Red Mask"],"max_hp_gain":0,"max_hp_loss":0,"event_name":"Tomb of Lord Red Mask","floor":48,"gold_loss":136}],"is_beta":false,"boss_relics":[{"not_picked":["Black Blood","Snecko Eye"],"picked":"SlaversCollar"},{"not_picked":["Coffee Dripper","Philosopher\u0027s Stone"],"picked":"Fusion Hammer"}],"items_purged_floors":[30],"is_endless":false,"potions_floor_spawned":[1,5,11,14,19,23,27,33,38,41,44],"killed_by":"Time Eater","ascension_level":0}}