{"host":"l0i0y1oyvm6rmxxu","time":1608467409,"event":{"mods":["BaseMod","Minty Spire (QoL Compilation)","Quick Restart","Replay The Spire","RumiaBox-露米娅的神秘盒子","StSLib","TestMod","vexMod"],"gold_per_floor":[119,131,149,149,166,201,201,219,219,73,93,93,123,134,134,233,899,909,376,376,392,392,392,420,420,420,420,420,165,165,175,175,280,280,293,311,331,331,349,383,363,154,179,194,206,221,249,8,8,8,8,8,8,38,38],"floor_reached":56,"playtime":4289,"items_purged":["Strike_R","Strike_R","Strike_R","Strike_R"],"score":1539,"play_id":"9ea84796-f61d-4de4-8763-dcd9004a53e1","local_time":"20201220203009","is_ascension_mode":false,"campfire_choices":[{"data":"Feel No Pain","floor":7.0,"key":"SMITH"},{"data":"Seeing Red","floor":12.0,"key":"SMITH"},{"data":"Body Slam","floor":15.0,"key":"SMITH"},{"data":"Barricade","floor":23.0,"key":"SMITH"},{"data":"Battle Trance","floor":25.0,"key":"SMITH"},{"data":"Juggernaut","floor":28.0,"key":"SMITH"},{"data":"Dark Embrace","floor":30.0,"key":"SMITH"},{"data":"Strike_R","floor":32.0,"key":"PURGE"},{"floor":49.0,"key":"RECALL"},{"data":"Eclipse","floor":52.0,"key":"SMITH"}],"circlet_count":0,"master_deck":["Defend_R+1","Defend_R+1","Defend_R","Defend_R","Bash","ReplayTheSpireMod:Strike From Hell","Carnage","Feel No Pain+1","Seeing Red+1","Body Slam+1","Whirlwind","Barricade+1","Battle Trance+1","Power Through","Juggernaut+1","Dark Embrace+1","True Grit","True Grit","Eclipse+1","Evolve","Feel No Pain","Pommel Strike+1","Second Wind","Dark Embrace+1"],"relics":["Burning Blood","testmod-TestBox","testmod-Nyarlathotep","NeowsBlessing","War Paint","Replay:Rubber Ducky","Divine Protection","Medical Kit","Red Skull","vexMod:RockOfEvil","Gremlin Horn","Ring of Hypnosis","ReplayTheSpireMod:Ring of Addiction","Chameleon Ring","Potion Belt","GodSword7","Mercury Hourglass","Membership Card","testmod-TimeTraveler","GodSword4","Mirror","Replay:Mystery Machine","testmod-Justice","InkBottle"],"acts_visited":["TheCity","TheBeyond","TheEnding"],"potions_floor_usage":[55,55,55,55],"damage_taken":[{"damage":0.0,"enemies":"Cultist","floor":1.0,"turns":1.0},{"damage":0.0,"enemies":"Small Slimes","floor":2.0,"turns":1.0},{"damage":0.0,"enemies":"2 Louse","floor":3.0,"turns":1.0},{"damage":26.0,"enemies":"Gremlin Gang","floor":5.0,"turns":5.0},{"damage":10.0,"enemies":"Replay:BlueRogue","floor":6.0,"turns":7.0},{"damage":0.0,"enemies":"2 Fungi Beasts","floor":8.0,"turns":4.0},{"damage":0.0,"enemies":"Red Slaver","floor":11.0,"turns":3.0},{"damage":0.0,"enemies":"Lagavulin","floor":13.0,"turns":5.0},{"damage":0.0,"enemies":"Exordium Thugs","floor":14.0,"turns":4.0},{"damage":0.0,"enemies":"Slime Boss","floor":16.0,"turns":8.0},{"damage":0.0,"enemies":"2 Thieves","floor":18.0,"turns":5.0},{"damage":0.0,"enemies":"Spheric Guardian","floor":21.0,"turns":4.0},{"damage":0.0,"enemies":"Replay:Snechameleon","floor":24.0,"turns":3.0},{"damage":0.0,"enemies":"Centurion and Healer","floor":31.0,"turns":3.0},{"damage":0.0,"enemies":"Collector","floor":33.0,"turns":4.0},{"damage":0.0,"enemies":"Orb Walker","floor":35.0,"turns":2.0},{"damage":0.0,"enemies":"3 Darklings","floor":36.0,"turns":3.0},{"damage":0.0,"enemies":"Writhing Mass","floor":37.0,"turns":3.0},{"damage":0.0,"enemies":"4 Shapes","floor":39.0,"turns":3.0},{"damage":0.0,"enemies":"R_Hoarder","floor":40.0,"turns":5.0},{"damage":0.0,"enemies":"Sphere and 2 Shapes","floor":44.0,"turns":2.0},{"damage":0.0,"enemies":"Maw","floor":45.0,"turns":3.0},{"damage":1.0,"enemies":"Writhing Mass","floor":46.0,"turns":3.0},{"damage":1.0,"enemies":"Nemesis","floor":47.0,"turns":4.0},{"damage":0.0,"enemies":"Donu and Deca","floor":50.0,"turns":2.0},{"damage":0.0,"enemies":"Shield and Spear","floor":54.0,"turns":3.0},{"damage":0,"enemies":"The Heart","floor":55,"turns":4}],"seed_played":"7668668195183670575","potions_obtained":[{"floor":5.0,"key":"Dexterity Potion"},{"floor":8.0,"key":"FearPotion"},{"floor":11.0,"key":"DistilledChaos"},{"floor":13.0,"key":"Venom Potion"},{"floor":21.0,"key":"Energy Potion"},{"floor":22.0,"key":"Elixir"},{"floor":22.0,"key":"Weak Potion"},{"floor":22.0,"key":"Swift Potion"},{"floor":33.0,"key":"Dexterity Potion"},{"floor":37.0,"key":"HeartOfIron"},{"floor":45.0,"key":"FearPotion"},{"floor":54.0,"key":"SkillPotion"}],"is_trial":false,"path_per_floor":["M","M","M","T","M","E","R","M","T","$","M","R","E","M","R","B",null,"M","$","?","M","?","R","E","R","T","?","R","$","R","M","R","B",null,"M","M","M","?","M","E","?","$","T","M","M","M","E","$","R","B",null,"R","$","E","B",null],"character_chosen":"IRONCLAD","items_purchased":["Medical Kit","Power Through","Juggernaut","Gremlin Horn","Membership Card","Dark Embrace","True Grit","Feel No Pain","Mirror","testmod-Justice","Second Wind"],"campfire_rested":0,"item_purchase_floors":[10,19,19,19,29,29,29,42,42,48,48],"current_hp_per_floor":[80,80,80,80,60,56,56,62,62,62,68,68,74,80,80,80,40,40,40,40,40,40,40,40,40,38,38,38,36,36,36,34,34,34,32,32,32,28,28,28,28,26,26,26,26,16,6,6,4,1,1,1,1,1,1],"gold":38,"neow_bonus":"THREE_ENEMY_KILL","is_daily":false,"chose_seed":false,"campfire_upgraded":8,"win_rate":0.0,"timestamp":1608467409,"path_taken":["M","M","M","?","?","E","R","M","T","$","M","R","E","M","R","BOSS","M","$","?","M","?","R","E","R","T","?","R","$","R","M","R","BOSS","M","?","M","?","M","E","?","$","T","M","?","M","E","$","R","BOSS","R","$","E","BOSS"],"items_purchased_type":["Relic","Card","Card","Relic","Relic","Card","Card","Card","Relic","Relic","Card"],"build_version":"2020-12-13","purchased_purges":4,"victory":true,"max_hp_per_floor":[80,80,80,80,80,80,80,80,80,80,80,80,80,80,80,80,40,40,40,40,40,40,40,40,40,38,38,38,36,36,36,34,34,34,32,32,32,28,28,28,28,26,26,26,26,16,6,6,4,1,1,1,1,1,1],"card_choices":[{"not_picked":["Headbutt","Warcry"],"picked":"ReplayTheSpireMod:Strike From Hell","floor":1.0},{"not_picked":["Pommel Strike","Headbutt"],"picked":"Carnage","floor":2.0},{"not_picked":["Anger","Cleave","Spot Weakness"],"picked":"SKIP","floor":3.0},{"not_picked":["Combust","Clash","ReplayTheSpireMod:Strike From Hell"],"picked":"SKIP","floor":5.0},{"not_picked":["Thunderclap","Pommel Strike"],"picked":"Feel No Pain","floor":6.0},{"not_picked":["Clash","Fiend Fire"],"picked":"Seeing Red","floor":8.0},{"not_picked":["ReplayTheSpireMod:Strike From Hell","Dual Wield","Sentinel"],"picked":"SKIP","floor":11.0},{"not_picked":["Run Through","Fire Breathing"],"picked":"Body Slam","floor":13.0},{"not_picked":["Flex","Defy Death"],"picked":"Whirlwind","floor":14.0},{"not_picked":["Demonic Infusion","Brutality"],"picked":"Barricade","floor":16.0},{"not_picked":["Sentinel","Warcry"],"picked":"Battle Trance","floor":18.0},{"not_picked":["Massacre","Infernal Blade","Wild Strike"],"picked":"SKIP","floor":21.0},{"not_picked":["Replay:Undeath\u0027s Touch","Hemokinesis","Body Slam"],"picked":"SKIP","floor":24.0},{"not_picked":["Sword Boomerang","Thunderclap","ReplayReversal"],"picked":"SKIP","floor":31.0},{"not_picked":["Brutality","Replay:Many Hands"],"picked":"Eclipse","floor":33.0},{"not_picked":["Rage+1","Havoc","Anger"],"picked":"SKIP","floor":35.0},{"not_picked":["Perfected Strike+1","ReplayTheSpireMod:Stacked","Iron Wave"],"picked":"SKIP","floor":36.0},{"not_picked":["Ghostly Armor","Wild Strike+1","Dropkick+1"],"picked":"SKIP","floor":37.0},{"not_picked":["Reckless Charge","Anger+1","Iron Wave+1"],"picked":"SKIP","floor":39.0},{"not_picked":["Reckless Charge","Anger+1","Iron Wave+1"],"picked":"SKIP","floor":39.0},{"not_picked":["Reckless Charge","Anger+1","Iron Wave+1"],"picked":"SKIP","floor":39.0},{"not_picked":["Seeing Red+1","Run Through+1"],"picked":"Evolve","floor":40.0},{"not_picked":["Metallicize+1","Pommel Strike","Twin Strike"],"picked":"SKIP","floor":44.0},{"not_picked":["Dual Wield+1","Metallicize+1","True Grit"],"picked":"SKIP","floor":45.0},{"not_picked":["Havoc","Seeing Red+1","Anger"],"picked":"SKIP","floor":46.0},{"not_picked":["ReplayReversal+1","Offering"],"picked":"Pommel Strike+1","floor":47.0},{"not_picked":["Whirlwind+1","Pummel"],"picked":"Dark Embrace+1","floor":54.0}],"player_experience":493970,"relics_obtained":[{"floor":4.0,"key":"War Paint"},{"floor":6.0,"key":"Replay:Rubber Ducky"},{"floor":9.0,"key":"Divine Protection"},{"floor":13.0,"key":"Red Skull"},{"floor":22.0,"key":"Ring of Hypnosis"},{"floor":22.0,"key":"ReplayTheSpireMod:Ring of Addiction"},{"floor":22.0,"key":"Chameleon Ring"},{"floor":22.0,"key":"Potion Belt"},{"floor":24.0,"key":"GodSword7"},{"floor":26.0,"key":"Mercury Hourglass"},{"floor":40.0,"key":"GodSword4"},{"floor":47.0,"key":"Replay:Mystery Machine"},{"floor":54.0,"key":"InkBottle"}],"event_choices":[{"damage_healed":0.0,"max_hp_gain":0.0,"max_hp_loss":0.0,"gold_gain":0.0,"event_name":"Ghosts","player_choice":"Ignored","floor":20.0,"gold_loss":0.0,"damage_taken":0.0},{"damage_healed":0.0,"max_hp_gain":0.0,"max_hp_loss":0.0,"gold_gain":0.0,"event_name":"Match and Keep!","player_choice":"0 cards matched","floor":27.0,"gold_loss":0.0,"damage_taken":0.0,"cards_obtained":[]},{"damage_healed":0.0,"max_hp_gain":0.0,"max_hp_loss":2.0,"gold_gain":0.0,"event_name":"Winding Halls","player_choice":"Max HP","floor":38.0,"gold_loss":0.0,"damage_taken":0.0},{"damage_healed":0.0,"max_hp_gain":0.0,"max_hp_loss":0.0,"gold_gain":0.0,"event_name":"The Woman in Blue","player_choice":"Bought 1 Potion","floor":41.0,"gold_loss":0.0,"damage_taken":0.0}],"is_beta":false,"boss_relics":[{"not_picked":["Ring of Chaos","Sozu"],"picked":"vexMod:RockOfEvil"},{"not_picked":["vexMod:CursedCompass","SoulBox"],"picked":"testmod-TimeTraveler"}],"items_purged_floors":[19,29,42,48],"is_endless":false,"potions_floor_spawned":[5,8,11,13,21,31,33,35,37,44,45,46,54],"ascension_level":0}}