{"host":"27cnk69rbdk9vsnt","time":1608492515,"event":{"mods":["BaseMod","CatGirl Mod","Ekko","Energized Spire","JesterMod","Mimic Mod","Minty Spire (QoL Compilation)","Shade Mod","Shop Mod","StSLib","The Spell Scribe","Thieving Mod"],"gold_per_floor":[116,116,134,151,168,186,186,186],"floor_reached":7,"playtime":489,"items_purged":[],"score":45,"play_id":"975e8bb9-5cee-4dcc-875d-c8405bdd3a62","local_time":"20201220202835","is_ascension_mode":false,"campfire_choices":[],"circlet_count":0,"master_deck":["jesterMod:Strike","jesterMod:Strike","jesterMod:Strike","jesterMod:Strike","jesterMod:Sickle","jesterMod:Defend","jesterMod:Defend","jesterMod:Defend","jesterMod:Defend","jesterMod:Dodge","jesterMod:Inspiration","theCatGirl:ClawStrike","jesterMod:Patience","jesterMod:SelfMockery","jesterMod:Haste","jesterMod:OblivionStrike"],"relics":["jesterMod:JesterCap"],"acts_visited":["Exordium"],"potions_floor_usage":[7],"damage_taken":[{"damage":3,"enemies":"Small Slimes","floor":1,"turns":3},{"damage":7,"enemies":"Cultist","floor":3,"turns":5},{"damage":13,"enemies":"Jaw Worm","floor":4,"turns":4},{"damage":5,"enemies":"Blue Slaver","floor":5,"turns":6},{"damage":24,"enemies":"Exordium Thugs","floor":6,"turns":10},{"damage":30,"enemies":"Lagavulin","floor":7,"turns":5}],"seed_played":"-6676683966201266919","potions_obtained":[{"floor":1,"key":"LiquidBronze"},{"floor":5,"key":"DuplicationPotion"}],"is_trial":false,"path_per_floor":["M","?","M","M","M","M","E"],"character_chosen":"THE_JESTER","items_purchased":[],"campfire_rested":0,"item_purchase_floors":[],"current_hp_per_floor":[67,67,60,47,42,18,0,0],"gold":186,"neow_bonus":"ONE_RANDOM_RARE_CARD","is_daily":false,"chose_seed":false,"campfire_upgraded":0,"win_rate":0.0,"timestamp":1608492515,"path_taken":["M","?","M","M","M","M","E"],"items_purchased_type":[],"build_version":"2020-12-13","purchased_purges":0,"victory":false,"max_hp_per_floor":[70,70,70,70,70,70,70,70],"card_choices":[{"not_picked":["jesterMod:JackInTheBox","jesterMod:SmokeScreen"],"picked":"jesterMod:Inspiration","floor":1},{"not_picked":["jesterMod:Taunt","jesterMod:JackInTheBox"],"picked":"jesterMod:Patience","floor":3},{"not_picked":["jesterMod:Talion","jesterMod:QuickStrike"],"picked":"jesterMod:SelfMockery","floor":4},{"not_picked":["jesterMod:HitAndRun","jesterMod:Tinker"],"picked":"jesterMod:Haste","floor":5},{"not_picked":["jesterMod:DesperateStrike","jesterMod:Arrythmia"],"picked":"jesterMod:OblivionStrike","floor":6}],"player_experience":470835,"relics_obtained":[],"event_choices":[{"cards_removed":["jesterMod:Juggler"],"damage_healed":0,"gold_gain":0,"player_choice":"Took Card","damage_taken":0,"max_hp_gain":0,"max_hp_loss":0,"event_name":"NoteForYourself","floor":2,"gold_loss":0,"cards_obtained":["theCatGirl:ClawStrike"]}],"is_beta":false,"boss_relics":[],"items_purged_floors":[],"is_endless":false,"potions_floor_spawned":[1,5],"killed_by":"Lagavulin","ascension_level":0}}