{"host":"esx1hwjnbftf3eqj","time":1608479638,"event":{"mods":["BaseMod","Colored Map","Minty Spire (QoL Compilation)","StSLib","The Jungle"],"gold_per_floor":[112,112,112,112,73,73,84,84,164,191,203,227,254,266,266],"floor_reached":14,"playtime":633,"items_purged":[],"score":110,"play_id":"ca4f5856-dcb9-4be1-8290-b3d870889512","local_time":"20201220075358","is_ascension_mode":true,"campfire_choices":[{"data":"Armaments","floor":6,"key":"SMITH"},{"data":"Metallicize","floor":8,"key":"SMITH"},{"data":"Heavy Blade","floor":11,"key":"SMITH"}],"circlet_count":0,"master_deck":["Strike_R","Strike_R","Strike_R","Strike_R","Defend_R","Defend_R","Defend_R","Defend_R","Bash","Armaments+1","Spot Weakness","Metallicize+1","Heavy Blade+1","Limit Break+1","Body Slam","Metallicize"],"relics":["Burning Blood","Toxic Egg 2","Shuriken","MawBank"],"acts_visited":["Exordium"],"potions_floor_usage":[14,14],"damage_taken":[{"damage":3,"enemies":"2 Louse","floor":1,"turns":2},{"damage":7,"enemies":"Jaw Worm","floor":7,"turns":4},{"damage":27,"enemies":"Lagavulin","floor":10,"turns":10},{"damage":1,"enemies":"Cultist","floor":12,"turns":4},{"damage":9,"enemies":"3 Louse","floor":13,"turns":4},{"damage":52,"enemies":"Gremlin Nob","floor":14,"turns":6}],"seed_played":"-8811972980274001487","potions_obtained":[{"floor":10,"key":"Block Potion"},{"floor":12,"key":"SneckoOil"}],"is_trial":false,"path_per_floor":["M","?","?","?","$","R","M","R","T","E","R","M","M","E"],"character_chosen":"IRONCLAD","items_purchased":["Metallicize"],"campfire_rested":0,"item_purchase_floors":[5],"current_hp_per_floor":[80,73,61,61,61,61,60,60,60,39,39,44,41,0,0],"gold":266,"neow_bonus":"THREE_CARDS","is_daily":false,"chose_seed":false,"campfire_upgraded":3,"win_rate":0.0,"timestamp":1608479638,"path_taken":["M","?","?","?","$","R","?","R","T","E","R","M","M","E"],"items_purchased_type":["Card"],"build_version":"2020-12-13","purchased_purges":0,"victory":false,"max_hp_per_floor":[80,80,80,80,80,80,80,80,80,80,80,80,80,80,80],"card_choices":[{"not_picked":["Warcry","Power Through"],"picked":"Armaments","floor":0},{"not_picked":["Anger","True Grit"],"picked":"Spot Weakness","floor":1},{"not_picked":["Wild Strike","Clash"],"picked":"Heavy Blade","floor":7},{"not_picked":["Clash","Feed"],"picked":"Limit Break+1","floor":10},{"not_picked":["Hemokinesis","Dropkick"],"picked":"Body Slam","floor":12},{"not_picked":["Twin Strike","Cleave"],"picked":"Metallicize","floor":13}],"player_experience":505700,"relics_obtained":[{"floor":9,"key":"Shuriken"},{"floor":10,"key":"MawBank"}],"event_choices":[{"cards_removed":["Strike_R"],"damage_healed":0,"gold_gain":0,"player_choice":"Card Removal","damage_taken":7,"max_hp_gain":0,"max_hp_loss":0,"event_name":"Golden Wing","floor":2,"gold_loss":0},{"damage_healed":0,"gold_gain":0,"player_choice":"Success","damage_taken":12,"relics_obtained":["Toxic Egg 2"],"max_hp_gain":0,"max_hp_loss":0,"event_name":"Scrap Ooze","floor":3,"gold_loss":0},{"damage_healed":0,"gold_gain":0,"player_choice":"Bought 0 Potions","damage_taken":0,"max_hp_gain":0,"max_hp_loss":0,"event_name":"The Woman in Blue","floor":4,"gold_loss":0}],"is_beta":false,"boss_relics":[],"items_purged_floors":[],"is_endless":false,"potions_floor_spawned":[10,12],"killed_by":"Gremlin Nob","ascension_level":5}}