{"host":"ln76an1o32p2wxtf","time":1608484414,"event":{"mods":["AchievementEnabler","Act Like it!","BaseMod","BetterRewards","Colored Powertips","Energized Spire","GifTheSpireLib","Infinite Spire","Minty Spire (QoL Compilation)","Shop Mod","StSLib"],"gold_per_floor":[114,41,216,216,216,247,247,279,332,282,357,377,450,272,272,272,272],"floor_reached":16,"playtime":489,"items_purged":["Strike_P"],"score":162,"play_id":"4a418e65-e86f-4cdb-ab5a-d960bb2f6fab","local_time":"20201221011334","is_ascension_mode":true,"campfire_choices":[{"floor":7,"key":"RECALL"},{"data":"Study","floor":15,"key":"SMITH"}],"circlet_count":0,"master_deck":["Strike_P","Strike_P","Strike_P","Defend_P","Defend_P","Defend_P","Eruption","Vigilance","Study+1","Prostrate","Consecrate"],"relics":["Ring of the Snake","NeowsBlessing","infinitespire:Cubic Diamond","Blue Candle","Tiny Chest","Matryoshka"],"acts_visited":["Exordium"],"potions_floor_usage":[16],"damage_taken":[{"damage":0,"enemies":"2 Louse","floor":1,"turns":2},{"damage":0,"enemies":"3 Sentries","floor":6,"turns":1},{"damage":0,"enemies":"Gremlin Nob","floor":8,"turns":1},{"damage":0,"enemies":"Small Slimes","floor":12,"turns":6},{"damage":87,"enemies":"Hexaghost","floor":16,"turns":12}],"seed_played":"-2202429086196107229","potions_obtained":[{"floor":1,"key":"SpeedPotion"},{"floor":6,"key":"FairyPotion"}],"is_trial":false,"path_per_floor":["M","$","?","?","?","E","R","E","T","?","?","M","T","$","R","B"],"character_chosen":"WATCHER","items_purchased":["Study","Prostrate","Consecrate"],"campfire_rested":0,"item_purchase_floors":[2,14,14],"current_hp_per_floor":[72,72,72,72,72,72,72,72,72,72,61,61,61,61,61,0,0],"gold":272,"neow_bonus":"THREE_ENEMY_KILL","is_daily":false,"chose_seed":false,"campfire_upgraded":1,"win_rate":0.0,"timestamp":1608484414,"path_taken":["M","$","?","?","?","E","R","E","T","?","?","M","?","$","R","BOSS"],"items_purchased_type":["Card","Card","Card"],"build_version":"2020-12-13","purchased_purges":1,"victory":false,"max_hp_per_floor":[72,72,72,72,72,72,72,72,72,72,72,72,72,72,72,72,72],"card_choices":[{"not_picked":["Halt","Crescendo","EmptyBody"],"picked":"SKIP","floor":1},{"not_picked":["JustLucky","FlyingSleeves","BowlingBash"],"picked":"SKIP","floor":6},{"not_picked":["DeceiveReality","MentalFortress","JustLucky"],"picked":"SKIP","floor":8},{"not_picked":["ForeignInfluence","TalkToTheHand","BowlingBash"],"picked":"SKIP","floor":12}],"player_experience":645152,"relics_obtained":[{"floor":6,"key":"Blue Candle"},{"floor":8,"key":"Tiny Chest"},{"floor":13,"key":"Matryoshka"}],"event_choices":[{"damage_healed":0,"gold_gain":175,"player_choice":"AGREE","damage_taken":0,"max_hp_gain":0,"max_hp_loss":0,"event_name":"Liars Game","floor":3,"gold_loss":0,"cards_obtained":["Doubt"]},{"cards_removed":["Defend_P"],"damage_healed":0,"gold_gain":0,"player_choice":"Card Removal","damage_taken":0,"max_hp_gain":0,"max_hp_loss":0,"event_name":"The Cleric","floor":10,"gold_loss":50},{"damage_healed":0,"gold_gain":75,"player_choice":"Gather Gold","damage_taken":11,"max_hp_gain":0,"max_hp_loss":0,"event_name":"World of Goop","floor":11,"gold_loss":0}],"is_beta":false,"boss_relics":[],"items_purged_floors":[14],"is_endless":false,"potions_floor_spawned":[1,6],"killed_by":"Hexaghost","ascension_level":1}}