{"host":"sav7uxregyirlf69","time":1608469984,"event":{"mods":["AchievementEnabler","BaseMod","Colored Map","DeckTracker","Keyboard Shortcuts","Minty Spire (QoL Compilation)","READ ME - Guardian Mod","StSLib","SuperFastMode"],"gold_per_floor":[113,132,57,57,132,166,166,182,209,209,228,252,114,124,124,219,219],"floor_reached":16,"playtime":258,"items_purged":["Strike_R","Strike_R"],"score":150,"play_id":"161eadeb-a0b3-4d7d-bd97-edcb64fc7167","local_time":"20201220221304","is_ascension_mode":false,"campfire_choices":[{"data":"Second Wind","floor":7.0,"key":"SMITH"},{"data":"Pommel Strike","floor":10,"key":"SMITH"},{"data":"Evolve","floor":15,"key":"SMITH"}],"circlet_count":0,"master_deck":["Strike_R","Strike_R","Defend_R","Defend_R","Defend_R","Defend_R","Bash","Second Wind+1","Shrug It Off","Pommel Strike+1","Infernal Blade","Blood for Blood","Rampage","Evolve+1"],"relics":["Burning Blood","Odd Mushroom"],"acts_visited":["Exordium"],"potions_floor_usage":[12,16,16],"damage_taken":[{"damage":5.0,"enemies":"Cultist","floor":1.0,"turns":4.0},{"damage":7.0,"enemies":"Small Slimes","floor":2.0,"turns":4.0},{"damage":38.0,"enemies":"Gremlin Nob","floor":6.0,"turns":5.0},{"damage":7.0,"enemies":"Jaw Worm","floor":8.0,"turns":4.0},{"damage":11,"enemies":"Large Slime","floor":11,"turns":6},{"damage":0,"enemies":"The Mushroom Lair","floor":12,"turns":2},{"damage":7,"enemies":"3 Louse","floor":14,"turns":3},{"damage":22,"enemies":"Hexaghost","floor":16,"turns":7}],"seed_played":"-1920176134019676552","potions_obtained":[{"floor":2.0,"key":"Explosive Potion"},{"floor":6.0,"key":"SteroidPotion"},{"floor":11,"key":"SpeedPotion"},{"floor":14,"key":"AttackPotion"}],"is_trial":false,"path_per_floor":["M","M","$","?","?","E","R","M","T","R","M","?","$","M","R","B"],"character_chosen":"IRONCLAD","items_purchased":["Rampage"],"campfire_rested":0,"item_purchase_floors":[13],"current_hp_per_floor":[88,87,87,80,69,37,37,36,36,36,31,37,37,36,36,20,20],"gold":219,"neow_bonus":"TEN_PERCENT_HP_BONUS","is_daily":false,"chose_seed":false,"campfire_upgraded":3,"win_rate":0.0,"timestamp":1608469984,"path_taken":["M","?","?","?","?","E","R","M","T","R","?","?","$","M","R","BOSS"],"items_purchased_type":["Card"],"build_version":"2020-12-13","purchased_purges":2,"victory":false,"max_hp_per_floor":[88,88,88,88,88,88,88,88,88,88,88,88,88,88,88,88,88],"card_choices":[{"not_picked":["Sword Boomerang","Warcry"],"picked":"Second Wind","floor":1.0},{"not_picked":["Iron Wave","Rupture","Anger"],"picked":"SKIP","floor":2.0},{"not_picked":["Blood for Blood","Thunderclap"],"picked":"Shrug It Off","floor":6.0},{"not_picked":["Thunderclap","Perfected Strike"],"picked":"Pommel Strike","floor":8.0},{"not_picked":["Pommel Strike","Carnage"],"picked":"Infernal Blade","floor":11},{"not_picked":["Perfected Strike","Flex"],"picked":"Blood for Blood","floor":12},{"not_picked":["Ghostly Armor","Berserk"],"picked":"Evolve","floor":14}],"player_experience":970361,"relics_obtained":[{"floor":12,"key":"Odd Mushroom"}],"event_choices":[{"cards_removed":["Strike_R"],"damage_healed":0.0,"max_hp_gain":0.0,"max_hp_loss":0.0,"gold_gain":0.0,"event_name":"Golden Wing","player_choice":"Card Removal","floor":4.0,"gold_loss":0.0,"damage_taken":7.0},{"damage_healed":0.0,"max_hp_gain":0.0,"max_hp_loss":0.0,"gold_gain":75.0,"event_name":"World of Goop","player_choice":"Gather Gold","floor":5.0,"gold_loss":0.0,"damage_taken":11.0},{"damage_healed":0,"gold_gain":0,"player_choice":"Fought Mushrooms","damage_taken":0,"max_hp_gain":0,"max_hp_loss":0,"event_name":"Mushrooms","floor":12,"gold_loss":0}],"is_beta":false,"boss_relics":[],"items_purged_floors":[3,13],"is_endless":false,"potions_floor_spawned":[2,6,11,14],"killed_by":"Hexaghost","ascension_level":0}}