{"host":"9ndbo4kgsfoemf7y","time":1608473886,"event":{"mods":["AchievementEnabler","BaseMod","Colored Map","DeckTracker","Keyboard Shortcuts","Minty Spire (QoL Compilation)","Permanent Neow","Quick Restart","Relic Stats","StSLib","SuperFastMode"],"gold_per_floor":[109,125,125,200,54,79,79,79,125,125,159,159,173,213,213,297,297,314,327,327,164,173,173,173],"floor_reached":23,"playtime":604,"items_purged":["Strike_G+1"],"score":390,"play_id":"193dd02b-1aaf-444a-8c4a-ad65b1053ff9","local_time":"20201220231806","is_ascension_mode":true,"campfire_choices":[{"floor":7.0,"key":"REST"},{"floor":12.0,"key":"REST"},{"floor":15.0,"key":"REST"}],"circlet_count":0,"master_deck":["AscendersBane","Strike_G+1","Strike_G+1","Strike_G+1","Strike_G+1","Defend_G+1","Defend_G+1","Defend_G+1","Defend_G+1","Defend_G+1","Survivor","Neutralize","Infinite Blades","Dagger Spray","Blade Dance","Footwork","Terror","Dagger Throw+1","Phantasmal Killer","Burst","Flash of Steel+1","RitualDagger+1"],"relics":["SlaversCollar","Molten Egg 2","CeramicFish","GremlinMask","Thread and Needle","HornCleat","WristBlade"],"acts_visited":["Exordium","TheCity"],"potions_floor_usage":[23],"damage_taken":[{"damage":6.0,"enemies":"Jaw Worm","floor":1.0,"turns":6.0},{"damage":3.0,"enemies":"Small Slimes","floor":2.0,"turns":5.0},{"damage":16.0,"enemies":"3 Sentries","floor":6.0,"turns":7.0},{"damage":15.0,"enemies":"Lagavulin","floor":11.0,"turns":6.0},{"damage":0.0,"enemies":"Cultist","floor":13.0,"turns":3.0},{"damage":27.0,"enemies":"Gremlin Nob","floor":14.0,"turns":4.0},{"damage":21.0,"enemies":"The Guardian","floor":16.0,"turns":12.0},{"damage":12.0,"enemies":"Spheric Guardian","floor":18.0,"turns":5.0},{"damage":11.0,"enemies":"Shell Parasite","floor":19.0,"turns":3.0},{"damage":28,"enemies":"Gremlin Leader","floor":23,"turns":4}],"seed_played":"6594991810945115728","potions_obtained":[{"floor":2.0,"key":"Swift Potion"},{"floor":14.0,"key":"Poison Potion"}],"is_trial":false,"path_per_floor":["M","M","?","?","$","E","R","?","T","?","E","R","M","E","R","B",null,"M","M","?","$","?","E"],"character_chosen":"THE_SILENT","items_purchased":["Blade Dance","Footwork","Flash of Steel+1"],"campfire_rested":3,"item_purchase_floors":[5,5,21],"current_hp_per_floor":[53,50,50,39,39,23,42,42,42,42,27,46,46,19,38,17,54,42,31,31,31,25,0,0],"gold":173,"neow_bonus":"BOSS_RELIC","is_daily":false,"chose_seed":false,"campfire_upgraded":0,"win_rate":0.0,"timestamp":1608473886,"path_taken":["M","M","?","?","?","E","R","?","T","?","E","R","?","E","R","BOSS","M","M","?","$","?","E"],"items_purchased_type":["Card","Card","Card"],"build_version":"2020-12-13","purchased_purges":1,"victory":false,"max_hp_per_floor":[66,66,66,66,66,66,66,66,66,66,66,66,66,66,66,66,66,66,66,66,66,66,66,66],"relic_stats":{"counters":[10,55],"CeramicFish":45,"obtain_stats":[{"SlaversCollar":0,"HornCleat":14,"WristBlade":17,"CeramicFish":9,"Molten Egg 2":6,"GremlinMask":10,"Thread and Needle":11,"Ring of the Snake":0},{"SlaversCollar":0,"HornCleat":6,"WristBlade":7,"CeramicFish":3,"Molten Egg 2":3,"GremlinMask":3,"Thread and Needle":4,"Ring of the Snake":0},{"SlaversCollar":0,"HornCleat":31,"WristBlade":43,"CeramicFish":18,"Molten Egg 2":18,"GremlinMask":18,"Thread and Needle":24,"Ring of the Snake":0}]},"card_choices":[{"not_picked":["Bane","Setup"],"picked":"Infinite Blades","floor":1.0},{"not_picked":["Finisher","Flying Knee"],"picked":"Dagger Spray","floor":2.0},{"not_picked":["Deadly Poison","Leg Sweep"],"picked":"Terror","floor":6.0},{"not_picked":["Footwork","Sucker Punch+1"],"picked":"Dagger Throw+1","floor":11.0},{"not_picked":["Sucker Punch+1","Underhanded Strike+1","Dodge and Roll"],"picked":"SKIP","floor":13.0},{"not_picked":["Infinite Blades","Footwork"],"picked":"Phantasmal Killer","floor":14.0},{"not_picked":["Corpse Explosion","Glass Knife+1"],"picked":"Burst","floor":16.0},{"not_picked":["Quick Slash+1","Dodge and Roll","Dagger Throw+1"],"picked":"SKIP","floor":18.0},{"not_picked":["Quick Slash+1","Dodge and Roll","Dagger Throw+1"],"picked":"SKIP","floor":18.0},{"not_picked":["Footwork","Concentrate","Acrobatics"],"picked":"SKIP","floor":19.0}],"player_experience":726273,"relics_obtained":[{"floor":6.0,"key":"Molten Egg 2"},{"floor":9.0,"key":"CeramicFish"},{"floor":11.0,"key":"Thread and Needle"},{"floor":14.0,"key":"HornCleat"}],"event_choices":[{"damage_healed":0.0,"max_hp_gain":0.0,"max_hp_loss":0.0,"gold_gain":0.0,"event_name":"Shining Light","player_choice":"Ignored","floor":3.0,"gold_loss":0.0,"damage_taken":0.0},{"damage_healed":0.0,"max_hp_gain":0.0,"max_hp_loss":0.0,"gold_gain":75.0,"event_name":"World of Goop","player_choice":"Gather Gold","floor":4.0,"gold_loss":0.0,"damage_taken":11.0},{"damage_healed":0.0,"max_hp_gain":0.0,"max_hp_loss":0.0,"gold_gain":0.0,"event_name":"Liars Game","player_choice":"Ignored","floor":8.0,"gold_loss":0.0,"damage_taken":0.0},{"damage_healed":0.0,"max_hp_gain":0.0,"max_hp_loss":0.0,"gold_gain":0.0,"event_name":"FaceTrader","player_choice":"Trade","floor":10.0,"gold_loss":0.0,"damage_taken":0.0,"relics_obtained":["GremlinMask"]},{"damage_healed":0.0,"max_hp_gain":0.0,"max_hp_loss":0.0,"gold_gain":0.0,"event_name":"Back to Basics","player_choice":"Simplicity","floor":20.0,"gold_loss":0.0,"damage_taken":0.0,"cards_upgraded":["Strike_G","Strike_G","Strike_G","Strike_G","Strike_G","Defend_G","Defend_G","Defend_G","Defend_G","Defend_G"]},{"damage_healed":0,"gold_gain":0,"player_choice":"Joined the Cult","damage_taken":6,"max_hp_gain":0,"max_hp_loss":0,"event_name":"Nest","floor":22,"gold_loss":0,"cards_obtained":["RitualDagger"]}],"is_beta":false,"boss_relics":[{"not_picked":["Snecko Eye","Ectoplasm"],"picked":"WristBlade"}],"items_purged_floors":[21],"is_endless":false,"potions_floor_spawned":[2,14],"killed_by":"Gremlin Leader","ascension_level":18}}