{"host":"hdafziggwnbzqpcb","time":1608508183,"event":{"mods":["BaseMod","Better Vampires","Colored Map","Colored Powertips","Curses Come First","GifTheSpireLib","Minty Spire (QoL Compilation)","Quick Restart","Rare Cards Sparkle","Relic Stats","Spicy Shops","StSLib","The Bug Knight","The Cursed","TheHero"],"gold_per_floor":[114,114,133,133,152,152,77,77,102,102,2,21,21,40,40,40,40],"floor_reached":16,"playtime":575,"items_purged":["Finisher","Finisher"],"score":90,"play_id":"d801117c-21b5-4295-bd1f-f9a647b93b42","local_time":"20201220154943","daily_mods":["Specialized","Green Cards","Terminal"],"is_ascension_mode":false,"campfire_choices":[{"floor":6,"key":"REST"},{"data":"Prepared","floor":8,"key":"SMITH"},{"data":"Eruption","floor":10,"key":"SMITH"},{"data":"Vigilance","floor":13,"key":"SMITH"},{"data":"Tactician","floor":15,"key":"SMITH"}],"circlet_count":0,"master_deck":["Strike_P","Strike_P","Strike_P","Strike_P","Defend_P","Defend_P","Defend_P","Defend_P","Eruption+1","Vigilance+1","Finisher","Finisher","Finisher","Prepared+1","Tactician+1"],"relics":["PureWater","Golden Idol","Toy Ornithopter","Happy Flower"],"acts_visited":["Exordium"],"potions_floor_usage":[16],"damage_taken":[{"damage":5,"enemies":"Small Slimes","floor":1,"turns":3},{"damage":0,"enemies":"2 Louse","floor":3,"turns":2},{"damage":0,"enemies":"Jaw Worm","floor":5,"turns":1},{"damage":0,"enemies":"Gremlin Gang","floor":12,"turns":3},{"damage":6,"enemies":"Large Slime","floor":14,"turns":5},{"damage":61,"enemies":"Hexaghost","floor":16,"turns":9}],"seed_played":"4005297234989847306","potions_obtained":[{"floor":1,"key":"Energy Potion"},{"floor":5,"key":"BlessingOfTheForge"},{"floor":14,"key":"Weak Potion"}],"is_trial":false,"path_per_floor":["M","?","M","?","M","R","$","R","T","R","$","M","R","M","R","B"],"character_chosen":"WATCHER","items_purchased":[],"campfire_rested":1,"item_purchase_floors":[],"current_hp_per_floor":[66,49,49,37,37,56,56,56,56,56,56,56,56,50,50,0,0],"gold":40,"neow_bonus":"","is_daily":true,"chose_seed":false,"campfire_upgraded":4,"win_rate":0.0,"timestamp":1608508183,"path_taken":["M","?","M","?","?","R","$","R","T","R","$","M","R","?","R","BOSS"],"items_purchased_type":[],"build_version":"2020-12-13","purchased_purges":2,"victory":false,"max_hp_per_floor":[70,69,68,67,66,65,64,63,62,61,60,59,58,57,56,56,56],"relic_stats":{"Happy Flower":[5],"counters":[6,23],"Golden Idol":16,"obtain_stats":[{"Happy Flower":9,"Golden Idol":2,"PureWater":0,"Toy Ornithopter":4},{"Happy Flower":3,"Golden Idol":1,"PureWater":0,"Toy Ornithopter":2},{"Happy Flower":6,"Golden Idol":3,"PureWater":0,"Toy Ornithopter":5}],"Toy Ornithopter":5},"card_choices":[{"not_picked":["Wireheading","Meditate"],"picked":"Prepared","floor":1},{"not_picked":["Leg Sweep","BattleHymn","CrushJoints"],"picked":"SKIP","floor":3},{"not_picked":["Dagger Throw","Quick Slash","PathToVictory"],"picked":"SKIP","floor":5},{"not_picked":["Collect","SashWhip","Underhanded Strike"],"picked":"SKIP","floor":12},{"not_picked":["FlurryOfBlows","Infinite Blades"],"picked":"Tactician","floor":14}],"player_experience":624173,"relics_obtained":[{"floor":9,"key":"Happy Flower"}],"event_choices":[{"damage_healed":0,"gold_gain":0,"player_choice":"Take Damage","damage_taken":17,"relics_obtained":["Golden Idol"],"max_hp_gain":0,"max_hp_loss":0,"event_name":"Golden Idol","floor":2,"gold_loss":0},{"damage_healed":0,"gold_gain":0,"player_choice":"Success","damage_taken":12,"relics_obtained":["Toy Ornithopter"],"max_hp_gain":0,"max_hp_loss":0,"event_name":"Scrap Ooze","floor":4,"gold_loss":0}],"is_beta":false,"boss_relics":[],"items_purged_floors":[7,11],"is_endless":false,"potions_floor_spawned":[1,5,14],"killed_by":"Hexaghost","ascension_level":0}}