{"host":"bq4pt811tk9yrmjl","time":1608424322,"event":{"mods":["AchievementEnabler","BaseMod","Colored Map","Colored Powertips","Defuse TimeMaze Blight","Minty Spire (QoL Compilation)","StSLib","SuperFastMode","UnlockEverythingMod"],"gold_per_floor":[110,110,75,27,43,43,68,80,92,122,134,172,184,41,41,143,143,155,81,81,95,107,107,107,107,107,107,107,139,153,163,163,260,310,322,341,188,188,35,66,16,67,67,79,99,128,128,145,145,145,145,145,70,105,105,105],"floor_reached":55,"playtime":1408,"items_purged":["Strike_G"],"score":787,"play_id":"b815ff8b-712e-4799-9505-a6d1fed3ed2c","local_time":"20201219223202","is_ascension_mode":true,"campfire_choices":[{"data":"Neutralize","floor":6,"key":"SMITH"},{"data":"Distraction","floor":11,"key":"SMITH"},{"floor":13,"key":"REST"},{"data":"Flying Knee","floor":15,"key":"SMITH"},{"floor":23,"key":"RECALL"},{"floor":27,"key":"REST"},{"floor":32,"key":"REST"},{"floor":47,"key":"REST"},{"data":"Envenom","floor":49,"key":"SMITH"},{"data":"Malaise","floor":52,"key":"SMITH"}],"circlet_count":0,"master_deck":["Strike_G+1","Strike_G","Defend_G+1","Defend_G","Defend_G+1","Defend_G","Defend_G","Survivor","Neutralize+1","Dagger Spray","Flying Knee+1","Blade Dance+1","Distraction+1","Envenom+1","Slice","Noxious Fumes","Cloak And Dagger+1","Backstab+1","Malaise+1","Slice+1","Cloak And Dagger+1","Leg Sweep","Bandage Up","Accuracy+1","PiercingWail+1","Slice+1","Backflip+1"],"relics":["Ring of the Snake","NeowsBlessing","MawBank","Bronze Scales","Ninja Scroll","Sling","Empty Cage","Shuriken","Bag of Preparation","Tiny House","OrangePellets","Snake Skull","Bag of Marbles","Tingsha","Kunai","White Beast Statue","Sundial"],"acts_visited":["Exordium","TheCity","TheBeyond","TheEnding"],"potions_floor_usage":[16,22,29,29,36,40,42,45,50,54],"damage_taken":[{"damage":0,"enemies":"Jaw Worm","floor":1,"turns":1},{"damage":0,"enemies":"Small Slimes","floor":5,"turns":1},{"damage":0,"enemies":"Lagavulin","floor":7,"turns":1},{"damage":0,"enemies":"Cultist","floor":10,"turns":3},{"damage":28,"enemies":"Gremlin Nob","floor":12,"turns":4},{"damage":15,"enemies":"Hexaghost","floor":16,"turns":12},{"damage":6,"enemies":"Chosen","floor":18,"turns":4},{"damage":8,"enemies":"3 Byrds","floor":21,"turns":4},{"damage":9,"enemies":"Centurion and Healer","floor":22,"turns":3},{"damage":8,"enemies":"Book of Stabbing","floor":29,"turns":4},{"damage":15,"enemies":"Snake Plant","floor":30,"turns":4},{"damage":5,"enemies":"3 Cultists","floor":31,"turns":4},{"damage":42,"enemies":"Automaton","floor":33,"turns":8},{"damage":11,"enemies":"Orb Walker","floor":35,"turns":3},{"damage":2,"enemies":"3 Darklings","floor":36,"turns":3},{"damage":12,"enemies":"Reptomancer","floor":40,"turns":7},{"damage":11,"enemies":"2 Orb Walkers","floor":42,"turns":4},{"damage":0,"enemies":"Sphere and 2 Shapes","floor":44,"turns":4},{"damage":0,"enemies":"Spire Growth","floor":45,"turns":2},{"damage":25,"enemies":"Giant Head","floor":46,"turns":7},{"damage":2,"enemies":"4 Shapes","floor":48,"turns":6},{"damage":62,"enemies":"Awakened One","floor":50,"turns":12},{"damage":29,"enemies":"Shield and Spear","floor":54,"turns":6},{"damage":65,"enemies":"The Heart","floor":55,"turns":8}],"seed_played":"4552726917426603184","potions_obtained":[{"floor":10,"key":"Dexterity Potion"},{"floor":16,"key":"Fire Potion"},{"floor":21,"key":"Swift Potion"},{"floor":22,"key":"DuplicationPotion"},{"floor":33,"key":"ColorlessPotion"},{"floor":34,"key":"EssenceOfSteel"},{"floor":40,"key":"FairyPotion"},{"floor":42,"key":"AttackPotion"},{"floor":46,"key":"SteroidPotion"},{"floor":48,"key":"DuplicationPotion"},{"floor":54,"key":"Fruit Juice"}],"is_trial":false,"path_per_floor":["M","?","?","$","M","R","E","?","T","M","R","E","R","$","R","B",null,"M","$","?","M","M","R","?","$","T","R","T","E","M","M","R","B",null,"M","M","$","?","$","E","$","?","T","M","M","E","R","M","R","B",null,"R","$","E","B"],"character_chosen":"THE_SILENT","items_purchased":["Flying Knee","Sling","Noxious Fumes","OrangePellets","Snake Skull","Block Potion"],"campfire_rested":4,"item_purchase_floors":[4,14,19,37,39,41],"current_hp_per_floor":[70,56,70,70,70,70,70,70,70,70,70,42,63,63,63,48,70,64,64,64,56,47,47,34,34,34,56,56,48,33,28,50,8,80,69,67,67,67,67,59,59,52,52,52,56,35,59,61,61,7,80,80,80,60,25,25],"gold":105,"neow_bonus":"THREE_ENEMY_KILL","is_daily":false,"chose_seed":false,"campfire_upgraded":5,"win_rate":0.0,"timestamp":1608424322,"path_taken":["M","?","?","$","M","R","E","?","T","?","R","E","R","?","R","BOSS","M","$","?","M","M","R","?","$","T","R","?","E","?","M","R","BOSS","M","?","$","?","$","E","?","?","T","M","M","E","R","M","R","BOSS","R","$","E","BOSS"],"items_purchased_type":["Card","Relic","Card","Relic","Relic","Potion"],"build_version":"2020-12-13","purchased_purges":1,"victory":false,"max_hp_per_floor":[70,70,70,70,70,70,70,70,70,70,70,70,70,70,70,70,70,70,70,70,70,70,70,75,75,75,75,75,75,75,75,75,75,80,80,80,80,80,80,80,80,80,80,80,80,80,80,80,80,80,80,80,80,85,85,85],"card_choices":[{"not_picked":["Backflip","Prepared"],"picked":"Dagger Spray","floor":1},{"not_picked":["Cloak And Dagger","Dagger Throw"],"picked":"Blade Dance","floor":5},{"not_picked":["Dagger Throw","Outmaneuver"],"picked":"Distraction","floor":7},{"not_picked":["Glass Knife","Poisoned Stab","Underhanded Strike"],"picked":"SKIP","floor":10},{"not_picked":["Choke","Endless Agony","Heel Hook"],"picked":"SKIP","floor":12},{"not_picked":["Unload","A Thousand Cuts"],"picked":"Envenom","floor":16},{"not_picked":["Dagger Spray","PiercingWail"],"picked":"Slice","floor":18},{"not_picked":["Poisoned Stab+1","Quick Slash","Deadly Poison"],"picked":"SKIP","floor":21},{"not_picked":["Dodge and Roll+1","Slice"],"picked":"Cloak And Dagger+1","floor":22},{"not_picked":["Doppelganger","Sucker Punch","Acrobatics"],"picked":"SKIP","floor":29},{"not_picked":["Dagger Spray","Noxious Fumes","Deadly Poison+1"],"picked":"SKIP","floor":30},{"not_picked":["All Out Attack","Dash"],"picked":"Backstab+1","floor":31},{"not_picked":["Phantasmal Killer","Tools of the Trade"],"picked":"Malaise","floor":33},{"not_picked":["Sucker Punch","Prepared"],"picked":"Slice+1","floor":34},{"not_picked":["PiercingWail","Deadly Poison"],"picked":"Cloak And Dagger+1","floor":35},{"not_picked":["Quick Slash","Backflip+1"],"picked":"Leg Sweep","floor":36},{"not_picked":["Dramatic Entrance","Violence"],"picked":"Bandage Up","floor":38},{"not_picked":["Flying Knee","Crippling Poison"],"picked":"Accuracy+1","floor":40},{"not_picked":["Quick Slash+1","Dagger Spray+1"],"picked":"PiercingWail+1","floor":42},{"not_picked":["Masterful Stab","Sucker Punch","Setup"],"picked":"SKIP","floor":44},{"not_picked":["Dagger Spray+1","Acrobatics"],"picked":"Slice+1","floor":45},{"not_picked":["Endless Agony","Blade Dance"],"picked":"Backflip+1","floor":46},{"not_picked":["Deadly Poison","PiercingWail","Poisoned Stab"],"picked":"SKIP","floor":48},{"not_picked":["Heel Hook+1","Dagger Throw","Tactician"],"picked":"SKIP","floor":54}],"player_experience":81466,"relics_obtained":[{"floor":7,"key":"MawBank"},{"floor":9,"key":"Bronze Scales"},{"floor":12,"key":"Ninja Scroll"},{"floor":26,"key":"Shuriken"},{"floor":29,"key":"Bag of Preparation"},{"floor":40,"key":"Bag of Marbles"},{"floor":42,"key":"Tingsha"},{"floor":43,"key":"Kunai"},{"floor":46,"key":"White Beast Statue"},{"floor":54,"key":"Sundial"}],"event_choices":[{"damage_healed":0,"gold_gain":0,"player_choice":"Entered Light","damage_taken":14,"max_hp_gain":0,"max_hp_loss":0,"event_name":"Shining Light","floor":2,"gold_loss":0,"cards_upgraded":["Defend_G","Defend_G"]},{"damage_healed":17,"gold_gain":0,"player_choice":"Healed","damage_taken":0,"max_hp_gain":0,"max_hp_loss":0,"event_name":"The Cleric","floor":3,"gold_loss":35},{"damage_healed":0,"gold_gain":0,"player_choice":"Grow","damage_taken":0,"max_hp_gain":0,"max_hp_loss":0,"event_name":"Living Wall","floor":8,"gold_loss":0,"cards_upgraded":["Blade Dance"]},{"damage_healed":0,"gold_gain":0,"player_choice":"Ignored","damage_taken":0,"max_hp_gain":0,"max_hp_loss":0,"event_name":"Beggar","floor":20,"gold_loss":0},{"damage_healed":0,"gold_gain":0,"player_choice":"Shed Blood","damage_taken":18,"max_hp_gain":5,"max_hp_loss":0,"event_name":"Forgotten Altar","floor":24,"gold_loss":0},{"damage_healed":0,"gold_gain":0,"player_choice":"Memory 1","damage_taken":0,"max_hp_gain":0,"max_hp_loss":0,"event_name":"SensoryStone","floor":38,"gold_loss":0},{"damage_healed":0,"gold_gain":0,"player_choice":"Fight","damage_taken":0,"max_hp_gain":0,"max_hp_loss":0,"event_name":"Mysterious Sphere","floor":42,"gold_loss":0}],"is_beta":false,"boss_relics":[{"not_picked":["SlaversCollar","Velvet Choker"],"picked":"Empty Cage"},{"not_picked":["Pandora\u0027s Box","Philosopher\u0027s Stone"],"picked":"Tiny House"}],"items_purged_floors":[53],"is_endless":false,"potions_floor_spawned":[10,16,21,22,33,40,42,46,48,54],"killed_by":"The Heart","ascension_level":1}}