{"host":"hemshb5b6cie9gjx","time":1608504021,"event":{"mods":["BaseMod","Better Note","Better Third Choice","Better Vampires","BetterRewards","Colored Map","Colored Powertips","DeckTracker","Googly Eyes","Infinite Spire","Minty Spire (QoL Compilation)","Permanent Neow","Relic Stats","Replay The Spire","StSLib","SuperFastMode","Uncapped","slay the spire mod where everything is the same but ironclad has a cowboy hat"],"gold_per_floor":[114,114,129,304,304,304,349,349,375,388,244,257,274,274,274,379,379,352,369,369,369,386,386,386],"floor_reached":23,"playtime":818,"items_purged":[],"score":281,"play_id":"1aa5d312-9bd7-49c3-8ac9-bb0464d10231","local_time":"20201221094021","is_ascension_mode":false,"campfire_choices":[],"circlet_count":0,"master_deck":["Strike_G","Strike_G","Strike_G","Strike_G","Defend_G","Defend_G","Defend_G","Defend_G","Survivor","Neutralize","Sucker Punch","Distraction","Deflect+1","infinitespire:Starlight+1","Deadly Poison","Cloak And Dagger","Outmaneuver","Poisoned Stab","Bane","Infinite Blades","Replay:Poison Smokescreen+1","Crippling Poison+1","Survey Options","Hidden Blade"],"relics":["Ring of the Snake","Omamori","Letter Opener","Replay:Bottled Eggs","ReplayFunnel","SacredBark"],"acts_visited":["Exordium","TheCity"],"potions_floor_usage":[16],"damage_taken":[{"damage":3,"enemies":"Small Slimes","floor":1,"turns":4},{"damage":0,"enemies":"Cultist","floor":3,"turns":3},{"damage":1,"enemies":"Jaw Worm","floor":10,"turns":4},{"damage":16,"enemies":"Large Slime","floor":12,"turns":6},{"damage":0,"enemies":"3 Louse","floor":13,"turns":3},{"damage":41,"enemies":"Fading Forest","floor":16,"turns":11},{"damage":32,"enemies":"2 Thieves","floor":18,"turns":5},{"damage":31,"enemies":"Shell Parasite","floor":19,"turns":6},{"damage":22,"enemies":"Centurion and Healer","floor":22,"turns":9},{"damage":22,"enemies":"Slavers","floor":23,"turns":1}],"seed_played":"7410737290279132780","potions_obtained":[{"floor":10,"key":"SpeedPotion"},{"floor":16,"key":"Elixir"},{"floor":18,"key":"SpeedPotion"}],"is_trial":false,"path_per_floor":["M","?","M","?","?","?","?","T","T","M","$","M","M","$","R_BF","B",null,"M","M","?","?","M","E"],"character_chosen":"THE_SILENT","items_purchased":["Sucker Punch","Omamori","Cloak And Dagger","Outmaneuver","Poisoned Stab"],"campfire_rested":0,"item_purchase_floors":[0,0,11,11,11],"current_hp_per_floor":[67,67,67,67,60,43,26,26,26,40,40,39,54,54,70,44,70,52,36,36,24,17,0,0],"gold":386,"neow_bonus":"","is_daily":false,"chose_seed":false,"campfire_upgraded":0,"win_rate":0.0,"timestamp":1608504021,"path_taken":["M","?","?","?","?","?","?","?","T","M","$","?","M","?","R_BF","BOSS","M","M","?","?","M","E"],"items_purchased_type":["Card","Relic","Card","Card","Card"],"build_version":"2020-12-13","purchased_purges":0,"victory":false,"max_hp_per_floor":[70,70,70,70,70,70,70,70,70,70,70,70,70,70,70,70,70,70,70,70,70,70,70,70],"relic_stats":{"counters":[20,104],"Letter Opener":[89],"obtain_stats":[{"ReplayFunnel":9,"Replay:Accelerometer":17,"SacredBark":17,"Omamori":0,"Ginger":17,"Letter Opener":7,"Calling Bell":17,"Replay:Baseball":11,"infinitespire:Satchel":17,"Philosopher\u0027s Stone":0,"MealTicket":14,"Replay:Bottled Flurry":2,"Bag of Marbles":3,"Durian":6,"Replay:Bottled Snecko":9,"Replay:Bottled Eggs":8,"Ring of the Snake":0},{"ReplayFunnel":12,"Replay:Accelerometer":7,"SacredBark":16,"Omamori":10,"Ginger":7,"Letter Opener":12,"Calling Bell":7,"Replay:Baseball":4,"infinitespire:Satchel":7,"Philosopher\u0027s Stone":0,"MealTicket":6,"Replay:Bottled Flurry":1,"Bag of Marbles":1,"Durian":3,"Replay:Bottled Snecko":4,"Replay:Bottled Eggs":12,"Ring of the Snake":0},{"ReplayFunnel":59,"Replay:Accelerometer":36,"SacredBark":83,"Omamori":52,"Ginger":36,"Letter Opener":59,"Calling Bell":36,"Replay:Baseball":16,"infinitespire:Satchel":36,"Philosopher\u0027s Stone":0,"MealTicket":24,"Replay:Bottled Flurry":4,"Bag of Marbles":4,"Durian":13,"Replay:Bottled Snecko":16,"Replay:Bottled Eggs":59,"Ring of the Snake":0}],"Ring of the Snake":[20]},"card_choices":[{"not_picked":["Dagger Throw","Choke"],"picked":"Distraction","floor":1},{"not_picked":["Dodge and Roll","Sneak Up"],"picked":"Deflect","floor":3},{"not_picked":["infinitespire:Punishment","infinitespire:Menacing"],"picked":"infinitespire:Starlight","floor":6},{"not_picked":["Accuracy","PiercingWail"],"picked":"Deadly Poison","floor":7},{"not_picked":["Cloak And Dagger","Dash","Heel Hook"],"picked":"SKIP","floor":10},{"not_picked":["Blade Dance","Toxin Wave"],"picked":"Bane","floor":12},{"not_picked":["Bouncing Flask","Dagger Throw"],"picked":"Infinite Blades","floor":13},{"not_picked":["Cloak And Dagger","Quick Slash+1"],"picked":"Replay:Poison Smokescreen+1","floor":18},{"not_picked":["Dodge and Roll","Deflect"],"picked":"Crippling Poison","floor":19},{"not_picked":["Masterful Stab+1","Fluid Movement+1"],"picked":"Hidden Blade","floor":22}],"player_experience":453527,"relics_obtained":[{"floor":7,"key":"Letter Opener"},{"floor":8,"key":"Replay:Bottled Eggs"},{"floor":9,"key":"ReplayFunnel"}],"event_choices":[{"cards_removed":["Strike_G"],"damage_healed":0,"gold_gain":0,"player_choice":"Purged","damage_taken":0,"max_hp_gain":0,"max_hp_loss":0,"event_name":"Purifier","floor":2,"gold_loss":0},{"damage_healed":0,"gold_gain":175,"player_choice":"AGREE","damage_taken":129,"max_hp_gain":0,"max_hp_loss":0,"event_name":"betterThird:BetterSerpent","floor":4,"gold_loss":0},{"cards_removed":["Defend_G"],"damage_healed":0,"gold_gain":0,"player_choice":"Card Removal","damage_taken":7,"max_hp_gain":0,"max_hp_loss":0,"event_name":"Golden Wing","floor":5,"gold_loss":0},{"damage_healed":0,"gold_gain":0,"player_choice":"Upgraded","damage_taken":0,"max_hp_gain":0,"max_hp_loss":0,"event_name":"Upgrade Shrine","floor":20,"gold_loss":0,"cards_upgraded":["Crippling Poison"]},{"damage_healed":0,"gold_gain":0,"player_choice":"CARD ","damage_taken":12,"max_hp_gain":0,"max_hp_loss":0,"event_name":"Knowing Skull","floor":21,"potions_obtained":[],"gold_loss":0,"cards_obtained":["Survey Options"]}],"is_beta":false,"boss_relics":[{"not_picked":["Honey Jar","Calling Bell"],"picked":"SacredBark"}],"items_purged_floors":[],"is_endless":false,"potions_floor_spawned":[10,16,18],"killed_by":"Slavers","ascension_level":0}}