{"host":"3jpwrwmmgyabjceh","time":1608480063,"event":{"mods":["AchievementEnabler","BaseMod","Colored Map","Colored Powertips","Highlight Path","Minty Spire (QoL Compilation)","StSLib"],"gold_per_floor":[114,125,125,125,137,171,188,217,217,217,242,11,27,38,38,137,137,148,161,15,32,43,43,57,156,156,175,175,175,50,66,66,171,171,183,183,201,201,56,56,56],"floor_reached":40,"playtime":1993,"items_purged":["Strike_R","Strike_R","Regret"],"score":497,"play_id":"ed01ed7b-b90c-45bb-9210-7945b0dd010a","local_time":"20201220190103","is_ascension_mode":true,"campfire_choices":[{"data":"Bash","floor":10,"key":"SMITH"},{"floor":15,"key":"REST"},{"data":"Body Slam","floor":23,"key":"SMITH"},{"floor":29,"key":"RECALL"},{"data":"Armaments","floor":32,"key":"SMITH"}],"circlet_count":0,"master_deck":["Defend_R","Defend_R","Defend_R","Defend_R","Bash+1","Immolate","Heavy Blade","Inflame","Bludgeon","Body Slam+1","Whirlwind","Ghostly Armor","Body Slam","Armaments+1","Impervious","Iron Wave","Twin Strike","Cleave","Bite","Bite","Bite","Bite","Bite","Ghostly Armor","Berserk","Writhe","True Grit+1","Good Instincts","Metamorphosis"],"relics":["Black Blood","Dead Branch","MealTicket","Darkstone Periapt","Turnip","Regal Pillow","Cursed Key","Oddly Smooth Stone"],"acts_visited":["Exordium","TheCity","TheBeyond"],"potions_floor_usage":[6,7,13,24,33,37,40],"damage_taken":[{"damage":2.0,"enemies":"Jaw Worm","floor":1.0,"turns":3.0},{"damage":0,"enemies":"Small Slimes","floor":2,"turns":4},{"damage":1,"enemies":"2 Louse","floor":5,"turns":2},{"damage":8,"enemies":"Gremlin Nob","floor":6,"turns":3},{"damage":11,"enemies":"Looter","floor":7,"turns":3},{"damage":15,"enemies":"3 Sentries","floor":8,"turns":4},{"damage":65,"enemies":"Lagavulin","floor":11,"turns":9},{"damage":0,"enemies":"2 Fungi Beasts","floor":13,"turns":2},{"damage":21,"enemies":"Exordium Thugs","floor":14,"turns":4},{"damage":32,"enemies":"Slime Boss","floor":16,"turns":8},{"damage":1,"enemies":"2 Thieves","floor":18,"turns":3},{"damage":8,"enemies":"3 Byrds","floor":19,"turns":4},{"damage":7,"enemies":"Centurion and Healer","floor":21,"turns":5},{"damage":14,"enemies":"Snake Plant","floor":22,"turns":3},{"damage":8,"enemies":"Sentry and Sphere","floor":24,"turns":4},{"damage":42,"enemies":"Chosen and Byrds","floor":27,"turns":5},{"damage":18,"enemies":"Centurion and Healer","floor":31,"turns":5},{"damage":81,"enemies":"Champ","floor":33,"turns":13},{"damage":29,"enemies":"Orb Walker","floor":35,"turns":5},{"damage":42,"enemies":"3 Darklings","floor":37,"turns":5},{"damage":71,"enemies":"Nemesis","floor":40,"turns":7}],"seed_played":"2122719145877801944","potions_obtained":[{"floor":2,"key":"Swift Potion"},{"floor":7,"key":"Fruit Juice"},{"floor":11,"key":"Fire Potion"},{"floor":14,"key":"FearPotion"},{"floor":16,"key":"Dexterity Potion"},{"floor":19,"key":"SteroidPotion"},{"floor":21,"key":"PowerPotion"},{"floor":27,"key":"Ancient Potion"},{"floor":37,"key":"PowerPotion"}],"is_trial":false,"path_per_floor":["M","M","?","?","M","E","M","E","T","R","E","$","M","M","R","B",null,"M","M","$","M","M","R","M","?","T","M","?","R","$","M","R","B",null,"M","?","M","?","$","E"],"character_chosen":"IRONCLAD","items_purchased":["Regal Pillow","Cleave","Oddly Smooth Stone"],"campfire_rested":1,"item_purchase_floors":[12,20,39],"current_hp_per_floor":[80,80,73,78,83,81,81,72,72,72,13,28,34,19,61,35,90,90,88,90,89,81,81,79,79,85,49,49,49,64,63,63,10,67,55,73,48,43,58,0,0],"gold":56,"neow_bonus":"TRANSFORM_CARD","is_daily":false,"chose_seed":false,"campfire_upgraded":3,"win_rate":0.0,"timestamp":1608480063,"path_taken":["M","M","?","?","M","E","M","E","T","R","E","$","M","M","R","BOSS","M","M","$","M","M","R","M","?","T","M","?","R","$","M","R","BOSS","M","?","M","?","$","E"],"items_purchased_type":["Relic","Card","Relic"],"build_version":"2020-12-13","purchased_purges":3,"victory":false,"max_hp_per_floor":[80,80,80,85,85,85,90,90,90,90,90,90,90,90,90,90,90,90,90,90,90,90,90,90,90,96,96,67,67,67,67,67,67,67,67,73,73,73,73,73,73],"card_choices":[{"not_picked":["Clothesline","Twin Strike"],"picked":"Heavy Blade","floor":1},{"not_picked":["Havoc","Feel No Pain","Dual Wield"],"picked":"SKIP","floor":2},{"not_picked":["Disarm","Rupture"],"picked":"Inflame","floor":5},{"not_picked":["Metallicize","Thunderclap"],"picked":"Bludgeon","floor":6},{"not_picked":["Thunderclap","Clash"],"picked":"Body Slam","floor":7},{"not_picked":["Searing Blow","Flex"],"picked":"Whirlwind","floor":8},{"not_picked":["Sentinel","Disarm"],"picked":"Ghostly Armor","floor":11},{"not_picked":["Twin Strike","Clothesline"],"picked":"Body Slam","floor":13},{"not_picked":["Cleave","Dark Embrace"],"picked":"Armaments","floor":14},{"not_picked":["Berserk","Exhume"],"picked":"Impervious","floor":16},{"not_picked":["Disarm","Flame Barrier"],"picked":"Iron Wave","floor":18},{"not_picked":["Clash+1","Bloodletting"],"picked":"Twin Strike","floor":19},{"not_picked":["Warcry","Anger","Wild Strike"],"picked":"SKIP","floor":21},{"not_picked":["Clash","Second Wind","Sentinel"],"picked":"SKIP","floor":22},{"not_picked":["Evolve","Pommel Strike","Anger"],"picked":"SKIP","floor":24},{"not_picked":["Evolve+1","Exhume","Carnage"],"picked":"SKIP","floor":27},{"not_picked":["Clash+1","Headbutt"],"picked":"Ghostly Armor","floor":31},{"not_picked":["Brutality","Offering"],"picked":"Berserk","floor":33},{"not_picked":["Blood for Blood","Anger","Sever Soul"],"picked":"SKIP","floor":35},{"not_picked":["Warcry+1","Clash+1"],"picked":"True Grit+1","floor":37},{"not_picked":["Blind","Dark Shackles"],"picked":"Good Instincts","floor":38},{"not_picked":["Blind","Madness"],"picked":"Metamorphosis","floor":38}],"player_experience":229953,"relics_obtained":[{"floor":6,"key":"Dead Branch"},{"floor":8,"key":"MealTicket"},{"floor":9,"key":"Darkstone Periapt"},{"floor":11,"key":"Turnip"}],"event_choices":[{"cards_removed":["Strike_R"],"damage_healed":0,"gold_gain":0,"player_choice":"Card Removal","damage_taken":7,"max_hp_gain":0,"max_hp_loss":0,"event_name":"Golden Wing","floor":3,"gold_loss":0},{"damage_healed":0,"gold_gain":0,"player_choice":"Donut","damage_taken":0,"max_hp_gain":5,"max_hp_loss":0,"event_name":"Big Fish","floor":4,"gold_loss":0},{"damage_healed":0,"gold_gain":99,"player_choice":"Stole From Cult","damage_taken":0,"max_hp_gain":0,"max_hp_loss":0,"event_name":"Nest","floor":25,"gold_loss":0},{"damage_healed":0,"gold_gain":0,"player_choice":"Became a vampire","damage_taken":0,"max_hp_gain":0,"max_hp_loss":29,"event_name":"Vampires","floor":28,"gold_loss":0,"cards_obtained":["Bite","Bite","Bite","Bite","Bite"]},{"damage_healed":17,"gold_gain":0,"player_choice":"Writhe","damage_taken":0,"max_hp_gain":0,"max_hp_loss":0,"event_name":"Winding Halls","floor":36,"gold_loss":0,"cards_obtained":["Writhe"]},{"damage_healed":0,"gold_gain":0,"player_choice":"Memory 2","damage_taken":5,"max_hp_gain":0,"max_hp_loss":0,"event_name":"SensoryStone","floor":38,"gold_loss":0}],"is_beta":false,"boss_relics":[{"not_picked":["Tiny House","Runic Cube"],"picked":"Cursed Key"},{"not_picked":["Pandora\u0027s Box","Velvet Choker"],"picked":"Black Blood"}],"items_purged_floors":[12,20,30],"is_endless":false,"potions_floor_spawned":[2,7,11,14,16,19,21,27,37],"killed_by":"Nemesis","ascension_level":3}}