{"host":"rt0td7aa3g170xdl","time":1608441190,"event":{"mods":["2.2 Compatiblity","AchievementEnabler","BaseMod","Colored Map","DeckTracker","Keyboard Shortcuts","Minty Spire (QoL Compilation)","Permanent Neow","Quick Restart","SuperFastMode","everything is the same but u backflip on backflip"],"gold_per_floor":[118,137,150,163,88,88,88,88,113,141,141,141,180,198,198,319,319,333,233,256,355,355,399,45,45,45,71,89,133,133,153,153,254,254,265,215,233,0,46,72,122,122,122,122,137,137,169,119,119,119],"floor_reached":51,"playtime":2030,"items_purged":["Strike_R","Strike_R","Strike_R","Reaper","Fiend Fire+1"],"score":1064,"play_id":"f527934a-f555-44b7-b610-26475257ca2c","local_time":"20201220141310","is_ascension_mode":true,"campfire_choices":[{"data":"Shockwave","floor":6.0,"key":"SMITH"},{"data":"Ghostly Armor","floor":8.0,"key":"SMITH"},{"floor":15.0,"key":"REST"},{"data":"Inflame","floor":25.0,"key":"SMITH"},{"data":"Spot Weakness","floor":32.0,"key":"SMITH"},{"data":"Pummel","floor":42.0,"key":"SMITH"},{"data":"Sword Boomerang","floor":46.0,"key":"SMITH"},{"data":"Offering","floor":49.0,"key":"SMITH"}],"circlet_count":0,"master_deck":["Strike_R","Defend_R+1","Defend_R+1","Bash","Ghostly Armor+1","Sword Boomerang+1","Offering+1","Shockwave+1","Inflame+1","Intimidate+1","Pummel+1","Spot Weakness+1","Reaper+1","Pummel+1","Armaments+1","Inflame+1","Sword Boomerang+1"],"relics":["Burning Blood","Incense Burner","Bronze Scales","PreservedInsect","Bloody Idol","War Paint","Happy Flower","Runic Pyramid","MawBank","Paper Frog","Sundial","Smiling Mask","Potion Belt","Astrolabe","Red Mask","FossilizedHelix","StrikeDummy","Lizard Tail","Anchor","Gambling Chip"],"acts_visited":["Exordium","TheCity","TheBeyond"],"potions_floor_usage":[50,50,50,50],"damage_taken":[{"damage":8.0,"enemies":"Jaw Worm","floor":1.0,"turns":4.0},{"damage":1.0,"enemies":"Small Slimes","floor":2.0,"turns":3.0},{"damage":6.0,"enemies":"Cultist","floor":3.0,"turns":5.0},{"damage":8.0,"enemies":"Looter","floor":4.0,"turns":3.0},{"damage":14.0,"enemies":"Gremlin Nob","floor":10.0,"turns":4.0},{"damage":20.0,"enemies":"3 Sentries","floor":13.0,"turns":8.0},{"damage":6.0,"enemies":"3 Louse","floor":14.0,"turns":2.0},{"damage":8.0,"enemies":"Slime Boss","floor":16.0,"turns":10.0},{"damage":10.0,"enemies":"Shell Parasite","floor":18.0,"turns":6.0},{"damage":6.0,"enemies":"Spheric Guardian","floor":20.0,"turns":4.0},{"damage":14.0,"enemies":"Gremlin Leader","floor":23.0,"turns":6.0},{"damage":19.0,"enemies":"Snake Plant","floor":28.0,"turns":4.0},{"damage":6.0,"enemies":"Book of Stabbing","floor":29.0,"turns":4.0},{"damage":13.0,"enemies":"Chosen and Byrds","floor":31.0,"turns":4.0},{"damage":45.0,"enemies":"Champ","floor":33.0,"turns":8.0},{"damage":18.0,"enemies":"3 Darklings","floor":35.0,"turns":4.0},{"damage":6.0,"enemies":"Orb Walker","floor":37.0,"turns":2.0},{"damage":20.0,"enemies":"2 Orb Walkers","floor":39.0,"turns":4.0},{"damage":1.0,"enemies":"Giant Head","floor":40.0,"turns":5.0},{"damage":0.0,"enemies":"Mind Bloom Boss Battle","floor":41.0,"turns":5.0},{"damage":0.0,"enemies":"Maw","floor":45.0,"turns":5.0},{"damage":1.0,"enemies":"Reptomancer","floor":47.0,"turns":3.0},{"damage":22,"enemies":"Donu and Deca","floor":50,"turns":4}],"seed_played":"5632741425283327037","potions_obtained":[{"floor":3.0,"key":"Energy Potion"},{"floor":4.0,"key":"Explosive Potion"},{"floor":18.0,"key":"Energy Potion"},{"floor":23.0,"key":"Explosive Potion"},{"floor":40.0,"key":"EssenceOfSteel"},{"floor":41.0,"key":"CultistPotion"},{"floor":45.0,"key":"PowerPotion"}],"is_trial":false,"path_per_floor":["M","M","M","M","$","R","$","R","T","E","?","?","E","M","R","B",null,"M","$","M","?","?","E","$","R","T","T","M","E","?","M","R","B",null,"M","$","M","?","?","E","?","R","T","?","M","R","E","$","R","B",null],"character_chosen":"IRONCLAD","items_purchased":["Paper Frog"],"campfire_rested":1,"item_purchase_floors":[24],"current_hp_per_floor":[70,72,72,70,70,70,70,70,70,62,44,41,27,27,48,46,66,62,62,71,71,71,70,70,70,70,70,66,72,72,72,72,38,64,72,72,72,72,72,72,72,72,72,82,82,82,82,82,82,66],"gold":119,"neow_bonus":"ONE_RARE_RELIC","is_daily":false,"chose_seed":false,"campfire_upgraded":7,"win_rate":0.0,"timestamp":1608441190,"path_taken":["M","M","M","M","$","R","$","R","T","E","?","?","E","M","R","BOSS","M","$","M","?","?","E","$","R","T","?","?","E","?","M","R","BOSS","M","$","M","?","?","E","?","R","T","?","M","R","E","$","R","BOSS"],"items_purchased_type":["Relic"],"build_version":"2020-12-13","purchased_purges":5,"victory":true,"max_hp_per_floor":[72,72,72,72,72,72,72,72,72,72,72,72,72,72,72,72,72,72,72,72,72,72,72,72,72,72,72,72,72,72,72,72,72,72,72,72,72,72,72,72,72,72,72,82,82,82,82,82,82,82],"card_choices":[{"not_picked":["True Grit","Clash"],"picked":"Ghostly Armor","floor":1.0},{"not_picked":["Heavy Blade","Sword Boomerang","Havoc"],"picked":"SKIP","floor":2.0},{"not_picked":["Heavy Blade","Havoc"],"picked":"Sword Boomerang","floor":2.0},{"not_picked":["Sever Soul","Pommel Strike"],"picked":"Offering","floor":3.0},{"not_picked":["Perfected Strike","Twin Strike"],"picked":"Shockwave","floor":4.0},{"not_picked":["Armaments","Body Slam"],"picked":"Inflame","floor":10.0},{"not_picked":["Fire Breathing","Bloodletting","Sever Soul"],"picked":"SKIP","floor":13.0},{"not_picked":["Armaments","Feel No Pain","Wild Strike"],"picked":"SKIP","floor":14.0},{"not_picked":["Impervious","Brutality"],"picked":"Reaper","floor":16.0},{"not_picked":["Metallicize+1","Shrug It Off"],"picked":"Intimidate+1","floor":18.0},{"not_picked":["Clothesline+1","Clash","Thunderclap+1"],"picked":"SKIP","floor":20.0},{"not_picked":["Havoc","Second Wind","Sentinel"],"picked":"SKIP","floor":23.0},{"not_picked":["Warcry","Heavy Blade"],"picked":"Pummel","floor":28.0},{"not_picked":["Pummel","Perfected Strike"],"picked":"Spot Weakness","floor":29.0},{"not_picked":["Sever Soul+1","Shockwave","Intimidate"],"picked":"SKIP","floor":31.0},{"not_picked":["Hemokinesis","Havoc"],"picked":"Pummel+1","floor":35.0},{"not_picked":["Iron Wave+1","Perfected Strike","Heavy Blade+1"],"picked":"SKIP","floor":37.0},{"not_picked":["Shockwave+1","Sever Soul+1"],"picked":"Armaments+1","floor":40.0},{"not_picked":["Spot Weakness","Havoc+1"],"picked":"Inflame+1","floor":45.0},{"not_picked":["Rampage","Shrug It Off+1"],"picked":"Sword Boomerang+1","floor":47.0}],"player_experience":288271,"relics_obtained":[{"floor":9.0,"key":"Bronze Scales"},{"floor":10.0,"key":"PreservedInsect"},{"floor":13.0,"key":"Happy Flower"},{"floor":23.0,"key":"MawBank"},{"floor":26.0,"key":"Sundial"},{"floor":27.0,"key":"Smiling Mask"},{"floor":29.0,"key":"Potion Belt"},{"floor":39.0,"key":"FossilizedHelix"},{"floor":40.0,"key":"StrikeDummy"},{"floor":41.0,"key":"Lizard Tail"},{"floor":43.0,"key":"Anchor"},{"floor":47.0,"key":"Gambling Chip"}],"event_choices":[{"damage_healed":0.0,"max_hp_gain":0.0,"max_hp_loss":0.0,"gold_gain":0.0,"event_name":"Golden Idol","player_choice":"Take Damage","floor":11.0,"gold_loss":0.0,"damage_taken":18.0,"relics_obtained":["Golden Idol"]},{"damage_healed":0.0,"max_hp_gain":0.0,"max_hp_loss":0.0,"gold_gain":0.0,"event_name":"Scrap Ooze","player_choice":"Success","floor":12.0,"gold_loss":0.0,"damage_taken":3.0,"relics_obtained":["War Paint"]},{"damage_healed":0.0,"max_hp_gain":0.0,"max_hp_loss":0.0,"gold_gain":99.0,"event_name":"Nest","player_choice":"Stole From Cult","floor":21.0,"gold_loss":0.0,"damage_taken":0.0},{"damage_healed":0.0,"max_hp_gain":0.0,"max_hp_loss":0.0,"gold_gain":0.0,"event_name":"Vampires","player_choice":"Ignored","floor":22.0,"gold_loss":0.0,"damage_taken":0.0},{"damage_healed":0.0,"max_hp_gain":0.0,"max_hp_loss":0.0,"gold_gain":0.0,"event_name":"Forgotten Altar","player_choice":"Gave Idol","floor":30.0,"relics_lost":["Golden Idol"],"gold_loss":0.0,"damage_taken":0.0,"relics_obtained":["Bloody Idol"]},{"damage_healed":0.0,"max_hp_gain":0.0,"max_hp_loss":0.0,"gold_gain":0.0,"event_name":"Tomb of Lord Red Mask","player_choice":"Paid","floor":38.0,"gold_loss":233.0,"damage_taken":0.0,"relics_obtained":["Red Mask"]},{"damage_healed":0.0,"max_hp_gain":0.0,"max_hp_loss":0.0,"gold_gain":0.0,"event_name":"Mysterious Sphere","player_choice":"Fight","floor":39.0,"gold_loss":0.0,"damage_taken":0.0},{"damage_healed":0.0,"max_hp_gain":0.0,"max_hp_loss":0.0,"gold_gain":0.0,"event_name":"MindBloom","player_choice":"Fight","floor":41.0,"gold_loss":0.0,"damage_taken":0.0},{"cards_removed":["Bludgeon"],"damage_healed":0.0,"max_hp_gain":10.0,"max_hp_loss":0.0,"gold_gain":0.0,"event_name":"Bonfire Elementals","player_choice":"Offered Rare","floor":44.0,"gold_loss":0.0,"damage_taken":0.0}],"is_beta":false,"boss_relics":[{"not_picked":["SlaversCollar","Sozu"],"picked":"Runic Pyramid"},{"not_picked":["Runic Cube","Runic Dome"],"picked":"Astrolabe"}],"items_purged_floors":[5,19,24,36,48],"is_endless":false,"potions_floor_spawned":[3,4,18,23,40,41,45],"ascension_level":8}}