{"host":"e48gchmu8shm63ip","time":1608495444,"event":{"mods":["Abigail Mod","AchievementEnabler","Act Like it!","Bartender","BaseMod","Better Match","Better Note","Better Vampires","CapriCore","DeckTracker","Exacting","Fireblade Mod","Googly Eyes","Hallownest","Hermit","HololiveMod","Infinite Spire","Jorbs\u0027s Wanderer Trilogy","Koishi","Marisa????????","Minty Spire (QoL Compilation)","Railgun Mod","Rare Cards Sparkle","Relic Filter","Shade Mod","StSLib","The Animator","The Construct","The Death Knight","The Forsaken","The Immortal","The Judge","The Poker Player","The Servant 0.9.4","TheFirefly","TheLocksmith","TheSwordswoman","Waifu the Spire"],"gold_per_floor":[77,77,77,95,111,111,140,165,191,204,204,204,204,279,279,375,375,401,401,76,57,71,71,71,71],"floor_reached":24,"playtime":1129,"items_purged":[],"score":271,"play_id":"1892a2d8-16d5-4ae4-9083-af31f511274a","local_time":"20201220211724","is_ascension_mode":false,"campfire_choices":[{"data":"Hololive_CallUsadaPekora","floor":6,"key":"SMITH"},{"data":"Hololive_Rebound","floor":11,"key":"SMITH"},{"data":"Hololive_CallTokoyamiTowa","floor":13,"key":"SMITH"},{"data":"Hololive_CallUruhaRushia","floor":15,"key":"SMITH"},{"data":"Hololive_CallShishiroBotan","floor":23,"key":"SMITH"}],"circlet_count":0,"master_deck":["Hololive_Strike","Hololive_Strike+1","Hololive_Defend","Hololive_Defend","Hololive_Rebound+1","Hololive_CallUsadaPekora+1","Hololive_CallTokoyamiTowa+1","Hololive_CallKiryuuCoco","Hololive_CallUruhaRushia+1","Hololive_CallRosalyn","Hololive_CallInugamiKorone","Hololive_Thief","Hololive_CallKiryuuCoco","Hololive_CallShishiroBotan+1"],"relics":["Hololive_TheStar","infinitespire:PuzzleCube","Bird Faced Urn","Whetstone","Black Star","infinitespire:WardingShard"],"acts_visited":["Exordium","TheCity"],"potions_floor_usage":[24,24,24],"damage_taken":[{"damage":0,"enemies":"2 Louse","floor":1,"turns":2},{"damage":0,"enemies":"Small Slimes","floor":4,"turns":4},{"damage":0,"enemies":"Cultist","floor":5,"turns":4},{"damage":0,"enemies":"3 Sentries","floor":7,"turns":5},{"damage":0,"enemies":"3 Louse","floor":8,"turns":5},{"damage":2,"enemies":"Lots of Slimes","floor":10,"turns":4},{"damage":0,"enemies":"Hexaghost","floor":16,"turns":8},{"damage":0,"enemies":"Spheric Guardian","floor":18,"turns":3},{"damage":0,"enemies":"2 Thieves","floor":21,"turns":4},{"damage":0,"enemies":"Centurion and Healer","floor":22,"turns":5},{"damage":47,"enemies":"Slavers","floor":24,"turns":4}],"seed_played":"-3726339142470393402","potions_obtained":[{"floor":1,"key":"DeathKnight:RimePotion"},{"floor":8,"key":"Fire Potion"},{"floor":10,"key":"CultistPotion"}],"is_trial":false,"path_per_floor":["M","?","?","M","M","R","E","M","T","M","R","?","R","?","R","B",null,"M","?","$","M","M","R","E"],"character_chosen":"Hololive_HololiveCharacter","items_purchased":["infinitespire:WardingShard","Hololive_CallKiryuuCoco"],"campfire_rested":0,"item_purchase_floors":[20,20],"current_hp_per_floor":[35,23,23,35,35,35,35,35,35,35,35,35,35,24,24,35,35,35,35,35,35,35,35,0,0],"gold":71,"neow_bonus":"RANDOM_COMMON_RELIC","is_daily":false,"chose_seed":false,"campfire_upgraded":5,"win_rate":0.0,"timestamp":1608495444,"path_taken":["M","?","?","M","M","R","E","M","T","M","R","?","R","?","R","BOSS","M","?","$","M","M","R","E"],"items_purchased_type":["Relic","Card"],"build_version":"2020-12-13","purchased_purges":0,"victory":false,"max_hp_per_floor":[35,35,35,35,35,35,35,35,35,35,35,35,35,35,35,35,35,35,35,35,35,35,35,35,35],"card_choices":[{"not_picked":["Hololive_Trident","Hololive_FlyingPonyTail","Hololive_CocoNews"],"picked":"Hololive_CallRosalyn","floor":1},{"not_picked":["Hololive_FlyingPonyTail","Hololive_CallNakiriAyame","Hololive_LuckPotion","Hololive_HuntDinosaur"],"picked":"SKIP","floor":4},{"not_picked":["Hololive_CallKiryuuCoco","Hololive_CocoNews","Hololive_Sequa"],"picked":"Hololive_CallInugamiKorone","floor":5},{"not_picked":["Hololive_DiamondStrike","Hololive_CocoNews","Hololive_Drill"],"picked":"Hololive_Nanodesu","floor":7},{"not_picked":["Hololive_RevenueBasedLive","Hololive_Breathe","Hololive_FlyingPonyTail","Hololive_CocoNews"],"picked":"SKIP","floor":7},{"not_picked":["Hololive_LuckPotion","Hololive_Psychosis","Hololive_OvertimeWork","Hololive_FlyingPonyTail"],"picked":"SKIP","floor":8},{"not_picked":["Hololive_Rebound","Hololive_OvertimeWork","Hololive_CallShiranuiFlare","Hololive_Psychosis"],"picked":"SKIP","floor":10},{"not_picked":["Hololive_Recruit","Hololive_DiamondStrike","Hololive_AWSL"],"picked":"Hololive_Thief","floor":16},{"not_picked":["Hololive_Breathe+1","Hololive_CallHimemoriLuna","Hololive_CocoNews","Hololive_Psychosis"],"picked":"SKIP","floor":18},{"not_picked":["Hololive_Rebound+1","Hololive_Trident","Hololive_CocoNews"],"picked":"Hololive_CallShishiroBotan","floor":21},{"not_picked":["Hololive_Trident","Hololive_LuckPotion","Hololive_CallShishiroBotan","Hololive_HuntDinosaur"],"picked":"SKIP","floor":22}],"player_experience":568303,"relics_obtained":[{"floor":7,"key":"Whetstone"}],"event_choices":[{"damage_healed":0,"gold_gain":0,"player_choice":"Success","damage_taken":12,"relics_obtained":["Bird Faced Urn"],"max_hp_gain":0,"max_hp_loss":0,"event_name":"Scrap Ooze","floor":2,"gold_loss":0},{"cards_removed":["Hololive_CallFriendA"],"damage_healed":0,"gold_gain":0,"player_choice":"Forget","damage_taken":0,"max_hp_gain":0,"max_hp_loss":0,"event_name":"Living Wall","floor":12,"gold_loss":0},{"damage_healed":0,"gold_gain":75,"player_choice":"Gather Gold","damage_taken":11,"max_hp_gain":0,"max_hp_loss":0,"event_name":"World of Goop","floor":14,"gold_loss":0},{"cards_removed":["Hololive_Nanodesu"],"damage_healed":0,"gold_gain":0,"player_choice":"Card Removal","damage_taken":0,"max_hp_gain":0,"max_hp_loss":0,"event_name":"Wheel of Change","floor":19,"gold_loss":0}],"is_beta":false,"boss_relics":[{"not_picked":["theForsaken:PaleLantern","Calling Bell"],"picked":"Black Star"}],"items_purged_floors":[],"is_endless":false,"potions_floor_spawned":[1,8,10,16,21,22],"killed_by":"Slavers","ascension_level":0}}