{"host":"nug5xkek4sujf8as","time":1608470746,"event":{"mods":["Act Like it!","Aspiration","BaseMod","Booster Modes","CapriCore","Colored Powertips","Conspire","Gensokyo","Minty Spire (QoL Compilation)","Permanent Neow","Quick Restart","Replay The Spire","Shop Mod","Spicy Shops","StSLib","vexMod","【功能Mod】混沌之环修复补丁","【遗物卡牌】REMEMod","篝火指南"],"gold_per_floor":[116,116,27,27,27,27,42,42,122,138,188,199,214,214,214],"floor_reached":0,"playtime":0,"items_purged":[],"score":25,"play_id":"91e7fed1-cdb6-4d19-aac9-94e1829c78a1","local_time":"20201220212546","is_ascension_mode":true,"campfire_choices":[{"floor":6,"key":"RECALL"},{"data":"REME_FirmDetermination","floor":8,"key":"SMITH"}],"circlet_count":0,"master_deck":["AscendersBane","Strike_G","Strike_G","Strike_G","Strike_G","Strike_G","Defend_G","Defend_G","Defend_G","Defend_G","Defend_G","Survivor","Neutralize","Corruption+1","REME_FirmDetermination+1","Burst","Noxious Fumes","Blade Dance"],"relics":["REME_ComplimentaryCards","vexMod:BigBerry","StrikeDummy"],"acts_visited":["Exordium"],"potions_floor_usage":[],"damage_taken":[{"damage":4,"enemies":"Small Slimes","floor":1,"turns":5},{"damage":3,"enemies":"Cultist","floor":7,"turns":4},{"damage":9,"enemies":"2 Louse","floor":10,"turns":4},{"damage":6,"enemies":"Blue Slaver","floor":12,"turns":4},{"damage":30,"enemies":"Exordium Wildlife","floor":13,"turns":4},{"damage":0,"enemies":"Lagavulin","floor":14,"turns":2}],"seed_played":"2119687342449189444","potions_obtained":[{"floor":4,"key":"Ancient Potion"},{"floor":4,"key":"Dexterity Potion"},{"floor":13,"key":"Reflective Coating"}],"is_trial":false,"path_per_floor":["M","?","$","?","$","R","M","R","T","M","?","M","M","E"],"character_chosen":"THE_SILENT","items_purchased":["REME_FirmDetermination"],"campfire_rested":0,"item_purchase_floors":[3],"current_hp_per_floor":[85,85,85,85,85,85,82,82,82,73,73,67,37,37,37],"gold":214,"neow_bonus":"BOSS_RELIC","is_daily":false,"chose_seed":false,"campfire_upgraded":1,"win_rate":0.0,"timestamp":1608470746,"path_taken":["M","?","$","?","$","R","?","R","T","?","?","M","?","E"],"items_purchased_type":["Card"],"build_version":"2020-12-13","purchased_purges":0,"victory":false,"max_hp_per_floor":[96,96,96,96,96,96,96,96,96,96,96,96,96,96,96],"card_choices":[{"not_picked":["Bane","Sucker Punch","Quick Slash"],"picked":"SKIP","floor":1},{"not_picked":["Fluid Movement","PiercingWail","Setup"],"picked":"SKIP","floor":7},{"not_picked":["Hidden Blade","Draining Mist"],"picked":"Burst","floor":10},{"not_picked":["PiercingWail","Deadly Poison"],"picked":"Noxious Fumes","floor":12},{"not_picked":["Acrobatics","Sucker Punch"],"picked":"Blade Dance","floor":13}],"player_experience":690058,"relics_obtained":[{"floor":9,"key":"StrikeDummy"}],"event_choices":[{"damage_healed":0,"gold_gain":0,"player_choice":"Grow","damage_taken":0,"max_hp_gain":0,"max_hp_loss":0,"event_name":"Living Wall","floor":2,"gold_loss":0,"cards_upgraded":["Corruption"]},{"damage_healed":0,"gold_gain":0,"player_choice":"Got Potions","damage_taken":0,"max_hp_gain":0,"max_hp_loss":0,"event_name":"Lab","floor":4,"gold_loss":0},{"damage_healed":0,"gold_gain":50,"player_choice":"Pray","damage_taken":0,"max_hp_gain":0,"max_hp_loss":0,"event_name":"Golden Shrine","floor":11,"gold_loss":0}],"is_beta":false,"boss_relics":[],"items_purged_floors":[],"is_endless":false,"potions_floor_spawned":[10,13],"killed_by":"Lagavulin","ascension_level":19}}