{"host":"wonp23fsqqcu31ie","time":1608461153,"event":{"mods":["2.2 Compatiblity","AchievementEnabler","Aspiration","BaseMod","Bestiary","Better Altar","Better Match","Better Sensory Stone","Better Skull","Better Third Choice","BetterRewards","Block Reminder","Colored Map","Colored Powertips","Conspire","DeckTracker","Displayed Cursed Tome","Downfall","Hermit","Highlight Path","Hubris","Minty Spire (QoL Compilation)","Permanent Neow","Quick Restart","Rare Cards Sparkle","Relic Stats","Replay The Spire","Shade Mod","Shop Mod","StSLib","SuperFastMode","The Animator","The Cursed","The Dragon Tamer","The Gatherer","The Necromancer","The Runesmith","The Servant 0.9.4"],"gold_per_floor":[117,132,132,82,108,108,143,16,16,27,27,43,16,16,16,121,121,139,198,214,64,74,74,84,84,166,201,201,218,218,41,41,140,140,150,15,15,27,39,39],"floor_reached":39,"playtime":1194,"items_purged":["ReplayTheSpireMod:Splinters"],"score":485,"play_id":"78502bf5-f817-4952-bdf6-2645cac77631","local_time":"20201220214553","is_ascension_mode":true,"campfire_choices":[{"floor":6,"key":"RECALL"},{"floor":15,"key":"DIG"},{"data":"Ragnarok","floor":23,"key":"SMITH"},{"floor":28,"key":"REST"},{"floor":32,"key":"REST"}],"circlet_count":0,"master_deck":["Strike_P","Strike_P","Strike_P","Defend_P","Defend_P","Defend_P","Defend_P","Eruption+1","Vigilance","ForeignInfluence","PathToVictory","Consecrate","LikeWater","PathToVictory","ThirdEye","Nirvana","CutThroughFate","Ragnarok+1","ReachHeaven+1","FlurryOfBlows","TalkToTheHand","Consecrate","Wallop","PathToVictory","Protect+1","LikeWater","Brilliance","SashWhip+1","Replay:SS_fish_3","PathToVictory","Wish","Wish"],"relics":["Gremlin Food","ReplayTheSpireMod:CursedCoin","Regal Pillow","FossilizedHelix","Replay:Wax Seal","Ring of Chaos","Oddly Smooth Stone","ClockworkSouvenir","hubris:Icosahedron","conspire:DecoderRing","Counterbalance","hubris:Towel","MerchantsRug","hubris:CrackedHourglass","Iron Hammer","Black Star","Meat on the Bone","HandDrill","MawBank","Replay:Baseball"],"acts_visited":["Exordium","TheCity","TheBeyond"],"potions_floor_usage":[7,16,20,27,29,33],"damage_taken":[{"damage":2,"enemies":"Jaw Worm","floor":1,"turns":3},{"damage":0,"enemies":"2 Louse","floor":2,"turns":2},{"damage":14,"enemies":"Gremlin Nob","floor":7,"turns":3},{"damage":0,"enemies":"Small Slimes","floor":10,"turns":2},{"damage":0,"enemies":"Red Slaver","floor":12,"turns":2},{"damage":14,"enemies":"The Guardian","floor":16,"turns":6},{"damage":9,"enemies":"Spheric Guardian","floor":18,"turns":4},{"damage":4,"enemies":"2 Thieves","floor":20,"turns":4},{"damage":6,"enemies":"Snake Plant","floor":22,"turns":3},{"damage":0,"enemies":"Snecko","floor":24,"turns":4},{"damage":24,"enemies":"conspire:Head Lice","floor":27,"turns":5},{"damage":13,"enemies":"3 Cultists","floor":29,"turns":4},{"damage":57,"enemies":"Automaton","floor":33,"turns":8},{"damage":22,"enemies":"3 Shapes","floor":35,"turns":3},{"damage":20,"enemies":"3 Darklings","floor":39,"turns":2}],"seed_played":"-894290797314385466","potions_obtained":[{"floor":2,"key":"AttackPotion"},{"floor":10,"key":"StancePotion"},{"floor":18,"key":"LifebloodPotion"},{"floor":19,"key":"DistilledChaos"},{"floor":27,"key":"AttackPotion"},{"floor":29,"key":"Dexterity Potion"}],"is_trial":false,"path_per_floor":["M","M","?","?","T","R","E","$","T","M","$","M","$","?","R_BF","B",null,"M","?","M","$","M","R","M","?","T","E","R","M","?","$","R","B",null,"M","$","?","$","M"],"character_chosen":"WATCHER","items_purchased":["ReplayTheSpireMod:CursedCoin","Regal Pillow","PathToVictory","CutThroughFate","ClockworkSouvenir","MerchantsRug","LikeWater","Meat on the Bone","HandDrill","Replay:SS_fish_3","PathToVictory","Wish"],"campfire_rested":2,"item_purchase_floors":[8,8,8,13,21,31,31,36,36,36,36,36],"current_hp_per_floor":[70,70,70,70,70,70,56,56,56,56,56,56,56,72,72,58,72,63,63,59,59,53,53,53,53,53,29,65,52,52,52,72,15,72,50,50,15,15,0,0],"gold":39,"neow_bonus":"BOSS_RELIC","is_daily":false,"chose_seed":false,"campfire_upgraded":1,"win_rate":0.0,"timestamp":1608461153,"path_taken":["M","M","?","?","?","R","E","?","T","M","$","M","$","?","R_BF","BOSS","M","?","?","?","?","R","M","?","T","E","R","M","?","$","R","BOSS","M","$","?","$","?"],"items_purchased_type":["Relic","Relic","Card","Card","Relic","Relic","Card","Relic","Relic","Card","Card","Card"],"build_version":"2020-12-13","purchased_purges":1,"victory":false,"max_hp_per_floor":[72,72,72,72,72,72,72,72,72,72,72,72,72,72,72,72,72,72,72,72,72,72,72,72,72,72,72,72,72,72,72,72,72,72,72,72,72,72,72,72],"relic_stats":{"Regal Pillow":15,"counters":[15,55],"Black Star":0,"HandDrill":[4],"MawBank":24,"obtain_stats":[{"Regal Pillow":8,"ClockworkSouvenir":21,"hubris:Icosahedron":25,"hubris:Backtick":34,"conspire:DecoderRing":26,"Iron Hammer":34,"HandDrill":36,"Replay:Wax Seal":15,"Gremlin Food":7,"MerchantsRug":31,"ReplayTheSpireMod:CursedCoin":8,"Counterbalance":27,"Replay:Grab Bag":34,"Oddly Smooth Stone":19,"Velvet Choker":34,"Ring of Chaos":17,"hubris:Towel":30,"MawBank":37,"Replay:Baseball":37,"hubris:GrandSneckoEye":0,"Black Star":34,"PureWater":0,"hubris:CrackedHourglass":34,"FossilizedHelix":9,"Meat on the Bone":36},{"Regal Pillow":3,"ClockworkSouvenir":8,"hubris:Icosahedron":10,"hubris:Backtick":13,"conspire:DecoderRing":10,"Iron Hammer":13,"HandDrill":14,"Replay:Wax Seal":5,"Gremlin Food":3,"MerchantsRug":12,"ReplayTheSpireMod:CursedCoin":3,"Counterbalance":11,"Replay:Grab Bag":13,"Oddly Smooth Stone":7,"Velvet Choker":13,"Ring of Chaos":6,"hubris:Towel":12,"MawBank":14,"Replay:Baseball":14,"hubris:GrandSneckoEye":0,"Black Star":13,"PureWater":0,"hubris:CrackedHourglass":13,"FossilizedHelix":3,"Meat on the Bone":14},{"Regal Pillow":8,"ClockworkSouvenir":26,"hubris:Icosahedron":33,"hubris:Backtick":50,"conspire:DecoderRing":33,"Iron Hammer":50,"HandDrill":53,"Replay:Wax Seal":12,"Gremlin Food":8,"MerchantsRug":42,"ReplayTheSpireMod:CursedCoin":8,"Counterbalance":38,"Replay:Grab Bag":50,"Oddly Smooth Stone":22,"Velvet Choker":50,"Ring of Chaos":18,"hubris:Towel":42,"MawBank":53,"Replay:Baseball":53,"hubris:GrandSneckoEye":0,"Black Star":50,"PureWater":0,"hubris:CrackedHourglass":50,"FossilizedHelix":8,"Meat on the Bone":53}],"Meat on the Bone":0},"card_choices":[{"not_picked":["Evaluate","PathToVictory"],"picked":"ForeignInfluence","floor":1},{"not_picked":["ForeignInfluence","Protect"],"picked":"PathToVictory","floor":2},{"not_picked":["EmptyFist","FollowUp"],"picked":"LikeWater","floor":7},{"not_picked":["EmptyFist","Replay:Hum"],"picked":"ThirdEye","floor":10},{"not_picked":["Evaluate","Study"],"picked":"Nirvana","floor":12},{"not_picked":["Vault","Alpha"],"picked":"Ragnarok","floor":16},{"not_picked":["Crescendo","EmptyFist"],"picked":"ReachHeaven","floor":18},{"not_picked":["InnerPeace","ThirdEye"],"picked":"FlurryOfBlows","floor":19},{"not_picked":["ThirdEye","WaveOfTheHand+1"],"picked":"TalkToTheHand","floor":19},{"not_picked":["Replay:Battleflow+1","Swivel"],"picked":"Consecrate","floor":20},{"not_picked":["LikeWater","Replay:Hum"],"picked":"Wallop","floor":22},{"not_picked":["Replay:BluntJabs+1","Replay:ManipulateFuture","Replay:Battleflow"],"picked":"SKIP","floor":24},{"not_picked":["Protect","JustLucky"],"picked":"PathToVictory","floor":27},{"not_picked":["PathToVictory","FlurryOfBlows"],"picked":"Protect+1","floor":29},{"not_picked":["Omniscience","Vault"],"picked":"Brilliance","floor":33},{"not_picked":["Replay:ManipulateFuture","Protect"],"picked":"SashWhip+1","floor":35}],"player_experience":655927,"relics_obtained":[{"floor":7,"key":"Gremlin Food"},{"floor":9,"key":"FossilizedHelix"},{"floor":15,"key":"Replay:Wax Seal"},{"floor":19,"key":"Oddly Smooth Stone"},{"floor":26,"key":"conspire:DecoderRing"},{"floor":27,"key":"Counterbalance"}],"event_choices":[{"cards_removed":["Strike_P"],"damage_healed":0,"gold_gain":0,"player_choice":"Card Removal","damage_taken":0,"max_hp_gain":0,"max_hp_loss":0,"event_name":"The Cleric","floor":4,"gold_loss":50},{"damage_healed":24,"gold_gain":0,"player_choice":"Banana","damage_taken":0,"max_hp_gain":0,"max_hp_loss":0,"event_name":"Big Fish","floor":14,"gold_loss":0},{"damage_healed":0,"gold_gain":0,"player_choice":"Random: Green","damage_taken":0,"max_hp_gain":0,"max_hp_loss":0,"event_name":"betterThird:BetterPortal","floor":37,"gold_loss":0},{"damage_healed":0,"gold_gain":0,"player_choice":"RE RE ","damage_taken":39,"relics_obtained":["MawBank","Replay:Baseball"],"max_hp_gain":0,"max_hp_loss":0,"event_name":"betterSkull:BetterSkull","floor":37,"gold_loss":0,"cards_upgraded":[]}],"is_beta":false,"boss_relics":[{"not_picked":["conspire:SlowCooker","Replay:Ancient Bell"],"picked":"Ring of Chaos"},{"not_picked":["hubris:TerracottaHorce","Kintsugi"],"picked":"Replay:Grab Bag"},{"not_picked":["Sozu","Coffee Dripper"],"picked":"Velvet Choker"},{"not_picked":["ChewingGum","Runic Dome"],"picked":"hubris:CrackedHourglass"},{"not_picked":["conspire:SpecialSausage","hubris:HollowSoul"],"picked":"hubris:Backtick"},{"not_picked":["Pandora\u0027s Box","Replay:Drink Me"],"picked":"Black Star"}],"items_purged_floors":[8],"is_endless":false,"potions_floor_spawned":[2,10,18,27,29],"killed_by":"3 Darklings","ascension_level":2}}