{"host":"3jpwrwmmgyabjceh","time":1608496545,"event":{"mods":["AchievementEnabler","BaseMod","Colored Map","Colored Powertips","Highlight Path","Minty Spire (QoL Compilation)","StSLib"],"gold_per_floor":[114,114,182,195,68,96,96,146,146,96,111,236,264,276,276,276,276],"floor_reached":16,"playtime":603,"items_purged":["Strike_R","Strike_R"],"score":132,"play_id":"774f2624-049a-4f63-b837-15cb61816d3b","local_time":"20201220233545","is_ascension_mode":true,"campfire_choices":[{"data":"Bash","floor":7,"key":"SMITH"},{"floor":15,"key":"REST"}],"circlet_count":0,"master_deck":["Strike_R","Strike_R","Defend_R","Defend_R","Defend_R","Defend_R","Bash+1","Rampage","Heavy Blade","Heavy Blade","Limit Break","Shrug It Off"],"relics":["Burning Blood","NeowsBlessing","SsserpentHead","Du-Vu Doll","Thread and Needle","Meat on the Bone"],"acts_visited":["Exordium"],"potions_floor_usage":[6,13,14,14,16],"damage_taken":[{"damage":0.0,"enemies":"2 Louse","floor":1.0,"turns":1.0},{"damage":0,"enemies":"Cultist","floor":3,"turns":1},{"damage":0,"enemies":"Small Slimes","floor":4,"turns":1},{"damage":20,"enemies":"Gremlin Nob","floor":6,"turns":4},{"damage":13,"enemies":"Exordium Wildlife","floor":11,"turns":3},{"damage":25,"enemies":"3 Sentries","floor":13,"turns":9},{"damage":2,"enemies":"Exordium Thugs","floor":14,"turns":5},{"damage":78,"enemies":"Slime Boss","floor":16,"turns":14}],"seed_played":"-3566640693954565831","potions_obtained":[{"floor":1,"key":"Regen Potion"},{"floor":6,"key":"Energy Potion"},{"floor":11,"key":"SkillPotion"},{"floor":13,"key":"PowerPotion"},{"floor":14,"key":"BlessingOfTheForge"}],"is_trial":false,"path_per_floor":["M","?","M","M","$","E","R","?","T","$","M","?","E","M","R","B"],"character_chosen":"IRONCLAD","items_purchased":["Heavy Blade"],"campfire_rested":1,"item_purchase_floors":[5],"current_hp_per_floor":[80,80,80,80,80,70,70,70,70,70,63,52,33,49,73,0,0],"gold":276,"neow_bonus":"THREE_ENEMY_KILL","is_daily":false,"chose_seed":false,"campfire_upgraded":1,"win_rate":0.0,"timestamp":1608496545,"path_taken":["M","?","?","M","$","E","R","?","T","?","M","?","E","M","R","BOSS"],"items_purchased_type":["Card"],"build_version":"2020-12-13","purchased_purges":2,"victory":false,"max_hp_per_floor":[80,80,80,80,80,80,80,80,80,80,80,80,80,80,80,80,80],"card_choices":[{"not_picked":["Havoc","Heavy Blade"],"picked":"Rampage","floor":1},{"not_picked":["Feel No Pain","Clothesline"],"picked":"Heavy Blade","floor":3},{"not_picked":["Sever Soul","Searing Blow","Clash"],"picked":"SKIP","floor":4},{"not_picked":["Twin Strike","Sentinel","Carnage"],"picked":"SKIP","floor":6},{"not_picked":["Metallicize","Power Through"],"picked":"Limit Break","floor":11},{"not_picked":["Clothesline","Sentinel"],"picked":"Shrug It Off","floor":13},{"not_picked":["Body Slam","Intimidate","Thunderclap"],"picked":"SKIP","floor":14}],"player_experience":236765,"relics_obtained":[{"floor":6,"key":"Du-Vu Doll"},{"floor":9,"key":"Thread and Needle"},{"floor":13,"key":"Meat on the Bone"}],"event_choices":[{"damage_healed":0,"gold_gain":0,"player_choice":"Trade","damage_taken":0,"relics_obtained":["SsserpentHead"],"max_hp_gain":0,"max_hp_loss":0,"event_name":"FaceTrader","floor":2,"gold_loss":0},{"cards_removed":["Strike_R"],"damage_healed":0,"gold_gain":0,"player_choice":"Offered Basic","damage_taken":0,"max_hp_gain":0,"max_hp_loss":0,"event_name":"Bonfire Elementals","floor":8,"gold_loss":0},{"damage_healed":0,"gold_gain":75,"player_choice":"Gather Gold","damage_taken":11,"max_hp_gain":0,"max_hp_loss":0,"event_name":"World of Goop","floor":12,"gold_loss":0}],"is_beta":false,"boss_relics":[],"items_purged_floors":[5,10],"is_endless":false,"potions_floor_spawned":[1,6,11,13,14],"killed_by":"Slime Boss","ascension_level":4}}