{"host":"l8lm1goh5xm9tkuw","time":1608450942,"event":{"mods":["Act Like it!","Alarm Clock","Astrologer","BaseMod","Colored Map","Colored Powertips","GungeonMod","Hermit","KomeijiMod","Library of Ruina","Library of Ruina Extra","Lobotomy","LobotomyExtend","Marisa£®ÏF”Í°°ƒß¿Ì…≥£©","Minty Spire (QoL Compilation)","MostiFishMod","Quick Restart","Replay The Spire","Shade Mod","StSLib","TestMod","The Animator","The Bug Knight","The Hierophant","UnlockEverythingMod","[IsaacMod]“‘»ˆº‚À˛","vexMod","°æ“≈ŒÔø®≈∆°øREMEMod"],"gold_per_floor":[112,123,123,142,20,45,45,72,72,72,72,72,108,108,108,191,191,177,177,202,202,231,268,268,188,188,231,262,298,326,352,352,456,406,433,333,378,378,28,28,62,99,99,140,140,187,216,267,267,303,341,341,341,201,258,306],"floor_reached":57,"playtime":2286,"items_purged":["Strike_R","Writhe","Defend_R","Exhume","Armaments+1"],"score":2297,"play_id":"6bb0b428-ffc6-4ec9-b8b7-895c862d5171","local_time":"20201220155542","is_ascension_mode":true,"campfire_choices":[{"data":"True Grit","floor":7.0,"key":"SMITH"},{"data":"Body Slam","floor":10.0,"key":"SMITH"},{"data":"Armaments","floor":15.0,"key":"SMITH"},{"data":"MostiFishMod:RacingGame","floor":24.0,"key":"SMITH"},{"data":"Lonely","floor":32,"key":"PURGE"},{"data":"Feel No Pain","floor":40,"key":"PURGE"},{"data":"Entrench+1","floor":45,"key":"PURGE"},{"floor":49,"key":"RECALL"},{"data":"True Grit+1","floor":53,"key":"PURGE"}],"circlet_count":0,"master_deck":["AscendersBane","Body Slam+1","True Grit+1","Shrug It Off","MostiFishMod:RacingGame+1","Anger","REME_ACTH","Dark Embrace+1"],"relics":["Burning Blood","DaveBox","testmod-TestBox","REME_ComplimentaryCards","HushsDoor","GuppysHead","testmod-CyclicPeriapt","ShadowXiaoBlade","Question Card","LetterFromLob","REME_HourglassOfDeath","TuHaoJin","Replay:Bandana","DemoMod:MonsterBlood","ImportantClient","Kintsugi","Kunai","HollowMod:LifeEnderRelic","Nunchaku","DemoMod:GlassGuonStoneRelic","Tiny House","ReplayTheSpireMod:Lightbulb","Peace Pipe","DemoMod:DecoyRelic","Pen Nib","PageOfBloodbath","ReplayTheSpireMod:Ninjato","testmod-Antiphasic"],"acts_visited":["Exordium","TheCity","TheBeyond","TheEnding"],"potions_floor_usage":[33,56,56],"damage_taken":[{"damage":10.0,"enemies":"Small Slimes","floor":1.0,"turns":3.0},{"damage":6.0,"enemies":"Cultist","floor":2.0,"turns":3.0},{"damage":0.0,"enemies":"2 Louse","floor":4.0,"turns":3.0},{"damage":0.0,"enemies":"Gremlin Nob","floor":6.0,"turns":2.0},{"damage":18.0,"enemies":"Lagavulin","floor":8.0,"turns":5.0},{"damage":1.0,"enemies":"3 Sentries","floor":13.0,"turns":6.0},{"damage":11.0,"enemies":"Fading Forest","floor":16.0,"turns":11.0},{"damage":13.0,"enemies":"2 Thieves","floor":18.0,"turns":5.0},{"damage":8.0,"enemies":"3 Byrds","floor":20.0,"turns":3.0},{"damage":7.0,"enemies":"Centurion and Healer","floor":22.0,"turns":3.0},{"damage":18.0,"enemies":"Gremlin Leader","floor":23.0,"turns":4.0},{"damage":0.0,"enemies":"Book of Stabbing","floor":27.0,"turns":3.0},{"damage":0.0,"enemies":"3 Cultists","floor":28.0,"turns":3.0},{"damage":15.0,"enemies":"Slavers","floor":29.0,"turns":4.0},{"damage":10,"enemies":"Snake Plant","floor":30,"turns":3},{"damage":0,"enemies":"Centurion and Healer","floor":31,"turns":3},{"damage":48,"enemies":"RedHoodMercenary","floor":33,"turns":4},{"damage":0,"enemies":"3 Shapes","floor":35,"turns":1},{"damage":0,"enemies":"Orb Walker","floor":41,"turns":1},{"damage":9,"enemies":"R_Hoarder","floor":42,"turns":5},{"damage":0,"enemies":"Maw","floor":44,"turns":1},{"damage":0,"enemies":"Nemesis","floor":46,"turns":1},{"damage":0,"enemies":"Sphere and 2 Shapes","floor":47,"turns":1},{"damage":0,"enemies":"Giant Head","floor":48,"turns":1},{"damage":0,"enemies":"Replay:Hell Engine","floor":50,"turns":1},{"damage":0,"enemies":"Replay:Hell Engine","floor":51,"turns":1},{"damage":0,"enemies":"Shield and Spear","floor":55,"turns":1},{"damage":12,"enemies":"The Heart","floor":56,"turns":1}],"seed_played":"4449949635556464468","potions_obtained":[{"floor":4.0,"key":"Strength Potion"},{"floor":8.0,"key":"Strength Potion"},{"floor":29.0,"key":"AttackPotion"},{"floor":33,"key":"Block Potion"}],"is_trial":false,"path_per_floor":["M","M","?","M","$","E","R","E","T","R","?","$","E","T","R","B",null,"M","?","M","?","M","E","R","?","T","E","M","E","M","M","R_BF","B",null,"M","$","?","T","$","R","M","E","T","M","R","E","M","E","R","B",null,null,"R","$","E","B",null],"character_chosen":"IRONCLAD","items_purchased":["True Grit","Peace Pipe"],"campfire_rested":0,"item_purchase_floors":[5,39],"current_hp_per_floor":[64,64,64,70,70,75,75,63,63,63,63,63,75,75,75,70,79,72,72,70,70,69,57,57,57,57,63,69,60,56,62,62,20,72,78,78,63,63,63,63,69,66,66,72,72,78,84,87,87,87,87,87,87,87,87,81],"gold":306,"neow_bonus":"TRANSFORM_CARD","is_daily":false,"chose_seed":false,"campfire_upgraded":4,"win_rate":0.0,"timestamp":1608450942,"path_taken":["M","M","?","M","?","E","R","E","T","R","?","$","E","?","R","BOSS","M","?","?","?","M","E","R","?","T","E","?","E","M","?","R_BF","BOSS","M","$","?","?","?","R","M","E","T","M","R","E","M","E","R","BOSS","R","$","E","BOSS"],"items_purchased_type":["Card","Relic"],"build_version":"2020-12-13","purchased_purges":5,"victory":true,"max_hp_per_floor":[75,75,75,75,75,75,75,75,75,75,75,75,82,82,82,82,82,82,82,82,82,82,82,82,82,82,82,82,82,82,82,82,82,87,87,87,87,87,87,87,87,87,87,87,87,87,87,87,87,87,87,87,87,87,87,87],"card_choices":[{"not_picked":["Rage","Dual Wield","Juggernaut"],"picked":"SKIP","floor":1.0},{"not_picked":["ReplayReversal","Bomb","Abandon","Anger"],"picked":"SKIP","floor":2.0},{"not_picked":["Feel No Pain","Clothesline","Cleave"],"picked":"Body Slam","floor":4.0},{"not_picked":["Dark Embrace","Warcry","Hemokinesis"],"picked":"Shrug It Off","floor":6.0},{"not_picked":["Sword Boomerang","Run Through","Replay:Many Hands","MostiFishMod:RacingGame"],"picked":"SKIP","floor":8.0},{"not_picked":["Bloodletting","DemoMod:WhiteBlade","Clash"],"picked":"Feel No Pain","floor":13.0},{"not_picked":["MostiFishMod:PerfectStrikeMKII","MostiFishMod:Mania","Eclipse"],"picked":"MostiFishMod:RacingGame","floor":16.0},{"not_picked":["Sever Soul","ReplayTheSpireMod:Strike From Hell","Intimidate","Massacre"],"picked":"SKIP","floor":18.0},{"not_picked":["Replay:Undeath\u0027s Touch","Flex+1","Iron Wave+1"],"picked":"Anger","floor":20.0},{"not_picked":["Perfected Strike","Bloodletting","ReplayTheSpireMod:Muscle Training","Shrug It Off"],"picked":"SKIP","floor":22.0},{"not_picked":["Warcry","Clash","Sever Soul"],"picked":"True Grit+1","floor":23.0},{"not_picked":["Havoc","Iron Wave","Heavy Blade","ReplayTheSpireMod:Corrosion Curse"],"picked":"SKIP","floor":27.0},{"not_picked":["Replay:Undeath\u0027s Touch","ReplayTheSpireMod:Corrosion Curse","MostiFishMod:FireWorks","Iron Wave"],"picked":"SKIP","floor":28.0},{"not_picked":["Run Through","Brutality","Havoc"],"picked":"Entrench","floor":29.0},{"not_picked":["Shrug It Off","Dark Embrace","Headbutt+1","Wild Strike"],"picked":"SKIP","floor":30},{"not_picked":["Clothesline","Metallicize","Headbutt","Intimidate"],"picked":"SKIP","floor":31},{"not_picked":["Feed","MostiFishMod:FireWorks","MostiFishMod:404NotFound"],"picked":"REME_ACTH","floor":33},{"not_picked":["Cleave","Perfected Strike","Disarm","Massacre"],"picked":"SKIP","floor":35},{"not_picked":["Wild Strike","Shrug It Off+1","Headbutt","Sword Boomerang"],"picked":"SKIP","floor":41},{"not_picked":["Massacre","Searing Blow","Replay:Undeath\u0027s Touch"],"picked":"Dark Embrace+1","floor":42},{"not_picked":["Second Wind","Perfected Strike","Entrench","Clothesline"],"picked":"SKIP","floor":44},{"not_picked":["Thunderclap","Clash+1","REME_Cut+1","Wild Strike"],"picked":"SKIP","floor":46},{"not_picked":["Iron Wave","Battle Trance","Headbutt","ReplayTheSpireMod:Corrosion Curse"],"picked":"SKIP","floor":47},{"not_picked":["Abandon","Iron Wave","ReplayTheSpireMod:Muscle Training+1","Metallicize"],"picked":"SKIP","floor":48},{"not_picked":["Juggernaut","Immolate","Whirlwind","Cleave+1"],"picked":"SKIP","floor":55}],"player_experience":343898,"relics_obtained":[{"floor":1.0,"key":"Question Card"},{"floor":1.0,"key":"LetterFromLob"},{"floor":6.0,"key":"REME_HourglassOfDeath"},{"floor":8.0,"key":"TuHaoJin"},{"floor":9.0,"key":"Replay:Bandana"},{"floor":13.0,"key":"DemoMod:MonsterBlood"},{"floor":16.0,"key":"ImportantClient"},{"floor":26.0,"key":"Kunai"},{"floor":27.0,"key":"HollowMod:LifeEnderRelic"},{"floor":29.0,"key":"Nunchaku"},{"floor":38,"key":"ReplayTheSpireMod:Lightbulb"},{"floor":42,"key":"DemoMod:DecoyRelic"},{"floor":43,"key":"Pen Nib"},{"floor":46,"key":"PageOfBloodbath"},{"floor":48,"key":"ReplayTheSpireMod:Ninjato"},{"floor":55,"key":"testmod-Antiphasic"}],"event_choices":[{"damage_healed":0.0,"max_hp_gain":0.0,"max_hp_loss":0.0,"gold_gain":0.0,"event_name":"The Cleric","player_choice":"Leave","floor":11.0,"gold_loss":0.0,"damage_taken":0.0},{"cards_removed":["Bash"],"damage_healed":0.0,"max_hp_gain":0.0,"max_hp_loss":0.0,"gold_gain":0.0,"event_name":"Back to Basics","player_choice":"Elegance","floor":19.0,"gold_loss":0.0,"damage_taken":0.0},{"damage_healed":0.0,"max_hp_gain":0.0,"max_hp_loss":0.0,"gold_gain":0.0,"cards_transformed":["Defend_R"],"event_name":"Transmorgrifier","player_choice":"Transformed","floor":21.0,"gold_loss":0.0,"damage_taken":0.0,"cards_obtained":["Exhume"]}],"is_beta":false,"boss_relics":[{"not_picked":["vexMod:EndlessSickness","testmod-NegativeEmotionEnhancer"],"picked":"Kintsugi"},{"not_picked":[]},{"not_picked":["HereWithMe","BloodWine"],"picked":"Tiny House"},{"not_picked":[]}],"items_purged_floors":[5,34,36,39,54],"is_endless":false,"potions_floor_spawned":[4,8,13,18,27,28,29,33,35,47],"ascension_level":15}}