{"host":"m9i7qe3hvz6jihjh","time":1608508388,"event":{"mods":["BaseMod","Colored Powertips","Infinite Spire","Minty Spire (QoL Compilation)","Quick Restart","StSLib","The Animator","Waifu the Spire"],"gold_per_floor":[119,119,119,135,6,6,6,6,29,40,40,40,57,69,69,166,166,185,185,196,111,121,121,132,32,79,4,16,16,16],"floor_reached":29,"playtime":843,"items_purged":["Defend_P","Pain"],"score":215,"play_id":"aff3a347-de49-4efa-ab61-253dc76f2901","local_time":"20201221005308","is_ascension_mode":false,"campfire_choices":[{"data":"Eruption","floor":6,"key":"SMITH"},{"data":"FlyingSleeves","floor":12,"key":"SMITH"},{"floor":15,"key":"REST"},{"data":"RitualDagger","floor":23,"key":"SMITH"}],"circlet_count":0,"master_deck":["Eruption+1","Vigilance","FlyingSleeves+1","infinitespire:Starlight+1","WheelKick","ThirdEye","EmptyBody","FollowUp","FollowUp","LessonLearned","Nirvana","TalkToTheHand+1","Protect","ThirdEye","Sanctity","Vengeance","RitualDagger+1","FollowUp","ThirdEye"],"relics":["Philosopher\u0027s Stone","infinitespire:Cubic Diamond","WarpedTongs","War Paint","Pandora\u0027s Box","Lizard Tail","Art of War"],"acts_visited":["Exordium","TheCity"],"potions_floor_usage":[13,14,16,20,28,28],"damage_taken":[{"damage":2,"enemies":"Jaw Worm","floor":1,"turns":3},{"damage":0,"enemies":"2 Louse","floor":4,"turns":2},{"damage":2,"enemies":"Small Slimes","floor":10,"turns":2},{"damage":14,"enemies":"Gremlin Gang","floor":13,"turns":2},{"damage":8,"enemies":"Large Slime","floor":14,"turns":5},{"damage":75,"enemies":"The Guardian","floor":16,"turns":6},{"damage":2,"enemies":"Shell Parasite","floor":18,"turns":6},{"damage":8,"enemies":"Chosen","floor":20,"turns":3},{"damage":8,"enemies":"Centurion and Healer","floor":22,"turns":5},{"damage":26,"enemies":"Snecko","floor":24,"turns":5},{"damage":19,"enemies":"Snake Plant","floor":28,"turns":2},{"damage":0,"enemies":"Shelled Parasite and Fungi","floor":29,"turns":1}],"seed_played":"-1078159357976454114","potions_obtained":[{"floor":4,"key":"Explosive Potion"},{"floor":10,"key":"LiquidMemories"},{"floor":11,"key":"BottledMiracle"},{"floor":11,"key":"Block Potion"},{"floor":18,"key":"AttackPotion"},{"floor":20,"key":"SteroidPotion"},{"floor":22,"key":"Explosive Potion"}],"is_trial":false,"path_per_floor":["M","?","?","M","$","R","$","?","T","M","?","R","M","M","R","B",null,"M","?","M","?","M","R","M","$","T","?","M","M"],"character_chosen":"WATCHER","items_purchased":["ThirdEye"],"campfire_rested":1,"item_purchase_floors":[5],"current_hp_per_floor":[70,70,52,52,52,52,52,52,52,50,50,50,36,43,64,4,72,70,64,56,56,63,63,37,37,37,37,18,18,18],"gold":16,"neow_bonus":"BOSS_RELIC","is_daily":false,"chose_seed":false,"campfire_upgraded":3,"win_rate":0.0,"timestamp":1608508388,"path_taken":["M","?","?","M","$","R","?","?","T","?","?","R","?","M","R","BOSS","M","?","M","?","M","R","M","$","T","?","M","M"],"items_purchased_type":["Card"],"build_version":"2020-12-13","purchased_purges":2,"victory":false,"max_hp_per_floor":[72,72,72,72,72,72,72,72,72,72,72,72,72,72,72,72,72,72,72,72,72,72,72,72,72,72,72,72,72,72],"card_choices":[{"not_picked":["InnerPeace","Protect"],"picked":"FlyingSleeves","floor":1},{"not_picked":["infinitespire:Fortify","infinitespire:DeathsTouch"],"picked":"infinitespire:Starlight","floor":3},{"not_picked":["FlyingSleeves","SashWhip"],"picked":"WheelKick","floor":4},{"not_picked":["Tantrum","Pray"],"picked":"EmptyBody","floor":10},{"not_picked":["EmptyFist","Halt"],"picked":"FollowUp","floor":13},{"not_picked":["Crescendo","CutThroughFate"],"picked":"FollowUp","floor":14},{"not_picked":["DeusExMachina","Devotion"],"picked":"LessonLearned","floor":16},{"not_picked":["Evaluate","Halt","Meditate"],"picked":"SKIP","floor":18},{"not_picked":["Sanctity+1","Protect","CutThroughFate"],"picked":"SKIP","floor":20},{"not_picked":["EmptyMind+1","ThirdEye"],"picked":"FollowUp","floor":22},{"not_picked":["EmptyMind","Fasting2","FearNoEvil"],"picked":"SKIP","floor":24},{"not_picked":["Crescendo","CutThroughFate+1"],"picked":"ThirdEye","floor":28}],"player_experience":879330,"relics_obtained":[{"floor":9,"key":"War Paint"},{"floor":26,"key":"Art of War"}],"event_choices":[{"damage_healed":0,"gold_gain":0,"player_choice":"Rummage","damage_taken":0,"relics_obtained":["WarpedTongs"],"max_hp_gain":0,"max_hp_loss":0,"event_name":"Accursed Blacksmith","floor":8,"gold_loss":0,"cards_obtained":["Pain"]},{"damage_healed":0,"gold_gain":0,"player_choice":"Got Potions","damage_taken":0,"max_hp_gain":0,"max_hp_loss":0,"event_name":"Lab","floor":11,"gold_loss":0},{"damage_healed":0,"gold_gain":0,"player_choice":"Joined the Cult","damage_taken":6,"max_hp_gain":0,"max_hp_loss":0,"event_name":"Nest","floor":19,"gold_loss":0,"cards_obtained":["RitualDagger"]},{"damage_healed":0,"gold_gain":0,"player_choice":"Obtained Relic","damage_taken":0,"relics_obtained":["Lizard Tail"],"max_hp_gain":0,"max_hp_loss":0,"event_name":"Addict","floor":21,"gold_loss":85},{"cards_removed":["Collect"],"damage_healed":0,"gold_gain":0,"player_choice":"Gave Gold","damage_taken":0,"max_hp_gain":0,"max_hp_loss":0,"event_name":"Beggar","floor":27,"gold_loss":75}],"is_beta":false,"boss_relics":[{"not_picked":["SacredBark","infinitespire:Cupcake"],"picked":"Pandora\u0027s Box"}],"items_purged_floors":[5,25],"is_endless":false,"potions_floor_spawned":[4,10,18,20,22],"killed_by":"Shelled Parasite and Fungi","ascension_level":0}}