{"host":"pgqkv8mh62pnrbci","time":1608433908,"event":{"mods":["AchievementEnabler","BaseMod","Custom Start","Minty Spire (QoL Compilation)","StSLib","SuperFastMode"],"gold_per_floor":[109,128,203,203,222,222,249,249,274,287,317,334,334,334],"floor_reached":13,"playtime":291,"items_purged":[],"score":166,"play_id":"31a57202-5811-4abe-b60d-1c43175304f1","local_time":"20201220121148","is_ascension_mode":true,"campfire_choices":[{"data":"Eruption","floor":6.0,"key":"SMITH"},{"floor":8.0,"key":"REST"}],"circlet_count":0,"master_deck":["AscendersBane","Strike_P","Strike_P","Strike_P","Strike_P","Defend_P","Defend_P","Defend_P","Defend_P","Eruption+1","Vigilance","Panache","Halt","MentalFortress","Blasphemy","Vengeance","Tantrum"],"relics":["PureWater","Oddly Smooth Stone","Tiny Chest","Damaru"],"acts_visited":["Exordium"],"potions_floor_usage":[13],"damage_taken":[{"damage":14.0,"enemies":"2 Louse","floor":1.0,"turns":3.0},{"damage":0.0,"enemies":"Small Slimes","floor":2.0,"turns":2.0},{"damage":7.0,"enemies":"Jaw Worm","floor":5.0,"turns":4.0},{"damage":6.0,"enemies":"3 Sentries","floor":7.0,"turns":4.0},{"damage":2.0,"enemies":"Blue Slaver","floor":10.0,"turns":4.0},{"damage":2,"enemies":"3 Louse","floor":12,"turns":4},{"damage":23,"enemies":"Lagavulin","floor":13,"turns":4}],"seed_played":"-5712876682012623666","potions_obtained":[{"floor":10.0,"key":"PowerPotion"},{"floor":12,"key":"Swift Potion"}],"is_trial":false,"path_per_floor":["M","M","?","?","M","R","E","R","T","M","?","M","E"],"character_chosen":"WATCHER","items_purchased":[],"campfire_rested":1,"item_purchase_floors":[],"current_hp_per_floor":[29,29,18,18,11,11,5,25,25,23,23,21,0,0],"gold":334,"neow_bonus":"RANDOM_COLORLESS_2","is_daily":false,"chose_seed":false,"campfire_upgraded":1,"win_rate":0.0,"timestamp":1608433908,"path_taken":["M","M","?","?","M","R","E","R","T","M","?","M","E"],"items_purchased_type":[],"build_version":"2020-12-13","purchased_purges":0,"victory":false,"max_hp_per_floor":[68,68,68,68,68,68,68,68,68,68,68,68,68,68],"card_choices":[{"not_picked":["Transmutation","Magnetism"],"picked":"Panache","floor":0.0},{"not_picked":["Sanctity","ReachHeaven"],"picked":"Halt","floor":1.0},{"not_picked":["CrushJoints","EmptyFist"],"picked":"MentalFortress","floor":2.0},{"not_picked":["EmptyBody","Indignation","Fasting2"],"picked":"SKIP","floor":5.0},{"not_picked":["Perseverance","Prostrate"],"picked":"Blasphemy","floor":7.0},{"not_picked":["Prostrate","SashWhip"],"picked":"Vengeance","floor":10.0},{"not_picked":["Nirvana","ForeignInfluence"],"picked":"Tantrum","floor":12}],"player_experience":560835,"relics_obtained":[{"floor":7.0,"key":"Oddly Smooth Stone"},{"floor":9.0,"key":"Tiny Chest"}],"event_choices":[{"damage_healed":0.0,"max_hp_gain":0.0,"max_hp_loss":0.0,"gold_gain":75.0,"event_name":"World of Goop","player_choice":"Gather Gold","floor":3.0,"gold_loss":0.0,"damage_taken":11.0},{"damage_healed":0.0,"max_hp_gain":0.0,"max_hp_loss":0.0,"gold_gain":0.0,"event_name":"Scrap Ooze","player_choice":"Fled","floor":4.0,"gold_loss":0.0,"damage_taken":0.0},{"damage_healed":0,"gold_gain":30,"player_choice":"Searched \u00272\u0027 times","damage_taken":0,"relics_obtained":["Damaru"],"max_hp_gain":0,"max_hp_loss":0,"event_name":"Dead Adventurer","floor":11,"gold_loss":0}],"is_beta":false,"boss_relics":[],"items_purged_floors":[],"is_endless":false,"potions_floor_spawned":[10,12],"killed_by":"Lagavulin","ascension_level":19}}