{"host":"7y3xcojbvgknqiob","time":1608453983,"event":{"mods":["Aspiration","BaseMod","Best Route Mod","Downfall","Hermit","Magitek Elite","Minty Spire (QoL Compilation)","Potionbrewer","Quick Restart","StSLib","The Bug Knight"],"gold_per_floor":[99,11,44,62,47,47,74,11,49,61,73,95,107,137,162,174,174],"floor_reached":16,"playtime":940,"items_purged":[],"score":108,"play_id":"4f819d0b-b9d8-4dc0-ae25-f756b1511f49","local_time":"20201220004623","is_ascension_mode":false,"campfire_choices":[{"data":"champ:Taunt","floor":1,"key":"SMITH"},{"floor":6,"key":"RECALL"},{"data":"champ:Backstep","floor":8,"key":"SMITH"},{"data":"champ:TornadoPunch","floor":10,"key":"SMITH"}],"circlet_count":0,"master_deck":["champ:Strike","champ:Strike","champ:Strike","champ:Strike","champ:Defend","champ:Defend","champ:Defend","champ:Defend","champ:Execute","champ:Taunt+1","champ:FanOfKnives","champ:DefensiveShout","champ:PerfectedStrike","champ:Encircle","champ:Backstep+1","champ:PreciseThrust","champ:TornadoPunch+1","champ:Lariat","champ:Encircle","champ:GladiatorsShout"],"relics":["champ:ChampionCrown","Centennial Puzzle","MawBank","downfall:HeartBlessingRed","Kunai","champ:LiftRelic"],"acts_visited":[],"potions_floor_usage":[16],"damage_taken":[{"damage":10,"enemies":"downfall:FleeingMerchant","floor":2,"turns":4},{"damage":27,"enemies":"Gremlin Nob","floor":3,"turns":4},{"damage":7,"enemies":"2 Louse","floor":4,"turns":2},{"damage":9,"enemies":"downfall:FleeingMerchant","floor":5,"turns":4},{"damage":36,"enemies":"3 Sentries","floor":9,"turns":4},{"damage":5,"enemies":"Jaw Worm","floor":12,"turns":2},{"damage":5,"enemies":"Small Slimes","floor":14,"turns":2},{"damage":6,"enemies":"3 Louse","floor":15,"turns":2},{"damage":55,"enemies":"downfall:Ironclad","floor":16,"turns":6}],"seed_played":"5710138060031066448","potions_obtained":[{"floor":9,"key":"potionbrewer:AcidPotion"},{"floor":14,"key":"potionbrewer:AcidPotion"}],"is_trial":false,"path_per_floor":["R","$","E","M","$","R","T","R","E","R","?","M","?","M","M","B"],"character_chosen":"THE_CHAMP","items_purchased":["champ:DefensiveShout","champ:PerfectedStrike"],"campfire_rested":0,"item_purchase_floors":[2,2],"current_hp_per_floor":[99,99,77,72,72,72,72,72,48,48,48,48,48,48,42,0,0],"gold":174,"neow_bonus":"TEN_PERCENT_HP_BONUS","is_daily":false,"chose_seed":false,"campfire_upgraded":3,"win_rate":0.0,"timestamp":1608453983,"path_taken":["R","$","E","M","$","R","T","R","E","R","?","M","?","M","M","BOSS"],"items_purchased_type":["Card","Card"],"build_version":"2020-12-13","purchased_purges":0,"victory":false,"max_hp_per_floor":[99,99,99,99,99,99,99,99,99,99,99,99,99,99,99,99,99],"card_choices":[{"not_picked":["champ:CrookedStrike","champ:FocusedGladiator"],"picked":"champ:FanOfKnives","floor":2},{"not_picked":["champ:CrookedStrike","champ:Circumvent"],"picked":"champ:Encircle","floor":3},{"not_picked":["champ:FocusedDefense","champ:Circumvent"],"picked":"champ:Backstep","floor":4},{"not_picked":["champ:FanOfKnives","champ:AdrenalArmor"],"picked":"champ:PreciseThrust","floor":5},{"not_picked":["champ:BladeFlurry","champ:Devastate"],"picked":"champ:TornadoPunch","floor":9},{"not_picked":["champ:PerfectedStrike","champ:BladeFlurry"],"picked":"champ:Lariat","floor":12},{"not_picked":["champ:Circumvent","champ:PerfectedStrike"],"picked":"champ:Encircle","floor":14},{"not_picked":["champ:Backstep","champ:CrookedStrike"],"picked":"champ:GladiatorsShout","floor":15}],"player_experience":332970,"relics_obtained":[{"floor":3,"key":"Centennial Puzzle"},{"floor":7,"key":"MawBank"},{"floor":9,"key":"Kunai"}],"event_choices":[],"is_beta":false,"boss_relics":[],"items_purged_floors":[],"is_endless":false,"potions_floor_spawned":[9,14],"killed_by":"downfall:Ironclad","ascension_level":0}}