{"host":"l99crexq2sc8megk","time":1608461838,"event":{"mods":["BaseMod","Hermit","Minty Spire (QoL Compilation)","Quick Restart","StSLib","The Cursed"],"gold_per_floor":[117,117,129,129,129,155,155,169,169,184,199,225,200,200,200,274,274,287,162,174,186,186,186,214,214,214,248,148,348,366,366,366,366,366],"floor_reached":33,"playtime":2298,"items_purged":["Exhume","Whirlwind+1"],"score":541,"play_id":"1fe7f608-aa61-4996-90b6-7e5750d30a17","local_time":"20201220185718","is_ascension_mode":true,"campfire_choices":[{"data":"Strike_R","floor":7.0,"key":"SMITH"},{"data":"Hemokinesis","floor":15.0,"key":"SMITH"},{"data":"Armaments","floor":23.0,"key":"SMITH"},{"data":"Entrench","floor":25.0,"key":"SMITH"},{"data":"Entrench","floor":32.0,"key":"SMITH"}],"circlet_count":0,"master_deck":["AscendersBane","Shrug It Off+1","Hemokinesis+1","Whirlwind+1","Headbutt+1","Reaper+1","Entrench","Brutality","Entrench+1","Juggernaut","Entrench+1","Iron Wave+1","Shrug It Off+1","Armaments+1","Body Slam+1","Shrug It Off"],"relics":["Burning Blood","NeowsBlessing","WingedGreaves","Incense Burner","Akabeko","Darkstone Periapt","Molten Egg 2","Ornamental Fan","Pandora\u0027s Box","Du-Vu Doll","War Paint","Mercury Hourglass","Potion Belt"],"acts_visited":["Exordium","TheCity"],"potions_floor_usage":[33,33],"damage_taken":[{"damage":0.0,"enemies":"2 Louse","floor":1.0,"turns":1.0},{"damage":0.0,"enemies":"Cultist","floor":3.0,"turns":1.0},{"damage":0.0,"enemies":"Lagavulin","floor":6.0,"turns":2.0},{"damage":0.0,"enemies":"Small Slimes","floor":8.0,"turns":2.0},{"damage":12.0,"enemies":"2 Fungi Beasts","floor":10.0,"turns":4.0},{"damage":5.0,"enemies":"Blue Slaver","floor":11.0,"turns":2.0},{"damage":15.0,"enemies":"Gremlin Nob","floor":12.0,"turns":4.0},{"damage":45.0,"enemies":"Hexaghost","floor":16.0,"turns":9.0},{"damage":0.0,"enemies":"3 Byrds","floor":18.0,"turns":2.0},{"damage":20.0,"enemies":"Chosen","floor":20.0,"turns":5.0},{"damage":20.0,"enemies":"Snecko","floor":21.0,"turns":4.0},{"damage":15.0,"enemies":"Slavers","floor":24.0,"turns":6.0},{"damage":23.0,"enemies":"Book of Stabbing","floor":27.0,"turns":6.0},{"damage":4.0,"enemies":"Sentry and Sphere","floor":30.0,"turns":4.0},{"damage":58,"enemies":"Champ","floor":33,"turns":8}],"seed_played":"3984680145166044804","potions_obtained":[{"floor":1.0,"key":"AttackPotion"},{"floor":3.0,"key":"Energy Potion"},{"floor":16.0,"key":"Block Potion"},{"floor":18.0,"key":"ColorlessPotion"},{"floor":21.0,"key":"GamblersBrew"},{"floor":30.0,"key":"LiquidMemories"}],"is_trial":false,"path_per_floor":["M","?","M","?","?","E","R","M","T","M","M","E","$","?","R","B",null,"M","$","M","M","?","R","E","R","T","E","$","?","M","?","R","B"],"character_chosen":"IRONCLAD","items_purchased":["Headbutt+1","Armaments"],"campfire_rested":0,"item_purchase_floors":[13,19],"current_hp_per_floor":[74,74,75,72,57,63,63,69,69,63,64,55,55,55,55,16,60,66,66,52,38,38,38,44,44,44,27,27,27,32,32,32,0,0],"gold":366,"neow_bonus":"THREE_ENEMY_KILL","is_daily":false,"chose_seed":false,"campfire_upgraded":5,"win_rate":0.0,"timestamp":1608461838,"path_taken":["M","?","?","?","?","E","R","M","T","M","M","E","$","?","R","BOSS","M","$","M","M","?","R","E","R","T","E","$","?","?","?","R","BOSS"],"items_purchased_type":["Card","Card"],"build_version":"2020-12-13","purchased_purges":2,"victory":false,"max_hp_per_floor":[75,75,75,75,75,75,75,75,75,75,75,75,75,75,75,75,75,75,75,75,75,75,75,75,75,75,75,75,75,75,75,75,75,75],"card_choices":[{"not_picked":["Flex","Sword Boomerang","Rupture"],"picked":"SKIP","floor":1.0},{"not_picked":["Clothesline","Havoc","Uppercut"],"picked":"SKIP","floor":3.0},{"not_picked":["Havoc","Body Slam","Reckless Charge"],"picked":"SKIP","floor":6.0},{"not_picked":["Infernal Blade","Thunderclap"],"picked":"Shrug It Off","floor":8.0},{"not_picked":["Reaper","Thunderclap"],"picked":"Hemokinesis","floor":10.0},{"not_picked":["Intimidate","Uppercut","Evolve"],"picked":"SKIP","floor":11.0},{"not_picked":["Headbutt+1","Ghostly Armor"],"picked":"Whirlwind+1","floor":12.0},{"not_picked":["Feed+1","Immolate+1"],"picked":"Reaper+1","floor":16.0},{"not_picked":["Dropkick+1","Headbutt+1","Heavy Blade+1"],"picked":"SKIP","floor":18.0},{"not_picked":["Headbutt+1","Entrench"],"picked":"Body Slam+1","floor":20.0},{"not_picked":["Intimidate","Pummel+1","Armaments"],"picked":"SKIP","floor":21.0},{"not_picked":["Ghostly Armor","Clash+1","Feed+1"],"picked":"SKIP","floor":24.0},{"not_picked":["Sword Boomerang+1","Thunderclap+1"],"picked":"Shrug It Off","floor":27.0},{"not_picked":["Anger+1","Armaments","Headbutt+1"],"picked":"SKIP","floor":30.0}],"player_experience":348041,"relics_obtained":[{"floor":6.0,"key":"Akabeko"},{"floor":9.0,"key":"Darkstone Periapt"},{"floor":12.0,"key":"Molten Egg 2"},{"floor":14.0,"key":"Ornamental Fan"},{"floor":24.0,"key":"Du-Vu Doll"},{"floor":26.0,"key":"War Paint"},{"floor":27.0,"key":"Mercury Hourglass"}],"event_choices":[{"damage_healed":0.0,"max_hp_gain":0.0,"max_hp_loss":0.0,"gold_gain":0.0,"event_name":"WeMeetAgain","player_choice":"Gave Potion","floor":2.0,"gold_loss":0.0,"damage_taken":0.0,"relics_obtained":["WingedGreaves"]},{"damage_healed":0.0,"max_hp_gain":0.0,"max_hp_loss":0.0,"gold_gain":0.0,"event_name":"Scrap Ooze","player_choice":"Success","floor":4.0,"gold_loss":0.0,"damage_taken":3.0,"relics_obtained":["Incense Burner"]},{"damage_healed":0.0,"max_hp_gain":0.0,"max_hp_loss":0.0,"gold_gain":0.0,"event_name":"Shining Light","player_choice":"Entered Light","floor":5.0,"gold_loss":0.0,"damage_taken":15.0,"cards_upgraded":["Bash","Strike_R"]},{"damage_healed":0.0,"max_hp_gain":0.0,"max_hp_loss":0.0,"gold_gain":0.0,"event_name":"Wheel of Change","player_choice":"Relic","floor":14.0,"gold_loss":0.0,"damage_taken":0.0},{"cards_removed":["Bash"],"damage_healed":0.0,"max_hp_gain":0.0,"max_hp_loss":0.0,"gold_gain":0.0,"event_name":"Back to Basics","player_choice":"Elegance","floor":22.0,"gold_loss":0.0,"damage_taken":0.0},{"damage_healed":0.0,"max_hp_gain":0.0,"max_hp_loss":0.0,"gold_gain":200.0,"event_name":"Wheel of Change","player_choice":"Gold","floor":29.0,"gold_loss":0.0,"damage_taken":0.0},{"damage_healed":0.0,"max_hp_gain":0.0,"max_hp_loss":0.0,"gold_gain":0.0,"event_name":"The Mausoleum","player_choice":"Opened","floor":31.0,"gold_loss":0.0,"damage_taken":0.0,"relics_obtained":["Potion Belt"]}],"is_beta":false,"boss_relics":[{"not_picked":["Runic Cube","Snecko Eye"],"picked":"Pandora\u0027s Box"}],"items_purged_floors":[19,28],"is_endless":false,"potions_floor_spawned":[1,3,16,18,21,27,30],"killed_by":"Champ","ascension_level":14}}