{"host":"4kgga43fr9t628g1","time":1608427772,"event":{"mods":["Act Like it!","BaseMod","Gensokyo","MarisaÅiñ∂âJÅ@ñÇóùçπÅj","Minty Spire (QoL Compilation)","StSLib","everything is the same but u backflip on backflip"],"gold_per_floor":[117,42,42,42,42,68,85,85,108,139,156,187,187,199,199,273,273,273,273,273,273,273,273,76,76,76,76,76,76,76,76,76,76,76,76,76,76,76,76,76,0,0,0,0,0,0,0,0,0,0,0,0,0,0,0,0],"floor_reached":57,"playtime":4566,"items_purged":["Defend_R","Strike_R"],"score":2892,"play_id":"a22ea2eb-3aae-4225-bfa8-14196fe3949e","local_time":"20201219172932","is_ascension_mode":true,"campfire_choices":[{"data":"Infernal Blade","floor":8,"key":"SMITH"},{"data":"Armaments","floor":15,"key":"SMITH"},{"data":"Finesse","floor":25,"key":"SMITH"},{"data":"Offering","floor":32,"key":"SMITH"},{"floor":40,"key":"RECALL"},{"data":"Apotheosis","floor":44,"key":"SMITH"},{"data":"Battle Trance","floor":49,"key":"SMITH"},{"data":"Intimidate","floor":53,"key":"SMITH"}],"circlet_count":0,"master_deck":["AscendersBane","Strike_R","Strike_R","Strike_R","Defend_R","Defend_R","Defend_R","Bash","Demon Form+1","Intimidate+1","Offering+1","Infernal Blade+1","Intimidate","Armaments+1","Reaper","Thunderclap","Feed","Bludgeon","Pommel Strike","Shrug It Off","Battle Trance+1","Finesse+1","Warcry","Double Tap","Apotheosis+1","Dark Shackles","Limit Break"],"relics":["Burning Blood","Bottled Tornado","Lantern","Akabeko","Mummified Hand","Sundial","Ectoplasm","Juzu Bracelet","Vajra","Du-Vu Doll","Runic Cube","Gambling Chip","Red Mask","Mercury Hourglass","Thread and Needle","Strawberry","Bird Faced Urn"],"acts_visited":["Exordium","TheCity","TheBeyond","TheEnding"],"potions_floor_usage":[10,33,45,56,56],"damage_taken":[{"damage":3,"enemies":"Small Slimes","floor":1,"turns":3},{"damage":16,"enemies":"Lagavulin","floor":6,"turns":5},{"damage":18,"enemies":"Jaw Worm","floor":7,"turns":3},{"damage":16,"enemies":"Gremlin Nob","floor":10,"turns":3},{"damage":7,"enemies":"2 Louse","floor":11,"turns":3},{"damage":23,"enemies":"Lagavulin","floor":12,"turns":7},{"damage":3,"enemies":"Gremlin Gang","floor":14,"turns":3},{"damage":0,"enemies":"Slime Boss","floor":16,"turns":5},{"damage":29,"enemies":"Spheric Guardian","floor":18,"turns":5},{"damage":39,"enemies":"Shell Parasite","floor":20,"turns":4},{"damage":26,"enemies":"Centurion and Healer","floor":21,"turns":9},{"damage":6,"enemies":"Snake Plant","floor":22,"turns":2},{"damage":46,"enemies":"Slavers","floor":23,"turns":5},{"damage":4,"enemies":"Snecko","floor":27,"turns":3},{"damage":13,"enemies":"Book of Stabbing","floor":28,"turns":3},{"damage":54,"enemies":"Automaton","floor":33,"turns":7},{"damage":28,"enemies":"3 Shapes","floor":35,"turns":4},{"damage":13,"enemies":"Mind Bloom Boss Battle","floor":36,"turns":6},{"damage":30,"enemies":"3 Darklings","floor":38,"turns":5},{"damage":21,"enemies":"Giant Head","floor":42,"turns":5},{"damage":16,"enemies":"Reptomancer","floor":45,"turns":5},{"damage":24,"enemies":"Maw","floor":46,"turns":4},{"damage":20,"enemies":"Nemesis","floor":47,"turns":5},{"damage":12,"enemies":"Transient","floor":48,"turns":6},{"damage":58,"enemies":"Time Eater","floor":50,"turns":7},{"damage":75,"enemies":"Awakened One","floor":51,"turns":7},{"damage":58,"enemies":"Shield and Spear","floor":55,"turns":6},{"damage":203,"enemies":"The Heart","floor":56,"turns":9}],"seed_played":"4043865312530983224","potions_obtained":[{"floor":1,"key":"BlessingOfTheForge"},{"floor":11,"key":"DistilledChaos"},{"floor":14,"key":"BloodPotion"},{"floor":36,"key":"GamblersBrew"},{"floor":47,"key":"ElixirPotion"}],"is_trial":false,"path_per_floor":["M","$","?","?","?","E","M","R","T","E","M","E","T","M","R","B",null,"M","?","M","M","M","E","$","R","T","M","E","?","?","$","R","B",null,"M","?","?","M","$","R","?","E","T","R","E","M","E","M","R","B","B",null,"R","$","E","B",null],"character_chosen":"IRONCLAD","items_purchased":["Finesse"],"campfire_rested":0,"item_purchase_floors":[24],"current_hp_per_floor":[71,71,71,76,76,66,54,54,54,44,43,45,45,80,80,80,80,67,67,56,64,67,53,53,53,53,58,73,73,73,73,73,52,88,101,102,92,94,94,94,94,88,88,88,103,107,114,114,114,102,101,117,117,117,113,37],"gold":0,"neow_bonus":"ONE_RANDOM_RARE_CARD","is_daily":false,"chose_seed":false,"campfire_upgraded":7,"win_rate":0.0,"timestamp":1608427772,"path_taken":["M","$","?","?","?","E","M","R","T","E","?","E","?","M","R","BOSS","M","?","M","M","M","E","$","R","T","M","E","?","?","$","R","BOSS","M","?","?","M","?","R","?","E","T","R","E","M","E","M","R","BOSS","BOSS","R","$","E","BOSS"],"items_purchased_type":["Card"],"build_version":"2020-12-13","purchased_purges":2,"victory":true,"max_hp_per_floor":[75,75,75,80,80,80,80,80,80,80,80,80,80,80,80,80,80,80,80,83,86,89,93,93,93,93,96,100,100,100,100,100,100,100,103,103,103,103,103,103,103,103,103,103,103,107,114,114,114,118,122,122,122,122,122,122],"card_choices":[{"not_picked":["Anger","Warcry"],"picked":"Intimidate","floor":1},{"not_picked":["Rampage","Perfected Strike"],"picked":"Intimidate","floor":6},{"not_picked":["Infernal Blade","Sentinel","Evolve"],"picked":"SKIP","floor":7},{"not_picked":["Combust","Rampage"],"picked":"Armaments","floor":10},{"not_picked":["Sentinel","Havoc"],"picked":"Reaper","floor":11},{"not_picked":["Carnage","Clothesline","Hemokinesis"],"picked":"SKIP","floor":12},{"not_picked":["Shockwave","Pommel Strike"],"picked":"Thunderclap","floor":14},{"not_picked":["Brutality","Exhume"],"picked":"Feed","floor":16},{"not_picked":["Evolve","True Grit","Headbutt"],"picked":"SKIP","floor":18},{"not_picked":["Flex","Clothesline","Infernal Blade"],"picked":"SKIP","floor":20},{"not_picked":["Havoc","Dual Wield"],"picked":"Pommel Strike","floor":21},{"not_picked":["Sever Soul","Combust"],"picked":"Shrug It Off","floor":22},{"not_picked":["Body Slam","Flame Barrier"],"picked":"Battle Trance","floor":23},{"not_picked":["Headbutt+1","True Grit","Sword Boomerang"],"picked":"SKIP","floor":27},{"not_picked":["Perfected Strike","Intimidate","Corruption"],"picked":"SKIP","floor":28},{"not_picked":["Impervious","Bludgeon"],"picked":"Double Tap","floor":33},{"not_picked":["Reckless Charge+1","Flex","Heavy Blade"],"picked":"SKIP","floor":35},{"not_picked":["Chrysalis","Blind"],"picked":"Apotheosis","floor":37},{"not_picked":["Trip","PanicButton"],"picked":"Dark Shackles","floor":37},{"not_picked":["Thunderclap","Seeing Red","Bloodletting+1"],"picked":"SKIP","floor":38},{"not_picked":["Headbutt","Blood for Blood","Clash"],"picked":"SKIP","floor":42},{"not_picked":["Whirlwind+1","Sword Boomerang+1"],"picked":"Limit Break","floor":45},{"not_picked":["Reckless Charge","Thunderclap","Pummel"],"picked":"SKIP","floor":46},{"not_picked":["Reckless Charge+1","Headbutt+1","True Grit"],"picked":"SKIP","floor":47},{"not_picked":["Pommel Strike","Havoc","Headbutt"],"picked":"SKIP","floor":48},{"not_picked":["Havoc+1","Dual Wield","Infernal Blade"],"picked":"SKIP","floor":55}],"player_experience":817462,"relics_obtained":[{"floor":6,"key":"Bottled Tornado"},{"floor":9,"key":"Lantern"},{"floor":10,"key":"Akabeko"},{"floor":12,"key":"Mummified Hand"},{"floor":13,"key":"Sundial"},{"floor":23,"key":"Juzu Bracelet"},{"floor":26,"key":"Vajra"},{"floor":28,"key":"Du-Vu Doll"},{"floor":36,"key":"Gambling Chip"},{"floor":42,"key":"Mercury Hourglass"},{"floor":45,"key":"Thread and Needle"},{"floor":47,"key":"Strawberry"},{"floor":55,"key":"Bird Faced Urn"}],"event_choices":[{"damage_healed":0,"gold_gain":0,"player_choice":"Grow","damage_taken":0,"max_hp_gain":0,"max_hp_loss":0,"event_name":"Living Wall","floor":3,"gold_loss":0,"cards_upgraded":["Demon Form"]},{"damage_healed":0,"gold_gain":0,"player_choice":"Donut","damage_taken":0,"max_hp_gain":5,"max_hp_loss":0,"event_name":"Big Fish","floor":4,"gold_loss":0},{"damage_healed":0,"gold_gain":0,"player_choice":"2 cards matched","damage_taken":0,"max_hp_gain":0,"max_hp_loss":0,"event_name":"Match and Keep!","floor":5,"gold_loss":0,"cards_obtained":["Offering","Infernal Blade"]},{"damage_healed":0,"gold_gain":0,"cards_transformed":["Strike_R"],"player_choice":"Transformed","damage_taken":0,"max_hp_gain":0,"max_hp_loss":0,"event_name":"Transmorgrifier","floor":19,"gold_loss":0,"cards_obtained":["Bludgeon"]},{"damage_healed":0,"gold_gain":0,"player_choice":"Read","damage_taken":0,"max_hp_gain":0,"max_hp_loss":0,"event_name":"The Library","floor":29,"gold_loss":0,"cards_obtained":["Warcry"]},{"damage_healed":0,"gold_gain":0,"player_choice":"Ignored","damage_taken":0,"max_hp_gain":0,"max_hp_loss":0,"event_name":"Ghosts","floor":30,"gold_loss":0},{"damage_healed":0,"gold_gain":0,"player_choice":"Fight","damage_taken":0,"max_hp_gain":0,"max_hp_loss":0,"event_name":"MindBloom","floor":36,"gold_loss":0},{"damage_healed":0,"gold_gain":0,"player_choice":"Memory 3","damage_taken":10,"max_hp_gain":0,"max_hp_loss":0,"event_name":"SensoryStone","floor":37,"gold_loss":0},{"damage_healed":0,"gold_gain":0,"player_choice":"Paid","damage_taken":0,"relics_obtained":["Red Mask"],"max_hp_gain":0,"max_hp_loss":0,"event_name":"Tomb of Lord Red Mask","floor":41,"gold_loss":76}],"is_beta":false,"boss_relics":[{"not_picked":["Cursed Key","Calling Bell"],"picked":"Ectoplasm"},{"not_picked":["Tiny House","Mark of Pain"],"picked":"Runic Cube"}],"items_purged_floors":[2,24],"is_endless":false,"potions_floor_spawned":[1,11,14,16,20,21,23,27,36,42,47,48],"ascension_level":20}}