{"host":"ul103bh19qas5vs8","time":1608446111,"event":{"mods":["BaseMod","Downfall","Googly Eyes","Minty Spire (QoL Compilation)","Replay The Spire","Shop Mod","StSLib"],"gold_per_floor":[118,199,199,210,285,285,313,313,313,313,342,361,389,401,401,498,598,617,628,656,667,685,685,696,696,696,549,583,583,583,449,449,545,545,563,582,373,373,389,416,416,466,489,489,489,500,526,537,537,537,537],"floor_reached":50,"playtime":1716,"items_purged":["Strike_G","Strike_G","Strike_G"],"score":787,"play_id":"6878559a-5e13-48f7-b0cd-0c038d296c2f","local_time":"20201220143511","is_ascension_mode":true,"campfire_choices":[{"data":"Neutralize","floor":6.0,"key":"SMITH"},{"data":"Adrenaline","floor":8.0,"key":"SMITH"},{"data":"Night Terror","floor":15.0,"key":"SMITH"},{"data":"Accuracy","floor":23.0,"key":"SMITH"},{"data":"Blade Dance","floor":25.0,"key":"SMITH"},{"data":"Cloak And Dagger","floor":29.0,"key":"SMITH"},{"data":"Tactician","floor":32.0,"key":"SMITH"},{"data":"Calculated Gamble","floor":41,"key":"SMITH"},{"floor":45,"key":"RECALL"},{"data":"Infinite Blades","floor":49,"key":"SMITH"}],"circlet_count":0,"master_deck":["Strike_G","Defend_G","Defend_G","Defend_G","Defend_G","Defend_G","Survivor","Neutralize+1","Cloak And Dagger+1","Tactician+1","Dash","Adrenaline+1","Night Terror+1","Accuracy+1","Blade Dance+1","Acrobatics+1","Infinite Blades+1","Terror+1","PiercingWail+1","Calculated Gamble+1","Cloak And Dagger+1","Acrobatics+1","Cloak And Dagger+1","Acrobatics+1"],"relics":["Ring of the Snake","NeowsBlessing","Pen Nib","Chameleon Ring","Bottled Lightning","Bottled Flame","Replay:Wanted Poster","Red Mask","Quantum Egg","Replay:Accelerometer","Runic Dome","Membership Card","White Beast Statue","Durian","ReplayTheSpireMod:TigerMarble"],"acts_visited":["Exordium","TheCity","TheBeyond"],"potions_floor_usage":[50],"damage_taken":[{"damage":0.0,"enemies":"Jaw Worm","floor":1.0,"turns":1.0},{"damage":0.0,"enemies":"Small Slimes","floor":4.0,"turns":1.0},{"damage":0.0,"enemies":"Lagavulin","floor":7.0,"turns":1.0},{"damage":29.0,"enemies":"Gremlin Nob","floor":11.0,"turns":5.0},{"damage":0.0,"enemies":"2 Louse","floor":12.0,"turns":2.0},{"damage":15.0,"enemies":"Lagavulin","floor":13.0,"turns":11.0},{"damage":0.0,"enemies":"Blue Slaver","floor":14.0,"turns":5.0},{"damage":1.0,"enemies":"Hexaghost","floor":16.0,"turns":8.0},{"damage":21.0,"enemies":"3 Byrds","floor":18.0,"turns":7.0},{"damage":0.0,"enemies":"Chosen","floor":19.0,"turns":2.0},{"damage":5.0,"enemies":"Masked Bandits","floor":20.0,"turns":6.0},{"damage":0.0,"enemies":"Centurion and Healer","floor":21.0,"turns":6.0},{"damage":0.0,"enemies":"Snake Plant","floor":22.0,"turns":4.0},{"damage":0.0,"enemies":"Sentry and Sphere","floor":24.0,"turns":3.0},{"damage":8.0,"enemies":"Book of Stabbing","floor":28.0,"turns":3.0},{"damage":0.0,"enemies":"Pondfish","floor":33.0,"turns":3.0},{"damage":8,"enemies":"3 Shapes","floor":35,"turns":4},{"damage":0,"enemies":"Orb Walker","floor":36,"turns":1},{"damage":0,"enemies":"Jaw Worm Horde","floor":39,"turns":3},{"damage":37,"enemies":"Reptomancer","floor":40,"turns":5},{"damage":0,"enemies":"Mind Bloom Boss Battle","floor":42,"turns":3},{"damage":0,"enemies":"Writhing Mass","floor":46,"turns":4},{"damage":0,"enemies":"Giant Head","floor":47,"turns":3},{"damage":0,"enemies":"Sphere and 2 Shapes","floor":48,"turns":2},{"damage":44,"enemies":"Time Eater","floor":50,"turns":9}],"seed_played":"8796626386167646068","potions_obtained":[{"floor":4.0,"key":"Fruit Juice"},{"floor":13.0,"key":"LifebloodPotion"},{"floor":14.0,"key":"SpeedPotion"},{"floor":18.0,"key":"Adrenaline Potion"},{"floor":24.0,"key":"ColorlessPotion"},{"floor":28.0,"key":"Fruit Juice"},{"floor":33.0,"key":"PowerPotion"},{"floor":35,"key":"Dexterity Potion"},{"floor":36,"key":"CultistPotion"},{"floor":40,"key":"DuplicationPotion"},{"floor":44,"key":"Adrenaline Potion"}],"is_trial":false,"path_per_floor":["M","?","?","M","?","R","E","R","T","?","E","M","E","M","R","B",null,"M","M","?","M","M","R","M","R","T","$","E","R","?","$","R","B",null,"M","M","$","?","M","E","R","?","T","?","R","M","E","M","R","B"],"character_chosen":"THE_SILENT","items_purchased":["DistilledChaos","Cloak And Dagger+1","Membership Card"],"campfire_rested":0,"item_purchase_floors":[27,31,37],"current_hp_per_floor":[70,53,53,53,47,47,47,47,47,47,18,18,3,3,3,2,75,54,54,49,49,49,49,49,49,49,49,48,48,48,48,48,48,82,74,74,74,74,74,37,37,42,42,42,42,42,42,42,42,0,0],"gold":537,"neow_bonus":"THREE_ENEMY_KILL","is_daily":false,"chose_seed":false,"campfire_upgraded":9,"win_rate":0.0,"timestamp":1608446111,"path_taken":["M","?","?","M","?","R","E","R","T","?","E","M","E","M","R","BOSS","M","M","?","M","M","R","M","R","T","$","E","R","?","$","R","BOSS","M","M","$","?","?","E","R","?","T","?","R","M","E","M","R","BOSS"],"items_purchased_type":["Potion","Card","Relic"],"build_version":"2020-12-13","purchased_purges":3,"victory":false,"max_hp_per_floor":[70,70,70,70,75,75,75,75,75,75,75,75,75,75,75,75,75,75,75,75,75,75,75,75,75,75,75,82,82,82,82,82,82,82,82,82,82,82,82,82,82,87,87,87,87,87,87,87,87,87,87],"card_choices":[{"not_picked":["Sucker Punch","Underhanded Strike"],"picked":"Cloak And Dagger","floor":1.0},{"not_picked":["Heel Hook","Cloak And Dagger"],"picked":"Tactician","floor":2.0},{"not_picked":["Quick Slash","Sucker Punch"],"picked":"Dash","floor":2.0},{"not_picked":["Poisoned Stab","Deflect"],"picked":"Adrenaline","floor":4.0},{"not_picked":["Deflect","Blur"],"picked":"Night Terror","floor":7.0},{"not_picked":["Slice","Setup","Night Terror"],"picked":"SKIP","floor":11.0},{"not_picked":["Caltrops","Tactician","Backstab"],"picked":"SKIP","floor":12.0},{"not_picked":["Tools of the Trade","Deflect"],"picked":"Accuracy","floor":13.0},{"not_picked":["Prepared","Distraction"],"picked":"Blade Dance","floor":14.0},{"not_picked":["Eviscerate+1","Dash","ReplayTheSpireMod:Exploit Weakness"],"picked":"SKIP","floor":18.0},{"not_picked":["Reflex","Catalyst+1"],"picked":"Acrobatics+1","floor":19.0},{"not_picked":["Flying Knee","Poisoned Stab+1"],"picked":"Infinite Blades","floor":20.0},{"not_picked":["Outmaneuver","Infinite Blades+1"],"picked":"Terror+1","floor":21.0},{"not_picked":["Caltrops","Blade Dance"],"picked":"PiercingWail+1","floor":22.0},{"not_picked":["Footwork","Expertise+1"],"picked":"Calculated Gamble","floor":24.0},{"not_picked":["Terror","Cloak And Dagger","Sucker Punch+1"],"picked":"SKIP","floor":28.0},{"not_picked":["All Out Attack+1","Quick Slash+1"],"picked":"Acrobatics","floor":35},{"not_picked":["Bane","Underhanded Strike+1","Choke"],"picked":"SKIP","floor":36},{"not_picked":["Catalyst+1","Quick Slash+1","Dagger Spray"],"picked":"SKIP","floor":39},{"not_picked":["Dodge and Roll+1","Bullet Time","Flying Knee"],"picked":"SKIP","floor":40},{"not_picked":["Blade Dance","Poisoned Stab"],"picked":"Cloak And Dagger+1","floor":42},{"not_picked":["Poisoned Stab","Quick Slash+1","Slice+1"],"picked":"SKIP","floor":46},{"not_picked":["Flying Knee","Blade Dance+1","Skewer"],"picked":"SKIP","floor":47},{"not_picked":["PiercingWail","Terror"],"picked":"Acrobatics+1","floor":48}],"player_experience":120629,"relics_obtained":[{"floor":7.0,"key":"Pen Nib"},{"floor":9.0,"key":"Chameleon Ring"},{"floor":11.0,"key":"Bottled Lightning"},{"floor":13.0,"key":"Bottled Flame"},{"floor":20.0,"key":"Red Mask"},{"floor":26.0,"key":"Quantum Egg"},{"floor":28.0,"key":"Replay:Accelerometer"},{"floor":40,"key":"White Beast Statue"},{"floor":42,"key":"Durian"},{"floor":47,"key":"ReplayTheSpireMod:TigerMarble"}],"event_choices":[{"damage_healed":0.0,"max_hp_gain":0.0,"max_hp_loss":0.0,"gold_gain":75.0,"event_name":"World of Goop","player_choice":"Gather Gold","floor":5.0,"gold_loss":0.0,"damage_taken":11.0},{"damage_healed":0.0,"max_hp_gain":0.0,"max_hp_loss":0.0,"gold_gain":0.0,"event_name":"Liars Game","player_choice":"Ignored","floor":10.0,"gold_loss":0.0,"damage_taken":0.0},{"damage_healed":0.0,"max_hp_gain":0.0,"max_hp_loss":0.0,"gold_gain":0.0,"event_name":"Masked Bandits","player_choice":"Fought Bandits","floor":20.0,"gold_loss":0.0,"damage_taken":0.0},{"damage_healed":0.0,"max_hp_gain":0.0,"max_hp_loss":0.0,"gold_gain":0.0,"event_name":"Vampires","player_choice":"Ignored","floor":30.0,"gold_loss":0.0,"damage_taken":0.0},{"damage_healed":0,"gold_gain":0,"player_choice":"Upgraded","damage_taken":0,"max_hp_gain":0,"max_hp_loss":0,"event_name":"Upgrade Shrine","floor":38,"gold_loss":0,"cards_upgraded":["Acrobatics"]},{"damage_healed":0,"gold_gain":0,"player_choice":"Fight","damage_taken":0,"max_hp_gain":0,"max_hp_loss":0,"event_name":"MindBloom","floor":42,"gold_loss":0},{"damage_healed":0,"gold_gain":0,"player_choice":"Got Potions","damage_taken":0,"max_hp_gain":0,"max_hp_loss":0,"event_name":"Lab","floor":44,"gold_loss":0}],"is_beta":false,"boss_relics":[{"not_picked":["Tiny House","ChewingGum"],"picked":"Replay:Wanted Poster"},{"not_picked":["Replay:Ancient Bell","Replay:Bronze Core"],"picked":"Runic Dome"}],"items_purged_floors":[27,31,37],"is_endless":false,"potions_floor_spawned":[4,13,14,18,20,24,28,33,35,36,40,42,46,47,48],"killed_by":"Time Eater","ascension_level":3}}