{"host":"3jpwrwmmgyabjceh","time":1608500182,"event":{"mods":["AchievementEnabler","BaseMod","Colored Map","Colored Powertips","Highlight Path","Minty Spire (QoL Compilation)","StSLib"],"gold_per_floor":[113,132,147,159,109,134,134,168,191,191,191,205,225,241,241,346,346,363,363,373,373,95,95,128,142,166,176,176,176,191,203,203,299,299,309,309,329,349,369,369,469,469,469,487,497,497,251,266,266,266,266,266,16,44,44,44],"floor_reached":55,"playtime":2884,"items_purged":["Strike_R","Strike_R"],"score":866,"play_id":"ec1b540b-1c1b-4f9e-9640-5a6577100703","local_time":"20201221003622","is_ascension_mode":true,"campfire_choices":[{"floor":7,"key":"REST"},{"floor":11,"key":"REST"},{"data":"Barricade","floor":15,"key":"SMITH"},{"floor":23,"key":"REST"},{"floor":29,"key":"REST"},{"floor":32,"key":"REST"},{"data":"True Grit","floor":40,"key":"SMITH"},{"data":"Bash","floor":42,"key":"SMITH"},{"data":"Shrug It Off","floor":46,"key":"SMITH"},{"floor":49,"key":"RECALL"},{"floor":52,"key":"DIG"}],"circlet_count":0,"master_deck":["Strike_R","Strike_R","Defend_R","Defend_R","Defend_R","Defend_R+1","Bash+1","Cleave","Heavy Blade","Pommel Strike","Shrug It Off+1","Barricade+1","Metallicize","Battle Trance+1","Feed","True Grit+1","Heavy Blade","Shrug It Off","Metallicize","Impervious","Spot Weakness","Spot Weakness","Armaments+1"],"relics":["Burning Blood","NeowsBlessing","Matryoshka","Red Skull","Ancient Tea Set","Happy Flower","Busted Crown","Omamori","Toy Ornithopter","HornCleat","War Paint","PreservedInsect","Velvet Choker","Shovel","Lee\u0027s Waffle","Bottled Lightning","Bronze Scales","Torii"],"acts_visited":["Exordium","TheCity","TheBeyond","TheEnding"],"potions_floor_usage":[6,6,8,16,33,45,50,50,54,54,54],"damage_taken":[{"damage":0,"enemies":"Small Slimes","floor":1,"turns":1},{"damage":0,"enemies":"Cultist","floor":2,"turns":1},{"damage":0,"enemies":"Jaw Worm","floor":3,"turns":1},{"damage":11,"enemies":"Looter","floor":4,"turns":2},{"damage":62,"enemies":"Lagavulin","floor":6,"turns":7},{"damage":40,"enemies":"3 Sentries","floor":8,"turns":9},{"damage":0,"enemies":"Gremlin Gang","floor":12,"turns":4},{"damage":10,"enemies":"2 Fungi Beasts","floor":13,"turns":3},{"damage":12,"enemies":"Lots of Slimes","floor":14,"turns":5},{"damage":16,"enemies":"The Guardian","floor":16,"turns":13},{"damage":15,"enemies":"3 Byrds","floor":18,"turns":7},{"damage":30,"enemies":"2 Thieves","floor":20,"turns":4},{"damage":31,"enemies":"Gremlin Leader","floor":24,"turns":8},{"damage":40,"enemies":"Shelled Parasite and Fungi","floor":25,"turns":6},{"damage":0,"enemies":"Centurion and Healer","floor":27,"turns":5},{"damage":5,"enemies":"Cultist and Chosen","floor":30,"turns":8},{"damage":25,"enemies":"Snake Plant","floor":31,"turns":6},{"damage":42,"enemies":"Automaton","floor":33,"turns":15},{"damage":3,"enemies":"Orb Walker","floor":35,"turns":5},{"damage":13,"enemies":"3 Darklings","floor":37,"turns":8},{"damage":18,"enemies":"Jaw Worm Horde","floor":38,"turns":5},{"damage":0,"enemies":"Maw","floor":39,"turns":9},{"damage":5,"enemies":"Spire Growth","floor":44,"turns":6},{"damage":18,"enemies":"Writhing Mass","floor":45,"turns":7},{"damage":0,"enemies":"Sphere and 2 Shapes","floor":48,"turns":6},{"damage":20,"enemies":"Time Eater","floor":50,"turns":11},{"damage":22,"enemies":"Shield and Spear","floor":54,"turns":5},{"damage":114,"enemies":"The Heart","floor":55,"turns":9}],"seed_played":"-6828257681049739903","potions_obtained":[{"floor":3,"key":"Ancient Potion"},{"floor":4,"key":"BloodPotion"},{"floor":8,"key":"Fruit Juice"},{"floor":12,"key":"GamblersBrew"},{"floor":27,"key":"PowerPotion"},{"floor":30,"key":"SneckoOil"},{"floor":33,"key":"Dexterity Potion"},{"floor":38,"key":"Explosive Potion"},{"floor":44,"key":"Regen Potion"},{"floor":45,"key":"BlessingOfTheForge"},{"floor":48,"key":"ColorlessPotion"}],"is_trial":false,"path_per_floor":["M","M","M","M","?","E","R","E","T","?","R","M","M","M","R","B",null,"M","?","M","?","$","R","E","M","T","M","?","R","M","M","R","B",null,"M","?","M","M","M","R","?","R","T","M","M","R","$","M","R","B",null,"R","$","E","B"],"character_chosen":"IRONCLAD","items_purchased":["Shrug It Off","Omamori","Lee\u0027s Waffle","Bronze Scales","Block Potion","Fire Potion"],"campfire_rested":5,"item_purchase_floors":[22,22,47,53,53,53],"current_hp_per_floor":[80,80,80,75,75,35,59,30,30,30,55,61,57,51,51,41,85,79,62,41,41,41,69,44,13,13,22,22,52,56,37,68,40,108,108,108,101,89,95,95,95,95,95,96,103,103,115,118,118,104,118,118,118,111,0,0],"gold":44,"neow_bonus":"THREE_ENEMY_KILL","is_daily":false,"chose_seed":false,"campfire_upgraded":4,"win_rate":0.0,"timestamp":1608500182,"path_taken":["M","M","M","M","?","E","R","E","T","?","R","M","?","M","R","BOSS","M","?","M","?","$","R","E","M","T","M","?","R","?","M","R","BOSS","M","?","?","M","M","R","?","R","T","M","M","R","$","M","R","BOSS","R","$","E","BOSS"],"items_purchased_type":["Card","Relic","Relic","Relic","Potion","Potion"],"build_version":"2020-12-13","purchased_purges":2,"victory":false,"max_hp_per_floor":[80,80,80,80,80,80,80,85,85,85,85,85,85,85,85,85,85,88,93,96,96,96,96,96,99,99,102,102,102,105,105,105,108,108,108,108,108,108,108,108,108,108,108,108,108,108,115,118,118,118,118,118,118,118,118,118],"card_choices":[{"not_picked":["Armaments","Clash"],"picked":"Cleave","floor":1},{"not_picked":["Anger","Headbutt"],"picked":"Heavy Blade","floor":2},{"not_picked":["Metallicize","Shrug It Off"],"picked":"Pommel Strike","floor":3},{"not_picked":["Juggernaut","Sword Boomerang"],"picked":"Shrug It Off","floor":4},{"not_picked":["Perfected Strike","Infernal Blade","Intimidate"],"picked":"SKIP","floor":6},{"not_picked":["Thunderclap","Seeing Red","Anger"],"picked":"SKIP","floor":8},{"not_picked":["Anger","Feel No Pain","Body Slam"],"picked":"SKIP","floor":12},{"not_picked":["Sword Boomerang","Cleave","Twin Strike"],"picked":"SKIP","floor":13},{"not_picked":["Headbutt","Uppercut"],"picked":"Battle Trance","floor":14},{"not_picked":["Berserk","Offering"],"picked":"Feed","floor":16},{"not_picked":[],"picked":"True Grit","floor":18},{"not_picked":[],"picked":"Heavy Blade","floor":20},{"not_picked":["Rampage"],"picked":"SKIP","floor":24},{"not_picked":["Intimidate"],"picked":"SKIP","floor":25},{"not_picked":["Battle Trance"],"picked":"SKIP","floor":27},{"not_picked":["Battle Trance"],"picked":"SKIP","floor":30},{"not_picked":[],"picked":"Metallicize","floor":31},{"not_picked":[],"picked":"Impervious","floor":33},{"not_picked":[],"picked":"Spot Weakness","floor":35},{"not_picked":["Cleave+1"],"picked":"SKIP","floor":37},{"not_picked":[],"picked":"Spot Weakness","floor":38},{"not_picked":["Hemokinesis+1"],"picked":"SKIP","floor":39},{"not_picked":[],"picked":"Armaments+1","floor":44},{"not_picked":["Blood for Blood"],"picked":"SKIP","floor":45},{"not_picked":["Dual Wield"],"picked":"SKIP","floor":48},{"not_picked":["Barricade"],"picked":"SKIP","floor":54}],"player_experience":238034,"relics_obtained":[{"floor":6,"key":"Matryoshka"},{"floor":8,"key":"Red Skull"},{"floor":9,"key":"Ancient Tea Set"},{"floor":9,"key":"Happy Flower"},{"floor":24,"key":"Toy Ornithopter"},{"floor":26,"key":"HornCleat"},{"floor":26,"key":"War Paint"},{"floor":36,"key":"Shovel"},{"floor":52,"key":"Bottled Lightning"},{"floor":54,"key":"Torii"}],"event_choices":[{"cards_removed":["Strike_R"],"damage_healed":0,"gold_gain":0,"player_choice":"Card Removal","damage_taken":0,"max_hp_gain":0,"max_hp_loss":0,"event_name":"The Cleric","floor":5,"gold_loss":50},{"damage_healed":0,"gold_gain":0,"player_choice":"2 cards matched","damage_taken":0,"max_hp_gain":0,"max_hp_loss":0,"event_name":"Match and Keep!","floor":10,"gold_loss":0,"cards_obtained":["Barricade","Metallicize"]},{"damage_healed":0,"gold_gain":0,"player_choice":"Shed Blood","damage_taken":22,"max_hp_gain":5,"max_hp_loss":0,"event_name":"Forgotten Altar","floor":19,"gold_loss":0},{"damage_healed":0,"gold_gain":0,"player_choice":"Ignored","damage_taken":0,"max_hp_gain":0,"max_hp_loss":0,"event_name":"Ghosts","floor":21,"gold_loss":0},{"damage_healed":0,"gold_gain":0,"player_choice":"Gave Potion","damage_taken":0,"relics_obtained":["PreservedInsect"],"max_hp_gain":0,"max_hp_loss":0,"event_name":"WeMeetAgain","floor":28,"gold_loss":0},{"damage_healed":0,"gold_gain":0,"player_choice":"Relic","damage_taken":0,"max_hp_gain":0,"max_hp_loss":0,"event_name":"Wheel of Change","floor":36,"gold_loss":0},{"damage_healed":0,"gold_gain":100,"player_choice":"Pray","damage_taken":0,"max_hp_gain":0,"max_hp_loss":0,"event_name":"Golden Shrine","floor":41,"gold_loss":0}],"is_beta":false,"boss_relics":[{"not_picked":["Snecko Eye","Runic Cube"],"picked":"Busted Crown"},{"not_picked":["Black Star","Runic Dome"],"picked":"Velvet Choker"}],"items_purged_floors":[22,47],"is_endless":false,"potions_floor_spawned":[3,4,8,12,27,30,33,38,44,45,48],"killed_by":"The Heart","ascension_level":4}}