{"host":"ue7jlgf7uv134an9","time":1608503720,"event":{"mods":["BaseMod","Better Third Choice","Defuse TimeMaze Blight","Minty Spire (QoL Compilation)","Quick Restart","Rare Cards Sparkle","Relic Stats","StSLib","UnlockEverythingMod"],"gold_per_floor":[365,375,387,387,164,179,208,208,276,293,322,322,322,322,322,399,399,409,459,509,253,264,264,296,307,307,321,152,171,239,257,257,334,334,352,143,206,226,276,304,304,332,332,332,394,461,478,528,528,528,528],"floor_reached":52,"playtime":3173,"items_purged":["Strike_G","Strike_G","Defend_G","Deadly Poison"],"score":1892,"play_id":"a7ca7877-3290-4910-89d1-1932c64a7520","local_time":"20201220173520","is_ascension_mode":true,"campfire_choices":[{"data":"Bouncing Flask","floor":8.0,"key":"SMITH"},{"floor":13.0,"key":"REST"},{"floor":15.0,"key":"REST"},{"data":"Tools of the Trade","floor":23.0,"key":"SMITH"},{"floor":32.0,"key":"REST"},{"data":"Accuracy","floor":41.0,"key":"SMITH"},{"data":"Well Laid Plans","floor":44.0,"key":"SMITH"},{"floor":49.0,"key":"REST"}],"circlet_count":0,"master_deck":["AscendersBane","Defend_G","Survivor","Neutralize+1","Dagger Spray+1","Backstab","Bouncing Flask+1","PiercingWail","Leg Sweep","Footwork","Blade Dance+1","Corpse Explosion+1","Phantasmal Killer+1","Bane+1","Bullet Time+1","Deadly Poison+1","Ghostly+1","Ghostly+1","Ghostly+1","Tools of the Trade+1","Night Terror+1","Blur+1","Noxious Fumes","PiercingWail+1","Blade Dance+1","Well Laid Plans+1","Accuracy+1","Backflip+1","Accuracy","Cloak And Dagger+1","Deflect+1"],"relics":["Ring of the Snake","The Specimen","Toxic Egg 2","PreservedInsect","SsserpentHead","Astrolabe","Du-Vu Doll","Turnip","Busted Crown","Pen Nib","Lantern","Gremlin Horn"],"acts_visited":["Exordium","TheCity","TheBeyond"],"potions_floor_usage":[50,50],"damage_taken":[{"damage":2.0,"enemies":"Small Slimes","floor":1.0,"turns":7.0},{"damage":0.0,"enemies":"Cultist","floor":2.0,"turns":4.0},{"damage":4.0,"enemies":"Jaw Worm","floor":3.0,"turns":5.0},{"damage":0.0,"enemies":"Gremlin Gang","floor":6.0,"turns":1.0},{"damage":15.0,"enemies":"Lagavulin","floor":7.0,"turns":7.0},{"damage":0.0,"enemies":"2 Fungi Beasts","floor":10.0,"turns":2.0},{"damage":22.0,"enemies":"3 Sentries","floor":11.0,"turns":7.0},{"damage":28.0,"enemies":"Slime Boss","floor":16.0,"turns":8.0},{"damage":22.0,"enemies":"2 Thieves","floor":18.0,"turns":2.0},{"damage":0.0,"enemies":"3 Byrds","floor":22.0,"turns":4.0},{"damage":8.0,"enemies":"Book of Stabbing","floor":24.0,"turns":9.0},{"damage":2.0,"enemies":"Snecko","floor":25.0,"turns":6.0},{"damage":0.0,"enemies":"Cultist and Chosen","floor":27.0,"turns":3.0},{"damage":2.0,"enemies":"Centurion and Healer","floor":29.0,"turns":5.0},{"damage":0.0,"enemies":"Snake Plant","floor":30.0,"turns":5.0},{"damage":4.0,"enemies":"Cultist and Chosen","floor":31.0,"turns":3.0},{"damage":3.0,"enemies":"Automaton","floor":33.0,"turns":9.0},{"damage":10.0,"enemies":"Orb Walker","floor":35.0,"turns":6.0},{"damage":6.0,"enemies":"3 Darklings","floor":37.0,"turns":2.0},{"damage":0.0,"enemies":"4 Shapes","floor":38.0,"turns":6.0},{"damage":0.0,"enemies":"Reptomancer","floor":40.0,"turns":5.0},{"damage":1.0,"enemies":"Giant Head","floor":42.0,"turns":5.0},{"damage":0.0,"enemies":"Maw","floor":45.0,"turns":7.0},{"damage":10.0,"enemies":"Writhing Mass","floor":46.0,"turns":6.0},{"damage":1.0,"enemies":"Sphere and 2 Shapes","floor":47.0,"turns":5.0},{"damage":16,"enemies":"Awakened One","floor":50,"turns":9},{"damage":3,"enemies":"Time Eater","floor":51,"turns":14}],"seed_played":"-8013175032747662430","potions_obtained":[{"floor":3.0,"key":"LiquidMemories"},{"floor":6.0,"key":"Strength Potion"},{"floor":11.0,"key":"CultistPotion"},{"floor":16.0,"key":"ColorlessPotion"},{"floor":22.0,"key":"LiquidMemories"},{"floor":24.0,"key":"Energy Potion"},{"floor":29.0,"key":"Poison Potion"},{"floor":30.0,"key":"CunningPotion"},{"floor":38.0,"key":"Regen Potion"},{"floor":39.0,"key":"GhostInAJar"},{"floor":40.0,"key":"FearPotion"},{"floor":47.0,"key":"Energy Potion"}],"is_trial":false,"path_per_floor":["M","M","M","?","$","M","E","R","T","M","E","?","R","?","R","B",null,"M","?","?","$","M","R","E","M","T","M","$","M","M","M","R","B",null,"M","$","M","M","?","E","R","E","T","R","M","M","M","?","R","B","B",null],"character_chosen":"THE_SILENT","items_purchased":["Bouncing Flask","PiercingWail","Blur+1","Noxious Fumes","Accuracy","Cloak And Dagger+1"],"campfire_rested":4,"item_purchase_floors":[5,5,21,21,28,36],"current_hp_per_floor":[57,57,53,53,53,53,38,38,38,38,16,9,27,27,45,17,49,27,27,27,27,27,27,19,17,17,17,17,15,15,11,20,17,27,17,17,11,11,11,26,26,25,25,25,25,15,14,14,23,7,4],"gold":528,"neow_bonus":"TWO_FIFTY_GOLD","is_daily":false,"chose_seed":false,"campfire_upgraded":4,"win_rate":0.0,"timestamp":1608503720,"path_taken":["M","M","M","?","$","M","E","R","T","?","E","?","R","?","R","BOSS","M","?","?","$","M","R","E","M","T","M","$","M","?","M","R","BOSS","M","$","?","M","?","E","R","E","T","R","?","?","M","?","R","BOSS","BOSS"],"items_purchased_type":["Card","Card","Card","Card","Card","Card"],"build_version":"2020-12-13","purchased_purges":4,"victory":true,"max_hp_per_floor":[60,60,60,60,60,60,60,60,60,60,60,60,60,60,60,60,60,60,30,30,30,30,30,30,30,30,30,30,30,30,30,30,30,30,30,30,30,30,30,30,30,30,30,30,30,30,30,30,30,30,30],"relic_stats":{"SsserpentHead":400,"Busted Crown":16,"Gremlin Horn":[4,4],"counters":[27,152],"Astrolabe":["Phantasmal Killer","Bane","Bullet Time"],"PreservedInsect":244,"Turnip":[21],"Pen Nib":[11],"obtain_stats":[{"Du-Vu Doll":24,"SsserpentHead":14,"Lantern":42,"Busted Crown":34,"The Specimen":7,"Gremlin Horn":43,"Astrolabe":17,"PreservedInsect":11,"Turnip":26,"Pen Nib":40,"Toxic Egg 2":9,"Ring of the Snake":0},{"Du-Vu Doll":11,"SsserpentHead":7,"Lantern":22,"Busted Crown":17,"The Specimen":5,"Gremlin Horn":22,"Astrolabe":8,"PreservedInsect":7,"Turnip":12,"Pen Nib":21,"Toxic Egg 2":5,"Ring of the Snake":0},{"Du-Vu Doll":56,"SsserpentHead":33,"Lantern":111,"Busted Crown":87,"The Specimen":24,"Gremlin Horn":111,"Astrolabe":41,"PreservedInsect":33,"Turnip":62,"Pen Nib":106,"Toxic Egg 2":24,"Ring of the Snake":0}],"Ring of the Snake":[54]},"card_choices":[{"not_picked":["Bane","Deadly Poison"],"picked":"Dagger Spray","floor":1.0},{"not_picked":["Calculated Gamble","Prepared"],"picked":"Backstab","floor":2.0},{"not_picked":["Dagger Throw","Riddle With Holes","Finisher"],"picked":"SKIP","floor":3.0},{"not_picked":["Outmaneuver","Underhanded Strike"],"picked":"Deadly Poison","floor":6.0},{"not_picked":["All Out Attack","Backflip"],"picked":"Leg Sweep","floor":7.0},{"not_picked":["Endless Agony","Dodge and Roll+1"],"picked":"Footwork","floor":10.0},{"not_picked":["Prepared+1","Slice"],"picked":"Blade Dance+1","floor":11.0},{"not_picked":["After Image","Phantasmal Killer+1"],"picked":"Corpse Explosion+1","floor":16.0},{"not_picked":["Footwork","Quick Slash"],"picked":"Deadly Poison+1","floor":18.0},{"not_picked":["Slice","Setup+1"],"picked":"PiercingWail+1","floor":22.0},{"not_picked":["Doppelganger+1","Expertise+1"],"picked":"Blade Dance+1","floor":24.0},{"not_picked":["Flying Knee","Blade Dance+1"],"picked":"Well Laid Plans","floor":25.0},{"not_picked":["Eviscerate","Dodge and Roll+1","Endless Agony+1"],"picked":"SKIP","floor":27.0},{"not_picked":["Acrobatics+1","Dagger Throw"],"picked":"Backflip+1","floor":29.0},{"not_picked":["Concentrate+1","Flechettes","Reflex+1"],"picked":"SKIP","floor":30.0},{"not_picked":["Slice","Outmaneuver+1"],"picked":"Accuracy","floor":31.0},{"not_picked":["Outmaneuver+1"],"picked":"SKIP","floor":35.0},{"not_picked":["Sucker Punch+1"],"picked":"SKIP","floor":37.0},{"not_picked":["Expertise+1"],"picked":"SKIP","floor":38.0},{"not_picked":["Crippling Poison+1"],"picked":"SKIP","floor":40.0},{"not_picked":["Bane+1"],"picked":"SKIP","floor":42.0},{"not_picked":[],"picked":"Deflect+1","floor":45.0},{"not_picked":["Endless Agony"],"picked":"SKIP","floor":46.0},{"not_picked":["Slice"],"picked":"SKIP","floor":47.0}],"player_experience":7735,"relics_obtained":[{"floor":7.0,"key":"The Specimen"},{"floor":9.0,"key":"Toxic Egg 2"},{"floor":11.0,"key":"PreservedInsect"},{"floor":24.0,"key":"Du-Vu Doll"},{"floor":26.0,"key":"Turnip"},{"floor":40.0,"key":"Pen Nib"},{"floor":42.0,"key":"Lantern"},{"floor":43.0,"key":"Gremlin Horn"}],"event_choices":[{"damage_healed":0.0,"max_hp_gain":0.0,"max_hp_loss":0.0,"gold_gain":0.0,"event_name":"Upgrade Shrine","player_choice":"Upgraded","floor":4.0,"gold_loss":0.0,"damage_taken":0.0,"cards_upgraded":["Neutralize"]},{"cards_removed":["Defend_G"],"damage_healed":0.0,"max_hp_gain":0.0,"max_hp_loss":0.0,"gold_gain":0.0,"event_name":"Golden Wing","player_choice":"Card Removal","floor":12.0,"gold_loss":0.0,"damage_taken":7.0},{"damage_healed":0.0,"max_hp_gain":0.0,"max_hp_loss":0.0,"gold_gain":0.0,"event_name":"FaceTrader","player_choice":"Trade","floor":14.0,"gold_loss":0.0,"damage_taken":0.0,"relics_obtained":["SsserpentHead"]},{"damage_healed":0.0,"max_hp_gain":0.0,"max_hp_loss":30.0,"gold_gain":0.0,"event_name":"Ghosts","player_choice":"Became a Ghost","floor":19.0,"gold_loss":0.0,"damage_taken":0.0,"cards_obtained":["Ghostly","Ghostly","Ghostly"]},{"damage_healed":0.0,"max_hp_gain":0.0,"max_hp_loss":0.0,"gold_gain":0.0,"cards_transformed":["Strike_G","Defend_G"],"event_name":"Drug Dealer","player_choice":"Became Test Subject","floor":20.0,"gold_loss":0.0,"damage_taken":0.0,"cards_obtained":["Tools of the Trade","Night Terror"]},{"damage_healed":0.0,"max_hp_gain":0.0,"max_hp_loss":0.0,"gold_gain":0.0,"event_name":"Lab","player_choice":"Got Potions","floor":39.0,"gold_loss":0.0,"damage_taken":0.0},{"damage_healed":0.0,"max_hp_gain":0.0,"max_hp_loss":0.0,"gold_gain":0.0,"event_name":"Upgrade Shrine","player_choice":"Upgraded","floor":48.0,"gold_loss":0.0,"damage_taken":0.0,"cards_upgraded":["Dagger Spray"]}],"is_beta":false,"boss_relics":[{"not_picked":["Tiny House","Velvet Choker"],"picked":"Astrolabe"},{"not_picked":["Empty Cage","HoveringKite"],"picked":"Busted Crown"}],"items_purged_floors":[5,21,28,36],"is_endless":false,"potions_floor_spawned":[3,6,11,16,22,24,29,30,38,40,45,46,47],"ascension_level":20}}