{"host":"6pgtslebjnyv5xmi","time":1608468785,"event":{"mods":["AchievementEnabler","BaseMod","Colored Map","Minty Spire (QoL Compilation)","Rare Cards Sparkle","SuperFastMode","everything is the same but u backflip on backflip"],"gold_per_floor":[14,34,45,61,11,11,11,11,11,11,63,63,82,118,118,237,237,250,263,263,288,59,59,59,100,100,15,15,46,70,103,103,231,231,246,8,0,0,24,57,57,70,70,70,86,133,133,202,202,202,202],"floor_reached":50,"playtime":2550,"items_purged":["Defend_P"],"score":591,"play_id":"43191ed1-e7ef-4b1d-b5db-f044ea8c9a45","local_time":"20201220215305","is_ascension_mode":true,"campfire_choices":[{"data":"TalkToTheHand","floor":6,"key":"SMITH"},{"data":"Eruption","floor":8,"key":"SMITH"},{"data":"FearNoEvil","floor":10,"key":"SMITH"},{"data":"Vault","floor":15,"key":"SMITH"},{"data":"Adaptation","floor":23,"key":"SMITH"},{"data":"Indignation","floor":28,"key":"SMITH"},{"data":"MentalFortress","floor":32,"key":"SMITH"},{"data":"Tantrum","floor":49,"key":"SMITH"}],"circlet_count":0,"master_deck":["Strike_P","Strike_P","Strike_P","Strike_P","Eruption+1","Vigilance","FearNoEvil+1","Indignation+1","TalkToTheHand+1","Adaptation+1","Vault+1","MentalFortress+1","Tantrum+1"],"relics":["PureWater","Golden Idol","Matryoshka","Pen Nib","Ancient Tea Set","StrikeDummy","SacredBark","Potion Belt","Dream Catcher","CeramicFish","White Beast Statue","Damaru","Vajra","SlaversCollar","Bottled Tornado","Red Mask","Art of War","Anchor","Nunchaku","Prayer Wheel"],"acts_visited":["Exordium","TheCity","TheBeyond"],"potions_floor_usage":[16,18,19,21,31,33,33,42,46,48,48,50,50,50,50],"damage_taken":[{"damage":0,"enemies":"Cultist","floor":1,"turns":2},{"damage":9,"enemies":"Small Slimes","floor":2,"turns":3},{"damage":1,"enemies":"Jaw Worm","floor":3,"turns":2},{"damage":5,"enemies":"Looter","floor":4,"turns":2},{"damage":7,"enemies":"Exordium Thugs","floor":13,"turns":3},{"damage":10,"enemies":"Lagavulin","floor":14,"turns":3},{"damage":9,"enemies":"The Guardian","floor":16,"turns":4},{"damage":0,"enemies":"2 Thieves","floor":18,"turns":3},{"damage":2,"enemies":"Shell Parasite","floor":19,"turns":3},{"damage":15,"enemies":"Shelled Parasite and Fungi","floor":21,"turns":3},{"damage":0,"enemies":"Gremlin Leader","floor":25,"turns":3},{"damage":11,"enemies":"Slavers","floor":29,"turns":3},{"damage":2,"enemies":"Cultist and Chosen","floor":30,"turns":4},{"damage":1,"enemies":"Chosen and Byrds","floor":31,"turns":3},{"damage":2,"enemies":"Champ","floor":33,"turns":5},{"damage":4,"enemies":"Orb Walker","floor":35,"turns":3},{"damage":10,"enemies":"3 Shapes","floor":39,"turns":3},{"damage":4,"enemies":"Giant Head","floor":40,"turns":4},{"damage":0,"enemies":"Transient","floor":42,"turns":6},{"damage":0,"enemies":"4 Shapes","floor":45,"turns":5},{"damage":3,"enemies":"Reptomancer","floor":46,"turns":4},{"damage":29,"enemies":"2 Orb Walkers","floor":48,"turns":4},{"damage":82,"enemies":"Awakened One","floor":50,"turns":4}],"seed_played":"7197614342723928594","potions_obtained":[{"floor":3,"key":"Swift Potion"},{"floor":13,"key":"Swift Potion"},{"floor":16,"key":"Block Potion"},{"floor":18,"key":"SneckoOil"},{"floor":29,"key":"AttackPotion"},{"floor":30,"key":"SpeedPotion"},{"floor":31,"key":"Fire Potion"},{"floor":33,"key":"LiquidBronze"},{"floor":35,"key":"Dexterity Potion"},{"floor":39,"key":"BottledMiracle"},{"floor":40,"key":"Ancient Potion"},{"floor":42,"key":"Regen Potion"},{"floor":45,"key":"SpeedPotion"},{"floor":46,"key":"LiquidMemories"},{"floor":48,"key":"Regen Potion"}],"is_trial":false,"path_per_floor":["M","M","M","M","?","R","?","R","T","R","T","$","M","E","R","B",null,"M","M","?","M","$","R","$","E","T","?","R","E","M","M","R","B",null,"M","$","?","?","M","E","$","M","T","$","M","E","?","?","R","B"],"character_chosen":"WATCHER","items_purchased":["Potion Belt","Bottled Tornado"],"campfire_rested":0,"item_purchase_floors":[22,36],"current_hp_per_floor":[72,63,62,57,57,57,39,39,39,39,39,39,32,22,22,13,72,72,70,70,55,55,55,55,55,55,55,55,44,42,41,41,39,72,68,68,68,68,58,54,54,54,54,54,54,51,59,42,42,0,0],"gold":202,"neow_bonus":"REMOVE_TWO","is_daily":false,"chose_seed":false,"campfire_upgraded":8,"win_rate":0.0,"timestamp":1608468785,"path_taken":["M","M","M","?","?","R","?","R","T","R","?","$","M","E","R","BOSS","M","M","?","M","$","R","?","E","T","?","R","E","M","M","R","BOSS","M","$","?","?","?","E","?","M","T","$","M","E","?","?","R","BOSS"],"items_purchased_type":["Relic","Relic"],"build_version":"2020-12-13","purchased_purges":1,"victory":false,"max_hp_per_floor":[72,72,72,72,72,72,72,72,72,72,72,72,72,72,72,72,72,72,72,72,72,72,72,72,72,72,72,72,72,72,72,72,72,72,72,72,72,68,68,68,68,68,68,68,68,68,59,59,59,59,59],"card_choices":[{"not_picked":["ThirdEye","TalkToTheHand"],"picked":"FearNoEvil","floor":1},{"not_picked":["FlurryOfBlows","Fasting2","Pray"],"picked":"SKIP","floor":2},{"not_picked":["EmptyBody","Protect"],"picked":"Indignation","floor":3},{"not_picked":["Conclude","Evaluate"],"picked":"TalkToTheHand","floor":4},{"not_picked":["BowlingBash","FlyingSleeves"],"picked":"Adaptation","floor":13},{"not_picked":["Vengeance","FlurryOfBlows"],"picked":"Vault","floor":14},{"not_picked":["Protect+1","CarveReality","SashWhip+1"],"picked":"SKIP","floor":18},{"not_picked":["SignatureMove","Prostrate","Consecrate"],"picked":"SKIP","floor":19},{"not_picked":["CarveReality","SandsOfTime","Protect+1"],"picked":"SKIP","floor":21},{"not_picked":["CarveReality+1","BowlingBash","Protect"],"picked":"SKIP","floor":25},{"not_picked":["WaveOfTheHand","Wireheading","Evaluate+1"],"picked":"SKIP","floor":29},{"not_picked":["ThirdEye","Halt","ClearTheMind"],"picked":"SKIP","floor":30},{"not_picked":["Nirvana","JustLucky"],"picked":"MentalFortress","floor":31},{"not_picked":["MentalFortress+1","ClearTheMind","SashWhip"],"picked":"SKIP","floor":35},{"not_picked":["Prostrate","ClearTheMind","ThirdEye"],"picked":"SKIP","floor":39},{"not_picked":["Prostrate","ClearTheMind","ThirdEye"],"picked":"SKIP","floor":39},{"not_picked":["DeceiveReality","FlurryOfBlows","InnerPeace"],"picked":"SKIP","floor":40},{"not_picked":["FlurryOfBlows+1","ReachHeaven+1","ClearTheMind"],"picked":"SKIP","floor":42},{"not_picked":["JustLucky+1","Indignation+1","WindmillStrike"],"picked":"SKIP","floor":45},{"not_picked":["Sanctity+1","Study+1"],"picked":"Tantrum","floor":46}],"player_experience":291147,"relics_obtained":[{"floor":9,"key":"Matryoshka"},{"floor":11,"key":"Pen Nib"},{"floor":11,"key":"Ancient Tea Set"},{"floor":14,"key":"StrikeDummy"},{"floor":25,"key":"Dream Catcher"},{"floor":26,"key":"CeramicFish"},{"floor":26,"key":"White Beast Statue"},{"floor":29,"key":"Vajra"},{"floor":40,"key":"Art of War"},{"floor":43,"key":"Anchor"},{"floor":46,"key":"Nunchaku"},{"floor":48,"key":"Prayer Wheel"}],"event_choices":[{"cards_removed":["Defend_P"],"damage_healed":0,"gold_gain":0,"player_choice":"Card Removal","damage_taken":0,"max_hp_gain":0,"max_hp_loss":0,"event_name":"The Cleric","floor":5,"gold_loss":50},{"damage_healed":0,"gold_gain":0,"player_choice":"Take Damage","damage_taken":18,"relics_obtained":["Golden Idol"],"max_hp_gain":0,"max_hp_loss":0,"event_name":"Golden Idol","floor":7,"gold_loss":0},{"damage_healed":0,"gold_gain":0,"player_choice":"Ignored","damage_taken":0,"max_hp_gain":0,"max_hp_loss":0,"event_name":"Vampires","floor":20,"gold_loss":0},{"damage_healed":0,"gold_gain":0,"player_choice":"Obtained Relic","damage_taken":0,"relics_obtained":["Damaru"],"max_hp_gain":0,"max_hp_loss":0,"event_name":"Addict","floor":27,"gold_loss":85},{"damage_healed":0,"gold_gain":0,"player_choice":"Paid","damage_taken":0,"relics_obtained":["Red Mask"],"max_hp_gain":0,"max_hp_loss":0,"event_name":"Tomb of Lord Red Mask","floor":37,"gold_loss":8},{"damage_healed":0,"gold_gain":0,"player_choice":"Max HP","damage_taken":0,"max_hp_gain":0,"max_hp_loss":4,"event_name":"Winding Halls","floor":38,"gold_loss":0},{"damage_healed":59,"gold_gain":0,"player_choice":"Heal","damage_taken":0,"max_hp_gain":0,"max_hp_loss":9,"event_name":"The Moai Head","floor":47,"gold_loss":0},{"damage_healed":0,"gold_gain":0,"player_choice":"Fight","damage_taken":0,"max_hp_gain":0,"max_hp_loss":0,"event_name":"Mysterious Sphere","floor":48,"gold_loss":0}],"is_beta":false,"boss_relics":[{"not_picked":["Snecko Eye","Sozu"],"picked":"SacredBark"},{"not_picked":["Cursed Key","Astrolabe"],"picked":"SlaversCollar"}],"items_purged_floors":[22],"is_endless":false,"potions_floor_spawned":[3,13,16,18,29,30,31,33,35,39,40,42,45,46,48],"killed_by":"Awakened One","ascension_level":1}}