{"host":"59ckh7bj2z84pzgo","time":1608447198,"event":{"mods":["BaseMod","Better Vampires","Marked Mod","Minty Spire (QoL Compilation)","Replay The Spire","Spicy Shops","StSLib","TestMod","【遗物卡牌】REMEMod"],"gold_per_floor":[215,231,231,250,261,261,287,303,303,331,83,101,115,139,139,209,209,226,235,284,683,683,711,730,764,764,829,829,829],"floor_reached":28,"playtime":2044,"items_purged":["Pain"],"score":664,"play_id":"d30c2c71-dc8c-4944-8cbc-f2791972e76e","local_time":"20201220145318","is_ascension_mode":true,"campfire_choices":[{"data":"Dual Wield","floor":6.0,"key":"SMITH"},{"data":"Trip","floor":15.0,"key":"SMITH"}],"circlet_count":0,"master_deck":["AscendersBane","Strike_R","Strike_R","Strike_R","Strike_R","Strike_R","Defend_R","Defend_R","Defend_R","Defend_R","Bash","Trip+1","Dual Wield+1","Flame Barrier","True Grit","REME_Cut","Fiend Fire","Bloodletting","Shrug It Off","Abandon","Shockwave","Barricade","Pommel Strike","Body Slam","Warcry+1"],"relics":["Burning Blood","REME_ComplimentaryCards","testmod-HeartOfStrike","WarpedTongs","Ancient Tea Set","Ice Cream","Blue Candle","testmod-Charity","FossilizedHelix","testmod-BatchProcessingSystem","SsserpentHead","King of Hearts","Potion Belt","testmod-InjuryResistance"],"acts_visited":["Exordium","TheCity"],"potions_floor_usage":[28],"damage_taken":[{"damage":7.0,"enemies":"Jaw Worm","floor":1.0,"turns":3.0},{"damage":0.0,"enemies":"Cultist","floor":2.0,"turns":2.0},{"damage":0.0,"enemies":"Small Slimes","floor":4.0,"turns":2.0},{"damage":5.0,"enemies":"2 Fungi Beasts","floor":5.0,"turns":2.0},{"damage":21.0,"enemies":"Lagavulin","floor":7.0,"turns":5.0},{"damage":10.0,"enemies":"Lots of Slimes","floor":8.0,"turns":5.0},{"damage":36.0,"enemies":"3 Sentries","floor":10.0,"turns":7.0},{"damage":0.0,"enemies":"3 Louse","floor":12.0,"turns":3.0},{"damage":7.0,"enemies":"Large Slime","floor":13.0,"turns":2.0},{"damage":10.0,"enemies":"Lagavulin","floor":14.0,"turns":6.0},{"damage":0.0,"enemies":"Slime Boss","floor":16.0,"turns":4.0},{"damage":0.0,"enemies":"3 Byrds","floor":18.0,"turns":4.0},{"damage":0.0,"enemies":"Chosen","floor":19.0,"turns":5.0},{"damage":39.0,"enemies":"Slavers","floor":23.0,"turns":7.0},{"damage":2.0,"enemies":"3 Cultists","floor":24.0,"turns":4.0},{"damage":25.0,"enemies":"Book of Stabbing","floor":25.0,"turns":5.0},{"damage":9.0,"enemies":"Centurion and Healer","floor":27.0,"turns":5.0},{"damage":24,"enemies":"Slavers","floor":28,"turns":5}],"seed_played":"-6620190858680653760","potions_obtained":[{"floor":1.0,"key":"GamblersBrew"},{"floor":7.0,"key":"Elixir"},{"floor":12.0,"key":"DuplicationPotion"},{"floor":13.0,"key":"Fire Potion"},{"floor":24.0,"key":"LiquidMemories"}],"is_trial":false,"path_per_floor":["M","M","?","M","M","R","E","M","T","E","$","M","M","E","R","B",null,"M","M","?","?","?","E","M","E","T","M","E"],"character_chosen":"IRONCLAD","items_purchased":["testmod-Charity"],"campfire_rested":0,"item_purchase_floors":[11],"current_hp_per_floor":[67,73,73,75,75,75,60,56,56,26,26,33,33,30,30,37,69,76,81,82,83,83,51,56,38,38,37,13,13],"gold":829,"neow_bonus":"HUNDRED_GOLD","is_daily":false,"chose_seed":false,"campfire_upgraded":2,"win_rate":0.0,"timestamp":1608447198,"path_taken":["M","M","?","M","?","R","E","M","T","E","$","M","M","E","R","BOSS","M","M","?","?","?","E","M","E","T","?","E"],"items_purchased_type":["Relic"],"build_version":"2020-12-13","purchased_purges":1,"victory":false,"max_hp_per_floor":[75,75,75,75,75,75,75,75,75,75,75,76,77,78,78,79,79,80,81,82,83,83,84,85,86,86,88,88,88],"card_choices":[{"not_picked":["Clothesline","Perfected Strike"],"picked":"Dual Wield","floor":1.0},{"not_picked":["ReplayTheSpireMod:Muscle Training","Hemokinesis"],"picked":"Flame Barrier","floor":2.0},{"not_picked":["Wild Strike","REME_FearOfPain"],"picked":"True Grit","floor":4.0},{"not_picked":["Anger","REME_Scribble"],"picked":"REME_Cut","floor":5.0},{"not_picked":["Twin Strike","Perfected Strike"],"picked":"Fiend Fire","floor":7.0},{"not_picked":["Pommel Strike","Twin Strike"],"picked":"Bloodletting","floor":8.0},{"not_picked":["Warcry","ReplayTheSpireMod:Limb From Limb"],"picked":"Shrug It Off","floor":10.0},{"not_picked":["ReplayTheSpireMod:Limb From Limb","Replay:Undeath\u0027s Touch"],"picked":"Abandon","floor":12.0},{"not_picked":["Body Slam","Bludgeon"],"picked":"Shockwave","floor":13.0},{"not_picked":["Twin Strike","Clash","True Grit"],"picked":"SKIP","floor":14.0},{"not_picked":["Reaper","Limit Break"],"picked":"Barricade","floor":16.0},{"not_picked":["True Grit+1","Wild Strike","Anger"],"picked":"SKIP","floor":18.0},{"not_picked":["ReplayTheSpireMod:Muscle Training","Wild Strike","Clothesline"],"picked":"SKIP","floor":19.0},{"not_picked":["Demonic Infusion","Heavy Blade"],"picked":"Pommel Strike","floor":23.0},{"not_picked":["Cleave","Disarm","True Grit"],"picked":"SKIP","floor":24.0},{"not_picked":["ReplayTheSpireMod:Muscle Training","Cleave"],"picked":"Body Slam","floor":25.0},{"not_picked":["Clash","Thunderclap"],"picked":"Warcry+1","floor":27.0}],"player_experience":150537,"relics_obtained":[{"floor":7.0,"key":"Ancient Tea Set"},{"floor":9.0,"key":"Ice Cream"},{"floor":10.0,"key":"Blue Candle"},{"floor":14.0,"key":"FossilizedHelix"},{"floor":23.0,"key":"King of Hearts"},{"floor":25.0,"key":"Potion Belt"},{"floor":26.0,"key":"testmod-InjuryResistance"}],"event_choices":[{"damage_healed":0.0,"max_hp_gain":0.0,"max_hp_loss":0.0,"gold_gain":0.0,"event_name":"Accursed Blacksmith","player_choice":"Rummage","floor":3.0,"gold_loss":0.0,"damage_taken":0.0,"relics_obtained":["WarpedTongs"],"cards_obtained":["Pain"]},{"damage_healed":0.0,"max_hp_gain":0.0,"max_hp_loss":0.0,"gold_gain":50.0,"event_name":"Nest","player_choice":"Stole From Cult","floor":20.0,"gold_loss":0.0,"damage_taken":0.0},{"damage_healed":0.0,"max_hp_gain":0.0,"max_hp_loss":0.0,"gold_gain":400.0,"event_name":"恩洛斯的盘子","player_choice":"Sell","floor":21.0,"relics_lost":["testmod-TestBox"],"gold_loss":0.0,"damage_taken":0.0},{"damage_healed":0.0,"max_hp_gain":0.0,"max_hp_loss":0.0,"gold_gain":0.0,"event_name":"FaceTrader","player_choice":"Trade","floor":22.0,"gold_loss":0.0,"damage_taken":0.0,"relics_obtained":["SsserpentHead"]}],"is_beta":false,"boss_relics":[{"not_picked":["Busted Crown","REME_LowDesire"],"picked":"testmod-BatchProcessingSystem"}],"items_purged_floors":[11],"is_endless":false,"potions_floor_spawned":[1,7,10,12,13,18,24],"killed_by":"Slavers","ascension_level":20}}