{"host":"zt56gx41altgtukx","time":1608449431,"event":{"mods":["Act Like it!","Aspiration","BaseMod","Better Altar","Better Match","Better Note","Better Sensory Stone","Better Skull","Better Third Choice","BetterRewards","Conspire","Downfall","GifTheSpireLib","Halation","Hallownest","Highlight Path","Hubris","Mimic Mod","Minty Spire (QoL Compilation)","Replay The Spire","Shade Mod","StSLib","Stuff the Spire","The Cursed","Unceasing Turn Reminder","everything is the same but u backflip on backflip"],"gold_per_floor":[99,99,126,126,159,159,159,174,174,174,174,187,187,48,66,171,171,171,200,213,213,213,224,224,250,250,269,178,178,251,351,371,476,476,476,226,226,226,226,259,284,303,303,332,343,343,361,374,391,391],"floor_reached":51,"playtime":5781,"items_purged":[],"score":949,"play_id":"0525f221-12be-4e03-b1fd-10dcce9872f3","local_time":"20201220013031","is_ascension_mode":false,"campfire_choices":[{"data":"Guardian:TwinSlam","floor":1,"key":"SMITH"},{"data":"Guardian:CurlUp","floor":4,"key":"SMITH"},{"data":"Guardian:Clone","floor":6,"key":"SMITH"},{"data":"Guardian:GuardianWhirl","floor":10,"key":"SMITH"},{"data":"Guardian:TimeSifter","floor":18,"key":"SMITH"},{"floor":21,"key":"REST"},{"data":"Guardian:FloatingOrbs","floor":26,"key":"SMITH"},{"data":"Barricade","floor":35,"key":"SMITH"},{"data":"Guardian:SpikerProtocol","floor":37,"key":"SMITH"},{"data":"Guardian:DecasProtection","floor":39,"key":"SMITH"}],"circlet_count":0,"master_deck":["Guardian:Strike_Guardian","Guardian:Strike_Guardian","Guardian:Strike_Guardian","Guardian:Strike_Guardian","Guardian:Defend_Guardian","Guardian:Defend_Guardian+1","Guardian:Defend_Guardian","Guardian:Defend_Guardian","Guardian:CurlUp+1","Guardian:TwinSlam+1","Guardian:Clone+1","Guardian:ShieldCharger+1","Guardian:GuardianWhirl+1","Guardian:PrismaticBeam+1","Sickly","Guardian:Planning","Guardian:FloatingOrbs+1","Guardian:PiercingHide","Guardian:ShieldCharger","Guardian:TimeSifter+1","Guardian:ShieldCharger+1","Guardian:TimeCapacitor+1","Guardian:VentSteam+1","Guardian:Incinerate","Guardian:WalkerClaw","Guardian:ShieldCharger","Guardian:RefractedBeam","Guardian:DonusPower","Guardian:DecasProtection+1","Guardian:BronzeOrb","Barricade+1","Guardian:ChargeCore+1","Guardian:SpikerProtocol+1","Hallucinations","Guardian:TimeBomb","Sword Boomerang+1","Guardian:DonusPower","Guardian:RefractedBeam+1","Guardian:ChargeCore+1"],"relics":["StuffTheSpire:OccultApparatus","downfall:HeartsMalice","Pear","Replay:Rubber Ducky","War Paint","hubris:EvacipatedBox","Ring of Peace","Ring of Panic","aspiration:IroncladSkillbook","Lizard Tail","InkBottle","StuffTheSpire:DarkSteelAnvil","ReplayFunnel","Replay:Kaleidoscope","Mirror","Cursed Key","Guide Book","StuffTheSpire:GreaterSneckoEye","conspire:Flyswatter","Centennial Puzzle","halation:PapillonHeart","Toy Ornithopter"],"acts_visited":["Exordium","TheCity","TheBeyond"],"potions_floor_usage":[19,20,50],"damage_taken":[{"damage":0,"enemies":"Cultist","floor":2,"turns":1},{"damage":0,"enemies":"3 Sentries","floor":3,"turns":1},{"damage":0,"enemies":"Lagavulin","floor":5,"turns":1},{"damage":1,"enemies":"conspire:RoseBush","floor":8,"turns":4},{"damage":0,"enemies":"2 Louse","floor":12,"turns":4},{"damage":0,"enemies":"downfall:FleeingMerchant","floor":14,"turns":4},{"damage":3,"enemies":"Blue Slaver","floor":15,"turns":5},{"damage":11,"enemies":"downfall:Watcher","floor":16,"turns":14},{"damage":49,"enemies":"Gremlin Leader","floor":19,"turns":7},{"damage":24,"enemies":"Chosen","floor":20,"turns":9},{"damage":0,"enemies":"Shell Parasite","floor":23,"turns":6},{"damage":3,"enemies":"conspire:SneckoGhost","floor":25,"turns":8},{"damage":0,"enemies":"Centurion and Healer","floor":27,"turns":7},{"damage":0,"enemies":"downfall:FleeingMerchant","floor":28,"turns":4},{"damage":5,"enemies":"downfall:Ironclad","floor":31,"turns":6},{"damage":0,"enemies":"3 Cultists","floor":32,"turns":5},{"damage":0,"enemies":"downfall:Defect","floor":33,"turns":7},{"damage":0,"enemies":"downfall:FleeingMerchant","floor":36,"turns":4},{"damage":0,"enemies":"Reptomancer","floor":40,"turns":5},{"damage":0,"enemies":"Orb Walker","floor":42,"turns":4},{"damage":0,"enemies":"Nemesis","floor":44,"turns":9},{"damage":0,"enemies":"3 Shapes","floor":45,"turns":5},{"damage":0,"enemies":"Maw","floor":47,"turns":6},{"damage":0,"enemies":"Spire Growth","floor":48,"turns":5},{"damage":0,"enemies":"Jaw Worm Horde","floor":49,"turns":3},{"damage":69,"enemies":"downfall:Silent","floor":50,"turns":5}],"seed_played":"2977556788481424131","potions_obtained":[{"floor":3,"key":"Fire Potion"},{"floor":8,"key":"conspire:TimeTravelPotion"},{"floor":15,"key":"SkillPotion"},{"floor":16,"key":"Elixir"},{"floor":20,"key":"Block Potion"},{"floor":23,"key":"champ:CounterPotion"}],"is_trial":false,"path_per_floor":["R","M","E","R","E","R","T","M","$","R","?","M","?","$","M","B",null,"R","E","M","R","?","M","T","E","R","M","$","?","?","?","M","B",null,"R","$","R","?","R","E","T","M","?","E","M","?","M","M","M","B",null],"character_chosen":"GUARDIAN","items_purchased":["hubris:EvacipatedBox","Guardian:FloatingOrbs","Guardian:PiercingHide","Guardian:RefractedBeam","Guide Book","Guardian:SpikerProtocol"],"campfire_rested":1,"item_purchase_floors":[9,14,14,28,36,36],"current_hp_per_floor":[80,80,90,90,90,90,90,89,70,70,70,70,70,70,67,56,90,90,45,49,76,76,80,80,81,81,85,89,89,67,66,70,74,90,90,90,90,70,70,74,74,78,78,82,85,85,85,85,85,25],"gold":391,"neow_bonus":"THREE_ENEMY_KILL","is_daily":false,"chose_seed":false,"campfire_upgraded":9,"win_rate":0.0,"timestamp":1608449431,"path_taken":["R","M","E","R","E","R","T","M","?","R","?","M","?","$","M","BOSS","R","E","M","R","?","?","T","E","R","M","$","?","?","?","M","BOSS","R","$","R","?","R","E","T","M","?","E","M","?","M","?","M","BOSS"],"items_purchased_type":["Relic","Card","Card","Card","Relic","Card"],"build_version":"2020-12-13","purchased_purges":0,"victory":true,"max_hp_per_floor":[80,80,90,90,90,90,90,90,90,90,90,90,90,90,90,90,90,90,90,90,90,90,90,90,90,90,90,90,90,90,90,90,90,90,90,90,90,90,90,90,90,90,85,85,85,85,85,85,85,85],"card_choices":[{"not_picked":["Guardian:Reroute","Guardian:Recover"],"picked":"Guardian:Clone","floor":2},{"not_picked":["Guardian:PrimingBeam","Guardian:Reroute"],"picked":"Guardian:ShieldCharger","floor":3},{"not_picked":["Guardian:Reroute","Guardian:ShieldCharger"],"picked":"Guardian:Gem_Cyan","floor":5},{"not_picked":["Guardian:Gem_Fragmented","Guardian:RollAttack"],"picked":"Guardian:GuardianWhirl","floor":8},{"not_picked":["Guardian:ConstructionForm","Guardian:Gem_Blue"],"picked":"Guardian:PrismaticBeam","floor":12},{"not_picked":["Guardian:CrystalBeam","Guardian:Emergency"],"picked":"Guardian:Planning","floor":14},{"not_picked":["Guardian:Gem_Green","Guardian:Gem_Lightblue"],"picked":"Guardian:ShieldCharger","floor":15},{"not_picked":["Guardian:Gem_Synthetic","Guardian:ExploitGems"],"picked":"Guardian:TimeSifter","floor":16},{"not_picked":["Guardian:TemporalShield","Uppercut","Iron Wave"],"picked":"Guardian:ShieldCharger+1","floor":19},{"not_picked":["hubris:CleavingFinish+1","Entrench","hubris:ReadiedAction"],"picked":"Guardian:TimeCapacitor","floor":20},{"not_picked":["Iron Wave","Guardian:CrystalBeam","Blood for Blood"],"picked":"Guardian:VentSteam+1","floor":23},{"not_picked":["StuffTheSpire:BloodClot","Heavy Blade","conspire:Charge"],"picked":"Guardian:Incinerate","floor":25},{"not_picked":["Guardian:Emergency","Fiend Fire","Heavy Blade"],"picked":"Guardian:WalkerClaw","floor":27},{"not_picked":["StuffTheSpire:RagingBull","Guardian:VentSteam","ReplayTheSpireMod:Stacked"],"picked":"Guardian:ShieldCharger","floor":28},{"not_picked":["conspire:ExplosiveBarrier","Guardian:BronzeArmor","Run Through"],"picked":"Guardian:DonusPower","floor":30},{"not_picked":["Shockwave","Heavy Blade","Ghostly Armor+1"],"picked":"Guardian:DecasProtection","floor":31},{"not_picked":["Guardian:Gem_Green","Guardian:SentryBeam","Replay:Undeath\u0027s Touch"],"picked":"Guardian:BronzeOrb","floor":32},{"not_picked":["Corruption","Brutality","Guardian:SphericShield"],"picked":"Barricade","floor":33},{"not_picked":["Pommel Strike","ReplayTheSpireMod:Strike From Hell+1","Guardian:Gem_Red"],"picked":"Guardian:ChargeCore+1","floor":36},{"not_picked":["Guardian:CrystalBeam+1","Warcry","Wild Strike","conspire:Purge"],"picked":"SKIP","floor":40},{"not_picked":["Guardian:VentSteam","Run Through","Heavy Blade"],"picked":"Guardian:TimeBomb","floor":42},{"not_picked":["Flex","Replay:Undeath\u0027s Touch+1","Perfected Strike"],"picked":"Sword Boomerang+1","floor":44},{"not_picked":["Twin Strike+1","Guardian:Gem_Lightblue","Guardian:HyperBeam_Guardian"],"picked":"Guardian:DonusPower","floor":45},{"not_picked":["Replay:Undeath\u0027s Touch","Defy Death","hubris:CleavingFinish","Guardian:PrismaticBeam+1"],"picked":"SKIP","floor":47},{"not_picked":["Iron Wave","StuffTheSpire:Resist","Guardian:RollAttack+1"],"picked":"Guardian:RefractedBeam+1","floor":48},{"not_picked":["Headbutt+1","Run Through","Pommel Strike+1"],"picked":"Guardian:ChargeCore+1","floor":49}],"player_experience":32934,"relics_obtained":[{"floor":3,"key":"Pear"},{"floor":5,"key":"Replay:Rubber Ducky"},{"floor":7,"key":"War Paint"},{"floor":13,"key":"Ring of Peace"},{"floor":13,"key":"Ring of Panic"},{"floor":19,"key":"Lizard Tail"},{"floor":24,"key":"InkBottle"},{"floor":25,"key":"StuffTheSpire:DarkSteelAnvil"},{"floor":30,"key":"ReplayFunnel"},{"floor":31,"key":"Replay:Kaleidoscope"},{"floor":31,"key":"Mirror"},{"floor":38,"key":"StuffTheSpire:GreaterSneckoEye"},{"floor":40,"key":"conspire:Flyswatter"},{"floor":41,"key":"Centennial Puzzle"},{"floor":44,"key":"Toy Ornithopter"}],"event_choices":[{"damage_healed":0,"gold_gain":0,"player_choice":"Ignored","damage_taken":0,"max_hp_gain":0,"max_hp_loss":0,"event_name":"betterNote:BetterNote","floor":22,"gold_loss":0,"cards_obtained":["Shade:Defend_Shade"]},{"damage_healed":0,"gold_gain":0,"player_choice":"Got Potions","damage_taken":0,"max_hp_gain":0,"max_hp_loss":0,"event_name":"Lab","floor":46,"gold_loss":0}],"is_beta":false,"boss_relics":[{"not_picked":["conspire:RunicOctahedron","Fusion Hammer","Sozu"],"picked":"aspiration:IroncladSkillbook"},{"not_picked":["Replay:Grab Bag","conspire:RoyalGoblet","aspiration:RunicSpoon"],"picked":"Cursed Key"}],"items_purged_floors":[],"is_endless":false,"potions_floor_spawned":[3,8,15,16,20,23,27,40,45,48,49],"ascension_level":0}}