{"host":"qrt7o4dq2qslzw13","time":1608488734,"event":{"mods":["AchievementEnabler","BaseMod","Colored Map","Colored Powertips","Minty Spire (QoL Compilation)","Quick Restart","Rare Cards Sparkle","StSLib","SuperFastMode"],"gold_per_floor":[112,122,135,150,20,20,20,20,20,20,36,52,52,1,1,79,79,91,91,91,91],"floor_reached":20,"playtime":466,"items_purged":[],"score":528,"play_id":"19dcd89e-1ddf-4b08-890e-0277c7fa2288","local_time":"20201220132534","is_ascension_mode":true,"campfire_choices":[{"data":"Iron Wave","floor":6,"key":"SMITH"},{"floor":8,"key":"REST"},{"data":"Spot Weakness","floor":15,"key":"SMITH"}],"circlet_count":0,"master_deck":["AscendersBane","Strike_R","Strike_R","Strike_R","Strike_R","Defend_R","Defend_R","Defend_R","Defend_R","Bash","Shrug It Off","Battle Trance","Pommel Strike","Sword Boomerang","Reckless Charge","Iron Wave+1","Spot Weakness+1","Wild Strike","Parasite","Wild Strike","Immolate","Dark Embrace","Shame"],"relics":["Burning Blood","Bird Faced Urn","Bottled Flame","Mark of Pain","Gambling Chip"],"acts_visited":["Exordium","TheCity"],"potions_floor_usage":[4,11,16,18],"damage_taken":[{"damage":6,"enemies":"Cultist","floor":1,"turns":3},{"damage":19,"enemies":"Jaw Worm","floor":2,"turns":3},{"damage":10,"enemies":"Small Slimes","floor":3,"turns":3},{"damage":23,"enemies":"Exordium Wildlife","floor":4,"turns":6},{"damage":10,"enemies":"3 Louse","floor":11,"turns":3},{"damage":20,"enemies":"Large Slime","floor":12,"turns":5},{"damage":41,"enemies":"Slime Boss","floor":16,"turns":10},{"damage":20,"enemies":"Shell Parasite","floor":18,"turns":3},{"damage":47,"enemies":"Masked Bandits","floor":20,"turns":4}],"seed_played":"-2674901380285699355","potions_obtained":[{"floor":1,"key":"LiquidMemories"},{"floor":4,"key":"Regen Potion"},{"floor":12,"key":"Energy Potion"},{"floor":16,"key":"Swift Potion"}],"is_trial":false,"path_per_floor":["M","M","M","M","$","R","?","R","T","T","M","M","?","$","R","B",null,"M","?","?"],"character_chosen":"IRONCLAD","items_purchased":["Reckless Charge","Iron Wave","Wild Strike"],"campfire_rested":1,"item_purchase_floors":[5,5,14],"current_hp_per_floor":[68,55,51,34,34,34,27,47,47,47,52,38,55,55,55,20,56,42,42,0,0],"gold":91,"neow_bonus":"THREE_RARE_CARDS","is_daily":false,"chose_seed":false,"campfire_upgraded":2,"win_rate":0.0,"timestamp":1608488734,"path_taken":["M","M","M","?","$","R","?","R","T","?","?","M","?","?","R","BOSS","M","?","?"],"items_purchased_type":["Card","Card","Card"],"build_version":"2020-12-13","purchased_purges":0,"victory":false,"max_hp_per_floor":[68,68,68,68,68,68,68,68,68,68,68,68,68,68,68,68,68,68,68,68,68],"card_choices":[{"not_picked":["Berserk","Feed"],"picked":"Juggernaut","floor":0.0},{"not_picked":["Armaments","Sword Boomerang"],"picked":"Shrug It Off","floor":1},{"not_picked":["Bloodletting","Clash"],"picked":"Battle Trance","floor":2},{"not_picked":["Anger","Searing Blow"],"picked":"Pommel Strike","floor":3},{"not_picked":["Shrug It Off","Armaments"],"picked":"Sword Boomerang","floor":4},{"not_picked":["Shrug It Off","Evolve"],"picked":"Spot Weakness","floor":11},{"not_picked":["Armaments","Disarm"],"picked":"Wild Strike","floor":12},{"not_picked":["Double Tap","Impervious"],"picked":"Immolate","floor":16},{"not_picked":["Wild Strike","Heavy Blade"],"picked":"Dark Embrace","floor":18}],"player_experience":463232,"relics_obtained":[{"floor":9,"key":"Bird Faced Urn"},{"floor":10,"key":"Bottled Flame"}],"event_choices":[{"cards_removed":["Strike_R"],"damage_healed":0,"gold_gain":0,"player_choice":"Card Removal","damage_taken":7,"max_hp_gain":0,"max_hp_loss":0,"event_name":"Golden Wing","floor":7,"gold_loss":0},{"damage_healed":17,"gold_gain":0,"player_choice":"Healed and dodged fight","damage_taken":0,"max_hp_gain":0,"max_hp_loss":0,"event_name":"Mushrooms","floor":13,"gold_loss":0,"cards_obtained":["Parasite"]},{"damage_healed":0,"gold_gain":0,"player_choice":"Stole Relic","damage_taken":0,"relics_obtained":["Gambling Chip"],"max_hp_gain":0,"max_hp_loss":0,"event_name":"Addict","floor":19,"gold_loss":0,"cards_obtained":["Shame"]},{"damage_healed":0,"gold_gain":0,"player_choice":"Fought Bandits","damage_taken":0,"max_hp_gain":0,"max_hp_loss":0,"event_name":"Masked Bandits","floor":20,"gold_loss":0}],"is_beta":false,"boss_relics":[{"not_picked":["Black Blood","Tiny House"],"picked":"Mark of Pain"}],"items_purged_floors":[],"is_endless":false,"potions_floor_spawned":[1,4,12,16],"killed_by":"Masked Bandits","ascension_level":20}}