{"host":"2n2g1vowfllvjtvi","time":1608467408,"event":{"mods":["AchievementEnabler","BaseMod","Custom Start","GifTheSpireLib","Keyboard Shortcuts","Minty Spire (QoL Compilation)","Quick Restart","Rare Cards Sparkle","StSLib","SuperFastMode"],"gold_per_floor":[116,131,131,131,56,86,105,180,206,223,233,233,266,276,276,276,276],"floor_reached":16,"playtime":191,"items_purged":["Defend_R"],"score":327,"play_id":"33343eb7-2490-4052-b191-438f8df32bc1","local_time":"20201220213008","is_ascension_mode":true,"campfire_choices":[{"data":"Perfected Strike","floor":12,"key":"SMITH"},{"data":"Offering","floor":15,"key":"SMITH"}],"circlet_count":0,"master_deck":["AscendersBane","Strike_R","Strike_R","Strike_R","Strike_R","Strike_R","Defend_R+1","Defend_R+1","Bash","Perfected Strike","Perfected Strike+1","Wild Strike","Twin Strike","Offering+1","Perfected Strike"],"relics":["Burning Blood","NeowsBlessing","Orichalcum","Bronze Scales","Juzu Bracelet"],"acts_visited":["Exordium"],"potions_floor_usage":[13,16,16],"damage_taken":[{"damage":0.0,"enemies":"Jaw Worm","floor":1.0,"turns":1.0},{"damage":0.0,"enemies":"2 Louse","floor":2.0,"turns":2.0},{"damage":0.0,"enemies":"Lagavulin","floor":6.0,"turns":1.0},{"damage":0.0,"enemies":"Small Slimes","floor":7.0,"turns":3.0},{"damage":9,"enemies":"2 Fungi Beasts","floor":10,"turns":2},{"damage":10,"enemies":"Exordium Wildlife","floor":11,"turns":3},{"damage":10,"enemies":"3 Sentries","floor":13,"turns":5},{"damage":16,"enemies":"Large Slime","floor":14,"turns":2}],"seed_played":"-6102828461484503737","potions_obtained":[{"floor":2.0,"key":"GamblersBrew"},{"floor":10,"key":"Strength Potion"},{"floor":13,"key":"BloodPotion"},{"floor":14,"key":"DistilledChaos"}],"is_trial":false,"path_per_floor":["M","M","?","?","$","E","M","?","T","M","M","R","E","M","R","B"],"character_chosen":"IRONCLAD","items_purchased":[],"campfire_rested":0,"item_purchase_floors":[],"current_hp_per_floor":[74,75,52,45,45,51,57,46,46,43,39,39,50,40,40,0,0],"gold":276,"neow_bonus":"THREE_ENEMY_KILL","is_daily":false,"chose_seed":false,"campfire_upgraded":2,"win_rate":0.0,"timestamp":1608467408,"path_taken":["M","M","?","?","$","E","M","?","T","M","M","R","E","M","R","BOSS"],"items_purchased_type":[],"build_version":"2020-12-13","purchased_purges":1,"victory":false,"max_hp_per_floor":[75,75,75,75,75,75,75,75,75,75,75,75,75,75,75,75,75],"card_choices":[{"not_picked":["Anger","Twin Strike","Reckless Charge"],"picked":"SKIP","floor":1.0},{"not_picked":["Flex","Havoc"],"picked":"Perfected Strike","floor":2.0},{"not_picked":["Headbutt","True Grit"],"picked":"Perfected Strike","floor":6.0},{"not_picked":["Barricade","True Grit"],"picked":"Wild Strike","floor":7.0},{"not_picked":["Rampage","Anger","Searing Blow"],"picked":"SKIP","floor":10},{"not_picked":["Iron Wave","Flex"],"picked":"Twin Strike","floor":11},{"not_picked":["Uppercut","Metallicize"],"picked":"Offering","floor":13},{"not_picked":["Iron Wave","Thunderclap"],"picked":"Perfected Strike","floor":14}],"player_experience":435718,"relics_obtained":[{"floor":6.0,"key":"Orichalcum"},{"floor":9.0,"key":"Bronze Scales"},{"floor":13,"key":"Juzu Bracelet"}],"event_choices":[{"damage_healed":0.0,"max_hp_gain":0.0,"max_hp_loss":0.0,"gold_gain":0.0,"event_name":"Shining Light","player_choice":"Entered Light","floor":3.0,"gold_loss":0.0,"damage_taken":23.0,"cards_upgraded":["Defend_R","Defend_R"]},{"cards_removed":["Defend_R"],"damage_healed":0.0,"max_hp_gain":0.0,"max_hp_loss":0.0,"gold_gain":0.0,"event_name":"Golden Wing","player_choice":"Card Removal","floor":4.0,"gold_loss":0.0,"damage_taken":7.0},{"damage_healed":0.0,"max_hp_gain":0.0,"max_hp_loss":0.0,"gold_gain":75.0,"event_name":"World of Goop","player_choice":"Gather Gold","floor":8.0,"gold_loss":0.0,"damage_taken":11.0}],"is_beta":false,"boss_relics":[],"items_purged_floors":[5],"is_endless":false,"potions_floor_spawned":[2,10,13,14],"killed_by":"The Guardian","ascension_level":15}}