{"host":"pijh7er38uumsf33","time":1608465546,"event":{"mods":["AchievementEnabler","Act Like it!","BaseMod","Better Altar","Better Match","Better Sensory Stone","Better Skull","Better Third Choice","Challenge The Spire","Clockwork Mod","Conspire","Data Control","Downfall","Infinite Spire","Minty Spire (QoL Compilation)","Quick Restart","Rare Cards Sparkle","Replay The Spire","StSLib","Uncapped","[IsaacMod]????"],"gold_per_floor":[119,131,0,12,12,46,65,65,117,177,204,250,250,250,250,348,348,362,412,412,431,228,228,28,41,66,166,176,201,216,227,227,330,330,342,7499,7499,7513,7513,7513,7545,7545,7545,7561,7561,7574,7608,7625,7625,7625,7625],"floor_reached":50,"playtime":4802,"items_purged":["Clockwork:SearingStrike","Clockwork:SearingStrike"],"score":655,"play_id":"0a92aaf9-e84e-44eb-aefc-6f73de4c214f","local_time":"20201220125906","is_ascension_mode":false,"campfire_choices":[{"floor":8.0,"key":"RECALL"},{"data":"Clockwork:RevUp","floor":13.0,"key":"SMITH"},{"floor":15.0,"key":"REST"},{"data":"Clockwork:ChargingBlade","floor":23.0,"key":"SMITH"},{"data":"Clockwork:ElasticNanites","floor":40.0,"key":"SMITH"},{"data":"Clockwork:Improve","floor":42.0,"key":"SMITH"},{"data":"Clockwork:Improve","floor":45.0,"key":"SMITH"},{"data":"Clockwork:Improve","floor":49.0,"key":"SMITH"}],"circlet_count":0,"master_deck":["Clockwork:Shield","Clockwork:Shield","Clockwork:Shield+1","Clockwork:Shield+1","Clockwork:Tinker+1","Clockwork:WarmUp","Clockwork:SearchingStrike+1","Clockwork:RevUp+1","Clockwork:ZeroPointEnergy+1","Clockwork:ChargingBlade","Clockwork:ForgeStrike","Bite","Bite+1","Bite","Bite","Bite","Clockwork:ChargingBlade+1","Clockwork:ChargingBlade+1","Clockwork:ChargingShield","Clockwork:AssemblyLine","Clockwork:Improve","Clockwork:CogShield","Clockwork:ForgeStrike","Clockwork:Improve+1","Clockwork:ZeroPointEnergy","Clockwork:ElasticNanites","Clockwork:Improve+1","Clockwork:RitualDaggerMk0","Clockwork:Improve+1","Clockwork:ElasticNanites+1","Clockwork:ForgeStrike","Parasite","Clockwork:Improve","Clockwork:ForgeStrike"],"relics":["Clockwork:MomentumEngine","HushsDoor","BelialBook","Anchor","Replay:WaspNest","conspire:InfiniteJournal","Replay:Mystery Machine","Black Star","Tiny House","Orichalcum","Guide Book","Simple Rune","ReplayTheSpireMod:Lightbulb","TungstenRod","AnarchistCookbook","White Beast Statue","infinitespire:WardingShard","MagicMushroom","GuppysHairball","Art of War","infinitespire:Golems Mask","Membership Card","Sozu","infinitespire:Magic Flask","UnicornStump","DeathBook","SharpPlug","infinitespire:EmpoweringShard","Toy Ornithopter"],"acts_visited":["Exordium","TheCity","TheBeyond"],"potions_floor_usage":[50],"damage_taken":[{"damage":7.0,"enemies":"Jaw Worm","floor":1.0,"turns":6.0},{"damage":1.0,"enemies":"2 Louse","floor":2.0,"turns":5.0},{"damage":3.0,"enemies":"conspire:RoseBush","floor":4.0,"turns":6.0},{"damage":33.0,"enemies":"3 Sentries","floor":6.0,"turns":12.0},{"damage":8.0,"enemies":"3 Louse","floor":7.0,"turns":9.0},{"damage":35.0,"enemies":"Lagavulin","floor":11.0,"turns":12.0},{"damage":35.0,"enemies":"conspire:MimicChest","floor":12.0,"turns":9.0},{"damage":44.0,"enemies":"Hexaghost","floor":16.0,"turns":16.0},{"damage":30.0,"enemies":"2 Thieves","floor":18.0,"turns":5.0},{"damage":17.0,"enemies":"3 Byrds","floor":21.0,"turns":4.0},{"damage":50.0,"enemies":"Centurion and Healer","floor":25.0,"turns":8.0},{"damage":20.0,"enemies":"Colosseum Slavers","floor":27.0,"turns":6.0},{"damage":44.0,"enemies":"Colosseum Nobs","floor":27.0,"turns":6.0},{"damage":23.0,"enemies":"Snake Plant","floor":28.0,"turns":5.0},{"damage":11.0,"enemies":"Replay:Snechameleon","floor":29.0,"turns":4.0},{"damage":28.0,"enemies":"3 Cultists","floor":30.0,"turns":4.0},{"damage":7.0,"enemies":"conspire:HollyBat","floor":31.0,"turns":13.0},{"damage":114.0,"enemies":"Automaton","floor":33.0,"turns":11.0},{"damage":2.0,"enemies":"3 Shapes","floor":35.0,"turns":6.0},{"damage":33.0,"enemies":"3 Darklings","floor":38.0,"turns":9.0},{"damage":91.0,"enemies":"Reptomancer","floor":41.0,"turns":10.0},{"damage":18.0,"enemies":"Writhing Mass","floor":44.0,"turns":8.0},{"damage":28.0,"enemies":"Maw","floor":46.0,"turns":7.0},{"damage":46.0,"enemies":"Giant Head","floor":47.0,"turns":10.0},{"damage":0.0,"enemies":"Jaw Worm Horde","floor":48.0,"turns":5.0},{"damage":47,"enemies":"infinitespire:MassOfShapes","floor":50,"turns":7}],"seed_played":"-423557499865606946","potions_obtained":[{"floor":4.0,"key":"Block Potion"},{"floor":11.0,"key":"Explosive Potion"},{"floor":12.0,"key":"BlessingOfTheForge"},{"floor":16.0,"key":"Venom Potion"},{"floor":19.0,"key":"Ancient Potion"},{"floor":21.0,"key":"EssenceOfSteel"},{"floor":28.0,"key":"BlessingOfTheForge"},{"floor":30.0,"key":"FearPotion"},{"floor":31.0,"key":"Guardian:BlockOnCardUsePotion"}],"is_trial":false,"path_per_floor":["M","M","$","M","?","E","M","R","T","?","E","?","R","?","R","B",null,"M","AVR","?","M","$","R","$","M","T","?","M","E","M","M","R","B",null,"M","$","?","M","AVR","R","E","R","T","M","R","M","E","M","R","B"],"character_chosen":"CLOCKWORK","items_purchased":["Anchor","Guide Book","Clockwork:ChargingBlade","Simple Rune","Clockwork:SearingStrike","GuppysHairball","Clockwork:ElasticNanites","Clockwork:RitualDaggerMk0","Clockwork:Improve","Clockwork:ElasticNanites","Art of War","infinitespire:Golems Mask","Membership Card"],"campfire_rested":1,"item_purchase_floors":[3,22,22,24,24,34,34,36,36,36,36,36,36],"current_hp_per_floor":[86,85,85,82,82,49,41,41,41,26,3,1,1,1,28,35,93,63,68,68,55,55,55,55,19,19,9,22,17,50,57,57,34,58,56,56,56,38,38,38,16,16,16,58,58,38,15,19,19,0,0],"gold":7625,"neow_bonus":"TEN_PERCENT_HP_BONUS","is_daily":false,"chose_seed":false,"campfire_upgraded":6,"win_rate":0.0,"timestamp":1608465546,"path_taken":["M","M","$","M","?","E","M","R","T","?","E","?","R","?","R","BOSS","M","AVR","?","M","$","R","$","M","T","?","M","E","M","M","R","BOSS","M","$","?","M","AVR","R","E","R","T","M","R","M","E","M","R","BOSS"],"items_purchased_type":["Relic","Relic","Card","Relic","Card","Relic","Card","Card","Card","Card","Relic","Relic","Relic"],"build_version":"2020-12-13","purchased_purges":2,"victory":false,"max_hp_per_floor":[93,93,93,93,93,93,93,93,93,93,93,93,93,93,93,93,93,93,98,68,68,68,68,68,68,68,68,68,68,68,68,68,68,58,58,58,58,58,58,58,58,58,58,58,58,58,58,58,58,58,58],"card_choices":[{"not_picked":["Clockwork:Pluck","Clockwork:SearingStrike","Clockwork:CogToss"],"picked":"SKIP","floor":1.0},{"not_picked":["Clockwork:Selectivity","Clockwork:Roundhouse","Clockwork:Friction"],"picked":"SKIP","floor":2.0},{"not_picked":["Clockwork:CogShield","Clockwork:Pluck","Clockwork:SystemScan"],"picked":"SKIP","floor":4.0},{"not_picked":["Clockwork:CraftMomentumEngine","Clockwork:SpurOn","Clockwork:SearingStrike"],"picked":"SKIP","floor":6.0},{"not_picked":["Clockwork:Minimalism","Clockwork:SystemScan"],"picked":"Clockwork:SearchingStrike","floor":7.0},{"not_picked":["Clockwork:Pluck","Clockwork:ForgeStrike"],"picked":"Clockwork:SmithsMallet","floor":11.0},{"not_picked":["Clockwork:ChargingBlade","Clockwork:AdaptiveShield"],"picked":"Clockwork:RevUp","floor":12.0},{"not_picked":["Clockwork:Halt","Clockwork:UnlimitedCogworks"],"picked":"Clockwork:ZeroPointEnergy","floor":16.0},{"not_picked":["Clockwork:PerfectedShield+1","Clockwork:TestingEnvironment+1"],"picked":"Clockwork:ChargingBlade","floor":18.0},{"not_picked":["Clockwork:AdaptiveCannon","Clockwork:ReserveSystems"],"picked":"Clockwork:ForgeStrike","floor":19.0},{"not_picked":["Clockwork:SystemHardening","Clockwork:Roundhouse+1"],"picked":"Clockwork:ChargingBlade","floor":21.0},{"not_picked":["Clockwork:SystemScan","Clockwork:PerfectedShield+1"],"picked":"Clockwork:ChargingShield","floor":25.0},{"not_picked":["Clockwork:CogBarrier","Clockwork:ForgeStrike"],"picked":"Clockwork:AssemblyLine","floor":27.0},{"not_picked":["Clockwork:Inspiration","Clockwork:HoardingStrike"],"picked":"Clockwork:Improve","floor":28.0},{"not_picked":["Clockwork:ReserveSystems+1","Clockwork:SiegeStrike"],"picked":"Clockwork:CogShield","floor":29.0},{"not_picked":["Clockwork:Roundhouse","Clockwork:TiltAWhirl"],"picked":"Clockwork:ForgeStrike","floor":30.0},{"not_picked":["Clockwork:Roundhouse","Clockwork:EnthusiasticStrike"],"picked":"Clockwork:Improve","floor":31.0},{"not_picked":["Clockwork:TimeWalk","Clockwork:WindupStrike"],"picked":"Clockwork:ZeroPointEnergy","floor":33.0},{"not_picked":["Clockwork:Roundhouse+1","Clockwork:Enhance"],"picked":"Clockwork:Improve","floor":35.0},{"not_picked":["Clockwork:PerfectedStrike","Clockwork:TimeOut+1","Clockwork:CogBarrier"],"picked":"SKIP","floor":38.0},{"not_picked":["Clockwork:SystemScan+1","Clockwork:CogBarrier+1"],"picked":"Clockwork:ForgeStrike","floor":41.0},{"not_picked":["Clockwork:FalseStart+1","Clockwork:ChargingShield+1","Clockwork:TimeOut+1"],"picked":"SKIP","floor":44.0},{"not_picked":["Clockwork:Inspiration","Clockwork:Redundancy+1"],"picked":"Clockwork:Improve","floor":46.0},{"not_picked":["Clockwork:Enhance","Clockwork:Roundhouse","Clockwork:MechanicalMass+1"],"picked":"SKIP","floor":47.0},{"not_picked":["Clockwork:CogToss+1","Clockwork:PerfectedStrike"],"picked":"Clockwork:ForgeStrike","floor":48.0}],"player_experience":133401,"relics_obtained":[{"floor":6.0,"key":"Replay:WaspNest"},{"floor":11.0,"key":"conspire:InfiniteJournal"},{"floor":12.0,"key":"Replay:Mystery Machine"},{"floor":26.0,"key":"ReplayTheSpireMod:Lightbulb"},{"floor":27.0,"key":"TungstenRod"},{"floor":27.0,"key":"AnarchistCookbook"},{"floor":29.0,"key":"White Beast Statue"},{"floor":29.0,"key":"infinitespire:WardingShard"},{"floor":41.0,"key":"UnicornStump"},{"floor":41.0,"key":"DeathBook"},{"floor":43.0,"key":"SharpPlug"},{"floor":47.0,"key":"infinitespire:EmpoweringShard"},{"floor":47.0,"key":"Toy Ornithopter"}],"event_choices":[{"damage_healed":0.0,"max_hp_gain":0.0,"max_hp_loss":0.0,"gold_gain":0.0,"event_name":"betterThird:BetterSerpent","player_choice":"Ignored","floor":14.0,"gold_loss":0.0,"damage_taken":250.0},{"damage_healed":0.0,"max_hp_gain":0.0,"max_hp_loss":30.0,"gold_gain":0.0,"event_name":"Vampires","player_choice":"Became a vampire","floor":20.0,"gold_loss":0.0,"damage_taken":0.0,"cards_obtained":["Bite","Bite","Bite","Bite","Bite"]},{"damage_healed":0.0,"max_hp_gain":0.0,"max_hp_loss":0.0,"gold_gain":0.0,"event_name":"Colosseum","player_choice":"Fight","floor":27.0,"gold_loss":0.0,"damage_taken":0.0},{"damage_healed":0.0,"max_hp_gain":0.0,"max_hp_loss":0.0,"gold_gain":0.0,"event_name":"Colosseum","player_choice":"Fought Nobs","floor":27.0,"gold_loss":0.0,"damage_taken":0.0},{"damage_healed":0.0,"max_hp_gain":0.0,"max_hp_loss":0.0,"gold_gain":0.0,"event_name":"The Woman in Blue","player_choice":"Bought 0 Potions","floor":32.0,"gold_loss":0.0,"damage_taken":0.0},{"damage_healed":0.0,"max_hp_gain":0.0,"max_hp_loss":0.0,"gold_gain":0.0,"event_name":"Purifier","player_choice":"Ignored","floor":37.0,"gold_loss":0.0,"damage_taken":0.0}],"is_beta":false,"boss_relics":[{"not_picked":["Kintsugi","Honey Jar"],"picked":"Black Star"},{"not_picked":[]},{"not_picked":["ChewingGum","conspire:SeveredTorchhead"],"picked":"MagicMushroom"},{"not_picked":[]}],"items_purged_floors":[34,36],"is_endless":false,"potions_floor_spawned":[4,11,12,16,21,25,28,30,31,33,35,38,41,44,46,47,48],"killed_by":"infinitespire:MassOfShapes","ascension_level":0}}