{"host":"cc187","time":1608497486,"event":{"mods":["AchievementEnabler","BaseMod","Bestiary","Colored Map","Colored Powertips","Highlight Path","Keyboard Shortcuts","Minty Spire (QoL Compilation)","Quick Restart","Rare Cards Sparkle","Relic Stats","StSLib","SuperFastMode","Synergy Search"],"gold_per_floor":[117,117,22,35,35,53,78,151,151,161,176,176,206,206,206],"floor_reached":14,"playtime":3361,"items_purged":[],"score":171,"play_id":"ec0e59e1-2278-4ab2-ada1-2a54c31f7e89","local_time":"20201220205126","is_ascension_mode":true,"campfire_choices":[{"floor":12,"key":"REST"}],"circlet_count":0,"master_deck":["AscendersBane","Strike_G","Strike_G+1","Strike_G","Strike_G","Strike_G","Defend_G","Defend_G","Defend_G","Defend_G","Defend_G","Survivor+1","Neutralize","Deflect","Caltrops","Backflip","Dash","PiercingWail","Acrobatics","Parasite","Leg Sweep","Heel Hook"],"relics":["Cursed Key","The Courier","Bottled Flame","Odd Mushroom"],"acts_visited":["Exordium"],"potions_floor_usage":[7,13,14],"damage_taken":[{"damage":2,"enemies":"Jaw Worm","floor":1,"turns":5},{"damage":0,"enemies":"2 Louse","floor":4,"turns":3},{"damage":0,"enemies":"Small Slimes","floor":6,"turns":3},{"damage":22,"enemies":"3 Sentries","floor":7,"turns":10},{"damage":0,"enemies":"3 Louse","floor":10,"turns":4},{"damage":7,"enemies":"Lots of Slimes","floor":11,"turns":6},{"damage":0,"enemies":"The Mushroom Lair","floor":13,"turns":5},{"damage":34,"enemies":"Lagavulin","floor":14,"turns":12}],"seed_played":"-2498037172646414573","potions_obtained":[{"floor":4,"key":"SpeedPotion"},{"floor":6,"key":"PowerPotion"},{"floor":11,"key":"Explosive Potion"}],"is_trial":false,"path_per_floor":["M","?","$","M","$","M","E","?","T","M","M","R","?","E"],"character_chosen":"THE_SILENT","items_purchased":["Caltrops","Backflip"],"campfire_rested":1,"item_purchase_floors":[3,3],"current_hp_per_floor":[57,37,37,37,37,37,15,15,15,15,8,27,27,0,0],"gold":206,"neow_bonus":"BOSS_RELIC","is_daily":false,"chose_seed":false,"campfire_upgraded":0,"win_rate":0.0,"timestamp":1608497486,"path_taken":["M","?","$","M","$","M","E","?","T","M","M","R","?","E"],"items_purchased_type":["Card","Card"],"build_version":"2020-12-18","purchased_purges":0,"victory":false,"max_hp_per_floor":[66,66,66,66,66,66,66,66,66,66,66,66,66,66,66],"relic_stats":{"counters":[8,48],"Cursed Key":1,"obtain_stats":[{"Bottled Flame":9,"The Courier":7,"Odd Mushroom":13,"Cursed Key":0,"Ring of the Snake":0},{"Bottled Flame":4,"The Courier":4,"Odd Mushroom":7,"Cursed Key":0,"Ring of the Snake":0},{"Bottled Flame":21,"The Courier":21,"Odd Mushroom":36,"Cursed Key":0,"Ring of the Snake":0}]},"card_choices":[{"not_picked":["Underhanded Strike","Bane"],"picked":"Deflect","floor":1},{"not_picked":["Prepared","Flechettes"],"picked":"Dash","floor":4},{"not_picked":["Reflex","Tactician"],"picked":"PiercingWail","floor":6},{"not_picked":["Infinite Blades","Dodge and Roll"],"picked":"Acrobatics","floor":7},{"not_picked":["Wraith Form v2","Acrobatics"],"picked":"Leg Sweep","floor":10},{"not_picked":["Deflect","Bane","Noxious Fumes"],"picked":"SKIP","floor":11},{"not_picked":["Acrobatics","Quick Slash"],"picked":"Heel Hook","floor":13}],"player_experience":814413,"relics_obtained":[{"floor":7,"key":"The Courier"},{"floor":9,"key":"Bottled Flame"},{"floor":13,"key":"Odd Mushroom"}],"event_choices":[{"damage_healed":0,"gold_gain":0,"player_choice":"Entered Light","damage_taken":20,"max_hp_gain":0,"max_hp_loss":0,"event_name":"Shining Light","floor":2,"gold_loss":0,"cards_upgraded":["Survivor","Strike_G"]},{"damage_healed":0,"gold_gain":73,"player_choice":"Gained Gold","damage_taken":0,"max_hp_gain":0,"max_hp_loss":0,"event_name":"Golden Wing","floor":8,"gold_loss":0},{"damage_healed":0,"gold_gain":0,"player_choice":"Fought Mushrooms","damage_taken":0,"max_hp_gain":0,"max_hp_loss":0,"event_name":"Mushrooms","floor":13,"gold_loss":0}],"is_beta":true,"boss_relics":[],"items_purged_floors":[],"is_endless":false,"potions_floor_spawned":[4,6,11],"killed_by":"Lagavulin","ascension_level":18}}