{"host":"y76clbnovzmw9ubx","time":1608501327,"event":{"mods":["AchievementEnabler","BaseMod","Minty Spire (QoL Compilation)","Permanent Neow","Relic Stats"],"gold_per_floor":[113,133,153,153,165,193,213,213,213],"floor_reached":8,"playtime":782,"items_purged":[],"score":120,"play_id":"1c807241-2e05-41cf-95bb-d3ad011be0c8","local_time":"20201220165527","is_ascension_mode":true,"campfire_choices":[],"circlet_count":0,"master_deck":["AscendersBane","Strike_B","Strike_B","Strike_B","Strike_B","Defend_B","Defend_B","Defend_B","Defend_B","Zap","Dualcast","Melter","Leap","Barrage","Glacier","Genetic Algorithm"],"relics":["Cracked Core","Smiling Mask"],"acts_visited":["Exordium"],"potions_floor_usage":[6],"damage_taken":[{"damage":1.0,"enemies":"Small Slimes","floor":1.0,"turns":4.0},{"damage":0.0,"enemies":"2 Louse","floor":2.0,"turns":3.0},{"damage":9.0,"enemies":"Jaw Worm","floor":3.0,"turns":3.0},{"damage":4.0,"enemies":"3 Louse","floor":5.0,"turns":5.0},{"damage":21,"enemies":"3 Sentries","floor":6,"turns":7},{"damage":7,"enemies":"2 Fungi Beasts","floor":7,"turns":4},{"damage":33,"enemies":"Gremlin Nob","floor":8,"turns":3}],"seed_played":"5830157117522759037","potions_obtained":[{"floor":3.0,"key":"Block Potion"},{"floor":5.0,"key":"EssenceOfDarkness"}],"is_trial":false,"path_per_floor":["M","M","M","?","M","E","M","E"],"character_chosen":"DEFECT","items_purchased":[],"campfire_rested":0,"item_purchase_floors":[],"current_hp_per_floor":[70,70,61,61,57,36,29,0,0],"gold":213,"neow_bonus":"TEN_PERCENT_HP_BONUS","is_daily":false,"chose_seed":false,"campfire_upgraded":0,"win_rate":0.0,"timestamp":1608501327,"path_taken":["M","M","M","?","M","E","M","E"],"items_purchased_type":[],"build_version":"2020-12-13","purchased_purges":0,"victory":false,"max_hp_per_floor":[78,78,78,78,78,78,78,78,78],"relic_stats":{"counters":[7,29],"Smiling Mask":0,"obtain_stats":[{"Cracked Core":0,"Smiling Mask":6},{"Cracked Core":0,"Smiling Mask":5},{"Cracked Core":0,"Smiling Mask":22}]},"card_choices":[{"not_picked":["Rebound","Compile Driver"],"picked":"Melter","floor":1.0},{"not_picked":["Double Energy","Gash","Steam Power"],"picked":"SKIP","floor":2.0},{"not_picked":["Hello World","Steam"],"picked":"Leap","floor":3.0},{"not_picked":["Conserve Battery","Hello World"],"picked":"Barrage","floor":5.0},{"not_picked":["Streamline","Hyperbeam"],"picked":"Glacier","floor":6},{"not_picked":["Gash","Force Field"],"picked":"Genetic Algorithm","floor":7}],"player_experience":2925557,"relics_obtained":[{"floor":6,"key":"Smiling Mask"}],"event_choices":[{"damage_healed":0.0,"max_hp_gain":0.0,"max_hp_loss":0.0,"gold_gain":0.0,"event_name":"Liars Game","player_choice":"Ignored","floor":4.0,"gold_loss":0.0,"damage_taken":0.0}],"is_beta":false,"boss_relics":[],"items_purged_floors":[],"is_endless":false,"potions_floor_spawned":[3,5],"killed_by":"Gremlin Nob","ascension_level":20}}