{"host":"e1ezmaebp4k769tb","time":1608479585,"event":{"mods":["2.2 Compatiblity","AchievementEnabler","AlwaysNeverKeys","BaseMod","CapriCore","Card Filter","Colored Powertips","Curses Come First","DeckTracker","Friendly Minions","Highlight Path","HololiveMod","Keyboard Shortcuts","Koishi","Minty Spire (QoL Compilation)","Permanent Neow","Quick Restart","Red Circlet Mod","Replay The Spire","StSLib","WarShipGirlsR/??á´Ò³R mod"],"gold_per_floor":[119,129,34,34,34,59,59,0,0,0,34,34,64,84,84,160,160,176,192,208,208,128,159,159,186,186,200,214,245,245,261,261,339,339,356,71,71,83,98,98,152,178,254,254,286,296,296,296,296,296,296,296,56,82,82,82],"floor_reached":55,"playtime":2059,"items_purged":["ReplayTheSpireMod:Doomed"],"score":1627,"play_id":"4e707ab8-801d-4bb1-b3e7-aebdfce09358","local_time":"20201221005305","is_ascension_mode":true,"campfire_choices":[{"data":"rmod:ammunitionsupply","floor":7.0,"key":"SMITH"},{"data":"rmod:salvage","floor":10.0,"key":"SMITH"},{"data":"rmod:basicallowance","floor":12.0,"key":"SMITH"},{"data":"rmod:chargemoney","floor":15.0,"key":"SMITH"},{"floor":24.0,"key":"REST"},{"floor":30.0,"key":"REST"},{"floor":32.0,"key":"REST"},{"floor":40.0,"key":"REST"},{"floor":44.0,"key":"REST"},{"floor":47.0,"key":"REST"},{"floor":49.0,"key":"REST"},{"floor":52.0,"key":"REST"}],"circlet_count":0,"master_deck":["AscendersBane","rmod:defend","rmod:defend","rmod:defend+1","rmod:defend","rmod:basicallowance+1","rmod:maingunfire","rmod:ammunitionsupply+1","rmod:salvage+1","rmod:overbreakdown","rmod:selfconfidence+1","rmod:firesupport","rmod:fletcher+1","rmod:combined","rmod:salvage","rmod:chargemoney+1","rmod:fletcherpendant","rmod:fletcherpendant","rmod:desperatesituation","rmod:fletcherpendant","rmod:fletcher","rmod:diaomin","rmod:fletcherpendant","rmod:fletcher","rmod:smokecover","rmod:fletcherpendant","rmod:circuitoustactics","rmod:fletcherpendant","rmod:fletcherpendant","rmod:fletcherpendant+1","rmod:goodsister+1","rmod:fletcherpendant","rmod:supriseattacks","rmod:fletcherpendant+1","rmod:ammunitionsupply+1","Madness+1","Madness+1","Pot Of Greed+1","Pot Of Greed+1","Pot Of Greed+1","Pot Of Greed+1","rmod:fletcherpendant","rmod:sl+1"],"relics":["NeowsBlessing","Dream Catcher","Shuriken","rmod:extraamm","Centennial Puzzle","Calipers","rmod:mogul","Blue Candle","Simple Rune","rmod:equipmentrecovery","Bronze Scales","Kintsugi","Singing Bowl","White Beast Statue","Art of War","Toxic Egg 2","Omamori","Grinning Jar","Bag of Marbles"],"acts_visited":["Exordium","TheCity","TheBeyond","TheEnding"],"potions_floor_usage":[55],"damage_taken":[{"damage":0.0,"enemies":"2 Louse","floor":1.0,"turns":1.0},{"damage":0.0,"enemies":"Cultist","floor":2.0,"turns":1.0},{"damage":0.0,"enemies":"Replay:BlueRogue","floor":6.0,"turns":1.0},{"damage":16.0,"enemies":"Gremlin Nob","floor":11.0,"turns":3.0},{"damage":0.0,"enemies":"Replay:BlueRogue","floor":13.0,"turns":4.0},{"damage":6.0,"enemies":"Jaw Worm","floor":14.0,"turns":2.0},{"damage":30.0,"enemies":"Slime Boss","floor":16.0,"turns":8.0},{"damage":2.0,"enemies":"Spheric Guardian","floor":18.0,"turns":3.0},{"damage":20.0,"enemies":"2 Thieves","floor":19.0,"turns":3.0},{"damage":14.0,"enemies":"Centurion and Healer","floor":20.0,"turns":5.0},{"damage":0.0,"enemies":"Gremlin Leader","floor":23.0,"turns":4.0},{"damage":8.0,"enemies":"Snake Plant","floor":27.0,"turns":3.0},{"damage":3.0,"enemies":"Cultist and Chosen","floor":28.0,"turns":3.0},{"damage":14.0,"enemies":"Slavers","floor":29.0,"turns":3.0},{"damage":5.0,"enemies":"Sentry and Sphere","floor":31.0,"turns":3.0},{"damage":15.0,"enemies":"Champ","floor":33.0,"turns":10.0},{"damage":7.0,"enemies":"3 Shapes","floor":35.0,"turns":2.0},{"damage":22.0,"enemies":"3 Darklings","floor":38.0,"turns":2.0},{"damage":27.0,"enemies":"Jaw Worm Horde","floor":39.0,"turns":3.0},{"damage":14.0,"enemies":"Reptomancer","floor":45.0,"turns":4.0},{"damage":12.0,"enemies":"Transient","floor":46.0,"turns":6.0},{"damage":17.0,"enemies":"Donu and Deca","floor":50.0,"turns":4.0},{"damage":31.0,"enemies":"Shield and Spear","floor":54.0,"turns":4.0},{"damage":52,"enemies":"The Heart","floor":55,"turns":6}],"seed_played":"3169768923952587487","potions_obtained":[{"floor":11.0,"key":"Milkshake"},{"floor":14.0,"key":"SteroidPotion"},{"floor":16.0,"key":"SteroidPotion"},{"floor":23.0,"key":"LiquidMemories"},{"floor":28.0,"key":"SpeedPotion"},{"floor":33.0,"key":"AttackPotion"},{"floor":38.0,"key":"SkillPotion"},{"floor":45.0,"key":"Elixir"},{"floor":54.0,"key":"SkillPotion"}],"is_trial":false,"path_per_floor":["M","M","$","?","$","E","R","?","T","R","E","R","E","M","R","B",null,"M","M","M","?","?","E","R","T","T","M","M","E","R","M","R","B",null,"M","$","?","M","M","R","?","T","T","R","E","M","R","?","R","B",null,"R","$","E","B"],"character_chosen":"PRAEFECT","items_purchased":["rmod:overbreakdown","rmod:tearstotiara","Singing Bowl","Grinning Jar"],"campfire_rested":8,"item_purchase_floors":[3,3,36,53],"current_hp_per_floor":[63,63,63,63,63,63,63,63,63,63,47,47,47,41,41,11,55,53,33,19,19,19,19,40,40,40,32,29,15,36,31,52,37,62,55,55,55,33,8,30,4,4,4,25,13,3,28,14,39,22,66,83,83,52,0,0],"gold":82,"neow_bonus":"THREE_ENEMY_KILL","is_daily":false,"chose_seed":false,"campfire_upgraded":4,"win_rate":0.0,"timestamp":1608479585,"path_taken":["M","M","$","?","$","E","R","?","T","R","E","R","E","M","R","BOSS","M","M","M","?","?","E","R","?","T","M","M","E","R","M","R","BOSS","M","$","?","?","M","R","?","?","T","R","E","M","R","?","R","BOSS","R","$","E","BOSS"],"items_purchased_type":["Card","Card","Relic","Relic"],"build_version":"2020-12-13","purchased_purges":1,"victory":false,"max_hp_per_floor":[70,70,70,70,70,70,70,70,70,70,70,70,70,70,70,70,70,70,70,70,70,70,70,70,70,70,70,70,70,70,70,70,70,70,70,70,67,67,69,71,73,73,73,73,75,77,79,79,81,81,81,83,83,83,83,83],"card_choices":[{"not_picked":["rmod:fletcherpendant","rmod:supportescort"],"picked":"rmod:ammunitionsupply","floor":1.0},{"not_picked":["rmod:aviationdawn","rmod:heivgo"],"picked":"rmod:salvage","floor":2.0},{"not_picked":["rmod:tearstotiara","rmod:intelligenceanalysis"],"picked":"rmod:firesupport","floor":6.0},{"not_picked":["rmod:gendarmerie","rmod:firesupport"],"picked":"rmod:combined","floor":11.0},{"not_picked":["rmod:robin","rmod:goodsister"],"picked":"rmod:salvage","floor":13.0},{"not_picked":["rmod:wasp","rmod:wife"],"picked":"rmod:chargemoney","floor":14.0},{"not_picked":["rmod:auspiciousomen","rmod:stealaluminum"],"picked":"rmod:desperatesituation","floor":16.0},{"not_picked":["rmod:combined","rmod:luckystar","rmod:ring"],"picked":"SKIP","floor":18.0},{"not_picked":["rmod:circuitoustactics","rmod:steelsupply"],"picked":"rmod:diaomin","floor":19.0},{"not_picked":["rmod:royalracing+1","rmod:u235"],"picked":"rmod:fletcherpendant","floor":20.0},{"not_picked":["rmod:aviationdawn","rmod:luckystar"],"picked":"rmod:smokecover","floor":23.0},{"not_picked":["rmod:lonelyqueen","rmod:firesupport"],"picked":"rmod:circuitoustactics","floor":27.0},{"not_picked":["rmod:ammunitionsupply+1","rmod:intelligenceanalysis","rmod:gendarmerie"],"picked":"SKIP","floor":28.0},{"not_picked":["rmod:unsinkable","rmod:rockthrower","rmod:chargemoney"],"picked":"SKIP","floor":29.0},{"not_picked":["rmod:unsinkable","rmod:sl"],"picked":"rmod:fletcherpendant","floor":30.0},{"not_picked":["rmod:diamondstrike","rmod:victimresponsibility"],"picked":"rmod:goodsister+1","floor":31.0},{"not_picked":["rmod:fuelsupply+1","rmod:steelsupply"],"picked":"rmod:fletcherpendant","floor":32.0},{"not_picked":["rmod:stealaluminum","rmod:u235"],"picked":"rmod:supriseattacks","floor":33.0},{"not_picked":["rmod:shuttlebombing","rmod:overbreakdown+1","rmod:punchline"],"picked":"SKIP","floor":35.0},{"not_picked":["rmod:mineteam+1","rmod:capitalist"],"picked":"rmod:fletcherpendant+1","floor":38.0},{"not_picked":["rmod:goodfighter+1","rmod:unsinkable+1","rmod:aviationdawn"],"picked":"Singing Bowl","floor":39.0},{"not_picked":["rmod:heivgo+1","rmod:steelsupply+1","rmod:diamondstrike"],"picked":"Singing Bowl","floor":40.0},{"not_picked":["rmod:aluminumsupply","rmod:steelsupply","rmod:diamondstrike+1"],"picked":"Singing Bowl","floor":41.0},{"not_picked":["rmod:steelsupply+1","rmod:sl+1"],"picked":"rmod:ammunitionsupply+1","floor":44.0},{"not_picked":["rmod:mineteam","rmod:overbreakdown+1","rmod:lastglory"],"picked":"Singing Bowl","floor":45.0},{"not_picked":["rmod:punchline+1","rmod:highspeedshooting+1","rmod:combined"],"picked":"Singing Bowl","floor":46.0},{"not_picked":["rmod:advancebysurprise+1","rmod:fletcherpendant","rmod:luckystar"],"picked":"Singing Bowl","floor":47.0},{"not_picked":["rmod:concentratefire+1","rmod:victimresponsibility+1","rmod:rockthrower"],"picked":"Singing Bowl","floor":49.0},{"not_picked":["rmod:supportescort+1","rmod:firesupport+1","rmod:auspiciousomen+1"],"picked":"Singing Bowl","floor":52.0},{"not_picked":["rmod:tearstotiara","rmod:rockthrower"],"picked":"rmod:sl+1","floor":54.0}],"player_experience":149484,"relics_obtained":[{"floor":6.0,"key":"Dream Catcher"},{"floor":9.0,"key":"rmod:extraamm"},{"floor":11.0,"key":"Centennial Puzzle"},{"floor":13.0,"key":"Calipers"},{"floor":23.0,"key":"Blue Candle"},{"floor":25.0,"key":"Simple Rune"},{"floor":26.0,"key":"rmod:equipmentrecovery"},{"floor":29.0,"key":"Bronze Scales"},{"floor":41.0,"key":"White Beast Statue"},{"floor":42.0,"key":"Art of War"},{"floor":43.0,"key":"Toxic Egg 2"},{"floor":45.0,"key":"Omamori"},{"floor":54.0,"key":"Bag of Marbles"}],"event_choices":[{"damage_healed":0.0,"max_hp_gain":0.0,"max_hp_loss":0.0,"gold_gain":0.0,"event_name":"WeMeetAgain","player_choice":"Paid Gold","floor":8.0,"gold_loss":59.0,"damage_taken":0.0,"relics_obtained":["Shuriken"]},{"damage_healed":0.0,"max_hp_gain":0.0,"max_hp_loss":0.0,"gold_gain":0.0,"event_name":"Ghosts","player_choice":"Ignored","floor":21.0,"gold_loss":0.0,"damage_taken":0.0},{"cards_removed":["Parasite"],"damage_healed":0.0,"max_hp_gain":0.0,"max_hp_loss":0.0,"gold_gain":0.0,"event_name":"Purifier","player_choice":"Purged","floor":37.0,"gold_loss":0.0,"damage_taken":0.0},{"damage_healed":0.0,"max_hp_gain":0.0,"max_hp_loss":0.0,"gold_gain":0.0,"event_name":"Winding Halls","player_choice":"Embrace Madness","floor":48.0,"gold_loss":0.0,"damage_taken":14.0,"cards_obtained":["Madness","Madness"]}],"is_beta":false,"boss_relics":[{"not_picked":["Hololive_TopUpMoneyS","Tiny House"],"picked":"rmod:mogul"},{"not_picked":["ChewingGum","Runic Pyramid"],"picked":"Kintsugi"}],"items_purged_floors":[53],"is_endless":false,"potions_floor_spawned":[11,14,16,23,28,33,38,39,45,46,54],"killed_by":"The Heart","ascension_level":20}}