{"host":"gn96mxb33x5p409u","time":1608488324,"event":{"mods":["2.2 Compatiblity","AchievementEnabler","Act Like it!","BaseMod","Colored Powertips","Downfall","Hubris","Infinite Spire","Jorbs\u0027s Wanderer Trilogy","Minty Spire (QoL Compilation)","Replay The Spire","StSLib","The Animator","The Jungle"],"gold_per_floor":[99,99,118,135,150,175,222,249,24,52,67,82,102,116,132,230,230,230,191,216,216,230,241,268,368,379,412,433,452,472,482,501,501,501],"floor_reached":33,"playtime":2312,"items_purged":[],"score":334,"play_id":"c8fa340c-e871-4dfa-93a8-268f26c4ccee","local_time":"20201220201844","is_ascension_mode":false,"campfire_choices":[{"floor":1,"key":"RECALL"},{"data":"hexamod:ThermalTransfer","floor":9,"key":"SMITH"},{"data":"hexamod:Rewind","floor":21,"key":"SMITH"}],"circlet_count":0,"master_deck":["hexamod:Strike","hexamod:Strike","hexamod:Strike","hexamod:Strike","hexamod:Defend","hexamod:Defend","hexamod:Defend","hexamod:Defend","hexamod:Sear","hexamod:Float","hexamod:BurningTouch","hexamod:ThermalTransfer+1","hexamod:NightmareStrike","hexamod:FlamesFromBeyond+1","hexamod:ExtraCrispy","hexamod:HauntingEcho","hexamod:FirstSeal","hexamod:Rewind+1","hexamod:HexaLevel","hexamod:HeatCrush","hexamod:ShieldOfDarkness","hexamod:ThermalTransfer+1","hexamod:HeatShield","hubris:NaturalOne","hexamod:SwordOfDarkness+1","hexamod:SecondSeal","hexamod:Hexaguard+1","hexamod:FlamesFromBeyond+1","hexamod:EtherealExpedition+1","hexamod:ThirdSeal","hexamod:NightmareGuise+1"],"relics":["hexamod:SpiritBrand","hubris:Icosahedron","hexamod:MatchstickCase","Ancient Tea Set","downfall:HeartBlessingBlue","downfall:HeartBlessingGreen","downfall:HeartBlessingRed","hubris:ToyBattleship","Honey Jar","Pear","hubris:SlimyHat","Centennial Puzzle"],"acts_visited":["Exordium","TheCity"],"potions_floor_usage":[8,16,16,16,27,27,32,32,33,33],"damage_taken":[{"damage":5,"enemies":"Jaw Worm","floor":3,"turns":3},{"damage":0,"enemies":"Cultist","floor":4,"turns":3},{"damage":1,"enemies":"2 Louse","floor":5,"turns":2},{"damage":24,"enemies":"Lagavulin","floor":8,"turns":5},{"damage":14,"enemies":"Gremlin Nob","floor":10,"turns":3},{"damage":0,"enemies":"Large Slime","floor":11,"turns":5},{"damage":0,"enemies":"Blue Slaver","floor":12,"turns":3},{"damage":0,"enemies":"Red Slaver","floor":13,"turns":3},{"damage":0,"enemies":"2 Fungi Beasts","floor":14,"turns":3},{"damage":1,"enemies":"3 Louse","floor":15,"turns":3},{"damage":28,"enemies":"downfall:Defect","floor":16,"turns":6},{"damage":9,"enemies":"3 Byrds","floor":19,"turns":4},{"damage":35,"enemies":"Gremlin Leader","floor":20,"turns":6},{"damage":0,"enemies":"Chosen","floor":22,"turns":3},{"damage":16,"enemies":"Shelled Parasite and Fungi","floor":23,"turns":6},{"damage":0,"enemies":"Centurion and Healer","floor":26,"turns":4},{"damage":3,"enemies":"Slavers","floor":27,"turns":5},{"damage":10,"enemies":"Chosen and Byrds","floor":28,"turns":5},{"damage":10,"enemies":"Snake Plant","floor":29,"turns":4},{"damage":10,"enemies":"3 Cultists","floor":30,"turns":6},{"damage":9,"enemies":"Cultist and Chosen","floor":31,"turns":6},{"damage":3,"enemies":"Centurion and Healer","floor":32,"turns":5},{"damage":15,"enemies":"downfall:Ironclad","floor":33,"turns":7}],"seed_played":"469585007426716393","potions_obtained":[{"floor":3,"key":"Fire Potion"},{"floor":8,"key":"LifebloodPotion"},{"floor":10,"key":"DistilledChaos"},{"floor":12,"key":"Cursed Concoction"},{"floor":13,"key":"PowerPotion"},{"floor":19,"key":"Elixir"},{"floor":26,"key":"Guardian:BlockOnCardUsePotion"},{"floor":27,"key":"Strength Potion"},{"floor":28,"key":"Weak Potion"},{"floor":30,"key":"Doom Potion"},{"floor":32,"key":"Swift Potion"}],"is_trial":false,"path_per_floor":["R","?","M","M","M","T","T","E","R","E","M","M","M","M","M","B",null,"R","M","E","R","M","M","T","?","M","E","M","M","M","M","M","B"],"character_chosen":"THE_SPIRIT","items_purchased":[],"campfire_rested":0,"item_purchase_floors":[],"current_hp_per_floor":[70,70,65,65,64,64,64,40,50,36,36,36,36,43,49,28,80,80,71,46,46,53,37,37,37,37,41,38,28,18,16,13,0,0],"gold":501,"neow_bonus":"THREE_CARDS","is_daily":false,"chose_seed":false,"campfire_upgraded":2,"win_rate":0.0,"timestamp":1608488324,"path_taken":["R","?","M","M","M","?","T","E","R","E","M","M","?","M","M","BOSS","R","M","E","R","?","M","T","?","M","E","M","M","M","M","M","BOSS"],"items_purchased_type":[],"build_version":"2020-12-13","purchased_purges":0,"victory":false,"max_hp_per_floor":[70,70,70,70,70,70,70,70,80,80,80,80,80,80,80,80,80,80,80,90,90,90,90,90,90,90,90,90,90,90,90,90,90,90],"card_choices":[{"not_picked":["hexamod:HauntingEcho","hexamod:FastForward"],"picked":"hexamod:BurningTouch","floor":0},{"not_picked":["hexamod:InspiringFlames","hexamod:ExtraCrispy"],"picked":"hexamod:ThermalTransfer","floor":3},{"not_picked":["hexamod:GhostOfSpireFuture","hexamod:StepThrough"],"picked":"hexamod:NightmareStrike","floor":4},{"not_picked":["hexamod:InspiringFlames","hexamod:ThermalTransfer","hexamod:HeatMetal"],"picked":"SKIP","floor":5},{"not_picked":["hexamod:BurningTouch","hexamod:RecurringNightmare"],"picked":"hexamod:FlamesFromBeyond","floor":8},{"not_picked":["hexamod:SpectralAdrenaline","hexamod:GhostShield"],"picked":"hexamod:ExtraCrispy","floor":10},{"not_picked":["hexamod:StepThrough","hexamod:GhostShield","hexamod:FastForward"],"picked":"SKIP","floor":11},{"not_picked":["hexamod:GhostLash","hexamod:Again"],"picked":"hexamod:HauntingEcho","floor":12},{"not_picked":["hexamod:BacktrackSmack","hexamod:CrushingStance"],"picked":"hexamod:FirstSeal","floor":13},{"not_picked":["hexamod:ExtraCrispy","hexamod:Firestarter"],"picked":"hexamod:Rewind","floor":14},{"not_picked":["hexamod:RetreatToShadows","hexamod:GhostLash","hexamod:ThermalTransfer"],"picked":"SKIP","floor":15},{"not_picked":["hexamod:UnleashSpirits","hexamod:CrushingStance"],"picked":"hexamod:HexaLevel","floor":16},{"not_picked":["hexamod:HauntingEcho+1","hexamod:RainOfEmbers","hexamod:AdvancingGuard"],"picked":"hexamod:HeatCrush","floor":19},{"not_picked":["hexamod:FastForward+1","hexamod:GhostLash","hexamod:StepThrough+1"],"picked":"hexamod:ShieldOfDarkness","floor":20},{"not_picked":["hexamod:GhostLash","hexamod:InspiringFlames","hexamod:HauntingEcho"],"picked":"hexamod:ThermalTransfer+1","floor":22},{"not_picked":["hexamod:HauntingEcho","hexamod:ThermalTransfer","hexamod:SpectersWail"],"picked":"hexamod:HeatShield","floor":23},{"not_picked":["hexamod:ShieldOfDarkness","hexamod:StepThrough","hexamod:FlamesFromBeyond"],"picked":"hexamod:SwordOfDarkness+1","floor":26},{"not_picked":["hexamod:WildfireWeapon","hexamod:DynamicBlow+1","hexamod:NightmareGuise"],"picked":"hexamod:SecondSeal","floor":27},{"not_picked":["hexamod:BurningTouch","hexamod:InspiringFlames","hexamod:GhostLash"],"picked":"hexamod:Hexaguard+1","floor":28},{"not_picked":["hexamod:SpectersWail","hexamod:InspiringFlames","hexamod:SwordOfDarkness+1"],"picked":"hexamod:FlamesFromBeyond+1","floor":29},{"not_picked":["hexamod:Hexaguard+1","hexamod:SwordOfDarkness","hexamod:GhostflameInferno"],"picked":"hexamod:EtherealExpedition+1","floor":30},{"not_picked":["hexamod:RainOfEmbers","hexamod:RetreatToShadows","hexamod:NightmareGuise"],"picked":"hexamod:ThirdSeal","floor":31},{"not_picked":["hexamod:RecurringNightmare","hexamod:Firestarter","hexamod:SkipABeat"],"picked":"hexamod:NightmareGuise+1","floor":32}],"player_experience":514545,"relics_obtained":[{"floor":7,"key":"hexamod:MatchstickCase"},{"floor":8,"key":"Ancient Tea Set"},{"floor":10,"key":"hubris:ToyBattleship"},{"floor":20,"key":"Pear"},{"floor":24,"key":"hubris:SlimyHat"},{"floor":27,"key":"Centennial Puzzle"}],"event_choices":[],"is_beta":false,"boss_relics":[{"not_picked":["Painkiller Herb","hubris:CrackedHourglass"],"picked":"Honey Jar"}],"items_purged_floors":[],"is_endless":false,"potions_floor_spawned":[3,8,10,12,13,14,19,26,27,28,30,32],"killed_by":"downfall:Ironclad","ascension_level":0}}