{"host":"oy4pyvr762z5n0bb","time":1608424242,"event":{"mods":["AchievementEnabler","BaseMod","Colored Map","Colored Powertips","Googly Eyes","Key Reminder","Minty Spire (QoL Compilation)","Quick Restart","Relic Sorter","StSLib","SuperFastMode","Unceasing Turn Reminder","slay the spire mod where everything is the same but ironclad has a cowboy hat"],"gold_per_floor":[114,133,81,97,97,125,125,125,125,125,158,178,198,212,212,315,315,333,333,344,354,354,383,383,68,119,137,62,73,73,73,73,73,73],"floor_reached":33,"playtime":626,"items_purged":["Strike_R"],"score":344,"play_id":"e351014c-260c-450c-9402-0f99a5fba196","local_time":"20201219163042","is_ascension_mode":true,"campfire_choices":[{"floor":10,"key":"REST"},{"floor":15,"key":"REST"},{"floor":24,"key":"REST"},{"floor":30,"key":"REST"},{"floor":32,"key":"REST"}],"circlet_count":0,"master_deck":["Strike_R","Strike_R","Defend_R","Defend_R","Defend_R","Defend_R","Bash+1","Battle Trance","Ghostly Armor","Wild Strike","Armaments","Immolate","Body Slam","Limit Break","Inflame","Twin Strike","Sword Boomerang","Double Tap","True Grit","Clothesline","Whirlwind","Disarm"],"relics":["Burning Blood","NeowsBlessing","Boot","Orichalcum","Vajra","Velvet Choker","FaceOfCleric","Red Skull","Girya","Oddly Smooth Stone"],"acts_visited":["Exordium","TheCity"],"potions_floor_usage":[8,33,33,33,33],"damage_taken":[{"damage":0,"enemies":"Small Slimes","floor":1,"turns":1},{"damage":0,"enemies":"Jaw Worm","floor":2,"turns":1},{"damage":0,"enemies":"Cultist","floor":4,"turns":1},{"damage":56,"enemies":"Gremlin Nob","floor":6,"turns":6},{"damage":15,"enemies":"3 Sentries","floor":8,"turns":4},{"damage":22,"enemies":"Gremlin Nob","floor":11,"turns":5},{"damage":8,"enemies":"Red Slaver","floor":12,"turns":3},{"damage":10,"enemies":"Lots of Slimes","floor":13,"turns":2},{"damage":2,"enemies":"Exordium Wildlife","floor":14,"turns":2},{"damage":44,"enemies":"Slime Boss","floor":16,"turns":9},{"damage":2,"enemies":"Chosen","floor":18,"turns":4},{"damage":23,"enemies":"2 Thieves","floor":20,"turns":3},{"damage":6,"enemies":"Chosen and Byrds","floor":21,"turns":6},{"damage":62,"enemies":"Book of Stabbing","floor":23,"turns":6},{"damage":11,"enemies":"Centurion and Healer","floor":27,"turns":4},{"damage":23,"enemies":"Shelled Parasite and Fungi","floor":29,"turns":4},{"damage":77,"enemies":"Collector","floor":33,"turns":9}],"seed_played":"3632303238014409254","potions_obtained":[{"floor":2,"key":"SmokeBomb"},{"floor":4,"key":"Weak Potion"},{"floor":11,"key":"GamblersBrew"},{"floor":13,"key":"EntropicBrew"}],"is_trial":false,"path_per_floor":["M","M","$","M","?","E","?","E","T","R","E","M","M","M","R","B",null,"M","?","M","M","?","E","R","$","T","M","$","M","R","?","R","B"],"character_chosen":"IRONCLAD","items_purchased":["Wild Strike","Girya"],"campfire_rested":5,"item_purchase_floors":[3,25],"current_hp_per_floor":[80,80,80,80,80,30,30,21,21,45,29,27,23,27,51,13,80,80,80,64,65,65,10,34,34,34,30,30,14,39,39,64,0,0],"gold":73,"neow_bonus":"THREE_ENEMY_KILL","is_daily":false,"chose_seed":false,"campfire_upgraded":0,"win_rate":0.0,"timestamp":1608424242,"path_taken":["M","M","$","M","?","E","?","E","T","R","E","M","M","?","R","BOSS","M","?","?","M","?","E","R","$","T","M","?","M","R","?","R","BOSS"],"items_purchased_type":["Card","Relic"],"build_version":"2020-12-13","purchased_purges":1,"victory":false,"max_hp_per_floor":[80,80,80,80,80,80,80,80,80,80,80,80,80,80,80,80,80,80,80,81,82,82,83,83,83,83,84,84,85,85,85,85,85,85],"card_choices":[{"not_picked":["Armaments","True Grit"],"picked":"Battle Trance","floor":1},{"not_picked":["Body Slam","Havoc"],"picked":"Ghostly Armor","floor":2},{"not_picked":["Fire Breathing","Rage"],"picked":"Armaments","floor":4},{"not_picked":["Whirlwind","Pommel Strike"],"picked":"Immolate","floor":6},{"not_picked":["Twin Strike","Rage"],"picked":"Limit Break","floor":11},{"not_picked":["Disarm","Cleave"],"picked":"Inflame","floor":12},{"not_picked":["Evolve","Iron Wave"],"picked":"Twin Strike","floor":13},{"not_picked":["Pummel","Metallicize"],"picked":"Sword Boomerang","floor":14},{"not_picked":["Corruption","Immolate"],"picked":"Double Tap","floor":16},{"not_picked":["Flame Barrier","Second Wind"],"picked":"True Grit","floor":18},{"not_picked":["Metallicize","Searing Blow","Sword Boomerang"],"picked":"SKIP","floor":20},{"not_picked":["Thunderclap+1","Anger"],"picked":"Clothesline","floor":21},{"not_picked":["Havoc","Battle Trance+1","Evolve"],"picked":"SKIP","floor":23},{"not_picked":["Heavy Blade","Anger"],"picked":"Whirlwind","floor":27},{"not_picked":["Shockwave","Sword Boomerang+1"],"picked":"Disarm","floor":29}],"player_experience":548146,"relics_obtained":[{"floor":6,"key":"Boot"},{"floor":9,"key":"Orichalcum"},{"floor":11,"key":"Vajra"},{"floor":23,"key":"Red Skull"},{"floor":26,"key":"Oddly Smooth Stone"}],"event_choices":[{"damage_healed":0,"gold_gain":0,"player_choice":"Grow","damage_taken":0,"max_hp_gain":0,"max_hp_loss":0,"event_name":"Living Wall","floor":5,"gold_loss":0,"cards_upgraded":["Bash"]},{"damage_healed":0,"gold_gain":0,"cards_transformed":["Strike_R"],"player_choice":"Transformed","damage_taken":0,"max_hp_gain":0,"max_hp_loss":0,"event_name":"Transmorgrifier","floor":7,"gold_loss":0,"cards_obtained":["Body Slam"]},{"damage_healed":0,"gold_gain":0,"player_choice":"Trade","damage_taken":0,"relics_obtained":["FaceOfCleric"],"max_hp_gain":0,"max_hp_loss":0,"event_name":"FaceTrader","floor":19,"gold_loss":0},{"cards_removed":["Strike_R"],"damage_healed":0,"gold_gain":0,"player_choice":"Purged","damage_taken":0,"max_hp_gain":0,"max_hp_loss":0,"event_name":"Purifier","floor":22,"gold_loss":0},{"damage_healed":0,"gold_gain":0,"player_choice":"Ignored","damage_taken":0,"max_hp_gain":0,"max_hp_loss":0,"event_name":"Cursed Tome","floor":31,"gold_loss":0}],"is_beta":false,"boss_relics":[{"not_picked":["Runic Pyramid","Astrolabe"],"picked":"Velvet Choker"}],"items_purged_floors":[28],"is_endless":false,"potions_floor_spawned":[2,4,11,13,14,16,18,20,27],"killed_by":"Collector","ascension_level":4}}