{"host":"gkm149kh1ihaqy0o","time":1608482323,"event":{"mods":["AchievementEnabler","BaseMod","Colored Powertips","Googly Eyes","Key Reminder","Minty Spire (QoL Compilation)","Permanent Neow","Quick Restart","Random Character Button","Rare Cards Sparkle","Relic Sorter","Relic Stats","SuperFastMode","Unceasing Turn Reminder","everything is the same but u backflip on backflip"],"gold_per_floor":[114,129,144,144,163,163,201,201,226,264,15,53,53,128,128,253,253,272,372,391,391,410,448,448,448,448,183,206,206,244,263,263,388,388,407,6,6,25,25,63,101,101,101],"floor_reached":42,"playtime":1921,"items_purged":["Strike_G","Strike_G","Strike_G"],"score":585,"play_id":"fd068ccc-729c-4d69-b535-372dda792b54","local_time":"20201220103843","daily_mods":["Specialized","Flight","Terminal"],"is_ascension_mode":false,"campfire_choices":[{"data":"Neutralize","floor":6,"key":"SMITH"},{"floor":8,"key":"REST"},{"data":"Infinite Blades","floor":13,"key":"SMITH"},{"data":"Blind","floor":15,"key":"SMITH"},{"data":"A Thousand Cuts","floor":24,"key":"SMITH"},{"data":"Calculated Gamble","floor":25,"key":"SMITH"},{"data":"Footwork","floor":32,"key":"SMITH"}],"circlet_count":0,"master_deck":["Defend_G","Defend_G","Defend_G","Defend_G","Defend_G","Survivor","Neutralize+1","Choke","Choke","Choke","Choke","Choke","Dodge and Roll","Dodge and Roll","All Out Attack","Infinite Blades+1","Calculated Gamble+1","Blade Dance","Cloak And Dagger","Blind+1","Blade Dance","A Thousand Cuts+1","Backflip","Footwork+1","Deep Breath+1","Blade Dance+1","Adrenaline+1","Terror+1","Envenom","PiercingWail+1","Blur+1","Dash+1"],"relics":["Ring of the Snake","Golden Idol","Ancient Tea Set","Potion Belt","Bronze Scales","Singing Bowl","Coffee Dripper","Toxic Egg 2","Matryoshka","Red Mask","Blood Vial","Busted Crown","Lee\u0027s Waffle","Frozen Egg 2","Happy Flower"],"acts_visited":["Exordium","TheCity","TheBeyond"],"potions_floor_usage":[10,12,12,16,23,28,28,33,40,42],"damage_taken":[{"damage":0,"enemies":"Small Slimes","floor":1,"turns":3},{"damage":0,"enemies":"2 Louse","floor":2,"turns":2},{"damage":0,"enemies":"Jaw Worm","floor":3,"turns":3},{"damage":0,"enemies":"Gremlin Gang","floor":5,"turns":6},{"damage":11,"enemies":"Gremlin Nob","floor":7,"turns":4},{"damage":0,"enemies":"3 Sentries","floor":10,"turns":6},{"damage":6,"enemies":"Lagavulin","floor":12,"turns":5},{"damage":6,"enemies":"The Guardian","floor":16,"turns":12},{"damage":10,"enemies":"Spheric Guardian","floor":18,"turns":4},{"damage":2,"enemies":"Shell Parasite","floor":20,"turns":3},{"damage":7,"enemies":"Snake Plant","floor":22,"turns":4},{"damage":9,"enemies":"Book of Stabbing","floor":23,"turns":6},{"damage":3,"enemies":"Masked Bandits","floor":28,"turns":3},{"damage":1,"enemies":"Gremlin Leader","floor":30,"turns":6},{"damage":0,"enemies":"Centurion and Healer","floor":31,"turns":4},{"damage":9,"enemies":"Automaton","floor":33,"turns":5},{"damage":12,"enemies":"3 Darklings","floor":35,"turns":4},{"damage":0,"enemies":"Orb Walker","floor":38,"turns":2},{"damage":3,"enemies":"Nemesis","floor":40,"turns":7},{"damage":0,"enemies":"Giant Head","floor":41,"turns":6},{"damage":46,"enemies":"Reptomancer","floor":42,"turns":4}],"seed_played":"4005297234989847306","potions_obtained":[{"floor":1,"key":"Energy Potion"},{"floor":3,"key":"BlessingOfTheForge"},{"floor":5,"key":"Poison Potion"},{"floor":10,"key":"EssenceOfSteel"},{"floor":22,"key":"Weak Potion"},{"floor":23,"key":"Weak Potion"},{"floor":30,"key":"ColorlessPotion"},{"floor":40,"key":"LiquidMemories"}],"is_trial":false,"path_per_floor":["M","M","M","?","M","R","E","R","T","E","$","E","R","?","R","B",null,"M","?","M","?","M","E","R","R","T","$","?","?","E","M","R","B",null,"M","$","?","M","?","E","E","E"],"character_chosen":"THE_SILENT","items_purchased":["Blade Dance","Cloak And Dagger","Blind","Deep Breath+1","Regen Potion","Lee\u0027s Waffle","PiercingWail+1","DuplicationPotion"],"campfire_rested":1,"item_purchase_floors":[11,11,11,27,27,36,36,36],"current_hp_per_floor":[68,67,66,50,50,50,39,57,57,57,57,51,51,40,40,34,52,44,44,42,42,37,28,28,28,28,28,37,33,32,34,34,27,39,29,46,45,46,43,42,43,0,0],"gold":101,"neow_bonus":"","is_daily":true,"chose_seed":false,"campfire_upgraded":6,"win_rate":0.0,"timestamp":1608482323,"path_taken":["M","M","M","?","M","R","E","R","T","E","$","E","R","?","R","BOSS","M","?","?","?","?","E","R","R","T","$","?","?","E","?","R","BOSS","M","?","?","?","?","E","E","E"],"items_purchased_type":["Card","Card","Card","Card","Potion","Relic","Card","Potion"],"build_version":"2020-12-13","purchased_purges":3,"victory":false,"max_hp_per_floor":[68,67,66,65,64,63,62,61,60,59,58,57,56,55,54,53,52,53,52,51,50,51,50,49,48,47,46,45,44,43,42,41,40,39,40,46,45,46,43,44,43,43,43],"relic_stats":{"Blood Vial":6,"Lee\u0027s Waffle":18,"Busted Crown":8,"Singing Bowl":10,"Happy Flower":[1],"counters":[21,99],"Golden Idol":139,"Bronze Scales":[216],"obtain_stats":[{"Potion Belt":9,"Lee\u0027s Waffle":36,"Singing Bowl":12,"Happy Flower":41,"Golden Idol":4,"Frozen Egg 2":40,"Ancient Tea Set":7,"Blood Vial":30,"Matryoshka":26,"Busted Crown":34,"Bronze Scales":10,"Coffee Dripper":17,"Red Mask":28,"Toxic Egg 2":23,"Ring of the Snake":0},{"Potion Belt":5,"Lee\u0027s Waffle":17,"Singing Bowl":7,"Happy Flower":20,"Golden Idol":3,"Frozen Egg 2":19,"Ancient Tea Set":5,"Blood Vial":14,"Matryoshka":12,"Busted Crown":16,"Bronze Scales":6,"Coffee Dripper":8,"Red Mask":13,"Toxic Egg 2":12,"Ring of the Snake":0},{"Potion Belt":18,"Lee\u0027s Waffle":80,"Singing Bowl":29,"Happy Flower":95,"Golden Idol":8,"Frozen Egg 2":89,"Ancient Tea Set":18,"Blood Vial":67,"Matryoshka":58,"Busted Crown":76,"Bronze Scales":24,"Coffee Dripper":41,"Red Mask":61,"Toxic Egg 2":58,"Ring of the Snake":0}],"Ring of the Snake":[42]},"card_choices":[{"not_picked":["Finisher","Setup"],"picked":"Dodge and Roll","floor":1},{"not_picked":["Expertise","Concentrate"],"picked":"Dodge and Roll","floor":2},{"not_picked":["Outmaneuver","Bane","Sucker Punch"],"picked":"SKIP","floor":3},{"not_picked":["Predator","Backflip"],"picked":"All Out Attack","floor":5},{"not_picked":["Acrobatics","Riddle With Holes"],"picked":"Infinite Blades","floor":7},{"not_picked":["Dagger Throw","Dash"],"picked":"Calculated Gamble","floor":10},{"not_picked":["Dagger Spray","Outmaneuver"],"picked":"Blade Dance","floor":12},{"not_picked":["Tools of the Trade","Corpse Explosion"],"picked":"A Thousand Cuts","floor":16},{"not_picked":["Bane+1","Prepared","Poisoned Stab+1"],"picked":"Singing Bowl","floor":18},{"not_picked":["Finisher","Deflect"],"picked":"Backflip","floor":20},{"not_picked":["Outmaneuver+1","Finisher","Well Laid Plans"],"picked":"Singing Bowl","floor":22},{"not_picked":["Slice","Backflip+1"],"picked":"Footwork","floor":23},{"not_picked":["Finisher","Underhanded Strike"],"picked":"Blade Dance+1","floor":28},{"not_picked":["Bane","Dash"],"picked":"Adrenaline+1","floor":30},{"not_picked":["Deadly Poison+1","Backflip+1"],"picked":"Terror+1","floor":31},{"not_picked":["Venomology+1","Corpse Explosion+1"],"picked":"Envenom","floor":33},{"not_picked":["Dodge and Roll+1"],"picked":"Singing Bowl","floor":35},{"not_picked":["Flying Knee"],"picked":"Singing Bowl","floor":38},{"not_picked":["Masterful Stab"],"picked":"Singing Bowl","floor":40},{"not_picked":[],"picked":"Dash+1","floor":41}],"player_experience":594386,"relics_obtained":[{"floor":7,"key":"Ancient Tea Set"},{"floor":9,"key":"Potion Belt"},{"floor":10,"key":"Bronze Scales"},{"floor":12,"key":"Singing Bowl"},{"floor":23,"key":"Toxic Egg 2"},{"floor":26,"key":"Matryoshka"},{"floor":28,"key":"Red Mask"},{"floor":30,"key":"Blood Vial"},{"floor":40,"key":"Frozen Egg 2"},{"floor":41,"key":"Happy Flower"}],"event_choices":[{"damage_healed":0,"gold_gain":0,"player_choice":"Take Damage","damage_taken":16,"relics_obtained":["Golden Idol"],"max_hp_gain":0,"max_hp_loss":0,"event_name":"Golden Idol","floor":4,"gold_loss":0},{"damage_healed":0,"gold_gain":75,"player_choice":"Gather Gold","damage_taken":11,"max_hp_gain":0,"max_hp_loss":0,"event_name":"World of Goop","floor":14,"gold_loss":0},{"damage_healed":0,"gold_gain":100,"player_choice":"Pray","damage_taken":0,"max_hp_gain":0,"max_hp_loss":0,"event_name":"Golden Shrine","floor":19,"gold_loss":0},{"cards_removed":["Strike_G"],"damage_healed":0,"gold_gain":0,"player_choice":"Offered Basic","damage_taken":0,"max_hp_gain":0,"max_hp_loss":0,"event_name":"Bonfire Elementals","floor":21,"gold_loss":0},{"damage_healed":0,"gold_gain":0,"player_choice":"Fought Bandits","damage_taken":0,"max_hp_gain":0,"max_hp_loss":0,"event_name":"Masked Bandits","floor":28,"gold_loss":0},{"damage_healed":0,"gold_gain":0,"player_choice":"Damaged","damage_taken":4,"max_hp_gain":0,"max_hp_loss":0,"event_name":"Wheel of Change","floor":29,"gold_loss":0},{"damage_healed":0,"gold_gain":0,"cards_transformed":["Strike_G"],"player_choice":"Transformed","damage_taken":0,"max_hp_gain":0,"max_hp_loss":0,"event_name":"Transmorgrifier","floor":37,"gold_loss":0,"cards_obtained":["Blur"]},{"damage_healed":0,"gold_gain":0,"player_choice":"Max HP","damage_taken":0,"max_hp_gain":0,"max_hp_loss":2,"event_name":"Winding Halls","floor":39,"gold_loss":0}],"is_beta":false,"boss_relics":[{"not_picked":["Velvet Choker","Calling Bell"],"picked":"Coffee Dripper"},{"not_picked":["Sozu","SlaversCollar"],"picked":"Busted Crown"}],"items_purged_floors":[11,27,36],"is_endless":false,"potions_floor_spawned":[1,3,5,10,22,23,30,40],"killed_by":"Reptomancer","ascension_level":0}}