{"host":"87fdiiwflhrwsj8a","time":1608486220,"event":{"mods":["Aspiration","BaseMod","Better Match","Better Third Choice","BetterRewards","Colored Map","Downfall","GifTheSpireLib","Infinite Spire","Minty Spire (QoL Compilation)","Relic Sorter","Replay The Spire","Robot Space Explorer","StSLib","Stuff the Spire","The Cursed"],"gold_per_floor":[115,130,130,143,143,143,155,186,186,218,145,145,145,145,157,187,187,287,287,300,300,179,179,191,220,240,240,240,240,240,240,254,214,214,316,316,334,353,369,385,385,385],"floor_reached":41,"playtime":2922,"items_purged":[],"score":1125,"play_id":"8d55ad1c-5379-4b05-8a43-0551e7d73c9c","local_time":"20201220124340","is_ascension_mode":true,"campfire_choices":[{"data":"sneckomod:UnknownVulnerable","floor":6,"key":"SMITH"},{"data":"Sword Boomerang","floor":17,"key":"SMITH"},{"data":"expansioncontent:Flail","floor":27,"key":"SMITH"},{"floor":29,"key":"DIG"},{"floor":34,"key":"DIG"}],"circlet_count":0,"master_deck":["AscendersBane","TheCursedMod:Strike_TheCursed","TheCursedMod:Strike_TheCursed","TheCursedMod:Strike_TheCursed","TheCursedMod:Strike_TheCursed","TheCursedMod:Defend_TheCursed","TheCursedMod:Defend_TheCursed","TheCursedMod:Defend_TheCursed","TheCursedMod:Defend_TheCursed+1","TheCursedMod:CursedWand","TheCursedMod:CleanUpWorkshop","TheCursedMod:Dregs","ReplayTheSpireMod:Private Reserves","TheCursedMod:SpitefulPlan","TheCursedMod:CursedSpellbook","ReplayTheSpireMod:Private Reserves","TheCursedMod:FuryStrike","TheCursedMod:FuryStrike","TheCursedMod:CursedBoomerang","TheCursedMod:ReleasedStrength","Parasite","sneckomod:UnknownVulnerable+1","champ:CrookedStrike+1","Sword Boomerang+1","Replay:Undeath\u0027s Touch","DeusExMachina+1","expansioncontent:Flail+1","ReplayTheSpireMod:Echoes of Time","RobotSpaceExplorer:JunkDive+1"],"relics":["TheCursedMod:BlackMagic101","FossilizedHelix","Ice Cream","Happy Flower","Membership Card","StuffTheSpire:Gunfinga","TungstenRod","infinitespire:Joker Card","TheCursedMod:BloodyHarpoon","Replay:Towering Pillar of Hats","Replay:Baseball","Turnip","PrismaticShard","infinitespire:Broken Mirror","aspiration:FetidBarrel","Bird Faced Urn","Lee\u0027s Waffle","Quantum Egg","Blood Vial","SacredBark","Strange Spoon","ReplayFunnel","Shovel","WingedGreaves","Lantern","Meat on the Bone","StuffTheSpire:RunicHypercube"],"acts_visited":["Exordium","TheCity","TheBeyond"],"potions_floor_usage":[8,18,35,41],"damage_taken":[{"damage":0,"enemies":"Cultist","floor":1,"turns":3},{"damage":0,"enemies":"Small Slimes","floor":2,"turns":2},{"damage":0,"enemies":"2 Louse","floor":4,"turns":1},{"damage":0,"enemies":"Exordium Thugs","floor":7,"turns":2},{"damage":0,"enemies":"Lagavulin","floor":8,"turns":3},{"damage":0,"enemies":"3 Sentries","floor":10,"turns":3},{"damage":0,"enemies":"Looter","floor":15,"turns":2},{"damage":0,"enemies":"Lagavulin","floor":16,"turns":2},{"damage":7,"enemies":"Hexaghost","floor":18,"turns":5},{"damage":0,"enemies":"Chosen","floor":20,"turns":2},{"damage":0,"enemies":"Shell Parasite","floor":24,"turns":2},{"damage":38,"enemies":"Slavers","floor":25,"turns":4},{"damage":0,"enemies":"Centurion and Healer","floor":26,"turns":4},{"damage":0,"enemies":"Sentry and Sphere","floor":32,"turns":2},{"damage":3,"enemies":"Collector","floor":35,"turns":6},{"damage":20,"enemies":"3 Shapes","floor":37,"turns":2},{"damage":0,"enemies":"Orb Walker","floor":38,"turns":2},{"damage":0,"enemies":"3 Darklings","floor":39,"turns":3},{"damage":0,"enemies":"Spire Growth","floor":40,"turns":3},{"damage":0,"enemies":"infinitespire:Three Voidlings","floor":41,"turns":2},{"damage":80,"enemies":"Nightmare_Alpha","floor":41,"turns":7}],"seed_played":"3785921990658098956","potions_obtained":[{"floor":7,"key":"DistilledChaos"},{"floor":8,"key":"SkillPotion"},{"floor":10,"key":"FearPotion"},{"floor":25,"key":"Reflective Coating"},{"floor":26,"key":"Explosive Potion"},{"floor":37,"key":"Weak Potion"}],"is_trial":false,"path_per_floor":["M","M","?","M","?","R","M","E","T","E","$","PTL","PTL","?","M","E","R","B",null,"M","?","$","?","M","E","M","R","T","R","?","T","M","?","R_BF","B",null,"M","M","M","M","?"],"character_chosen":"THE_CURSED","items_purchased":["FossilizedHelix","Happy Flower","ReplayTheSpireMod:Private Reserves","Membership Card","StuffTheSpire:Gunfinga","TungstenRod","TheCursedMod:SpitefulPlan","TheCursedMod:BloodyHarpoon","TheCursedMod:CursedSpellbook","ReplayTheSpireMod:Private Reserves","TheCursedMod:FuryStrike","Replay:Baseball","TheCursedMod:CursedBoomerang","TheCursedMod:ReleasedStrength","Lee\u0027s Waffle","Strange Spoon","expansioncontent:Flail"],"campfire_rested":0,"item_purchase_floors":[0,0,0,0,0,0,0,0,0,0,0,0,0,0,11,22,22],"current_hp_per_floor":[20,20,20,20,20,20,20,20,20,20,82,82,82,82,82,82,82,75,80,82,82,82,63,67,33,35,35,35,35,35,35,37,37,37,50,74,58,62,66,70,0,0],"gold":385,"neow_bonus":"","is_daily":false,"chose_seed":false,"campfire_upgraded":3,"win_rate":0.0,"timestamp":1608486220,"path_taken":["M","?","?","M","?","R","?","E","T","E","?","PTL","PTL","?","M","E","R","BOSS","M","?","?","?","M","E","M","R","T","R","?","?","?","?","R_BF","BOSS","M","?","?","M","?"],"items_purchased_type":["Relic","Relic","Card","Relic","Relic","Relic","Card","Relic","Card","Card","Card","Relic","Card","Card","Relic","Relic","Card"],"build_version":"2020-12-13","purchased_purges":0,"victory":false,"max_hp_per_floor":[75,75,75,75,75,75,75,75,75,75,82,82,82,82,82,82,82,82,82,82,82,82,82,82,82,82,82,82,82,82,82,82,82,82,82,82,82,82,82,82,82,82],"card_choices":[{"not_picked":["TheCursedMod:Obscuration","TheCursedMod:Wield","TheCursedMod:WearCloak"],"picked":"SKIP","floor":1},{"not_picked":["TheCursedMod:Obscuration","TheCursedMod:Wield","TheCursedMod:TroublousMinions"],"picked":"SKIP","floor":2},{"not_picked":["expansioncontent:YouAreMine","hexamod:NightmareStrike"],"picked":"sneckomod:UnknownVulnerable","floor":4},{"not_picked":["CutThroughFate","Slimebound:SamplingLick","champ:BladeFlurry"],"picked":"SKIP","floor":7},{"not_picked":["expansioncontent:TimeRipple","StuffTheSpire:Shiver"],"picked":"champ:CrookedStrike","floor":8},{"not_picked":["Venomology","Conclude","Havoc"],"picked":"SKIP","floor":10},{"not_picked":["Gash","sneckomod:SoulRoll"],"picked":"Sword Boomerang","floor":15},{"not_picked":["Slimebound:FinishingTackle","Tactician"],"picked":"Replay:Undeath\u0027s Touch","floor":16},{"not_picked":["hexamod:CrushingStance","champ:CheapShot"],"picked":"DeusExMachina","floor":18},{"not_picked":["Slimebound:SlimeSpikes","hexamod:Again","sneckomod:RainOfDice"],"picked":"SKIP","floor":20},{"not_picked":["infinitespire:SealOfDarkness+","infinitespire:Starlight"],"picked":"ReplayTheSpireMod:Echoes of Time","floor":23},{"not_picked":["champ:BladeFlurry","Uppercut","TheCursedMod:CursedMace"],"picked":"SKIP","floor":24},{"not_picked":["Barrage","RobotSpaceExplorer:SwiftStep","Slimebound:SlimeSpikes"],"picked":"SKIP","floor":25},{"not_picked":["ReplayTheSpireMod:The Works","Guardian:ShieldCharger","Slimebound:ItLooksTasty+1"],"picked":"SKIP","floor":26},{"not_picked":["ReplayTheSpireMod:The Works","Guardian:ShieldCharger","Slimebound:ItLooksTasty+1"],"picked":"SKIP","floor":26},{"not_picked":["TheCursedMod:RapidMovement","BowlingBash","hexamod:GhostLash"],"picked":"SKIP","floor":32},{"not_picked":["hexamod:FastForward","Blood for Blood","SashWhip"],"picked":"SKIP","floor":37},{"not_picked":["Slimebound:TongueLash+1","Crippling Poison","Flying Knee"],"picked":"SKIP","floor":38},{"not_picked":["Slimebound:RejuvenatingLick","ReplayTheSpireMod:Strike From Hell"],"picked":"RobotSpaceExplorer:JunkDive+1","floor":39},{"not_picked":["Leg Sweep","Clash+1","TheCursedMod:Obscuration"],"picked":"SKIP","floor":40}],"player_experience":2591230,"relics_obtained":[{"floor":8,"key":"infinitespire:Broken Mirror"},{"floor":9,"key":"aspiration:FetidBarrel"},{"floor":10,"key":"Bird Faced Urn"},{"floor":14,"key":"Quantum Egg"},{"floor":16,"key":"Blood Vial"},{"floor":25,"key":"ReplayFunnel"},{"floor":28,"key":"Shovel"},{"floor":29,"key":"WingedGreaves"},{"floor":31,"key":"Lantern"},{"floor":34,"key":"Meat on the Bone"}],"event_choices":[{"damage_healed":0,"gold_gain":0,"player_choice":"Ignored","damage_taken":0,"max_hp_gain":0,"max_hp_loss":0,"event_name":"Fountain of Cleansing","floor":5,"gold_loss":0},{"damage_healed":0,"gold_gain":0,"player_choice":"Upgraded","damage_taken":0,"max_hp_gain":0,"max_hp_loss":0,"event_name":"Upgrade Shrine","floor":21,"gold_loss":0,"cards_upgraded":["DeusExMachina"]},{"damage_healed":0,"gold_gain":0,"player_choice":"Upgraded Two","damage_taken":0,"max_hp_gain":0,"max_hp_loss":0,"event_name":"Designer","floor":33,"gold_loss":40,"cards_upgraded":["champ:CrookedStrike","TheCursedMod:Defend_TheCursed"]}],"is_beta":false,"boss_relics":[{"not_picked":["ChewingGum","Coffee Dripper"],"picked":"SacredBark"},{"not_picked":["Runic Dome","aspiration:FutureDiary"],"picked":"StuffTheSpire:RunicHypercube"}],"items_purged_floors":[],"is_endless":false,"potions_floor_spawned":[7,8,10,15,16,25,26,37,38],"killed_by":"Nightmare_Alpha","ascension_level":12}}