{"host":"2lo6hma6kymb0g9i","time":1608449577,"event":{"mods":["BaseMod","Colored Map","DeckTracker","Minty Spire (QoL Compilation)"],"gold_per_floor":[109,128,128,128,147,181,181,200,200,227,152,152,169,169,169],"floor_reached":14,"playtime":584,"items_purged":["Strike_G"],"score":167,"play_id":"8fdfbe19-f019-4fd6-8296-786cf3961b3e","local_time":"20201220163257","is_ascension_mode":true,"campfire_choices":[{"data":"Dramatic Entrance","floor":7,"key":"SMITH"}],"circlet_count":0,"master_deck":["AscendersBane","Strike_G","Strike_G","Defend_G","Defend_G","Defend_G","Defend_G","Defend_G","Survivor","Neutralize","Dramatic Entrance+1","Flying Knee+1","Deflect","Choke+1","Deflect","Footwork","PiercingWail"],"relics":["Ring of the Snake","InkBottle","Bottled Flame","Whetstone"],"acts_visited":["Exordium"],"potions_floor_usage":[6,14],"damage_taken":[{"damage":0,"enemies":"Small Slimes","floor":1,"turns":3},{"damage":7,"enemies":"Jaw Worm","floor":2,"turns":4},{"damage":0,"enemies":"Cultist","floor":5,"turns":3},{"damage":23,"enemies":"3 Sentries","floor":6,"turns":8},{"damage":13,"enemies":"Exordium Thugs","floor":8,"turns":5},{"damage":0,"enemies":"Looter","floor":13,"turns":3},{"damage":12,"enemies":"Gremlin Nob","floor":14,"turns":3}],"seed_played":"4301218246061897608","potions_obtained":[{"floor":5,"key":"EssenceOfSteel"},{"floor":6,"key":"FearPotion"}],"is_trial":false,"path_per_floor":["M","M","?","?","M","E","R","M","T","T","$","?","M","E"],"character_chosen":"THE_SILENT","items_purchased":[],"campfire_rested":0,"item_purchase_floors":[],"current_hp_per_floor":[59,52,52,52,52,29,29,16,16,16,16,9,9,0,0],"gold":169,"neow_bonus":"RANDOM_COLORLESS","is_daily":false,"chose_seed":false,"campfire_upgraded":1,"win_rate":0.0,"timestamp":1608449577,"path_taken":["M","M","?","?","M","E","R","?","T","?","$","?","M","E"],"items_purchased_type":[],"build_version":"2020-12-13","purchased_purges":1,"victory":false,"max_hp_per_floor":[66,66,66,66,66,66,66,66,66,66,66,66,66,66,66],"card_choices":[{"not_picked":["Good Instincts","Jack Of All Trades"],"picked":"Dramatic Entrance","floor":0},{"not_picked":["Bane","Deflect"],"picked":"Flying Knee","floor":1},{"not_picked":["Acrobatics","Prepared"],"picked":"Deflect","floor":2},{"not_picked":["Dagger Spray","Concentrate"],"picked":"Choke","floor":5},{"not_picked":["Riddle With Holes","Dodge and Roll"],"picked":"Deflect","floor":6},{"not_picked":["Slice","Poisoned Stab"],"picked":"Footwork","floor":8},{"not_picked":["Cloak And Dagger","Dodge and Roll"],"picked":"PiercingWail","floor":13}],"player_experience":844091,"relics_obtained":[{"floor":6,"key":"InkBottle"},{"floor":9,"key":"Bottled Flame"},{"floor":10,"key":"Whetstone"}],"event_choices":[{"damage_healed":0,"gold_gain":0,"player_choice":"Ignored","damage_taken":0,"max_hp_gain":0,"max_hp_loss":0,"event_name":"Golden Idol","floor":3,"gold_loss":0},{"cards_removed":["Strike_G"],"damage_healed":0,"gold_gain":0,"player_choice":"Offered Basic","damage_taken":0,"max_hp_gain":0,"max_hp_loss":0,"event_name":"Bonfire Elementals","floor":4,"gold_loss":0},{"cards_removed":["Strike_G"],"damage_healed":0,"gold_gain":0,"player_choice":"Card Removal","damage_taken":7,"max_hp_gain":0,"max_hp_loss":0,"event_name":"Golden Wing","floor":12,"gold_loss":0}],"is_beta":false,"boss_relics":[],"items_purged_floors":[11],"is_endless":false,"potions_floor_spawned":[5,6],"killed_by":"Gremlin Nob","ascension_level":17}}