{"host":"7pe9xwx78c6nlay8","time":1608490770,"event":{"mods":["BaseMod","Minty Spire (QoL Compilation)"],"gold_per_floor":[112,138,69,79,93,93,128,128,128,146,146,321,350,370,370,370,370],"floor_reached":16,"playtime":353,"items_purged":[],"score":171,"play_id":"ed6af5c1-c660-4a3f-9ad2-d5ca137f6f41","local_time":"20201221025930","is_ascension_mode":true,"campfire_choices":[{"data":"TalkToTheHand","floor":6.0,"key":"SMITH"},{"data":"Eruption","floor":8.0,"key":"SMITH"},{"floor":15.0,"key":"REST"}],"circlet_count":0,"master_deck":["AscendersBane","Strike_P","Strike_P","Strike_P","Defend_P","Defend_P","Defend_P","Defend_P","Eruption+1","Vigilance","PathToVictory","TalkToTheHand+1","Nirvana","PathToVictory","Doubt","CutThroughFate"],"relics":["PureWater","NeowsBlessing","Bag of Preparation","Shuriken","Bottled Lightning","Bottled Tornado"],"acts_visited":["Exordium"],"potions_floor_usage":[],"damage_taken":[{"damage":0.0,"enemies":"Cultist","floor":1.0,"turns":1.0},{"damage":0.0,"enemies":"2 Louse","floor":4.0,"turns":1.0},{"damage":0.0,"enemies":"Jaw Worm","floor":5.0,"turns":1.0},{"damage":27.0,"enemies":"Gremlin Nob","floor":7.0,"turns":3.0},{"damage":0.0,"enemies":"2 Fungi Beasts","floor":10.0,"turns":2.0},{"damage":7.0,"enemies":"Lagavulin","floor":13.0,"turns":8.0},{"damage":2.0,"enemies":"Gremlin Gang","floor":14.0,"turns":5.0},{"damage":47,"enemies":"The Guardian","floor":16,"turns":4}],"seed_played":"1678893404145322708","potions_obtained":[{"floor":1.0,"key":"Dexterity Potion"},{"floor":5.0,"key":"LiquidBronze"},{"floor":10.0,"key":"ColorlessPotion"}],"is_trial":false,"path_per_floor":["M","T","$","M","M","R","E","R","T","M","?","?","E","M","R","B"],"character_chosen":"WATCHER","items_purchased":["TalkToTheHand"],"campfire_rested":1,"item_purchase_floors":[3],"current_hp_per_floor":[65,65,65,65,65,65,38,38,38,38,31,31,24,22,43,0,0],"gold":370,"neow_bonus":"THREE_ENEMY_KILL","is_daily":false,"chose_seed":false,"campfire_upgraded":2,"win_rate":0.0,"timestamp":1608490770,"path_taken":["M","?","?","?","M","R","E","R","T","M","?","?","E","M","R","BOSS"],"items_purchased_type":["Card"],"build_version":"2020-12-13","purchased_purges":0,"victory":false,"max_hp_per_floor":[72,72,72,72,72,72,72,72,72,72,72,72,72,72,72,72,72],"card_choices":[{"not_picked":["Indignation","FlyingSleeves"],"picked":"PathToVictory","floor":1.0},{"not_picked":["CrushJoints","BowlingBash"],"picked":"Nirvana","floor":4.0},{"not_picked":["BowlingBash","SashWhip","InnerPeace"],"picked":"SKIP","floor":5.0},{"not_picked":["ThirdEye","Meditate"],"picked":"PathToVictory","floor":7.0},{"not_picked":["Consecrate","SashWhip","Indignation"],"picked":"SKIP","floor":10.0},{"not_picked":["LikeWater","Vengeance"],"picked":"CutThroughFate","floor":13.0},{"not_picked":["BowlingBash","MasterReality","SignatureMove"],"picked":"SKIP","floor":14.0}],"player_experience":1545088,"relics_obtained":[{"floor":2.0,"key":"Bag of Preparation"},{"floor":7.0,"key":"Shuriken"},{"floor":9.0,"key":"Bottled Lightning"},{"floor":13.0,"key":"Bottled Tornado"}],"event_choices":[{"cards_removed":["Strike_P"],"damage_healed":0.0,"max_hp_gain":0.0,"max_hp_loss":0.0,"gold_gain":0.0,"event_name":"Golden Wing","player_choice":"Card Removal","floor":11.0,"gold_loss":0.0,"damage_taken":7.0},{"damage_healed":0.0,"max_hp_gain":0.0,"max_hp_loss":0.0,"gold_gain":175.0,"event_name":"Liars Game","player_choice":"AGREE","floor":12.0,"gold_loss":0.0,"damage_taken":0.0,"cards_obtained":["Doubt"]}],"is_beta":false,"boss_relics":[],"items_purged_floors":[],"is_endless":false,"potions_floor_spawned":[1,5,10],"killed_by":"The Guardian","ascension_level":11}}