{"host":"qwttrqaysb380yri","time":1608480265,"event":{"mods":["BaseMod","Custom Start","Minty Spire (QoL Compilation)","Permanent Neow","Puzzle Mod","Relic Stats","StSLib","The Cursed","The Hierophant"],"gold_per_floor":[118,118,130,157,176,176,203,231,279,57,84,108,108,131,131,203,203,229,229,245,52,52,75,87,92,170,170,184,184,184,59,59,133,133,159,186,36,61,94,124,131,164,188,221,221,46,46,46,46,46],"floor_reached":51,"playtime":1748,"items_purged":["hierophant:Punish","hierophant:Strike_Hierophant","hierophant:Strike_Hierophant","hierophant:Defend_Hierophant","hierophant:Remorse"],"score":1493,"play_id":"0bb5a610-4395-404d-9f5c-32fabab73a91","local_time":"20201220170425","is_ascension_mode":true,"campfire_choices":[{"data":"hierophant:ChurchCoffers","floor":6.0,"key":"SMITH"},{"data":"hierophant:Exaltation","floor":15.0,"key":"SMITH"},{"floor":27.0,"key":"REST"},{"floor":29.0,"key":"REST"},{"data":"hierophant:DivineIntervention","floor":32.0,"key":"SMITH"},{"floor":47,"key":"REST"},{"floor":49,"key":"DIG"}],"circlet_count":0,"master_deck":["AscendersBane","hierophant:Defend_Hierophant","hierophant:Defend_Hierophant","hierophant:ChurchCoffers+1","hierophant:Smite","hierophant:HolyVerse","hierophant:Doubloon","hierophant:HolyVerse+1","hierophant:Smite","hierophant:FieryStrike","hierophant:DivineIntervention+1","hierophant:Exaltation+1","hierophant:HolyVerse","hierophant:MorningPrayer","hierophant:DeathKnell","CurseOfTheBell","hierophant:Embezzle+1","hierophant:Exaltation+1","hierophant:Empathy+1","Blind+1","hierophant:MorningPrayer+1","hierophant:Bribe+1","hierophant:Sermon+1","hierophant:Alms+1"],"relics":["hierophant:PropheticMaskRelic","Nunchaku","War Paint","Mercury Hourglass","Bronze Scales","Calling Bell","Vajra","Toxic Egg 2","WingedGreaves","Kunai","Shuriken","Matryoshka","Lantern","Sundial","Runic Pyramid","Gambling Chip","Shovel","Singing Bowl","Blood Vial","Regal Pillow","hierophant:DonationBoxRelic","Gremlin Horn"],"acts_visited":["Exordium","TheCity","TheBeyond"],"potions_floor_usage":[42,50,50],"damage_taken":[{"damage":3.0,"enemies":"Small Slimes","floor":1.0,"turns":3.0},{"damage":6.0,"enemies":"Cultist","floor":3.0,"turns":3.0},{"damage":1.0,"enemies":"2 Louse","floor":4.0,"turns":2.0},{"damage":0.0,"enemies":"Exordium Wildlife","floor":5.0,"turns":2.0},{"damage":9.0,"enemies":"Red Slaver","floor":7.0,"turns":2.0},{"damage":18.0,"enemies":"Lagavulin","floor":8.0,"turns":5.0},{"damage":0.0,"enemies":"Lots of Slimes","floor":11.0,"turns":1.0},{"damage":2.0,"enemies":"3 Sentries","floor":12.0,"turns":2.0},{"damage":0.0,"enemies":"Exordium Wildlife","floor":14.0,"turns":2.0},{"damage":17.0,"enemies":"The Guardian","floor":16.0,"turns":10.0},{"damage":0.0,"enemies":"Chosen","floor":18.0,"turns":3.0},{"damage":0.0,"enemies":"3 Byrds","floor":20.0,"turns":2.0},{"damage":44.0,"enemies":"Book of Stabbing","floor":23.0,"turns":5.0},{"damage":9.0,"enemies":"Snake Plant","floor":24.0,"turns":3.0},{"damage":22.0,"enemies":"Slavers","floor":25.0,"turns":2.0},{"damage":0.0,"enemies":"3 Cultists","floor":28.0,"turns":3.0},{"damage":1.0,"enemies":"Champ","floor":33.0,"turns":7.0},{"damage":0.0,"enemies":"3 Darklings","floor":35.0,"turns":2.0},{"damage":13.0,"enemies":"Orb Walker","floor":36.0,"turns":3.0},{"damage":0.0,"enemies":"Maw","floor":38.0,"turns":4.0},{"damage":0.0,"enemies":"Mind Bloom Boss Battle","floor":39.0,"turns":2.0},{"damage":0.0,"enemies":"Giant Head","floor":40.0,"turns":4.0},{"damage":0.0,"enemies":"4 Shapes","floor":41.0,"turns":2.0},{"damage":31,"enemies":"Reptomancer","floor":42,"turns":4},{"damage":0,"enemies":"Giant Head","floor":44,"turns":4},{"damage":40,"enemies":"Awakened One","floor":50,"turns":5}],"seed_played":"-6026554287257695079","potions_obtained":[{"floor":5.0,"key":"EssenceOfSteel"},{"floor":8.0,"key":"Swift Potion"},{"floor":12.0,"key":"SteroidPotion"},{"floor":14.0,"key":"FairyPotion"},{"floor":16.0,"key":"Swift Potion"},{"floor":25.0,"key":"LiquidBronze"},{"floor":28.0,"key":"PowerPotion"},{"floor":33.0,"key":"Explosive Potion"},{"floor":44,"key":"SkillPotion"}],"is_trial":false,"path_per_floor":["M","?","M","M","M","R","M","E","T","$","M","E","?","M","R","B",null,"M","?","M","$","T","E","M","E","T","R","M","R","T","$","R","B",null,"M","M","$","M","?","E","M","E","T","E","?","$","R","$","R","B",null],"character_chosen":"HIEROPHANT","items_purchased":["hierophant:Exaltation","Regen Potion","Blind+1"],"campfire_rested":3,"item_purchase_floors":[10,10,21],"current_hp_per_floor":[65,65,59,58,58,58,49,31,31,31,31,38,33,33,33,16,60,60,60,60,60,60,16,7,9,9,31,31,53,53,53,53,52,69,69,56,56,56,56,56,56,27,27,31,31,31,69,69,69,31],"gold":46,"neow_bonus":"TRANSFORM_CARD","is_daily":false,"chose_seed":false,"campfire_upgraded":3,"win_rate":0.0,"timestamp":1608480265,"path_taken":["M","?","M","?","M","R","M","E","T","$","M","E","?","M","R","BOSS","M","?","?","$","?","E","M","E","T","R","M","R","?","$","R","BOSS","M","M","$","M","?","E","M","E","T","E","?","$","R","?","R","BOSS"],"items_purchased_type":["Card","Potion","Card"],"build_version":"2020-12-13","purchased_purges":5,"victory":true,"max_hp_per_floor":[75,75,75,75,75,75,75,75,75,75,75,75,75,75,75,75,75,75,75,75,75,75,75,75,75,75,75,75,75,75,75,75,75,75,75,75,75,75,75,75,75,77,77,79,79,79,79,79,79,79],"relic_stats":{"Regal Pillow":15,"Singing Bowl":4,"Gremlin Horn":[3,3],"counters":[26,87],"War Paint":["hierophant:Defend_Hierophant","hierophant:HolyVerse"],"Mercury Hourglass":[261],"Blood Vial":4,"Nunchaku":[5],"Shovel":1,"Shuriken":[0],"Sundial":[2],"Bronze Scales":[192],"Gambling Chip":[10],"Kunai":[0],"obtain_stats":[{"Lantern":30,"Regal Pillow":43,"Singing Bowl":42,"Gremlin Horn":49,"hierophant:PropheticMaskRelic":0,"Vajra":17,"War Paint":9,"Mercury Hourglass":12,"Calling Bell":17,"Blood Vial":43,"Nunchaku":8,"Matryoshka":26,"Shovel":40,"Shuriken":25,"Sundial":30,"Bronze Scales":13,"Gambling Chip":39,"hierophant:DonationBoxRelic":44,"WingedGreaves":17,"Kunai":22,"Toxic Egg 2":17,"Runic Pyramid":34},{"Lantern":16,"Regal Pillow":24,"Singing Bowl":24,"Gremlin Horn":25,"hierophant:PropheticMaskRelic":0,"Vajra":10,"War Paint":6,"Mercury Hourglass":8,"Calling Bell":10,"Blood Vial":24,"Nunchaku":6,"Matryoshka":15,"Shovel":22,"Shuriken":15,"Sundial":16,"Bronze Scales":8,"Gambling Chip":21,"hierophant:DonationBoxRelic":25,"WingedGreaves":10,"Kunai":12,"Toxic Egg 2":10,"Runic Pyramid":17},{"Lantern":50,"Regal Pillow":78,"Singing Bowl":78,"Gremlin Horn":82,"hierophant:PropheticMaskRelic":0,"Vajra":32,"War Paint":17,"Mercury Hourglass":20,"Calling Bell":32,"Blood Vial":78,"Nunchaku":17,"Matryoshka":47,"Shovel":72,"Shuriken":47,"Sundial":50,"Bronze Scales":20,"Gambling Chip":68,"hierophant:DonationBoxRelic":82,"WingedGreaves":32,"Kunai":37,"Toxic Egg 2":32,"Runic Pyramid":57}]},"card_choices":[{"not_picked":["hierophant:HammerAndAnvil","hierophant:Shelter"],"picked":"hierophant:HolyVerse","floor":1.0},{"not_picked":["hierophant:FieryStrike","hierophant:SealAway"],"picked":"hierophant:Remorse","floor":3.0},{"not_picked":["hierophant:RecallFunds","hierophant:DisplayOfPower"],"picked":"hierophant:HolyVerse","floor":4.0},{"not_picked":["hierophant:Alms","hierophant:Empathy"],"picked":"hierophant:Smite","floor":5.0},{"not_picked":["hierophant:Shelter","hierophant:Zeal"],"picked":"hierophant:FieryStrike","floor":7.0},{"not_picked":["hierophant:Smite","hierophant:Blessing"],"picked":"hierophant:DivineIntervention","floor":8.0},{"not_picked":["hierophant:Glossolalia","hierophant:FieryStrike"],"picked":"hierophant:HolyVerse","floor":11.0},{"not_picked":["hierophant:ThreeLashes","hierophant:RecallFunds"],"picked":"hierophant:MorningPrayer","floor":12.0},{"not_picked":["hierophant:Flagellation","hierophant:RepressedViolence","hierophant:TollTheBells"],"picked":"SKIP","floor":14.0},{"not_picked":["hierophant:Kindle","hierophant:LocustPlague"],"picked":"hierophant:DeathKnell","floor":16.0},{"not_picked":["hierophant:Martyrdom+1","hierophant:MorningPrayer+1"],"picked":"hierophant:Embezzle+1","floor":18.0},{"not_picked":["hierophant:SolarFlare+1","hierophant:MorningPrayer+1"],"picked":"hierophant:Empathy+1","floor":20.0},{"not_picked":["hierophant:Doubloon+1","hierophant:Batter"],"picked":"hierophant:MorningPrayer+1","floor":23.0},{"not_picked":["hierophant:DisplayOfPower","hierophant:Refuge"],"picked":"hierophant:Bribe+1","floor":24.0},{"not_picked":["hierophant:SealAway","hierophant:Glossolalia","hierophant:Prophecy+1"],"picked":"SKIP","floor":25.0},{"not_picked":["hierophant:Patience+1","hierophant:ThreeLashes"],"picked":"hierophant:Sermon+1","floor":28.0},{"not_picked":["hierophant:Remorse","hierophant:MirrorShield+1","hierophant:MorningPrayer+1"],"picked":"SKIP","floor":35.0},{"not_picked":["hierophant:SealAway","hierophant:Smite+1","hierophant:RustyCrate+1"],"picked":"SKIP","floor":36.0},{"not_picked":["hierophant:Remorse","hierophant:FlamingChariot","hierophant:Mercenaries+1"],"picked":"SKIP","floor":38.0},{"not_picked":["hierophant:Sermon+1","hierophant:TollTheBells+1"],"picked":"hierophant:Alms+1","floor":40.0},{"not_picked":["hierophant:Refuge","hierophant:Smite","hierophant:Remorse"],"picked":"SKIP","floor":41.0},{"not_picked":["hierophant:AuricBeam","hierophant:Repentance+1","hierophant:Alms+1"],"picked":"Singing Bowl","floor":42},{"not_picked":["hierophant:MirrorShield+1","hierophant:Encroach+1","hierophant:Smite"],"picked":"Singing Bowl","floor":44}],"player_experience":1904040,"relics_obtained":[{"floor":8.0,"key":"Nunchaku"},{"floor":9.0,"key":"War Paint"},{"floor":12.0,"key":"Mercury Hourglass"},{"floor":17.0,"key":"Vajra"},{"floor":17.0,"key":"Toxic Egg 2"},{"floor":17.0,"key":"WingedGreaves"},{"floor":22.0,"key":"Kunai"},{"floor":25.0,"key":"Shuriken"},{"floor":26.0,"key":"Matryoshka"},{"floor":30.0,"key":"Lantern"},{"floor":30.0,"key":"Sundial"},{"floor":39.0,"key":"Gambling Chip"},{"floor":40.0,"key":"Shovel"},{"floor":42,"key":"Singing Bowl"},{"floor":43,"key":"Blood Vial"},{"floor":43,"key":"Regal Pillow"},{"floor":44,"key":"hierophant:DonationBoxRelic"},{"floor":49,"key":"Gremlin Horn"}],"event_choices":[{"cards_removed":["hierophant:Strike_Hierophant"],"damage_healed":0.0,"max_hp_gain":0.0,"max_hp_loss":0.0,"gold_gain":0.0,"event_name":"Purifier","player_choice":"Purged","floor":2.0,"gold_loss":0.0,"damage_taken":0.0},{"damage_healed":0.0,"max_hp_gain":0.0,"max_hp_loss":0.0,"gold_gain":0.0,"event_name":"Scrap Ooze","player_choice":"Success","floor":13.0,"gold_loss":0.0,"damage_taken":5.0,"relics_obtained":["Bronze Scales"]},{"damage_healed":0.0,"max_hp_gain":0.0,"max_hp_loss":0.0,"gold_gain":0.0,"event_name":"Duplicator","player_choice":"Copied","floor":19.0,"gold_loss":0.0,"damage_taken":0.0,"cards_obtained":["hierophant:Exaltation"]},{"damage_healed":0.0,"max_hp_gain":0.0,"max_hp_loss":0.0,"gold_gain":0.0,"event_name":"MindBloom","player_choice":"Fight","floor":39.0,"gold_loss":0.0,"damage_taken":0.0},{"cards_removed":["hierophant:Defend_Hierophant"],"damage_healed":0,"gold_gain":0,"player_choice":"Removed Skill","damage_taken":0,"max_hp_gain":0,"max_hp_loss":0,"event_name":"Falling","floor":45,"gold_loss":0}],"is_beta":false,"boss_relics":[{"not_picked":["Black Star","Busted Crown"],"picked":"Calling Bell"},{"not_picked":["Astrolabe","Snecko Eye"],"picked":"Runic Pyramid"}],"items_purged_floors":[10,21,31,37,46],"is_endless":false,"potions_floor_spawned":[5,8,12,14,16,25,28,33,35,38,41,44],"ascension_level":15}}