{"host":"0cm5wy4nhuju7tij","time":1608428179,"event":{"mods":["2.2 Compatiblity","AchievementEnabler","BaseMod","Better Third Choice","BetterRewards","Colored Powertips","Curses Come First","Custom Start","Displayed Cursed Tome","Downfall","Energized Spire","Filter the Spire","Fireblade Mod","Highlight Path","Jess\u0027s Bottle","Minty Spire (QoL Compilation)","Permanent Neow","Railgun Mod","Robot Space Explorer","Shop Mod","Spicy Shops","StSLib","The Marked","The Servant 0.9.4"],"gold_per_floor":[212,232,246,9,25,50,50,69,69,69,15,15,32,32,32,129,129,146,161,178,93,93,93,93],"floor_reached":23,"playtime":1124,"items_purged":["theMarked:Strike"],"score":193,"play_id":"4f6bffe1-32d8-43af-ad73-e97a773ef72d","local_time":"20201219203619","is_ascension_mode":false,"campfire_choices":[{"floor":10,"key":"REST"},{"data":"theMarked:Opportunist","floor":12,"key":"SMITH"},{"floor":15,"key":"REST"}],"circlet_count":0,"master_deck":["theMarked:Strike","theMarked:Strike","theMarked:Strike","theMarked:Strike","theMarked:Defend","theMarked:Defend","theMarked:Defend","theMarked:Defend","theMarked:SoldierOfQuellstein","theMarked:HeritageOfTheMarked","theMarked:MaelstromOfLightning","theMarked:Electrify","theMarked:Opportunist+1","theMarked:SwordAndMagic","theMarked:ResourceFulStrike","theMarked:HeightenedSenses","theMarked:Indomitable","theMarked:MagicAdept","theMarked:HeritageOfTheMarked","theMarked:WardOff","theMarked:SummonStrength","theMarked:ComboAttacks+1","theMarked:Seal","theMarked:BanishingStrike"],"relics":["theMarked:ArtifactOfAir","White Beast Statue","Boot","Ornamental Fan","Busted Crown","Ginger"],"acts_visited":["Exordium","TheCity"],"potions_floor_usage":[],"damage_taken":[{"damage":0,"enemies":"Small Slimes","floor":1,"turns":3},{"damage":5,"enemies":"Cultist","floor":2,"turns":4},{"damage":1,"enemies":"2 Louse","floor":3,"turns":2},{"damage":13,"enemies":"2 Fungi Beasts","floor":5,"turns":3},{"damage":20,"enemies":"Gremlin Nob","floor":6,"turns":4},{"damage":7,"enemies":"3 Louse","floor":8,"turns":4},{"damage":21,"enemies":"Red Slaver","floor":13,"turns":4},{"damage":30,"enemies":"Slime Boss","floor":16,"turns":7},{"damage":31,"enemies":"2 Thieves","floor":18,"turns":5},{"damage":5,"enemies":"Chosen","floor":19,"turns":4},{"damage":25,"enemies":"Centurion and Healer","floor":20,"turns":5},{"damage":12,"enemies":"Snake Plant","floor":23,"turns":2}],"seed_played":"4380459108180696871","potions_obtained":[{"floor":2,"key":"Swift Potion"},{"floor":6,"key":"Dexterity Potion"},{"floor":8,"key":"DuplicationPotion"},{"floor":13,"key":"Dexterity Potion"},{"floor":19,"key":"CultistPotion"}],"is_trial":false,"path_per_floor":["M","M","M","$","M","E","?","M","T","R","$","R","M","$","R","B",null,"M","M","M","?","?","M"],"character_chosen":"THE_DEFAULT","items_purchased":["theMarked:Opportunist","theMarked:SwordAndMagic","theMarked:ResourceFulStrike","theMarked:HeritageOfTheMarked"],"campfire_rested":2,"item_purchase_floors":[4,4,4,11],"current_hp_per_floor":[70,65,64,64,51,31,31,24,24,45,45,45,24,24,45,15,70,39,34,9,9,9,0,0],"gold":93,"neow_bonus":"HUNDRED_GOLD","is_daily":false,"chose_seed":false,"campfire_upgraded":1,"win_rate":0.0,"timestamp":1608428179,"path_taken":["M","M","M","$","M","E","?","M","T","R","$","R","M","?","R","BOSS","M","M","M","?","?","M"],"items_purchased_type":["Card","Card","Card","Card"],"build_version":"2020-12-13","purchased_purges":1,"victory":false,"max_hp_per_floor":[70,70,70,70,70,70,70,70,70,70,70,70,70,70,70,70,70,70,70,70,70,70,70,70],"card_choices":[{"not_picked":["theMarked:Electrocute","theMarked:BanishingStrike"],"picked":"theMarked:HeritageOfTheMarked","floor":1},{"not_picked":["theMarked:TakeCover","theMarked:HeightenedSenses"],"picked":"theMarked:MaelstromOfLightning","floor":2},{"not_picked":["theMarked:TwofoldDefense","theMarked:HeritageOfTheMarked"],"picked":"theMarked:Electrify","floor":3},{"not_picked":["theMarked:LightningStrikesTwice","theMarked:SelfDefenseTraining"],"picked":"theMarked:HeightenedSenses","floor":5},{"not_picked":["theMarked:Improvise","theMarked:EnhanceMovement"],"picked":"theMarked:Indomitable","floor":6},{"not_picked":["theMarked:Frustration","theMarked:Aftermath"],"picked":"theMarked:MagicAdept","floor":8},{"not_picked":["theMarked:Levitate","theMarked:ElectricStrings"],"picked":"theMarked:WardOff","floor":13},{"not_picked":["theMarked:MuscleMemory","theMarked:DispelDoubt"],"picked":"theMarked:SummonStrength","floor":16},{"not_picked":[],"picked":"theMarked:ComboAttacks+1","floor":18},{"not_picked":[],"picked":"theMarked:Seal","floor":19},{"not_picked":[],"picked":"theMarked:BanishingStrike","floor":20}],"player_experience":236564,"relics_obtained":[{"floor":6,"key":"White Beast Statue"},{"floor":9,"key":"Ornamental Fan"}],"event_choices":[{"damage_healed":0,"gold_gain":0,"player_choice":"Gave Potion","damage_taken":0,"relics_obtained":["Boot"],"max_hp_gain":0,"max_hp_loss":0,"event_name":"WeMeetAgain","floor":7,"gold_loss":0},{"damage_healed":0,"gold_gain":0,"player_choice":"Obtained Relic","damage_taken":0,"relics_obtained":["Ginger"],"max_hp_gain":0,"max_hp_loss":0,"event_name":"Addict","floor":21,"gold_loss":85},{"damage_healed":0,"gold_gain":0,"player_choice":"Ignored","damage_taken":0,"max_hp_gain":0,"max_hp_loss":0,"event_name":"The Mausoleum","floor":22,"gold_loss":0}],"is_beta":false,"boss_relics":[{"not_picked":["energizedSpire:DeadBattery","energizedSpire:StickyHand"],"picked":"Busted Crown"}],"items_purged_floors":[4],"is_endless":false,"potions_floor_spawned":[2,6,8,13,16,18,19,20],"killed_by":"Snake Plant","ascension_level":0}}