{"host":"h792lphzw6wlba86","time":1608431798,"event":{"mods":["AchievementEnabler","Aspiration","BaseMod","Better Altar","Better Match","Better Note","Better Sensory Stone","Better Skull","Better Third Choice","BetterRewards","CCEM","Colored Map","Conspire","Downfall","GifTheSpireLib","Googly Eyes","Halation","Highlight Path","Hubris","Hunter ??","Jedi Mod","Mimic Mod","Minty Spire (QoL Compilation)","Permanent Neow","Replay The Spire","Shop Mod","Spicy Shops","StSLib","Stuff the Spire","The Jungle","Unceasing Turn Reminder","everything is the same but u backflip on backflip","slay the spire mod where everything is the same but ironclad has a cowboy hat"],"gold_per_floor":[99,118,118,145,163,88,88,113,113,139,14,14,31,31,47,147,147,147,164,164,176,186,218,244,169,185,217,52,70,70,55,75,174,174,174,191,191,191,191,223,253,279,279,204,224,224,131,231,248,248,248,273,47,47,47],"floor_reached":56,"playtime":7505,"items_purged":["Guardian:Strike_Guardian","Guardian:Defend_Guardian","Guardian:Strike_Guardian","Guardian:Defend_Guardian"],"score":1465,"play_id":"4b714f32-fac6-434e-938c-0e89d9897a44","local_time":"20201219203638","is_ascension_mode":true,"campfire_choices":[{"floor":1.0,"key":"RECALL"},{"floor":6.0,"key":"REST"},{"floor":9.0,"key":"REST"},{"data":"Guardian:RollAttack","floor":18.0,"key":"SMITH"},{"data":"Guardian:DecasProtection","floor":20.0,"key":"SMITH"},{"data":"Pot Of Greed","floor":25.0,"key":"SMITH"},{"data":"Guardian:ExploitGems","floor":35,"key":"SMITH"},{"data":"Guardian:SpikerProtocol","floor":37,"key":"SMITH"},{"data":"Guardian:SpikerProtocol","floor":39,"key":"SMITH"},{"data":"1","floor":44,"key":"LIFT"},{"data":"2","floor":54,"key":"LIFT"}],"circlet_count":0,"master_deck":["Guardian:Defend_Guardian","Guardian:Defend_Guardian","Guardian:CurlUp","Guardian:TwinSlam","Guardian:PiercingHide","Guardian:ExploitGems+1","Guardian:RollAttack+1","Guardian:DecasProtection+1","Guardian:ChargeUp","Guardian:TemporalStrike","Guardian:TemporalStrike","Guardian:Repulse+1","Guardian:Recover","Guardian:RollAttack+1","Pot Of Greed+1","Pot Of Greed+1","Guardian:Planning","Guardian:SpikerProtocol+1","Guardian:PiercingHide","Pot Of Greed","Guardian:SpikerProtocol+1","Guardian:ArmoredProtocol+1","Guardian:DonusPower","hubris:EnhanceAbility","Guardian:PiercingHide"],"relics":["Black Star","hubris:Towel","TungstenRod","Bird Faced Urn","downfall:HeartBlessingRed","Shuriken","Lantern","hubris:ToyBattleship","jedi:Pinwheel","Omamori","jedi:paperlyon","aspiration:Lifesprig","jedi:kaleidoscope","Grinning Jar","downfall:HeartBlessingGreen","Oddly Smooth Stone","jedi:matchstick","SlaversCollar","PreservedInsect","conspire:Dentures","Girya","jedi:gremlinknob","Bronze Scales","Bag of Preparation","halation:PapillonHeart","downfall:HeartBlessingBlue","StuffTheSpire:HeavyRock","ReplayTheSpireMod:TigerMarble","CCEMRelics:JestersCrown"],"acts_visited":["Exordium","TheCity","TheBeyond","TheEnding"],"potions_floor_usage":[47],"damage_taken":[{"damage":7.0,"enemies":"Jaw Worm","floor":2.0,"turns":5.0},{"damage":29.0,"enemies":"3 Sentries","floor":4.0,"turns":11.0},{"damage":0.0,"enemies":"Cultist","floor":5.0,"turns":4.0},{"damage":43.0,"enemies":"Gremlin Nob","floor":8.0,"turns":5.0},{"damage":4.0,"enemies":"3 Sentries","floor":10.0,"turns":10.0},{"damage":0.0,"enemies":"downfall:FleeingMerchant","floor":11.0,"turns":4.0},{"damage":0.0,"enemies":"2 Louse","floor":13.0,"turns":2.0},{"damage":4.0,"enemies":"Lots of Slimes","floor":15.0,"turns":4.0},{"damage":5.0,"enemies":"downfall:Ironclad","floor":16.0,"turns":9.0},{"damage":0.0,"enemies":"Spheric Guardian","floor":19.0,"turns":3.0},{"damage":3.0,"enemies":"Chosen","floor":21.0,"turns":4.0},{"damage":0.0,"enemies":"Snecko","floor":22.0,"turns":5.0},{"damage":14.0,"enemies":"Slavers","floor":23.0,"turns":5.0},{"damage":0.0,"enemies":"3 Cultists","floor":26.0,"turns":3.0},{"damage":9.0,"enemies":"Book of Stabbing","floor":27.0,"turns":4.0},{"damage":0.0,"enemies":"downfall:FleeingMerchant","floor":28.0,"turns":4.0},{"damage":2.0,"enemies":"Shelled Parasite and Fungi","floor":29.0,"turns":4.0},{"damage":0.0,"enemies":"downfall:FleeingMerchant","floor":31.0,"turns":4.0},{"damage":0.0,"enemies":"Cultist and Chosen","floor":32.0,"turns":4.0},{"damage":24.0,"enemies":"downfall:Watcher","floor":33.0,"turns":10.0},{"damage":0,"enemies":"3 Darklings","floor":36,"turns":3},{"damage":0,"enemies":"R_Hoarder","floor":40,"turns":6},{"damage":1,"enemies":"3 Shapes","floor":41,"turns":9},{"damage":3,"enemies":"Nemesis","floor":42,"turns":5},{"damage":0,"enemies":"3 Shapes","floor":45,"turns":4},{"damage":0,"enemies":"downfall:FleeingMerchant","floor":47,"turns":2},{"damage":0,"enemies":"Writhing Mass","floor":49,"turns":4},{"damage":4,"enemies":"downfall:Silent","floor":50,"turns":7},{"damage":0,"enemies":"downfall:CharBossMerchant","floor":52,"turns":10},{"damage":12,"enemies":"downfall:NeowBoss","floor":55,"turns":19}],"seed_played":"-3450612606371315778","potions_obtained":[{"floor":2.0,"key":"Swift Potion"},{"floor":8.0,"key":"EntropicBrew"},{"floor":13.0,"key":"sneckomod:MuddlingPotion"},{"floor":16.0,"key":"champ:CounterPotion"},{"floor":19.0,"key":"PowerPotion"},{"floor":22.0,"key":"champ:CounterPotion"},{"floor":26.0,"key":"Fire Potion"},{"floor":27.0,"key":"Guardian:AcceleratePotion"},{"floor":32.0,"key":"SpeedPotion"},{"floor":45,"key":"jedi:StrikingPotion"},{"floor":49,"key":"Adrenaline Potion"}],"is_trial":false,"path_per_floor":["R","M","?","E","M","R","T","E","R","E","$","?","M","?","M","B",null,"R","M","R","M","M","E","T","R","M","E","$","M","?","$","M","B",null,"R","M","R","?","R","E","MIM","E","?","R","M","?","$","?","M","B",null,"E","$","R","B",null],"character_chosen":"GUARDIAN","items_purchased":["Guardian:ChargeUp","Guardian:PiercingHide","hubris:EnhanceAbility","CCEMRelics:JestersCrown","Guardian:PiercingHide"],"campfire_rested":2,"item_purchase_floors":[11,28,47,53,53],"current_hp_per_floor":[80,73,73,44,44,68,68,25,49,47,47,33,35,35,31,28,80,80,80,80,77,80,66,66,66,68,63,69,73,73,79,80,56,80,80,80,80,80,80,80,79,80,76,86,86,67,75,75,86,86,86,86,86,86,74],"gold":47,"neow_bonus":"BOSS_RELIC","is_daily":false,"chose_seed":false,"campfire_upgraded":6,"win_rate":0.0,"timestamp":1608431798,"path_taken":["R","M","?","E","M","R","T","E","R","E","$","?","?","?","M","BOSS","R","M","R","M","M","E","T","R","M","E","?","?","?","?","M","BOSS","R","M","R","?","R","E","MIM","E","?","R","?","?","$","?","M","BOSS","E","$","R","BOSS"],"items_purchased_type":["Card","Card","Card","Relic","Card"],"build_version":"2020-12-13","purchased_purges":4,"victory":true,"max_hp_per_floor":[80,80,80,80,80,80,80,80,80,80,80,80,80,80,80,80,80,80,80,80,80,80,80,80,80,80,80,80,80,80,80,80,80,80,80,80,80,80,80,80,80,80,76,86,86,86,86,86,86,86,86,86,86,86,86],"card_choices":[{"not_picked":["Guardian:EvasiveProtocol","Guardian:Gem_Lightblue"],"picked":"Guardian:PiercingHide","floor":2.0},{"not_picked":["Guardian:Gem_Lightblue","Guardian:Gem_Green"],"picked":"Guardian:Gem_Blue","floor":4.0},{"not_picked":["Guardian:Gem_Lightblue","Guardian:ShieldCharger","Guardian:TemporalStrike"],"picked":"SKIP","floor":5.0},{"not_picked":["Guardian:SentryBeam","Guardian:Planning"],"picked":"Guardian:ExploitGems","floor":8.0},{"not_picked":["Guardian:Gem_Lightblue","Guardian:BronzeOrb"],"picked":"Guardian:RollAttack","floor":10.0},{"not_picked":["Guardian:TemporalStrike","Guardian:Reroute"],"picked":"Guardian:DecasProtection","floor":11.0},{"not_picked":["Guardian:CrystalBeam","Guardian:Gem_Lightblue"],"picked":"Guardian:TemporalStrike","floor":13.0},{"not_picked":["Guardian:RevengeProtocol","Guardian:Gem_Purple"],"picked":"Guardian:TemporalStrike","floor":15.0},{"not_picked":["Guardian:TimeSifter","Guardian:RevengeProtocol"],"picked":"Guardian:Gem_Synthetic","floor":16.0},{"not_picked":["Guardian:FloatingOrbs+1","Guardian:RollAttack"],"picked":"Guardian:Repulse+1","floor":19.0},{"not_picked":["Guardian:TemporalShield","Guardian:PrimingBeam"],"picked":"Guardian:Gem_Cyan","floor":21.0},{"not_picked":["Guardian:Gem_Red","Guardian:Repulse"],"picked":"Guardian:Recover","floor":22.0},{"not_picked":["Guardian:Repulse","Guardian:CrystalBeam"],"picked":"Guardian:RollAttack+1","floor":23.0},{"not_picked":["Guardian:CrystalBeam+1","Guardian:Gem_Lightblue"],"picked":"Guardian:Planning","floor":26.0},{"not_picked":["Guardian:EvasiveProtocol","Guardian:Emergency"],"picked":"Guardian:SpikerProtocol","floor":27.0},{"not_picked":["Guardian:PrimingBeam+1","Guardian:TemporalStrike+1"],"picked":"Guardian:Gem_Red","floor":28.0},{"not_picked":["Guardian:TimeSifter","Guardian:PiercingHide"],"picked":"Guardian:Gem_Blue","floor":29.0},{"not_picked":["Guardian:Planning+1","Guardian:CrystalBeam"],"picked":"Guardian:SpikerProtocol","floor":31.0},{"not_picked":["Guardian:RollAttack","Guardian:BronzeOrb"],"picked":"Guardian:ArmoredProtocol+1","floor":32.0},{"not_picked":["Guardian:CompilePackage","Guardian:Gem_Orange"],"picked":"Guardian:Gem_Synthetic","floor":33.0},{"not_picked":["Guardian:TimeCapacitor","Guardian:Preprogram"],"picked":"Guardian:Gem_Cyan","floor":36},{"not_picked":["Guardian:BronzeOrb","Guardian:VentSteam","Guardian:CrystalBeam"],"picked":"SKIP","floor":40},{"not_picked":["Guardian:ChargeUp","Guardian:Planning+1"],"picked":"Guardian:DonusPower","floor":42},{"not_picked":["Guardian:ShieldCharger","Guardian:Gem_Lightblue","Guardian:TemporalStrike+1"],"picked":"SKIP","floor":45},{"not_picked":["Guardian:Preprogram","Guardian:Harden","Guardian:Incinerate+1"],"picked":"SKIP","floor":47},{"not_picked":["Guardian:ChargeCore+1","Guardian:Gem_Blue","Guardian:PiercingHide"],"picked":"SKIP","floor":49},{"not_picked":["Guardian:Harden","Guardian:TemporalStrike+1"],"picked":"Guardian:Gem_Cyan","floor":52}],"player_experience":643801,"relics_obtained":[{"floor":4.0,"key":"TungstenRod"},{"floor":4.0,"key":"Bird Faced Urn"},{"floor":7.0,"key":"Shuriken"},{"floor":8.0,"key":"Lantern"},{"floor":8.0,"key":"hubris:ToyBattleship"},{"floor":10.0,"key":"jedi:Pinwheel"},{"floor":10.0,"key":"Omamori"},{"floor":23.0,"key":"aspiration:Lifesprig"},{"floor":23.0,"key":"jedi:kaleidoscope"},{"floor":24.0,"key":"Grinning Jar"},{"floor":27.0,"key":"Oddly Smooth Stone"},{"floor":27.0,"key":"jedi:matchstick"},{"floor":40,"key":"PreservedInsect"},{"floor":40,"key":"conspire:Dentures"},{"floor":41,"key":"Girya"},{"floor":41,"key":"jedi:gremlinknob"},{"floor":42,"key":"Bronze Scales"},{"floor":42,"key":"Bag of Preparation"},{"floor":52,"key":"StuffTheSpire:HeavyRock"},{"floor":52,"key":"ReplayTheSpireMod:TigerMarble"}],"event_choices":[{"damage_healed":0.0,"max_hp_gain":0.0,"max_hp_loss":0.0,"gold_gain":0.0,"event_name":"betterThird:BetterScrap","player_choice":"LEAVE","floor":12.0,"gold_loss":0.0,"damage_taken":18.0,"cards_obtained":["StuffTheSpire:NuclearReactor"]},{"cards_removed":["Guardian:Strike_Guardian"],"damage_healed":0.0,"max_hp_gain":0.0,"max_hp_loss":0.0,"gold_gain":0.0,"event_name":"Purifier","player_choice":"Purged","floor":14.0,"gold_loss":0.0,"damage_taken":0.0}],"is_beta":false,"boss_relics":[{"not_picked":["Snecko Eye","SacredBark"],"picked":"jedi:paperlyon"},{"not_picked":["Replay:Fungal Core","conspire:SpecialSausage"],"picked":"SlaversCollar"}],"items_purged_floors":[11,28,47,47],"is_endless":false,"potions_floor_spawned":[2,8,13,16,19,22,26,27,32,45,49],"ascension_level":1}}