{"host":"d61vkvf8c80cu18y","time":1608425030,"event":{"mods":["2.2 Compatiblity","AchievementEnabler","AlwaysNeverKeys","Aspiration","BaseMod","Better Altar","Better Note","Better Sensory Stone","Better Skull","Better Third Choice","BetterRewards","Challenge The Spire","Conspire","Custom Start","Energized Spire","GifTheSpireLib","Hermit","Highlight Path","Hubris","Infinite Spire","Ironclad Rager","Marked Mod","Minty Spire (QoL Compilation)","Quick Restart","Rare Cards Sparkle","Relic Filter","Replay The Spire","Retaliation","Shade Mod","Shop Mod","Spicy Shops","Spikes Relics","StSLib","Stuff the Spire","The Blue Laboratory","The Cursed","The Runesmith","The Sage","The Servant 0.9.4","TheVacant","Thieving Mod","Virulent Crown","thorton"],"gold_per_floor":[115,128,128,147,158,158,187,187,187,187,204,204,56,68,68,173,173,183,183,198,198,13,40,54,54,81,81,93,105,124,124,124,225,225,236,250,250,250,340,366,385,385,385,399,399,424,424,467,467,467],"floor_reached":51,"playtime":3978,"items_purged":["Decay"],"score":729,"play_id":"e4efebff-915d-4081-975e-4904caa49507","local_time":"20201219184350","daily_mods":["Colorless Cards"],"is_ascension_mode":false,"campfire_choices":[{"data":"Anger","floor":6.0,"key":"SMITH"},{"floor":8.0,"key":"REST"},{"floor":10.0,"key":"REST"},{"data":"Shrug It Off","floor":15.0,"key":"SMITH"},{"data":"Inflame","floor":25.0,"key":"SMITH"},{"floor":27.0,"key":"REST"},{"floor":32.0,"key":"REST"},{"data":"Invigoration","floor":42.0,"key":"SMITH"},{"data":"Replay:Dark Deal","floor":47.0,"key":"SMITH"},{"data":"Metamorphosis","floor":49.0,"key":"SMITH"}],"circlet_count":0,"master_deck":["Strike_R","Strike_R","Defend_R","Defend_R","Defend_R","Defend_R","Bash","Anger+1","Shrug It Off+1","Panache","Iron Wave+1","Panache","Inflame+1","Rampage+1","Invigoration+1","Replay:Dark Deal+1","Rage+1","Strike_G","Dash","Bane","ReplayTheSpireMod:Splinters","DDmod:PokeAttack+1","Metamorphosis+1"],"relics":["Burning Blood","hubris:MysteriousPyramids","Self Forming Clay","aspiration:MobileForge","Shuriken","aspiration:FrozenJewel","Juzu Bracelet","ReplayTheSpireMod:Lightbulb","aspiration:RitualDagger","Replay:Wax Seal","aspiration:HatOfInfinitePower","Black Blood","aspiration:FrozenJewel","Mirror","infinitespire:EvilPickle"],"acts_visited":["Exordium","TheCity","TheBeyond"],"potions_floor_usage":[],"damage_taken":[{"damage":2.0,"enemies":"Small Slimes","floor":1.0,"turns":4.0},{"damage":1.0,"enemies":"Cultist","floor":2.0,"turns":3.0},{"damage":12.0,"enemies":"conspire:RoseBush","floor":4.0,"turns":2.0},{"damage":9.0,"enemies":"2 Fungi Beasts","floor":5.0,"turns":4.0},{"damage":54.0,"enemies":"Lagavulin","floor":7.0,"turns":7.0},{"damage":2.0,"enemies":"Blue Slaver","floor":11.0,"turns":3.0},{"damage":0.0,"enemies":"Large Slime","floor":14.0,"turns":6.0},{"damage":30.0,"enemies":"Hexaghost","floor":16.0,"turns":9.0},{"damage":36.0,"enemies":"conspire:FuzzyDice","floor":18.0,"turns":5.0},{"damage":0.0,"enemies":"Spheric Guardian","floor":20.0,"turns":3.0},{"damage":15.0,"enemies":"Replay:Snechameleon","floor":23.0,"turns":4.0},{"damage":15.0,"enemies":"Snecko","floor":24.0,"turns":6.0},{"damage":9.0,"enemies":"Cultist and Chosen","floor":28.0,"turns":6.0},{"damage":15.0,"enemies":"Sentry and Sphere","floor":29.0,"turns":5.0},{"damage":8.0,"enemies":"Snecko","floor":30.0,"turns":3.0},{"damage":30.0,"enemies":"Pondfish","floor":33.0,"turns":7.0},{"damage":20.0,"enemies":"Orb Walker","floor":35.0,"turns":3.0},{"damage":58.0,"enemies":"3 Darklings","floor":36.0,"turns":6.0},{"damage":21.0,"enemies":"Giant Head","floor":40.0,"turns":7.0},{"damage":46.0,"enemies":"Writhing Mass","floor":41.0,"turns":6.0},{"damage":35.0,"enemies":"Maw","floor":44.0,"turns":5.0},{"damage":41.0,"enemies":"Reptomancer","floor":46.0,"turns":5.0},{"damage":16.0,"enemies":"Jaw Worm Horde","floor":48.0,"turns":4.0},{"damage":27,"enemies":"Replay:Hell Engine","floor":50,"turns":7}],"seed_played":"-6843086637076468187","potions_obtained":[{"floor":4.0,"key":"blueLaboratory:Moonshine"},{"floor":5.0,"key":"blueLaboratory:ArtificerPotion"},{"floor":11.0,"key":"Block Potion"},{"floor":16.0,"key":"FearPotion"},{"floor":20.0,"key":"GamblersBrew"},{"floor":24.0,"key":"blueLaboratory:SmithPotion"},{"floor":29.0,"key":"Swift Potion"},{"floor":30.0,"key":"SkillPotion"},{"floor":41.0,"key":"ColorlessPotion"},{"floor":44.0,"key":"blueLaboratory:RememoryPotion"},{"floor":48.0,"key":"ColorlessPotion"}],"is_trial":true,"path_per_floor":["M","M","$","M","M","R","E","R","T","R","M","?","$","M","R","B",null,"M","$","M","AVR","$","E","M","R","T","R","M","M","M","$","R","B",null,"M","M","$","?","?","E","M","R","T","M","AVR","E","R","M","R","B",null],"character_chosen":"IRONCLAD","items_purchased":["Shrug It Off","Panache"],"campfire_rested":4,"item_purchase_floors":[13,22],"current_hp_per_floor":[80,80,80,74,71,71,23,47,47,71,75,75,75,80,80,56,80,50,50,56,56,56,47,38,38,38,62,59,50,48,48,72,48,80,66,14,14,14,14,80,58,58,58,61,61,69,69,80,80,80],"gold":467,"neow_bonus":"","is_daily":false,"chose_seed":false,"campfire_upgraded":6,"win_rate":0.0,"timestamp":1608425030,"path_taken":["M","M","$","M","M","R","E","R","T","R","M","?","$","M","R","BOSS","M","$","M","AVR","?","E","M","R","T","R","M","M","M","$","R","BOSS","M","M","$","?","?","E","M","R","T","M","AVR","E","R","M","R","BOSS"],"items_purchased_type":["Card","Card"],"build_version":"2020-12-13","purchased_purges":1,"victory":true,"max_hp_per_floor":[80,80,80,80,80,80,80,80,80,80,80,80,80,80,80,80,80,80,80,80,80,80,80,80,80,80,80,80,80,80,80,80,80,80,80,80,80,80,80,80,80,80,80,80,80,80,80,80,80,80],"card_choices":[{"not_picked":["Heavy Blade","Armaments"],"picked":"Anger","floor":1.0},{"not_picked":["Warcry","Sword Boomerang","Perfected Strike"],"picked":"SKIP","floor":2.0},{"not_picked":["Panacea","DDmod:EasePowerCard","DDmod:UnstoppableAttack"],"picked":"SKIP","floor":4.0},{"not_picked":["StuffTheSpire:RagingBull","Body Slam","ReplayTheSpireMod:Strike From Hell"],"picked":"SKIP","floor":5.0},{"not_picked":["StuffTheSpire:PlasmaPulse","Clothesline","Impervious"],"picked":"SKIP","floor":7.0},{"not_picked":["StuffTheSpire:Incineration","Run Through","Seeing Red"],"picked":"SKIP","floor":11.0},{"not_picked":["Entrench","Jack Of All Trades","Blind"],"picked":"SKIP","floor":14.0},{"not_picked":["Midas Touch","Juggernaut"],"picked":"Panache","floor":16.0},{"not_picked":["Evolve","Jack Of All Trades"],"picked":"Iron Wave+1","floor":18.0},{"not_picked":["Sword Boomerang","StuffTheSpire:RockThrow","Life Link"],"picked":"SKIP","floor":20.0},{"not_picked":["DDmod:CallousedSkill","ReplayTheSpireMod:Uncanny Aura","DDmod:UnstoppableAttack"],"picked":"SKIP","floor":23.0},{"not_picked":["Heavy Blade","Clash"],"picked":"Inflame","floor":24.0},{"not_picked":["Flex","Thunderclap+1"],"picked":"Rampage+1","floor":28.0},{"not_picked":["DDmod:EasePowerCard+1","Searing Blow"],"picked":"Invigoration","floor":29.0},{"not_picked":["Specialist","hubris:ReadiedAction+1","True Grit+1"],"picked":"SKIP","floor":30.0},{"not_picked":["Immolate","DDmod:GrandUltimatumAttack"],"picked":"Replay:Dark Deal","floor":33.0},{"not_picked":["ReplayTheSpireMod:Trickstab","Trip+1"],"picked":"Rage+1","floor":35.0},{"not_picked":["Clothesline","Twin Strike","StuffTheSpire:Incineration"],"picked":"SKIP","floor":36.0},{"not_picked":["DDmod:SpikedSkill","Thunderclap+1","Ghostly Armor+1"],"picked":"SKIP","floor":40.0},{"not_picked":["Clothesline+1","ReplayTheSpireMod:Strike From Hell+1","Enlightenment"],"picked":"SKIP","floor":41.0},{"not_picked":["Burning Pact","Cleave+1"],"picked":"DDmod:PokeAttack+1","floor":44.0},{"not_picked":["Purity","Iron Wave","ICR:PowerAttack"],"picked":"SKIP","floor":46.0},{"not_picked":["Spot Weakness","Armaments+1"],"picked":"Metamorphosis","floor":48.0}],"player_experience":380858,"relics_obtained":[{"floor":7.0,"key":"hubris:MysteriousPyramids"},{"floor":9.0,"key":"Self Forming Clay"},{"floor":23.0,"key":"Juzu Bracelet"},{"floor":26.0,"key":"ReplayTheSpireMod:Lightbulb"},{"floor":39.0,"key":"Replay:Wax Seal"},{"floor":43.0,"key":"aspiration:HatOfInfinitePower"},{"floor":46.0,"key":"Mirror"}],"event_choices":[{"damage_healed":0.0,"max_hp_gain":0.0,"max_hp_loss":0.0,"gold_gain":0.0,"event_name":"Wheel of Change","player_choice":"Cursed","floor":12.0,"gold_loss":0.0,"damage_taken":0.0,"cards_obtained":["Decay"]}],"is_beta":false,"boss_relics":[{"not_picked":["Empty Cage","hubris:TerracottaHorce"],"picked":"aspiration:MobileForge"},{"not_picked":["hubris:RunicObelisk","energizedSpire:NeverEndingSparkler"],"picked":"aspiration:RitualDagger"}],"items_purged_floors":[13],"is_endless":false,"potions_floor_spawned":[4,5,11,16,20,24,28,29,30,41,44,46,48],"ascension_level":0}}