{"host":"baymyijz6sxaqj5s","time":1608476008,"event":{"mods":["AchievementEnabler","BaseMod","Colored Map","Colored Powertips","DeckTracker","KOR Keyword Fix","Keyboard Shortcuts","Minty Spire (QoL Compilation)","StSLib","SuperFastMode"],"gold_per_floor":[117,127,137,150,150,150,150,150,150,150,167,177,177,53,53,149,149,162,212,112,112,187,187,203,203,203,215,215,215],"floor_reached":28,"playtime":697,"items_purged":["Strike_R","Strike_R"],"score":208,"play_id":"b3ca6bb3-dc2b-4f0f-847c-cd42ac8cd4db","local_time":"20201220235328","is_ascension_mode":false,"campfire_choices":[{"floor":6,"key":"REST"},{"data":"Heavy Blade","floor":8,"key":"SMITH"},{"data":"Spot Weakness","floor":10,"key":"SMITH"},{"data":"Body Slam","floor":15,"key":"SMITH"},{"data":"Shrug It Off","floor":23,"key":"SMITH"},{"data":"Flame Barrier","floor":25,"key":"SMITH"}],"circlet_count":0,"master_deck":["Strike_R","Strike_R","Strike_R","Defend_R","Defend_R","Defend_R","Defend_R","Bash+1","Heavy Blade+1","Pommel Strike","Headbutt+1","Spot Weakness+1","Shrug It Off+1","Body Slam+1","Demon Form","Flame Barrier+1"],"relics":["Black Blood","MealTicket","Singing Bowl","Blue Candle"],"acts_visited":["Exordium","TheCity"],"potions_floor_usage":[4,11,18,27],"damage_taken":[{"damage":10,"enemies":"Jaw Worm","floor":1,"turns":4},{"damage":0,"enemies":"2 Louse","floor":2,"turns":3},{"damage":0,"enemies":"Small Slimes","floor":3,"turns":3},{"damage":32,"enemies":"Exordium Thugs","floor":4,"turns":3},{"damage":5,"enemies":"3 Louse","floor":11,"turns":4},{"damage":11,"enemies":"2 Fungi Beasts","floor":12,"turns":4},{"damage":56,"enemies":"Slime Boss","floor":16,"turns":10},{"damage":54,"enemies":"3 Byrds","floor":18,"turns":8},{"damage":24,"enemies":"Chosen","floor":24,"turns":5},{"damage":59,"enemies":"Snake Plant","floor":27,"turns":7},{"damage":31,"enemies":"Shelled Parasite and Fungi","floor":28,"turns":3}],"seed_played":"-4741246484649066567","potions_obtained":[{"floor":3,"key":"DistilledChaos"},{"floor":4,"key":"Regen Potion"},{"floor":16,"key":"Swift Potion"},{"floor":18,"key":"SpeedPotion"}],"is_trial":false,"path_per_floor":["M","M","M","M","?","R","?","R","T","R","M","M","?","$","R","B",null,"M","?","$","?","?","R","M","R","T","M","M"],"character_chosen":"IRONCLAD","items_purchased":["Body Slam"],"campfire_rested":1,"item_purchase_floors":[14],"current_hp_per_floor":[84,88,88,62,44,70,58,58,58,58,70,65,65,80,80,30,90,50,50,65,92,83,83,71,71,71,26,0,0],"gold":215,"neow_bonus":"TEN_PERCENT_HP_BONUS","is_daily":false,"chose_seed":false,"campfire_upgraded":5,"win_rate":0.0,"timestamp":1608476008,"path_taken":["M","M","M","M","?","R","?","R","T","R","M","M","?","$","R","BOSS","M","?","?","?","?","R","M","R","T","M","?"],"items_purchased_type":["Card"],"build_version":"2020-12-13","purchased_purges":2,"victory":false,"max_hp_per_floor":[88,88,88,88,88,88,88,88,88,88,90,90,90,90,90,90,90,92,92,92,92,92,92,92,92,92,94,94,94],"card_choices":[{"not_picked":["Pommel Strike","Ghostly Armor"],"picked":"Heavy Blade","floor":1},{"not_picked":["Rampage","Carnage"],"picked":"Pommel Strike","floor":2},{"not_picked":["Evolve","Battle Trance"],"picked":"Headbutt","floor":3},{"not_picked":["Infernal Blade","Combust"],"picked":"Spot Weakness","floor":4},{"not_picked":["Perfected Strike","Clash","Battle Trance"],"picked":"Singing Bowl","floor":11},{"not_picked":["Iron Wave","Headbutt"],"picked":"Shrug It Off","floor":12},{"not_picked":["Immolate","Juggernaut"],"picked":"Demon Form","floor":16},{"not_picked":["Evolve","Anger","Warcry"],"picked":"Singing Bowl","floor":18},{"not_picked":["Anger+1","Thunderclap"],"picked":"Flame Barrier","floor":24},{"not_picked":["Havoc","Uppercut","Disarm+1"],"picked":"Singing Bowl","floor":27}],"player_experience":148307,"relics_obtained":[{"floor":9,"key":"Singing Bowl"},{"floor":26,"key":"Blue Candle"}],"event_choices":[{"damage_healed":0,"gold_gain":0,"player_choice":"Entered Light","damage_taken":18,"max_hp_gain":0,"max_hp_loss":0,"event_name":"Shining Light","floor":5,"gold_loss":0,"cards_upgraded":["Bash","Headbutt"]},{"damage_healed":0,"gold_gain":0,"player_choice":"Success","damage_taken":12,"relics_obtained":["MealTicket"],"max_hp_gain":0,"max_hp_loss":0,"event_name":"Scrap Ooze","floor":7,"gold_loss":0},{"damage_healed":0,"gold_gain":0,"player_choice":"Ignored","damage_taken":0,"max_hp_gain":0,"max_hp_loss":0,"event_name":"Golden Idol","floor":13,"gold_loss":0},{"damage_healed":0,"gold_gain":100,"player_choice":"Bet on Murderer","damage_taken":0,"max_hp_gain":0,"max_hp_loss":0,"event_name":"The Joust","floor":19,"gold_loss":50},{"damage_healed":30,"gold_gain":0,"player_choice":"Heal","damage_taken":0,"max_hp_gain":0,"max_hp_loss":0,"event_name":"The Library","floor":21,"gold_loss":0},{"damage_healed":0,"gold_gain":75,"player_choice":"Touch","damage_taken":9,"max_hp_gain":0,"max_hp_loss":0,"event_name":"FaceTrader","floor":22,"gold_loss":0}],"is_beta":false,"boss_relics":[{"not_picked":["Runic Dome","SlaversCollar"],"picked":"Black Blood"}],"items_purged_floors":[14,20],"is_endless":false,"potions_floor_spawned":[3,4,16,18],"killed_by":"Shelled Parasite and Fungi","ascension_level":0}}