{"host":"qwv9nni2x0umspiu","time":1608498124,"event":{"mods":["BaseMod","Downfall","Minty Spire (QoL Compilation)","Replay The Spire","StSLib","The Hierophant","Wandering Minibosses"],"gold_per_floor":[117,117,137,137,62,92,92,105,154,154,166,174,174,185,185,242,242,256,233,243,100,15,15,15],"floor_reached":23,"playtime":1114,"items_purged":["hierophant:Defend_Hierophant","hierophant:Defend_Hierophant"],"score":468,"play_id":"ad198002-f872-4e95-9c5b-e3277ded094d","local_time":"20201220130204","is_ascension_mode":true,"campfire_choices":[{"data":"hierophant:ChurchCoffers","floor":7,"key":"SMITH"},{"data":"hierophant:Exaltation","floor":10,"key":"SMITH"},{"data":"hierophant:Punish","floor":13,"key":"SMITH"},{"data":"hierophant:SealAway","floor":15,"key":"SMITH"}],"circlet_count":0,"master_deck":["AscendersBane","hierophant:Strike_Hierophant","hierophant:Strike_Hierophant","hierophant:Strike_Hierophant","hierophant:Punish+1","hierophant:Defend_Hierophant","hierophant:Defend_Hierophant","hierophant:ChurchCoffers+1","hierophant:Exaltation+1","hierophant:SealAway+1","hierophant:Racketeering","hierophant:Chorus+1","hierophant:Shelter+1"],"relics":["hierophant:PropheticMaskRelic","NeowsBlessing","Toxic Egg 2","Bronze Scales","Blood Vial","Pen Nib","SlaversCollar","CeramicFish"],"acts_visited":["Exordium","TheCity"],"potions_floor_usage":[12,12,14],"damage_taken":[{"damage":0,"enemies":"Cultist","floor":1,"turns":1},{"damage":0,"enemies":"Small Slimes","floor":3,"turns":1},{"damage":0,"enemies":"Replay:BlueRogue","floor":6,"turns":1},{"damage":2,"enemies":"Jaw Worm","floor":8,"turns":3},{"damage":0,"enemies":"Large Slime","floor":11,"turns":3},{"damage":14,"enemies":"Gremlin Nob","floor":12,"turns":3},{"damage":14,"enemies":"3 Sentries","floor":14,"turns":4},{"damage":44,"enemies":"Fading Forest","floor":16,"turns":13},{"damage":13,"enemies":"3 Byrds","floor":18,"turns":3},{"damage":7,"enemies":"Chosen","floor":19,"turns":3},{"damage":21,"enemies":"Shelled Parasite and Fungi","floor":20,"turns":2},{"damage":25,"enemies":"Replay:Snechameleon","floor":23,"turns":4}],"seed_played":"6189437540611043750","potions_obtained":[{"floor":3,"key":"Adrenaline Potion"},{"floor":8,"key":"ColorlessPotion"},{"floor":11,"key":"Adrenaline Potion"},{"floor":12,"key":"BlessingOfTheForge"}],"is_trial":false,"path_per_floor":["M","?","M","?","$","E","R","M","T","R","M","E","R","E","R","B",null,"M","M","M","$","?","E"],"character_chosen":"HIEROPHANT","items_purchased":["hierophant:Shelter+1"],"campfire_rested":0,"item_purchase_floors":[21],"current_hp_per_floor":[68,68,68,68,68,68,68,66,66,66,66,52,52,40,40,28,63,52,47,28,28,28,5,5],"gold":15,"neow_bonus":"THREE_ENEMY_KILL","is_daily":false,"chose_seed":false,"campfire_upgraded":4,"win_rate":0.0,"timestamp":1608498124,"path_taken":["M","?","?","?","$","E","R","M","T","R","?","E","R","E","R","BOSS","M","M","M","$","?","E"],"items_purchased_type":["Card"],"build_version":"2020-12-13","purchased_purges":2,"victory":false,"max_hp_per_floor":[75,75,75,75,75,75,75,75,75,75,75,75,75,75,75,75,75,75,75,75,75,75,75,75],"card_choices":[{"not_picked":["hierophant:RustyCrate","hierophant:MorningPrayer"],"picked":"hierophant:Exaltation","floor":1},{"not_picked":["hierophant:Repentance","hierophant:AuricBeam"],"picked":"hierophant:Racketeering","floor":3},{"not_picked":["hierophant:Doubloon+1","hierophant:RepressedViolence","hierophant:EyeForCoin+1"],"picked":"SKIP","floor":6},{"not_picked":["hierophant:Repentance+1","hierophant:PassingBell","hierophant:ArchangelShield"],"picked":"SKIP","floor":8},{"not_picked":["hierophant:RepressedViolence","hierophant:Embezzle+1","hierophant:Remorse"],"picked":"SKIP","floor":11},{"not_picked":["hierophant:Sermon+1","hierophant:Blessing+1","hierophant:ArchangelShield"],"picked":"SKIP","floor":12},{"not_picked":["hierophant:RepressedViolence","hierophant:Encroach+1"],"picked":"hierophant:Chorus+1","floor":14},{"not_picked":["hierophant:DisplayOfPower","hierophant:Remorse","hierophant:Purify"],"picked":"SKIP","floor":18},{"not_picked":["hierophant:Glossolalia","hierophant:Empathy+1","hierophant:CursedGold+1"],"picked":"SKIP","floor":19},{"not_picked":["hierophant:ThreeLashes","hierophant:RepressedViolence","hierophant:Purify"],"picked":"SKIP","floor":20}],"player_experience":1286208,"relics_obtained":[{"floor":6,"key":"Toxic Egg 2"},{"floor":9,"key":"Bronze Scales"},{"floor":12,"key":"Blood Vial"},{"floor":14,"key":"Pen Nib"}],"event_choices":[{"damage_healed":0,"gold_gain":0,"player_choice":"1 cards matched","damage_taken":0,"max_hp_gain":0,"max_hp_loss":0,"event_name":"Match and Keep!","floor":2,"gold_loss":0,"cards_obtained":["hierophant:SealAway"]},{"cards_removed":["hierophant:Strike_Hierophant"],"damage_healed":0,"gold_gain":0,"player_choice":"Purged","damage_taken":0,"max_hp_gain":0,"max_hp_loss":0,"event_name":"Purifier","floor":4,"gold_loss":0},{"damage_healed":0,"gold_gain":0,"player_choice":"Obtained Relic","damage_taken":0,"relics_obtained":["CeramicFish"],"max_hp_gain":0,"max_hp_loss":0,"event_name":"Addict","floor":22,"gold_loss":85}],"is_beta":false,"boss_relics":[{"not_picked":["Painkiller Herb","Honey Jar"],"picked":"SlaversCollar"}],"items_purged_floors":[5,21],"is_endless":false,"potions_floor_spawned":[3,8,11,12],"killed_by":"Replay:Snechameleon","ascension_level":20}}