{"host":"aioitfzuz1h9wkvz","time":1608479346,"event":{"mods":["AchievementEnabler","BaseMod","Colored Map","Minty Spire (QoL Compilation)","Quick Restart","Relic Stats","Spicy Shops","StSLib"],"gold_per_floor":[111,111,127,137,148,173,173,185,185,216,234,87,98,109,109,212,212,224,241,241,251,166,166,192,192,192,212,225,238,4,32,32,136,136,155,164,178,178,206,206,218,218,218,218,15,26,38,68,68,68],"floor_reached":51,"playtime":3328,"items_purged":[],"score":867,"play_id":"17852e0c-70ef-4a37-b942-d1610155f4dc","local_time":"20201221014906","is_ascension_mode":true,"campfire_choices":[{"floor":7,"key":"REST"},{"data":"Heavy Blade","floor":15,"key":"SMITH"},{"floor":23,"key":"REST"},{"floor":32,"key":"REST"},{"floor":40,"key":"REST"},{"floor":42,"key":"REST"},{"floor":49,"key":"REST"}],"circlet_count":0,"master_deck":["Bash","Pommel Strike+1","Flame Barrier","Body Slam","Iron Wave","Cleave","Shockwave+1","Impervious","Heavy Blade+1","Limit Break","Disarm","Fire Breathing","Feed","Infernal Blade","Carnage","Barricade","Havoc","Limit Break","Seeing Red+1","Twin Strike","CurseOfTheBell","Dramatic Entrance","Parasite","Dropkick"],"relics":["Burning Blood","Happy Flower","War Paint","Regal Pillow","Brimstone","Pandora\u0027s Box","Sundial","Unceasing Top","Pantograph","Centennial Puzzle","Calling Bell","CeramicFish","The Courier","StoneCalendar","Kunai","Lee\u0027s Waffle","Nunchaku"],"acts_visited":["Exordium","TheCity","TheBeyond"],"potions_floor_usage":[16,24,39,39,50,50],"damage_taken":[{"damage":8,"enemies":"2 Louse","floor":1,"turns":5},{"damage":8,"enemies":"Jaw Worm","floor":3,"turns":7},{"damage":3,"enemies":"Small Slimes","floor":4,"turns":5},{"damage":6,"enemies":"2 Fungi Beasts","floor":5,"turns":4},{"damage":49,"enemies":"Gremlin Nob","floor":6,"turns":5},{"damage":0,"enemies":"3 Louse","floor":8,"turns":4},{"damage":23,"enemies":"3 Sentries","floor":10,"turns":5},{"damage":0,"enemies":"Looter","floor":11,"turns":3},{"damage":7,"enemies":"Exordium Thugs","floor":13,"turns":3},{"damage":6,"enemies":"3 Louse","floor":14,"turns":2},{"damage":17,"enemies":"The Guardian","floor":16,"turns":6},{"damage":22,"enemies":"2 Thieves","floor":18,"turns":3},{"damage":24,"enemies":"Spheric Guardian","floor":19,"turns":4},{"damage":15,"enemies":"Centurion and Healer","floor":21,"turns":4},{"damage":63,"enemies":"Slavers","floor":24,"turns":6},{"damage":16,"enemies":"Snecko","floor":27,"turns":4},{"damage":15,"enemies":"Snake Plant","floor":28,"turns":4},{"damage":36,"enemies":"3 Cultists","floor":29,"turns":5},{"damage":34,"enemies":"Book of Stabbing","floor":31,"turns":4},{"damage":27,"enemies":"Champ","floor":33,"turns":5},{"damage":22,"enemies":"3 Shapes","floor":35,"turns":3},{"damage":10,"enemies":"Orb Walker","floor":37,"turns":3},{"damage":19,"enemies":"Writhing Mass","floor":39,"turns":3},{"damage":56,"enemies":"Maw","floor":41,"turns":5},{"damage":14,"enemies":"4 Shapes","floor":46,"turns":3},{"damage":25,"enemies":"Transient","floor":47,"turns":5},{"damage":34,"enemies":"Reptomancer","floor":48,"turns":4},{"damage":67,"enemies":"Awakened One","floor":50,"turns":7}],"seed_played":"4902060814822972610","potions_obtained":[{"floor":3,"key":"Strength Potion"},{"floor":4,"key":"DuplicationPotion"},{"floor":6,"key":"PowerPotion"},{"floor":19,"key":"Weak Potion"},{"floor":27,"key":"Energy Potion"},{"floor":31,"key":"Swift Potion"},{"floor":47,"key":"Block Potion"}],"is_trial":false,"path_per_floor":["M","?","M","M","M","E","R","M","T","E","M","$","M","M","R","B",null,"M","M","?","M","?","R","E","?","T","M","M","M","$","E","R","B",null,"M","?","M","?","M","R","M","R","T","?","$","M","M","E","R","B",null],"character_chosen":"IRONCLAD","items_purchased":["Brimstone","FairyPotion","Twin Strike","Dropkick","Lee\u0027s Waffle"],"campfire_rested":6,"item_purchase_floors":[12,30,30,45,45],"current_hp_per_floor":[86,86,84,87,87,44,70,76,76,59,65,65,64,64,64,53,88,75,57,57,48,48,90,33,63,63,53,44,14,14,31,74,73,94,78,78,74,74,61,94,44,87,87,87,101,96,77,49,95,46],"gold":68,"neow_bonus":"TEN_PERCENT_HP_BONUS","is_daily":false,"chose_seed":false,"campfire_upgraded":1,"win_rate":0.0,"timestamp":1608479346,"path_taken":["M","?","M","M","M","E","R","M","T","E","M","$","M","M","R","BOSS","M","M","?","M","?","R","E","?","T","M","M","M","$","E","R","BOSS","M","?","M","?","?","R","M","R","T","?","$","?","M","E","R","BOSS"],"items_purchased_type":["Relic","Potion","Card","Card","Relic"],"build_version":"2020-12-13","purchased_purges":0,"victory":true,"max_hp_per_floor":[88,88,88,88,88,88,88,88,88,88,88,88,88,88,88,88,88,91,91,91,91,91,91,91,91,91,91,91,91,91,94,94,94,94,94,94,94,94,94,94,94,94,94,94,101,104,104,104,104,107],"relic_stats":{"Regal Pillow":65,"Lee\u0027s Waffle":14,"Happy Flower":[31],"counters":[28,121],"CeramicFish":27,"StoneCalendar":[42],"War Paint":["Defend_R","Shockwave"],"Burning Blood":168,"Centennial Puzzle":[27],"Nunchaku":[1],"Sundial":[6],"Pantograph":29,"Pandora\u0027s Box":["Disarm","Fire Breathing","Feed","Infernal Blade","Carnage","Barricade","Juggernaut","Havoc","Limit Break"],"Kunai":[6],"obtain_stats":[{"Regal Pillow":10,"Lee\u0027s Waffle":45,"Happy Flower":6,"CeramicFish":34,"StoneCalendar":34,"The Courier":34,"War Paint":9,"Burning Blood":0,"Calling Bell":34,"Centennial Puzzle":31,"Nunchaku":48,"Brimstone":12,"Sundial":22,"Pantograph":26,"Pandora\u0027s Box":17,"Kunai":43,"Unceasing Top":24},{"Regal Pillow":7,"Lee\u0027s Waffle":24,"Happy Flower":5,"CeramicFish":20,"StoneCalendar":20,"The Courier":20,"War Paint":6,"Burning Blood":0,"Calling Bell":20,"Centennial Puzzle":19,"Nunchaku":27,"Brimstone":8,"Sundial":14,"Pantograph":15,"Pandora\u0027s Box":11,"Kunai":24,"Unceasing Top":15},{"Regal Pillow":35,"Lee\u0027s Waffle":102,"Happy Flower":26,"CeramicFish":88,"StoneCalendar":88,"The Courier":88,"War Paint":30,"Burning Blood":0,"Calling Bell":88,"Centennial Puzzle":83,"Nunchaku":114,"Brimstone":38,"Sundial":60,"Pantograph":66,"Pandora\u0027s Box":49,"Kunai":102,"Unceasing Top":66}],"Unceasing Top":[4]},"card_choices":[{"not_picked":["Burning Pact","Sentinel"],"picked":"Pommel Strike","floor":1},{"not_picked":["Clothesline","Shrug It Off"],"picked":"Flame Barrier","floor":3},{"not_picked":["Clothesline","Combust"],"picked":"Body Slam","floor":4},{"not_picked":["Thunderclap","Headbutt"],"picked":"Iron Wave","floor":5},{"not_picked":["Shrug It Off","Clash"],"picked":"Cleave","floor":6},{"not_picked":["Offering","True Grit"],"picked":"Shockwave","floor":8},{"not_picked":["Burning Pact","Pommel Strike"],"picked":"Impervious","floor":10},{"not_picked":["Sever Soul","Sword Boomerang","Anger"],"picked":"SKIP","floor":11},{"not_picked":["Inflame","Burning Pact","Dark Embrace"],"picked":"SKIP","floor":13},{"not_picked":["Iron Wave","Wild Strike"],"picked":"Heavy Blade","floor":14},{"not_picked":["Bludgeon","Corruption"],"picked":"Limit Break","floor":16},{"not_picked":["Clothesline+1","Cleave","Body Slam"],"picked":"SKIP","floor":18},{"not_picked":["Headbutt","Body Slam","Intimidate"],"picked":"SKIP","floor":19},{"not_picked":["Pommel Strike","Flame Barrier+1","Cleave+1"],"picked":"SKIP","floor":21},{"not_picked":["Pummel","Berserk"],"picked":"Seeing Red+1","floor":24},{"not_picked":["Havoc","Anger+1","Armaments"],"picked":"SKIP","floor":27},{"not_picked":["Clash","Pommel Strike","Headbutt+1"],"picked":"SKIP","floor":28},{"not_picked":["Ghostly Armor","Second Wind","Reckless Charge+1"],"picked":"SKIP","floor":29},{"not_picked":["Brutality","Iron Wave+1","Body Slam"],"picked":"SKIP","floor":31},{"not_picked":["Sentinel+1","True Grit+1","Twin Strike+1"],"picked":"SKIP","floor":35},{"not_picked":["Impatience","HandOfGreed"],"picked":"Dramatic Entrance","floor":36},{"not_picked":["Armaments+1","Seeing Red","Sword Boomerang"],"picked":"SKIP","floor":37},{"not_picked":["Shrug It Off+1","Twin Strike+1","Metallicize+1"],"picked":"SKIP","floor":39},{"not_picked":["Twin Strike","Perfected Strike+1","Flex"],"picked":"SKIP","floor":41},{"not_picked":["Carnage","Wild Strike+1","Anger"],"picked":"SKIP","floor":46},{"not_picked":["Seeing Red","Twin Strike+1","Havoc+1"],"picked":"SKIP","floor":47},{"not_picked":["Perfected Strike","Reckless Charge+1","Dark Embrace"],"picked":"SKIP","floor":48}],"player_experience":680036,"relics_obtained":[{"floor":6,"key":"Happy Flower"},{"floor":9,"key":"War Paint"},{"floor":10,"key":"Regal Pillow"},{"floor":24,"key":"Unceasing Top"},{"floor":26,"key":"Pantograph"},{"floor":31,"key":"Centennial Puzzle"},{"floor":34,"key":"CeramicFish"},{"floor":34,"key":"The Courier"},{"floor":34,"key":"StoneCalendar"},{"floor":43,"key":"Kunai"},{"floor":48,"key":"Nunchaku"}],"event_choices":[{"damage_healed":0,"gold_gain":0,"player_choice":"Grow","damage_taken":0,"max_hp_gain":0,"max_hp_loss":0,"event_name":"Living Wall","floor":2,"gold_loss":0,"cards_upgraded":["Pommel Strike"]},{"damage_healed":0,"gold_gain":0,"player_choice":"Ignored","damage_taken":0,"max_hp_gain":0,"max_hp_loss":0,"event_name":"Vampires","floor":20,"gold_loss":0},{"damage_healed":0,"gold_gain":0,"player_choice":"Obtained Relic","damage_taken":0,"relics_obtained":["Sundial"],"max_hp_gain":0,"max_hp_loss":0,"event_name":"Addict","floor":22,"gold_loss":85},{"damage_healed":30,"gold_gain":0,"player_choice":"Heal","damage_taken":0,"max_hp_gain":0,"max_hp_loss":0,"event_name":"The Library","floor":25,"gold_loss":0},{"damage_healed":0,"gold_gain":0,"player_choice":"Memory 1","damage_taken":0,"max_hp_gain":0,"max_hp_loss":0,"event_name":"SensoryStone","floor":36,"gold_loss":0},{"cards_removed":["Juggernaut"],"damage_healed":0,"gold_gain":0,"player_choice":"Purged","damage_taken":0,"max_hp_gain":0,"max_hp_loss":0,"event_name":"Purifier","floor":38,"gold_loss":0},{"damage_healed":0,"gold_gain":0,"player_choice":"0 cards matched","damage_taken":0,"max_hp_gain":0,"max_hp_loss":0,"event_name":"Match and Keep!","floor":44,"gold_loss":0,"cards_obtained":[]}],"is_beta":false,"boss_relics":[{"not_picked":["Velvet Choker","Tiny House"],"picked":"Pandora\u0027s Box"},{"not_picked":["Astrolabe","Black Blood"],"picked":"Calling Bell"}],"items_purged_floors":[],"is_endless":false,"potions_floor_spawned":[3,4,6,11,14,19,27,29,31,35,37,47],"ascension_level":3}}