{"host":"cjhtzh7tp54jdfyv","time":1608454522,"event":{"mods":["AchievementEnabler","BaseMod","Colored Map","Colored Powertips","Filter the Spire","Minty Spire (QoL Compilation)","RNG Fix","StSLib","ojb\u0027s Better Paths Mod","ojb\u0027s Info Mod"],"gold_per_floor":[115,115,135,149,167,167,195,211,211,270,302,302,320,113,113,190,190,149,149,169,169,169],"floor_reached":21,"playtime":985,"items_purged":["Strike_R"],"score":382,"play_id":"5583bbe8-de60-40ed-85b2-3bd708abf2ba","local_time":"20201220035522","is_ascension_mode":true,"campfire_choices":[{"data":"True Grit","floor":6.0,"key":"SMITH"},{"floor":12,"key":"REST"},{"data":"Rage","floor":15,"key":"SMITH"}],"circlet_count":0,"master_deck":["AscendersBane","Strike_R","Strike_R","Defend_R","Defend_R","Defend_R","Defend_R","Bash","Battle Trance","Feel No Pain","Battle Trance","True Grit+1","Uppercut","Double Tap","Spot Weakness","Rage+1","Ghostly Armor","Feed","Pommel Strike","Sentinel"],"relics":["Cursed Key","Red Skull","Nunchaku","PreservedInsect","Empty Cage"],"acts_visited":["Exordium","TheCity"],"potions_floor_usage":[11,16,20],"damage_taken":[{"damage":0.0,"enemies":"2 Louse","floor":1.0,"turns":2.0},{"damage":0.0,"enemies":"Cultist","floor":3.0,"turns":2.0},{"damage":7.0,"enemies":"Jaw Worm","floor":4.0,"turns":3.0},{"damage":32.0,"enemies":"Gremlin Gang","floor":5.0,"turns":6.0},{"damage":8.0,"enemies":"Gremlin Nob","floor":7.0,"turns":3.0},{"damage":1.0,"enemies":"Looter","floor":8.0,"turns":2.0},{"damage":11.0,"enemies":"Gremlin Nob","floor":10.0,"turns":3.0},{"damage":7,"enemies":"Lagavulin","floor":11,"turns":4},{"damage":1,"enemies":"Lots of Slimes","floor":13,"turns":4},{"damage":13,"enemies":"The Guardian","floor":16,"turns":10},{"damage":17,"enemies":"2 Thieves","floor":18,"turns":5},{"damage":8,"enemies":"Shell Parasite","floor":20,"turns":4},{"damage":20,"enemies":"Sentry and Sphere","floor":21,"turns":3}],"seed_played":"7536015834422310899","potions_obtained":[{"floor":4.0,"key":"Strength Potion"},{"floor":8.0,"key":"Dexterity Potion"},{"floor":10.0,"key":"DuplicationPotion"},{"floor":11,"key":"Fire Potion"}],"is_trial":false,"path_per_floor":["M","?","M","M","M","R","E","M","T","?","E","R","M","$","R","B",null,"M","?","M","M"],"character_chosen":"IRONCLAD","items_purchased":["Rage","Ghostly Armor"],"campfire_rested":1,"item_purchase_floors":[14,14],"current_hp_per_floor":[68,68,68,61,29,29,21,20,20,9,2,24,23,23,23,10,59,45,23,15,0,0],"gold":169,"neow_bonus":"BOSS_RELIC","is_daily":false,"chose_seed":false,"campfire_upgraded":2,"win_rate":0.0,"timestamp":1608454522,"path_taken":["M","?","M","M","M","R","E","M","T","?","E","R","M","$","R","BOSS","M","?","M","M"],"items_purchased_type":["Card","Card"],"build_version":"2020-12-13","purchased_purges":1,"victory":false,"max_hp_per_floor":[75,75,75,75,75,75,75,75,75,75,75,75,75,75,75,75,75,78,83,83,86,86],"card_choices":[{"not_picked":["Power Through","Anger"],"picked":"Battle Trance","floor":1.0},{"not_picked":["Heavy Blade","Clothesline"],"picked":"Feel No Pain","floor":3.0},{"not_picked":["Twin Strike","Havoc"],"picked":"Battle Trance","floor":4.0},{"not_picked":["Ghostly Armor","Thunderclap"],"picked":"True Grit","floor":5.0},{"not_picked":["Carnage","Clash"],"picked":"Uppercut","floor":7.0},{"not_picked":["Headbutt","Twin Strike","Heavy Blade"],"picked":"SKIP","floor":8.0},{"not_picked":["Bloodletting","Headbutt"],"picked":"Double Tap","floor":10.0},{"not_picked":["Heavy Blade","Metallicize"],"picked":"Spot Weakness","floor":11},{"not_picked":["Uppercut","Sword Boomerang","Clash"],"picked":"SKIP","floor":13},{"not_picked":["Brutality","Offering"],"picked":"Feed","floor":16},{"not_picked":["Thunderclap","Perfected Strike"],"picked":"Pommel Strike","floor":18},{"not_picked":["Heavy Blade","Ghostly Armor"],"picked":"Sentinel","floor":20}],"player_experience":4320944,"relics_obtained":[{"floor":7.0,"key":"Red Skull"},{"floor":10.0,"key":"Nunchaku"},{"floor":11,"key":"PreservedInsect"}],"event_choices":[{"damage_healed":0.0,"max_hp_gain":0.0,"max_hp_loss":0.0,"gold_gain":0.0,"event_name":"Liars Game","player_choice":"Ignored","floor":2.0,"gold_loss":0.0,"damage_taken":0.0},{"damage_healed":0.0,"max_hp_gain":0.0,"max_hp_loss":0.0,"gold_gain":0.0,"event_name":"Dead Adventurer","player_choice":"Searched \u00271\u0027 times","floor":10.0,"gold_loss":0.0,"damage_taken":0.0},{"damage_healed":0,"gold_gain":0,"player_choice":"Shed Blood","damage_taken":27,"max_hp_gain":5,"max_hp_loss":0,"event_name":"Forgotten Altar","floor":19,"gold_loss":0}],"is_beta":false,"boss_relics":[{"not_picked":["SacredBark","Fusion Hammer"],"picked":"Empty Cage"}],"items_purged_floors":[14],"is_endless":false,"potions_floor_spawned":[4,8,10,11],"killed_by":"Sentry and Sphere","ascension_level":20}}