{"host":"ocllwaoi18j60ltd","time":1608490300,"event":{"mods":["BaseMod","DeckTracker","Minty Spire (QoL Compilation)","Permanent Neow","Quick Restart","StSLib","SuperFastMode"],"gold_per_floor":[110,110,128,148,173,173,217,236,315,353,368,383,383,396,396,489,489,489,385,385,385,385,207,207,207,207,207,207,207,207,207,207,207,207,207,207,207,207,207,207,207,82,82,82,82,82,0,0,0,0,0],"floor_reached":50,"playtime":1561,"items_purged":["Defend_R","Strike_R","Dual Wield"],"score":1219,"play_id":"5953b208-41a3-4046-bccd-5a14c39bf026","local_time":"20201221035140","is_ascension_mode":true,"campfire_choices":[{"data":"Perfected Strike","floor":6.0,"key":"SMITH"},{"data":"Perfected Strike","floor":13.0,"key":"SMITH"},{"data":"Perfected Strike","floor":15.0,"key":"SMITH"},{"floor":29.0,"key":"REST"},{"data":"Shockwave","floor":32.0,"key":"SMITH"},{"data":"Disarm","floor":41.0,"key":"SMITH"},{"floor":49.0,"key":"RECALL"}],"circlet_count":0,"master_deck":["AscendersBane","Strike_R","Strike_R+1","Strike_R+1","Strike_R","Defend_R","Wild Strike","Whirlwind","Perfected Strike+1","Perfected Strike+1","Perfected Strike+1","Wild Strike","Flame Barrier+1","Evolve","Power Through","Offering+1","Shrug It Off","Pommel Strike+1","Pommel Strike+1","Shrug It Off","Pommel Strike+1","Perfected Strike+1","Shrug It Off","Shockwave+1","Offering","Disarm+1","Warcry+1","Seeing Red+1","Shockwave+1"],"relics":["Burning Blood","Oddly Smooth Stone","Golden Idol","Whetstone","Molten Egg 2","Calipers","Ectoplasm","Ancient Tea Set","Letter Opener","War Paint","Coffee Dripper","Du-Vu Doll","Matryoshka","Toy Ornithopter","Art of War","Blue Candle","Red Mask"],"acts_visited":["Exordium","TheCity","TheBeyond"],"potions_floor_usage":[50],"damage_taken":[{"damage":10.0,"enemies":"2 Louse","floor":1.0,"turns":3.0},{"damage":0.0,"enemies":"Small Slimes","floor":3.0,"turns":2.0},{"damage":6.0,"enemies":"Jaw Worm","floor":4.0,"turns":3.0},{"damage":12.0,"enemies":"Large Slime","floor":5.0,"turns":7.0},{"damage":28.0,"enemies":"3 Sentries","floor":7.0,"turns":8.0},{"damage":5.0,"enemies":"Looter","floor":8.0,"turns":3.0},{"damage":8.0,"enemies":"Gremlin Nob","floor":10.0,"turns":3.0},{"damage":7.0,"enemies":"Blue Slaver","floor":11.0,"turns":2.0},{"damage":0.0,"enemies":"Large Slime","floor":12.0,"turns":3.0},{"damage":10.0,"enemies":"Looter","floor":14.0,"turns":3.0},{"damage":51.0,"enemies":"Hexaghost","floor":16.0,"turns":10.0},{"damage":0.0,"enemies":"Chosen","floor":18.0,"turns":2.0},{"damage":0.0,"enemies":"Spheric Guardian","floor":22.0,"turns":1.0},{"damage":6.0,"enemies":"Snake Plant","floor":24.0,"turns":2.0},{"damage":14.0,"enemies":"Book of Stabbing","floor":25.0,"turns":3.0},{"damage":28.0,"enemies":"Slavers","floor":27.0,"turns":4.0},{"damage":23.0,"enemies":"Book of Stabbing","floor":30.0,"turns":3.0},{"damage":0.0,"enemies":"Chosen and Byrds","floor":31.0,"turns":4.0},{"damage":102.0,"enemies":"Automaton","floor":33.0,"turns":8.0},{"damage":15.0,"enemies":"3 Darklings","floor":35.0,"turns":3.0},{"damage":12.0,"enemies":"3 Shapes","floor":38.0,"turns":4.0},{"damage":0.0,"enemies":"Mind Bloom Boss Battle","floor":39.0,"turns":5.0},{"damage":17.0,"enemies":"Reptomancer","floor":40.0,"turns":4.0},{"damage":0.0,"enemies":"Spire Growth","floor":44.0,"turns":2.0},{"damage":6.0,"enemies":"Nemesis","floor":46.0,"turns":3.0},{"damage":6.0,"enemies":"Transient","floor":48.0,"turns":6.0},{"damage":48,"enemies":"Time Eater","floor":50,"turns":6}],"seed_played":"3891075657902141881","potions_obtained":[{"floor":3.0,"key":"Weak Potion"},{"floor":5.0,"key":"CultistPotion"},{"floor":11.0,"key":"Energy Potion"},{"floor":12.0,"key":"Regen Potion"},{"floor":18.0,"key":"FairyPotion"},{"floor":27.0,"key":"Swift Potion"},{"floor":38.0,"key":"SpeedPotion"},{"floor":40.0,"key":"LiquidBronze"}],"is_trial":false,"path_per_floor":["M","?","M","M","M","R","E","M","T","E","M","M","R","M","R","B",null,"M","$","?","?","M","$","M","E","T","E","?","R","E","M","R","B",null,"M","?","?","M","?","E","R","$","T","M","$","E","?","M","R","B"],"character_chosen":"IRONCLAD","items_purchased":["Pommel Strike+1","Shrug It Off","Pommel Strike+1"],"campfire_rested":1,"item_purchase_floors":[19,23,23],"current_hp_per_floor":[64,64,68,68,62,62,40,41,41,39,38,44,44,40,40,10,54,60,60,60,60,66,66,66,58,58,36,36,56,39,45,45,14,55,46,46,46,40,46,35,35,35,35,41,41,41,41,41,41,0,0],"gold":0,"neow_bonus":"RANDOM_COMMON_RELIC","is_daily":false,"chose_seed":false,"campfire_upgraded":5,"win_rate":0.0,"timestamp":1608490300,"path_taken":["M","?","M","M","M","R","E","M","T","E","M","M","R","M","R","BOSS","M","$","?","?","M","?","M","E","T","E","?","R","E","M","R","BOSS","M","?","?","M","?","E","R","$","T","M","$","E","?","M","R","BOSS"],"items_purchased_type":["Card","Card","Card"],"build_version":"2020-12-13","purchased_purges":3,"victory":false,"max_hp_per_floor":[75,68,68,68,68,68,68,68,68,68,68,68,68,68,68,68,68,68,68,68,68,68,68,68,68,68,68,68,68,68,68,68,68,68,68,68,68,68,68,68,68,68,68,68,68,68,68,68,68,68,68],"card_choices":[{"not_picked":["Infernal Blade","Shrug It Off"],"picked":"Wild Strike","floor":1.0},{"not_picked":["Hemokinesis","Flex"],"picked":"Whirlwind","floor":3.0},{"not_picked":["Spot Weakness","Pommel Strike"],"picked":"Perfected Strike","floor":4.0},{"not_picked":["Shrug It Off","Berserk"],"picked":"Perfected Strike","floor":5.0},{"not_picked":["Anger","Clash"],"picked":"Perfected Strike","floor":7.0},{"not_picked":["Sever Soul","Clothesline"],"picked":"Wild Strike","floor":8.0},{"not_picked":["Heavy Blade+1","Metallicize"],"picked":"Flame Barrier","floor":10.0},{"not_picked":["Armaments","Clash+1","Infernal Blade"],"picked":"SKIP","floor":11.0},{"not_picked":["Impervious","Flex"],"picked":"Evolve","floor":12.0},{"not_picked":["Whirlwind+1","Evolve"],"picked":"Power Through","floor":14.0},{"not_picked":["Brutality","Feed+1"],"picked":"Offering","floor":16.0},{"not_picked":["Twin Strike+1","Heavy Blade+1"],"picked":"Shrug It Off","floor":18.0},{"not_picked":["Headbutt+1","Seeing Red","Sentinel+1"],"picked":"SKIP","floor":22.0},{"not_picked":["Blood for Blood+1","Heavy Blade+1","Metallicize"],"picked":"SKIP","floor":24.0},{"not_picked":["Cleave+1","Seeing Red"],"picked":"Perfected Strike+1","floor":25.0},{"not_picked":["Sword Boomerang+1","Evolve"],"picked":"Shrug It Off","floor":27.0},{"not_picked":["Thunderclap+1","Cleave+1"],"picked":"Shockwave","floor":30.0},{"not_picked":["Intimidate","Sword Boomerang+1","Shrug It Off+1"],"picked":"SKIP","floor":31.0},{"not_picked":["Double Tap","Exhume"],"picked":"Offering","floor":33.0},{"not_picked":["Wild Strike+1","Seeing Red"],"picked":"Disarm","floor":35.0},{"not_picked":["Flex","Twin Strike+1"],"picked":"Warcry+1","floor":38.0},{"not_picked":["Shrug It Off+1","Heavy Blade+1","Exhume"],"picked":"SKIP","floor":40.0},{"not_picked":["Warcry+1","Clash+1","Armaments"],"picked":"SKIP","floor":44.0},{"not_picked":["Carnage+1","Pummel+1"],"picked":"Seeing Red+1","floor":46.0},{"not_picked":["Cleave+1","Sword Boomerang+1"],"picked":"Shockwave+1","floor":48.0}],"player_experience":834299,"relics_obtained":[{"floor":7.0,"key":"Whetstone"},{"floor":9.0,"key":"Molten Egg 2"},{"floor":10.0,"key":"Calipers"},{"floor":25.0,"key":"Ancient Tea Set"},{"floor":27.0,"key":"Letter Opener"},{"floor":30.0,"key":"War Paint"},{"floor":39.0,"key":"Du-Vu Doll"},{"floor":40.0,"key":"Matryoshka"},{"floor":43.0,"key":"Toy Ornithopter"},{"floor":43.0,"key":"Art of War"},{"floor":46.0,"key":"Blue Candle"}],"event_choices":[{"damage_healed":0.0,"max_hp_gain":0.0,"max_hp_loss":7.0,"gold_gain":0.0,"event_name":"Golden Idol","player_choice":"Lose Max HP","floor":2.0,"gold_loss":0.0,"damage_taken":0.0,"relics_obtained":["Golden Idol"]},{"damage_healed":0.0,"max_hp_gain":0.0,"max_hp_loss":0.0,"gold_gain":0.0,"cards_transformed":["Defend_R","Defend_R"],"event_name":"Drug Dealer","player_choice":"Became Test Subject","floor":20.0,"gold_loss":0.0,"damage_taken":0.0,"cards_obtained":["Dual Wield","Pommel Strike"]},{"damage_healed":0.0,"max_hp_gain":0.0,"max_hp_loss":0.0,"gold_gain":0.0,"event_name":"Vampires","player_choice":"Ignored","floor":21.0,"gold_loss":0.0,"damage_taken":0.0},{"damage_healed":0.0,"max_hp_gain":0.0,"max_hp_loss":0.0,"gold_gain":0.0,"event_name":"The Mausoleum","player_choice":"Ignored","floor":28.0,"gold_loss":0.0,"damage_taken":0.0},{"cards_removed":["Bash"],"damage_healed":0.0,"max_hp_gain":0.0,"max_hp_loss":0.0,"gold_gain":0.0,"event_name":"Falling","player_choice":"Removed Attack","floor":36.0,"gold_loss":0.0,"damage_taken":0.0},{"damage_healed":0.0,"max_hp_gain":0.0,"max_hp_loss":0.0,"gold_gain":0.0,"event_name":"The Moai Head","player_choice":"Ignored","floor":37.0,"gold_loss":0.0,"damage_taken":0.0},{"damage_healed":0.0,"max_hp_gain":0.0,"max_hp_loss":0.0,"gold_gain":0.0,"event_name":"MindBloom","player_choice":"Fight","floor":39.0,"gold_loss":0.0,"damage_taken":0.0},{"damage_healed":0.0,"max_hp_gain":0.0,"max_hp_loss":0.0,"gold_gain":0.0,"event_name":"Tomb of Lord Red Mask","player_choice":"Paid","floor":47.0,"gold_loss":82.0,"damage_taken":0.0,"relics_obtained":["Red Mask"]}],"is_beta":false,"boss_relics":[{"not_picked":["Empty Cage","Fusion Hammer"],"picked":"Ectoplasm"},{"not_picked":["Velvet Choker","Black Star"],"picked":"Coffee Dripper"}],"items_purged_floors":[19,23,42],"is_endless":false,"potions_floor_spawned":[3,5,11,12,18,27,30,31,38,40],"killed_by":"Time Eater","ascension_level":20}}