{"host":"u2grshebrc5rdzdn","time":1608468777,"event":{"mods":["AchievementEnabler","BaseMod","Minty Spire (QoL Compilation)","StSLib"],"gold_per_floor":[118,118,130,142,157,186,205,235,286,286,297,297,311,379,379,481,481,497,497,514,246,246,246,146,161,184,59,109,139,139,152,152,253,253,267,267,43,43,62,89,89,13,13,13,42,58,58,74,74,74],"floor_reached":51,"playtime":3443,"items_purged":["Strike_G","Decay","Strike_G","Strike_G"],"score":906,"play_id":"0ea58042-0754-44cf-9aea-c460b66e7b5f","local_time":"20201220135257","is_ascension_mode":true,"campfire_choices":[{"data":"Bane","floor":12,"key":"SMITH"},{"data":"Backstab","floor":15,"key":"SMITH"},{"data":"Noxious Fumes","floor":23,"key":"SMITH"},{"floor":32,"key":"REST"},{"data":"Noxious Fumes","floor":41,"key":"SMITH"},{"floor":47,"key":"REST"},{"data":"Footwork","floor":49,"key":"SMITH"}],"circlet_count":0,"master_deck":["Strike_G","Strike_G","Defend_G","Defend_G","Defend_G+1","Defend_G","Defend_G","Survivor+1","Neutralize","Bouncing Flask+1","Backstab+1","PiercingWail","Bane+1","Cloak And Dagger","Catalyst","Dodge and Roll","Backstab","Crippling Poison","After Image","Noxious Fumes+1","Backflip","Noxious Fumes+1","Backflip","Adrenaline","Footwork+1","Caltrops+1","Escape Plan+1","Dodge and Roll+1"],"relics":["Ring of the Serpent","InkBottle","The Specimen","Toy Ornithopter","Odd Mushroom","SlaversCollar","Nilry\u0027s Codex","Pen Nib","Potion Belt","Ninja Scroll","PreservedInsect","Toxic Egg 2","Molten Egg 2","Boot"],"acts_visited":["Exordium","TheCity","TheBeyond"],"potions_floor_usage":[6,8,14,29,29,31,33,40,50,50],"damage_taken":[{"damage":1,"enemies":"Jaw Worm","floor":1,"turns":6},{"damage":0,"enemies":"2 Louse","floor":3,"turns":3},{"damage":0,"enemies":"Cultist","floor":4,"turns":2},{"damage":0,"enemies":"3 Louse","floor":5,"turns":4},{"damage":19,"enemies":"Gremlin Nob","floor":6,"turns":5},{"damage":0,"enemies":"Looter","floor":7,"turns":3},{"damage":12,"enemies":"3 Sentries","floor":8,"turns":9},{"damage":1,"enemies":"Blue Slaver","floor":11,"turns":2},{"damage":0,"enemies":"Red Slaver","floor":13,"turns":3},{"damage":4,"enemies":"The Mushroom Lair","floor":14,"turns":5},{"damage":12,"enemies":"The Guardian","floor":16,"turns":8},{"damage":21,"enemies":"2 Thieves","floor":18,"turns":4},{"damage":1,"enemies":"3 Byrds","floor":20,"turns":4},{"damage":0,"enemies":"3 Cultists","floor":25,"turns":3},{"damage":2,"enemies":"Slavers","floor":29,"turns":4},{"damage":29,"enemies":"Shelled Parasite and Fungi","floor":31,"turns":7},{"damage":20,"enemies":"Collector","floor":33,"turns":8},{"damage":6,"enemies":"3 Shapes","floor":35,"turns":6},{"damage":8,"enemies":"Orb Walker","floor":39,"turns":5},{"damage":5,"enemies":"Nemesis","floor":40,"turns":9},{"damage":6,"enemies":"Giant Head","floor":45,"turns":8},{"damage":0,"enemies":"4 Shapes","floor":46,"turns":5},{"damage":12,"enemies":"Jaw Worm Horde","floor":48,"turns":5},{"damage":31,"enemies":"Donu and Deca","floor":50,"turns":8}],"seed_played":"3042083904980288101","potions_obtained":[{"floor":1,"key":"Regen Potion"},{"floor":3,"key":"Explosive Potion"},{"floor":5,"key":"ColorlessPotion"},{"floor":16,"key":"DuplicationPotion"},{"floor":20,"key":"Energy Potion"},{"floor":29,"key":"LiquidMemories"},{"floor":33,"key":"Swift Potion"},{"floor":39,"key":"SteroidPotion"},{"floor":48,"key":"Explosive Potion"}],"is_trial":false,"path_per_floor":["M","?","M","M","M","E","M","E","T","?","M","R","M","?","R","B",null,"M","?","M","$","?","R","$","M","T","$","T","E","?","M","R","B",null,"M","?","$","?","M","E","R","$","T","T","E","M","R","M","R","B",null],"character_chosen":"THE_SILENT","items_purchased":["Noxious Fumes","Regen Potion","Backflip","Footwork","Regen Potion"],"campfire_rested":2,"item_purchase_floors":[21,21,21,37,42],"current_hp_per_floor":[76,61,61,61,61,54,54,42,42,42,41,41,41,42,42,30,65,44,28,27,27,27,27,27,27,27,27,27,49,49,25,48,33,66,60,60,60,60,52,52,52,52,52,52,46,46,67,55,55,49],"gold":74,"neow_bonus":"TEN_PERCENT_HP_BONUS","is_daily":false,"chose_seed":false,"campfire_upgraded":5,"win_rate":0.0,"timestamp":1608468777,"path_taken":["M","?","M","M","M","E","M","E","T","?","?","R","M","?","R","BOSS","M","?","M","$","?","R","$","?","T","?","?","E","?","M","R","BOSS","M","?","$","?","M","E","R","?","T","?","E","M","R","?","R","BOSS"],"items_purchased_type":["Card","Potion","Card","Card","Potion"],"build_version":"2020-12-13","purchased_purges":4,"victory":true,"max_hp_per_floor":[77,77,77,77,77,77,77,77,77,77,77,77,77,77,77,77,77,77,77,77,77,77,77,77,77,77,77,77,77,77,77,77,77,77,77,77,77,73,73,73,73,73,73,73,73,73,73,73,73,73],"card_choices":[{"not_picked":["Terror","All Out Attack"],"picked":"Bouncing Flask","floor":1},{"not_picked":["Caltrops","Deflect"],"picked":"Backstab","floor":3},{"not_picked":["Sucker Punch","Deflect"],"picked":"PiercingWail","floor":4},{"not_picked":["Poisoned Stab","Accuracy"],"picked":"Bane","floor":5},{"not_picked":["Outmaneuver","Sucker Punch"],"picked":"Cloak And Dagger","floor":6},{"not_picked":["Dodge and Roll","Deflect"],"picked":"Catalyst","floor":7},{"not_picked":["Blade Dance","Tactician"],"picked":"Dodge and Roll","floor":8},{"not_picked":["Dodge and Roll","Prepared","Outmaneuver"],"picked":"SKIP","floor":11},{"not_picked":["After Image","Deadly Poison"],"picked":"Backstab","floor":13},{"not_picked":["Riddle With Holes","Quick Slash"],"picked":"Crippling Poison","floor":14},{"not_picked":["Phantasmal Killer","Storm of Steel"],"picked":"After Image","floor":16},{"not_picked":["Blade Dance","Heel Hook"],"picked":"Noxious Fumes","floor":18},{"not_picked":["Reflex","Expertise"],"picked":"Backflip","floor":20},{"not_picked":["Prepared","Acrobatics","Poisoned Stab"],"picked":"SKIP","floor":25},{"not_picked":["Slice","Well Laid Plans","Dash"],"picked":"SKIP","floor":29},{"not_picked":["Acrobatics+1","Terror"],"picked":"Endless Agony+1","floor":31},{"not_picked":["Die Die Die","Venomology"],"picked":"Adrenaline","floor":33},{"not_picked":["Masterful Stab","Poisoned Stab","Quick Slash"],"picked":"SKIP","floor":35},{"not_picked":["Setup","Dagger Throw+1","Sucker Punch"],"picked":"SKIP","floor":39},{"not_picked":["Backflip","Quick Slash"],"picked":"Caltrops+1","floor":40},{"not_picked":["Doppelganger+1","Dagger Spray+1"],"picked":"Escape Plan+1","floor":45},{"not_picked":["Terror+1","Blade Dance+1","Dagger Throw+1"],"picked":"SKIP","floor":46},{"not_picked":["Backflip+1","Well Laid Plans"],"picked":"Dodge and Roll+1","floor":48}],"player_experience":322766,"relics_obtained":[{"floor":6,"key":"InkBottle"},{"floor":8,"key":"The Specimen"},{"floor":9,"key":"Toy Ornithopter"},{"floor":14,"key":"Odd Mushroom"},{"floor":19,"key":"Nilry\u0027s Codex"},{"floor":26,"key":"Pen Nib"},{"floor":28,"key":"Potion Belt"},{"floor":29,"key":"Ninja Scroll"},{"floor":40,"key":"PreservedInsect"},{"floor":43,"key":"Toxic Egg 2"},{"floor":44,"key":"Molten Egg 2"},{"floor":45,"key":"Boot"}],"event_choices":[{"damage_healed":0,"gold_gain":0,"player_choice":"Entered Light","damage_taken":15,"max_hp_gain":0,"max_hp_loss":0,"event_name":"Shining Light","floor":2,"gold_loss":0,"cards_upgraded":["Defend_G","Survivor"]},{"damage_healed":0,"gold_gain":0,"player_choice":"Upgraded","damage_taken":0,"max_hp_gain":0,"max_hp_loss":0,"event_name":"Upgrade Shrine","floor":10,"gold_loss":0,"cards_upgraded":["Bouncing Flask"]},{"damage_healed":0,"gold_gain":0,"player_choice":"Fought Mushrooms","damage_taken":0,"max_hp_gain":0,"max_hp_loss":0,"event_name":"Mushrooms","floor":14,"gold_loss":0},{"damage_healed":0,"gold_gain":0,"player_choice":"Obtained Book","damage_taken":16,"max_hp_gain":0,"max_hp_loss":0,"event_name":"Cursed Tome","floor":19,"gold_loss":0},{"damage_healed":0,"gold_gain":0,"player_choice":"Cursed","damage_taken":0,"max_hp_gain":0,"max_hp_loss":0,"event_name":"Wheel of Change","floor":22,"gold_loss":0,"cards_obtained":["Decay"]},{"damage_healed":0,"gold_gain":0,"player_choice":"Ignored","damage_taken":0,"max_hp_gain":0,"max_hp_loss":0,"event_name":"Vampires","floor":30,"gold_loss":0},{"cards_removed":["Endless Agony"],"damage_healed":0,"gold_gain":0,"player_choice":"Removed Attack","damage_taken":0,"max_hp_gain":0,"max_hp_loss":0,"event_name":"Falling","floor":36,"gold_loss":0},{"damage_healed":0,"gold_gain":0,"player_choice":"Max HP","damage_taken":0,"max_hp_gain":0,"max_hp_loss":4,"event_name":"Winding Halls","floor":38,"gold_loss":0}],"is_beta":false,"boss_relics":[{"not_picked":["Fusion Hammer","Busted Crown"],"picked":"SlaversCollar"},{"not_picked":["Snecko Eye","Velvet Choker"],"picked":"Ring of the Serpent"}],"items_purged_floors":[21,24,27,37],"is_endless":false,"potions_floor_spawned":[1,3,5,16,20,29,33,39,48],"ascension_level":5}}