{"host":"gj32n68c553yo87c","time":1608426795,"event":{"mods":["BaseMod","Downfall","Minty Spire (QoL Compilation)","Replay The Spire","StSLib","The Cursed"],"gold_per_floor":[116,116,66,82,7,40,53,111,192,192,192,204,7,33,33,62,62,167,167,178,195,552,552,566,566,577,577,577,577,16,0,0,17,17,112,112,131,144,144,144,66,66,79,79,111,111,111,111,303,46,63,78,78,78],"floor_reached":55,"playtime":8247,"items_purged":["TheCursedMod:Strike_TheCursed","TheCursedMod:Strike_TheCursed","TheCursedMod:Defend_TheCursed","TheCursedMod:Defend_TheCursed","TheCursedMod:Defend_TheCursed","sneckomod:Bewildered"],"score":1063,"play_id":"45194cdb-6097-4457-bcfa-569fb2998a67","local_time":"20201219171315","is_ascension_mode":false,"campfire_choices":[{"floor":15,"key":"REST"},{"data":"TheCursedMod:Defend_TheCursed","floor":17,"key":"PURGE"},{"data":"TheCursedMod:CollectTribute","floor":25,"key":"SMITH"},{"data":"TheCursedMod:CleanUpWorkshop","floor":27,"key":"SMITH"},{"floor":32,"key":"REST"},{"data":"TheCursedMod:HellfireBreathing","floor":34,"key":"SMITH"},{"data":"TheCursedMod:HellfireBreathing","floor":44,"key":"SMITH"},{"data":"TheCursedMod:CursedStaff","floor":46,"key":"SMITH"},{"data":"TheCursedMod:CursedWand","floor":48,"key":"SMITH"},{"floor":53,"key":"REST"}],"circlet_count":0,"master_deck":["TheCursedMod:CursedWand+1","TheCursedMod:CleanUpWorkshop+1","TheCursedMod:Dregs","TheCursedMod:CursedShiv","TheCursedMod:Wield+1","TheCursedMod:SpitefulStrike","TheCursedMod:CollectTribute+1","TheCursedMod:Wield","TheCursedMod:AshesToAshes+1","TheCursedMod:CursedShiv+1","TheCursedMod:BlessingInDisguise+1","TheCursedMod:ManaBullet","TheCursedMod:CursedStaff+1","TheCursedMod:ShockAndAwe","TheCursedMod:SmokeScreen+1","TheCursedMod:ManaBullet","ReplayTheSpireMod:IOU","ReplayTheSpireMod:IOU","ReplayTheSpireMod:IOU","ReplayTheSpireMod:IOU","expansioncontent:QuickStudy+1","ReplayTheSpireMod:IOU","TheCursedMod:FleshFromBone+1","ReplayTheSpireMod:IOU","ReplayTheSpireMod:IOU","ReplayTheSpireMod:IOU","ReplayTheSpireMod:IOU","ReplayTheSpireMod:IOU","TheCursedMod:TroublousMinions+1","TheCursedMod:WearCloak+1","Shame","Overencumbered","TheCursedMod:HellfireBreathing+1","ReplayTheSpireMod:IOU","ReplayTheSpireMod:IOU","ReplayTheSpireMod:IOU","TheCursedMod:SoulCrush+1","ReplayTheSpireMod:IOU","TheCursedMod:CursedShiv+1","TheCursedMod:DemonicPact","TheCursedMod:CursedShiv+1","ReplayTheSpireMod:IOU","ReplayTheSpireMod:IOU","TheCursedMod:HellfireBreathing+1","Voices","TheCursedMod:CursedShiv+1","ReplayTheSpireMod:IOU","ReplayTheSpireMod:IOU","ReplayTheSpireMod:IOU","ReplayTheSpireMod:IOU","ReplayTheSpireMod:IOU","Parasite","TheCursedMod:CursedSpellbook+1"],"relics":["TheCursedMod:BlackMagic101","NeowsBlessing","Orichalcum","Boot","Toxic Egg 2","Strawberry","Replay:Wax Seal","Cursed Key","Potion Belt","Replay:Baseball","Garlic","ReplayTheSpireMod:TigerMarble","Pantograph","FossilizedHelix","TheCursedMod:OminousMark","Gremlin Food","Mercury Hourglass","Whetstone","HandDrill","Happy Flower"],"acts_visited":["Exordium","TheCity","TheBeyond"],"potions_floor_usage":[14,18,18,24,35,35,35,37,45,45,51,54,54,54,54,54,54,54],"damage_taken":[{"damage":0,"enemies":"Jaw Worm","floor":1,"turns":1},{"damage":0,"enemies":"Small Slimes","floor":4,"turns":1},{"damage":0,"enemies":"3 Sentries","floor":6,"turns":2},{"damage":6,"enemies":"2 Louse","floor":7,"turns":2},{"damage":18,"enemies":"3 Sentries","floor":8,"turns":9},{"damage":4,"enemies":"Exordium Wildlife","floor":12,"turns":3},{"damage":6,"enemies":"Replay:BlueRogue","floor":14,"turns":5},{"damage":10,"enemies":"3 Sentries","floor":16,"turns":6},{"damage":15,"enemies":"The Guardian","floor":18,"turns":7},{"damage":0,"enemies":"Chosen","floor":20,"turns":3},{"damage":12,"enemies":"3 Byrds","floor":21,"turns":3},{"damage":7,"enemies":"Centurion and Healer","floor":24,"turns":5},{"damage":0,"enemies":"Snake Plant","floor":26,"turns":3},{"damage":0,"enemies":"Shelled Parasite and Fungi","floor":33,"turns":4},{"damage":0,"enemies":"Pondfish","floor":35,"turns":11},{"damage":0,"enemies":"Orb Walker","floor":37,"turns":5},{"damage":19,"enemies":"3 Shapes","floor":38,"turns":5},{"damage":0,"enemies":"Sphere and 2 Shapes","floor":43,"turns":4},{"damage":2,"enemies":"Nemesis","floor":45,"turns":4},{"damage":3,"enemies":"Writhing Mass","floor":51,"turns":6},{"damage":7,"enemies":"4 Shapes","floor":52,"turns":3},{"damage":52,"enemies":"Replay:Hell Engine","floor":54,"turns":9}],"seed_played":"-3094404419300785553","potions_obtained":[{"floor":4,"key":"Reflective Coating"},{"floor":8,"key":"LiquidMemories"},{"floor":12,"key":"Languid Potion"},{"floor":16,"key":"Languid Potion"},{"floor":20,"key":"sneckomod:MuddlingPotion"},{"floor":21,"key":"Toxic Potion"},{"floor":33,"key":"Reflective Coating"},{"floor":35,"key":"PowerPotion"},{"floor":37,"key":"FearPotion"},{"floor":45,"key":"Strength Potion"},{"floor":51,"key":"EntropicBrew"}],"is_trial":false,"path_per_floor":["M","?","?","M","$","E","M","?","T","PTL","PTL","M","$","E","R","E","R","B",null,"M","M","$","?","M","R","M","R","T","T","$","?","R","M","R","B",null,"M","M","PTL","PTL","$","?","M","R","E","R","T","R","?","$","M","M","R","B",null],"character_chosen":"THE_CURSED","items_purchased":["TheCursedMod:CursedShiv","TheCursedMod:BlessingInDisguise+1","Potion Belt","Replay:Baseball","expansioncontent:QuickStudy+1","TheCursedMod:FleshFromBone+1","TheCursedMod:HellfireBreathing","Pantograph","FossilizedHelix","TheCursedMod:SoulCrush","Swift Potion","Strength Potion","ColorlessPotion","Adrenaline Potion","Whetstone","HandDrill","Happy Flower","Swift Potion","SpeedPotion"],"campfire_rested":3,"item_purchase_floors":[13,13,22,22,22,22,30,30,30,30,30,30,41,41,50,50,50,50,50],"current_hp_per_floor":[75,75,75,75,75,75,69,51,51,51,51,47,47,48,72,62,62,47,82,82,70,70,70,63,63,63,63,63,63,63,63,82,82,82,82,82,84,65,65,65,65,65,65,65,63,63,63,63,63,63,68,61,84,32],"gold":78,"neow_bonus":"THREE_ENEMY_KILL","is_daily":false,"chose_seed":false,"campfire_upgraded":6,"win_rate":0.0,"timestamp":1608426795,"path_taken":["M","?","?","M","$","E","M","?","T","PTL","PTL","M","?","E","R","E","R","BOSS","M","M","$","?","M","R","M","R","T","?","$","?","R","M","R","BOSS","M","M","PTL","PTL","$","?","M","R","E","R","T","R","?","$","?","M","R","BOSS"],"items_purchased_type":["Card","Card","Relic","Relic","Card","Card","Card","Relic","Relic","Card","Potion","Potion","Potion","Potion","Relic","Relic","Relic","Potion","Potion"],"build_version":"2020-12-13","purchased_purges":6,"victory":true,"max_hp_per_floor":[75,75,75,75,75,75,75,75,75,75,75,75,75,82,82,82,82,82,82,82,82,82,82,82,82,82,82,82,82,82,82,82,82,82,82,82,84,84,84,84,84,84,84,84,84,84,84,84,84,84,84,84,84,84],"card_choices":[{"not_picked":["TheCursedMod:SurpriseAttack","TheCursedMod:Torture"],"picked":"TheCursedMod:CursedShiv","floor":1},{"not_picked":["TheCursedMod:CursedArmor","TheCursedMod:WearCloak"],"picked":"TheCursedMod:Wield","floor":4},{"not_picked":["TheCursedMod:NeowsMight","TheCursedMod:AshesToAshes"],"picked":"TheCursedMod:SpitefulStrike","floor":6},{"not_picked":["TheCursedMod:CircleOfFlame","TheCursedMod:TacticalStrike"],"picked":"TheCursedMod:CollectTribute","floor":7},{"not_picked":["TheCursedMod:Torture","TheCursedMod:CircleOfFlame"],"picked":"TheCursedMod:Wield","floor":8},{"not_picked":["TheCursedMod:SurpriseAttack","TheCursedMod:Torture+1"],"picked":"TheCursedMod:AshesToAshes+1","floor":12},{"not_picked":["TheCursedMod:ForbiddenAlchemy+1","TheCursedMod:Mangle"],"picked":"TheCursedMod:ManaBullet","floor":14},{"not_picked":["TheCursedMod:SpreadPlague+1","TheCursedMod:Wield"],"picked":"TheCursedMod:CursedStaff","floor":16},{"not_picked":["TheCursedMod:UltimatePain+1","TheCursedMod:ManaCirculation"],"picked":"TheCursedMod:ShockAndAwe","floor":18},{"not_picked":["TheCursedMod:SoulReap+1","TheCursedMod:Stretching+1"],"picked":"TheCursedMod:SmokeScreen+1","floor":20},{"not_picked":["TheCursedMod:CursedStaff","TheCursedMod:Stigma"],"picked":"TheCursedMod:ManaBullet","floor":21},{"not_picked":["TheCursedMod:Evocation+1","TheCursedMod:Wield"],"picked":"TheCursedMod:TroublousMinions+1","floor":24},{"not_picked":["TheCursedMod:TacticalStrike+1","TheCursedMod:SmokeScreen+1"],"picked":"TheCursedMod:WearCloak+1","floor":26},{"not_picked":["TheCursedMod:SpitefulPlan+1","TheCursedMod:RapidMovement+1"],"picked":"TheCursedMod:CursedShiv+1","floor":33},{"not_picked":["TheCursedMod:OutForBlood","TheCursedMod:ForbiddenAlchemy+1"],"picked":"TheCursedMod:DemonicPact","floor":35},{"not_picked":["TheCursedMod:WearCloak+1","TheCursedMod:StingEye+1","TheCursedMod:SmokeScreen+1"],"picked":"SKIP","floor":37},{"not_picked":["TheCursedMod:SoulReap","TheCursedMod:BloodBarrier+1"],"picked":"TheCursedMod:CursedShiv+1","floor":38},{"not_picked":["TheCursedMod:ManaBullet+1","TheCursedMod:CursedBlade"],"picked":"TheCursedMod:HellfireBreathing","floor":43},{"not_picked":["TheCursedMod:BlessingInDisguise+1","TheCursedMod:Wield+1","TheCursedMod:SaltUponWound+1"],"picked":"SKIP","floor":45},{"not_picked":["TheCursedMod:CursedMace","TheCursedMod:CircleOfFlame+1"],"picked":"TheCursedMod:CursedShiv+1","floor":49},{"not_picked":["TheCursedMod:SpitefulStrike","TheCursedMod:AbyssShockwave+1","TheCursedMod:RapidMovement+1"],"picked":"SKIP","floor":51},{"not_picked":["TheCursedMod:DarkBarrier+1","TheCursedMod:CircleOfBlood+1"],"picked":"TheCursedMod:CursedSpellbook+1","floor":52}],"player_experience":26795,"relics_obtained":[{"floor":6,"key":"Orichalcum"},{"floor":8,"key":"Boot"},{"floor":9,"key":"Toxic Egg 2"},{"floor":14,"key":"Strawberry"},{"floor":16,"key":"Replay:Wax Seal"},{"floor":28,"key":"Garlic"},{"floor":29,"key":"ReplayTheSpireMod:TigerMarble"},{"floor":45,"key":"Gremlin Food"},{"floor":47,"key":"Mercury Hourglass"}],"event_choices":[{"cards_removed":["TheCursedMod:Strike_TheCursed"],"damage_healed":0,"gold_gain":0,"player_choice":"Forget","damage_taken":0,"max_hp_gain":0,"max_hp_loss":0,"event_name":"Living Wall","floor":2,"gold_loss":0},{"cards_removed":["TheCursedMod:Strike_TheCursed"],"damage_healed":0,"gold_gain":0,"player_choice":"Card Removal","damage_taken":0,"max_hp_gain":0,"max_hp_loss":0,"event_name":"The Cleric","floor":3,"gold_loss":50},{"damage_healed":0,"gold_gain":0,"player_choice":"Searched \u00271\u0027 times","damage_taken":0,"max_hp_gain":0,"max_hp_loss":0,"event_name":"Dead Adventurer","floor":8,"gold_loss":0},{"damage_healed":0,"gold_gain":0,"player_choice":"Ignored","damage_taken":0,"max_hp_gain":0,"max_hp_loss":0,"event_name":"Ghosts","floor":23,"gold_loss":0},{"damage_healed":0,"gold_gain":0,"player_choice":"Paid Fearfully","damage_taken":0,"max_hp_gain":0,"max_hp_loss":0,"event_name":"Masked Bandits","floor":31,"gold_loss":16}],"is_beta":false,"boss_relics":[{"not_picked":["ReplayTheSpireMod:DimensionalGlitch","SlaversCollar"],"picked":"Cursed Key"},{"not_picked":["Ring of Chaos","Painkiller Herb"],"picked":"TheCursedMod:OminousMark"}],"items_purged_floors":[5,13,22,30,41,50],"is_endless":false,"potions_floor_spawned":[4,8,12,16,20,21,33,35,37,45,51],"ascension_level":0}}