{"host":"mi0eibewekhugwl1","time":1608478930,"event":{"mods":["AchievementEnabler","BaseMod","Colored Map","Colored Powertips","DeckTracker","Keyboard Shortcuts","Minty Spire (QoL Compilation)","Quick Restart","Rare Cards Sparkle","Relic Stats","StSLib","SuperFastMode","everything is the same but u backflip on backflip"],"gold_per_floor":[109,127,52,52,52,87,111,36,36,60,84,84,9,30,30,30,30],"floor_reached":16,"playtime":243,"items_purged":["Strike_R"],"score":254,"play_id":"d16954f9-52e3-4b08-a791-a32c2ca3db7a","local_time":"20201221004210","is_ascension_mode":true,"campfire_choices":[{"data":"Body Slam","floor":12,"key":"SMITH"},{"floor":15,"key":"REST"}],"circlet_count":0,"master_deck":["AscendersBane","Strike_R","Strike_R","Strike_R","Strike_R","Defend_R","Defend_R+1","Defend_R+1","Defend_R","Bash","Carnage","Barricade","Twin Strike","Body Slam","Shrug It Off","Body Slam+1","Battle Trance"],"relics":["Burning Blood","NeowsBlessing","Golden Idol","Unceasing Top"],"acts_visited":["Exordium"],"potions_floor_usage":[16],"damage_taken":[{"damage":0,"enemies":"2 Louse","floor":1,"turns":1},{"damage":0,"enemies":"Jaw Worm","floor":2,"turns":1},{"damage":0,"enemies":"3 Sentries","floor":6,"turns":2},{"damage":0,"enemies":"Cultist","floor":7,"turns":2},{"damage":15,"enemies":"Large Slime","floor":10,"turns":7},{"damage":8,"enemies":"Exordium Thugs","floor":11,"turns":6},{"damage":23,"enemies":"Exordium Wildlife","floor":14,"turns":6},{"damage":27,"enemies":"Hexaghost","floor":16,"turns":9}],"seed_played":"-7270691635483913330","potions_obtained":[{"floor":1,"key":"GamblersBrew"},{"floor":7,"key":"Strength Potion"}],"is_trial":false,"path_per_floor":["M","M","$","?","?","E","M","$","T","M","M","R","$","M","R","B"],"character_chosen":"IRONCLAD","items_purchased":["Body Slam","Shrug It Off","Battle Trance"],"campfire_rested":1,"item_purchase_floors":[8,8,13],"current_hp_per_floor":[74,75,75,52,26,32,38,38,38,29,27,27,27,10,32,5,5],"gold":30,"neow_bonus":"THREE_ENEMY_KILL","is_daily":false,"chose_seed":false,"campfire_upgraded":1,"win_rate":0.0,"timestamp":1608478930,"path_taken":["M","M","$","?","?","E","M","$","T","M","M","R","?","?","R","BOSS"],"items_purchased_type":["Card","Card","Card"],"build_version":"2020-12-13","purchased_purges":1,"victory":false,"max_hp_per_floor":[75,75,75,75,75,75,75,75,75,75,75,75,75,75,75,75,75],"relic_stats":{"counters":[8,33],"Golden Idol":26,"obtain_stats":[{"NeowsBlessing":0,"Golden Idol":5,"Burning Blood":0,"Unceasing Top":6},{"NeowsBlessing":0,"Golden Idol":2,"Burning Blood":0,"Unceasing Top":3},{"NeowsBlessing":0,"Golden Idol":2,"Burning Blood":0,"Unceasing Top":4}],"Burning Blood":37,"Unceasing Top":[0]},"card_choices":[{"not_picked":["True Grit","Intimidate"],"picked":"Carnage","floor":1},{"not_picked":["Wild Strike","Armaments","Cleave"],"picked":"SKIP","floor":2},{"not_picked":["Burning Pact","Wild Strike"],"picked":"Barricade","floor":6},{"not_picked":["Perfected Strike","Twin Strike","Feel No Pain"],"picked":"SKIP","floor":7},{"not_picked":["Perfected Strike","Feel No Pain"],"picked":"Twin Strike","floor":7},{"not_picked":["Heavy Blade","Clothesline","Searing Blow"],"picked":"SKIP","floor":10},{"not_picked":["Metallicize","True Grit"],"picked":"Body Slam","floor":11},{"not_picked":["Body Slam","Dropkick","Wild Strike"],"picked":"SKIP","floor":14}],"player_experience":1692197,"relics_obtained":[{"floor":6,"key":"Unceasing Top"}],"event_choices":[{"damage_healed":0,"gold_gain":0,"player_choice":"Entered Light","damage_taken":23,"max_hp_gain":0,"max_hp_loss":0,"event_name":"Shining Light","floor":4,"gold_loss":0,"cards_upgraded":["Defend_R","Defend_R"]},{"damage_healed":0,"gold_gain":0,"player_choice":"Take Damage","damage_taken":26,"relics_obtained":["Golden Idol"],"max_hp_gain":0,"max_hp_loss":0,"event_name":"Golden Idol","floor":5,"gold_loss":0}],"is_beta":false,"boss_relics":[],"items_purged_floors":[3],"is_endless":false,"potions_floor_spawned":[1,7,10,11],"killed_by":"Hexaghost","ascension_level":20}}