{"host":"ix2a18c4ohfsrslv","time":1608500607,"event":{"mods":["BaseMod","Better Third Choice","Downfall","Halation","Marisa????????","Minty Spire (QoL Compilation)","Replay The Spire","StSLib","The Bladedancer","The Blue Laboratory"],"gold_per_floor":[118,131,131,201,251,251,301,301,301,319,345,17,35,63,63,158,158,173,223,233,298,42,42,92,121,121,46,96,123,191,2,2,101,101,111,161,23,33,133,161,161,13,13,13,64,97,49,99,99,135],"floor_reached":51,"playtime":3046,"items_purged":["Strike_G"],"score":915,"play_id":"e66eeaf1-077a-417a-859a-71ec70e6ebc1","local_time":"20201220134327","is_ascension_mode":true,"campfire_choices":[{"data":"Leg Sweep","floor":6,"key":"SMITH"},{"data":"Poisoned Stab","floor":8,"key":"SMITH"},{"floor":15,"key":"REST"},{"data":"Noxious Fumes","floor":23,"key":"SMITH"},{"data":"Pot Of Greed","floor":32,"key":"SMITH"},{"data":"Sneak Up","floor":41,"key":"SMITH"},{"data":"Envenom","floor":44,"key":"SMITH"},{"floor":49,"key":"REST"}],"circlet_count":0,"master_deck":["Strike_G+1","Strike_G+1","Defend_G","Defend_G","Defend_G","Defend_G","Survivor","Neutralize+1","Slice","Poisoned Stab+1","Leg Sweep+1","Noxious Fumes+1","Backflip","Dagger Spray","Adrenaline+1","Bouncing Flask","After Image","Backstab","Caltrops","Pot Of Greed+1","Pot Of Greed","Escape Plan+1","Pot Of Greed","Noxious Fumes","Adrenaline","Sneak Up+1","Envenom+1","ReplayTheSpireMod:The Works","Prepared+1"],"relics":["Ring of the Snake","SsserpentHead","Vajra","Oddly Smooth Stone","halation:PinkSoulGem","Simple Rune","Kunai","halation:LostSnail","Bottled Flame","Runic Dome","Snake Skull","Divine Protection","Grinning Jar","Nloth\u0027s Gift","WingedGreaves","TwistedFunnel","Replay:Drink Me","halation:PrussianBluePaint","Counterbalance","ReplayTheSpireMod:Lightbulb","Replay:Bandana","Juzu Bracelet"],"acts_visited":["Exordium","TheCity","TheBeyond"],"potions_floor_usage":[11,16,21,33,50,50],"damage_taken":[{"damage":0,"enemies":"2 Louse","floor":1,"turns":3},{"damage":1,"enemies":"Cultist","floor":2,"turns":4},{"damage":1,"enemies":"Jaw Worm","floor":4,"turns":4},{"damage":0,"enemies":"2 Fungi Beasts","floor":10,"turns":4},{"damage":1,"enemies":"Lagavulin","floor":11,"turns":6},{"damage":4,"enemies":"Looter","floor":13,"turns":3},{"damage":12,"enemies":"Gremlin Nob","floor":14,"turns":4},{"damage":14,"enemies":"Slime Boss","floor":16,"turns":7},{"damage":3,"enemies":"Chosen","floor":18,"turns":3},{"damage":5,"enemies":"Spheric Guardian","floor":20,"turns":4},{"damage":0,"enemies":"Chosen and Byrds","floor":21,"turns":6},{"damage":21,"enemies":"Gremlin Leader","floor":25,"turns":6},{"damage":0,"enemies":"Book of Stabbing","floor":29,"turns":5},{"damage":0,"enemies":"Sentry and Sphere","floor":30,"turns":4},{"damage":26,"enemies":"Champ","floor":33,"turns":9},{"damage":0,"enemies":"3 Shapes","floor":35,"turns":3},{"damage":0,"enemies":"Orb Walker","floor":38,"turns":4},{"damage":0,"enemies":"R_Hoarder","floor":40,"turns":7},{"damage":24,"enemies":"Reptomancer","floor":45,"turns":5},{"damage":13,"enemies":"Spire Growth","floor":46,"turns":4},{"damage":0,"enemies":"Donu and Deca","floor":50,"turns":4}],"seed_played":"-5753725996435494849","potions_obtained":[{"floor":2,"key":"blueLaboratory:SavagePotion"},{"floor":4,"key":"ColorlessPotion"},{"floor":14,"key":"Explosive Potion"},{"floor":18,"key":"Block Potion"},{"floor":21,"key":"champ:CounterPotion"},{"floor":46,"key":"blueLaboratory:BlinkPotion"},{"floor":48,"key":"Adrenaline Potion"}],"is_trial":false,"path_per_floor":["M","M","?","M","?","R","?","R","T","M","E","$","M","E","R","B",null,"M","?","M","M","$","R","?","E","T","$","?","E","M","$","R","B",null,"M","?","$","M","T","E","R","$","T","R","E","M","$","?","R","B",null],"character_chosen":"THE_SILENT","items_purchased":["Kunai","halation:LostSnail","Snake Skull","After Image","TwistedFunnel","Noxious Fumes","Envenom","ReplayTheSpireMod:Lightbulb","Block Potion"],"campfire_rested":2,"item_purchase_floors":[12,12,22,22,31,31,37,42,47],"current_hp_per_floor":[70,69,69,68,57,57,57,57,57,57,56,56,52,40,61,47,70,67,67,62,62,62,62,62,41,41,41,41,41,41,41,41,15,53,53,53,53,53,53,53,53,53,53,53,29,16,16,16,31,31],"gold":135,"neow_bonus":"UPGRADE_CARD","is_daily":false,"chose_seed":false,"campfire_upgraded":6,"win_rate":0.0,"timestamp":1608500607,"path_taken":["M","M","?","?","?","R","?","R","T","M","E","$","M","E","R","BOSS","M","?","M","?","?","R","?","E","T","$","?","E","?","$","R","BOSS","M","?","$","M","?","E","R","?","T","R","E","M","$","?","R","BOSS"],"items_purchased_type":["Relic","Relic","Relic","Card","Relic","Card","Card","Relic","Potion"],"build_version":"2020-12-13","purchased_purges":1,"victory":true,"max_hp_per_floor":[70,70,70,70,70,70,70,70,70,70,70,70,70,70,70,70,70,70,70,70,70,70,70,70,70,70,70,70,70,70,70,70,70,53,53,53,53,53,53,53,53,53,53,53,53,53,53,53,53,53],"card_choices":[{"not_picked":["Dodge and Roll","Outmaneuver"],"picked":"Slice","floor":1},{"not_picked":["Underhanded Strike","Bane"],"picked":"Poisoned Stab","floor":2},{"not_picked":["Tactician","All Out Attack"],"picked":"Leg Sweep","floor":4},{"not_picked":["ReplayTheSpireMod:Tripwire","Hidden Blade","Predator"],"picked":"Noxious Fumes","floor":10},{"not_picked":["PiercingWail","Acrobatics","Dagger Throw"],"picked":"Backflip","floor":11},{"not_picked":["ReplayTheSpireMod:Tripwire","Expertise","Hidden Blade"],"picked":"Dagger Spray","floor":13},{"not_picked":["Prepared","Flying Knee","Hidden Blade","Dodge and Roll"],"picked":"SKIP","floor":14},{"not_picked":["Venomology","Burst","Die Die Die"],"picked":"Adrenaline","floor":16},{"not_picked":["Underhanded Strike","Backflip+1","Reflex","Slice+1"],"picked":"SKIP","floor":18},{"not_picked":["Expertise","ReplayTheSpireMod:Exploit Weakness+1","Dagger Throw","ReplayTheSpireMod:Tripwire"],"picked":"SKIP","floor":20},{"not_picked":["ReplayTheSpireMod:Scrap Shanks","Dagger Spray","Flying Knee"],"picked":"Bouncing Flask","floor":21},{"not_picked":["Sucker Punch","Flying Knee","Leg Sweep"],"picked":"Caltrops","floor":25},{"not_picked":["Caltrops+1","Hidden Blade","Dagger Spray"],"picked":"SKIP","floor":29},{"not_picked":["Burst","Dodge and Roll"],"picked":"Escape Plan+1","floor":30},{"not_picked":["Bullet Time","Burst"],"picked":"Adrenaline","floor":33},{"not_picked":["Outmaneuver","Sneak Up","Dodge and Roll"],"picked":"SKIP","floor":35},{"not_picked":["Outmaneuver","Dodge and Roll"],"picked":"Sneak Up","floor":35},{"not_picked":["Dagger Spray+1","Outmaneuver+1"],"picked":"ReplayTheSpireMod:The Works","floor":38},{"not_picked":["Acrobatics+1","ReplayTheSpireMod:Shiv Toss","Catalyst+1"],"picked":"SKIP","floor":40},{"not_picked":["ReplayTheSpireMod:Shiv Toss","All Out Attack","ReplayTheSpireMod:From All Sides"],"picked":"SKIP","floor":45},{"not_picked":["Blade Dance","Slice+1"],"picked":"Prepared+1","floor":46}],"player_experience":87736,"relics_obtained":[{"floor":9,"key":"Question Card"},{"floor":11,"key":"Simple Rune"},{"floor":14,"key":"Bottled Flame"},{"floor":25,"key":"Divine Protection"},{"floor":26,"key":"Grinning Jar"},{"floor":29,"key":"WingedGreaves"},{"floor":39,"key":"halation:PrussianBluePaint"},{"floor":40,"key":"Counterbalance"},{"floor":43,"key":"Replay:Bandana"},{"floor":45,"key":"Juzu Bracelet"}],"event_choices":[{"damage_healed":0,"gold_gain":0,"player_choice":"Trade","damage_taken":0,"relics_obtained":["SsserpentHead"],"max_hp_gain":0,"max_hp_loss":0,"event_name":"FaceTrader","floor":3,"gold_loss":0},{"damage_healed":0,"gold_gain":1,"player_choice":"Relic Relic ","damage_taken":11,"max_hp_gain":0,"max_hp_loss":0,"event_name":"betterThird:BetterScrap","floor":5,"gold_loss":0,"cards_obtained":["Barricade"]},{"damage_healed":0,"gold_gain":0,"player_choice":"Forge","damage_taken":0,"max_hp_gain":0,"max_hp_loss":0,"event_name":"Accursed Blacksmith","floor":19,"gold_loss":0,"cards_upgraded":["Adrenaline"]},{"damage_healed":0,"gold_gain":0,"player_choice":"Read","damage_taken":0,"max_hp_gain":0,"max_hp_loss":0,"event_name":"The Library","floor":24,"gold_loss":0,"cards_obtained":["Backstab"]},{"damage_healed":0,"gold_gain":0,"player_choice":"Traded Relic","damage_taken":0,"relics_obtained":["Nloth\u0027s Gift"],"max_hp_gain":0,"max_hp_loss":0,"event_name":"N\u0027loth","floor":28,"relics_lost":["Question Card"],"gold_loss":0},{"damage_healed":0,"gold_gain":0,"player_choice":"Ignored","damage_taken":0,"max_hp_gain":0,"max_hp_loss":0,"event_name":"Tomb of Lord Red Mask","floor":36,"gold_loss":0},{"damage_healed":0,"gold_gain":0,"player_choice":"Got Potions","damage_taken":0,"max_hp_gain":0,"max_hp_loss":0,"event_name":"Lab","floor":48,"gold_loss":0}],"is_beta":false,"boss_relics":[{"not_picked":["Honey Jar","halation:MonkeysPaw"],"picked":"Runic Dome"},{"not_picked":["Astrolabe","Replay:Grab Bag"],"picked":"Replay:Drink Me"}],"items_purged_floors":[27],"is_endless":false,"potions_floor_spawned":[2,4,14,18,21,46],"ascension_level":1}}