{"host":"kiah4uoohy01p0hv","time":1608475887,"event":{"mods":["BaseMod","Colored Map","Colored Powertips","Conspire","Highlight Path","Hubris","Minty Spire (QoL Compilation)","Permanent Neow","Replay The Spire","Spikes Relics","StSLib"],"gold_per_floor":[118,68,68,80,155,155,155,165,165,200,280,309,47,79,89,101,101,204,204,214,146,156,175,195,195,195,195],"floor_reached":26,"playtime":4386,"items_purged":[],"score":253,"play_id":"9b02edee-f768-46a8-88b5-2bb19b71b3fa","local_time":"20201221005127","is_ascension_mode":false,"campfire_choices":[{"floor":17,"key":"REST"},{"floor":25,"key":"REST"}],"circlet_count":0,"master_deck":["Strike_P","Strike_P","Strike_P","Defend_P","Defend_P","Defend_P","Eruption","Vigilance","Swivel","Adaptation","CutThroughFate","Establishment","InnerPeace","Replay:Cycle","Replay:Cycle","Replay:BluntJabs","Replay:BluntJabs","PathToVictory","Indignation","Ragnarok","BattleHymn","Pray+1","FollowUp"],"relics":["PureWater","Ring of Misfortune","ReplayTheSpireMod:Ring of Exchange","Counterbalance","Iron Hammer","conspire:InfiniteJournal","Lee\u0027s Waffle","Bag of Preparation","conspire:SpecialSausage"],"acts_visited":["Exordium","TheCity"],"potions_floor_usage":[12,14,18,18,20,24],"damage_taken":[{"damage":0,"enemies":"conspire:RoseBush","floor":1,"turns":2},{"damage":6,"enemies":"2 Louse","floor":4,"turns":5},{"damage":0,"enemies":"Small Slimes","floor":8,"turns":2},{"damage":26,"enemies":"Gremlin Nob","floor":10,"turns":5},{"damage":0,"enemies":"Replay:BlueRogue","floor":12,"turns":3},{"damage":3,"enemies":"3 Sentries","floor":14,"turns":6},{"damage":11,"enemies":"Gremlin Gang","floor":15,"turns":6},{"damage":17,"enemies":"3 Louse","floor":16,"turns":3},{"damage":39,"enemies":"Fading Forest","floor":18,"turns":11},{"damage":20,"enemies":"3 Byrds","floor":20,"turns":3},{"damage":18,"enemies":"Shell Parasite","floor":22,"turns":4},{"damage":5,"enemies":"conspire:HollyBat","floor":23,"turns":6},{"damage":25,"enemies":"Cultist and Chosen","floor":24,"turns":4},{"damage":49,"enemies":"Gremlin Leader","floor":26,"turns":2}],"seed_played":"4561872433900618766","potions_obtained":[{"floor":8,"key":"Ancient Potion"},{"floor":10,"key":"ColorlessPotion"},{"floor":12,"key":"Energy Potion"},{"floor":14,"key":"PowerPotion"},{"floor":18,"key":"BottledMiracle"},{"floor":22,"key":"Strength Potion"}],"is_trial":false,"path_per_floor":["M","?","?","M","?","PTL","PTL","M","?","E","T","E","$","E","M","M","R_BF","B",null,"M","$","M","M","M","R","E"],"character_chosen":"WATCHER","items_purchased":["Lee\u0027s Waffle","Replay:Cycle","Replay:BluntJabs","BattleHymn"],"campfire_rested":2,"item_purchase_floors":[13,13,13,21],"current_hp_per_floor":[72,72,72,66,55,55,55,55,55,29,29,29,79,76,65,48,71,32,79,59,59,41,36,11,34,0,0],"gold":195,"neow_bonus":"TRANSFORM_CARD","is_daily":false,"chose_seed":false,"campfire_upgraded":0,"win_rate":0.0,"timestamp":1608475887,"path_taken":["M","?","?","M","?","PTL","PTL","M","?","E","T","E","$","E","M","M","R_BF","BOSS","M","$","?","M","?","R","E"],"items_purchased_type":["Relic","Card","Card","Card"],"build_version":"2020-12-13","purchased_purges":0,"victory":false,"max_hp_per_floor":[72,72,72,72,72,72,72,72,72,72,72,72,79,79,79,79,79,79,79,79,79,79,79,79,79,79,79],"card_choices":[{"not_picked":["FlurryOfBlows","JustLucky"],"picked":"Adaptation","floor":1},{"not_picked":["BowlingBash","Replay:AtTheReady","Replay:Battleflow"],"picked":"SKIP","floor":4},{"not_picked":["BowlingBash","Replay:AtTheReady","Replay:Battleflow"],"picked":"SKIP","floor":4},{"not_picked":["JustLucky","Replay:Anticipation"],"picked":"CutThroughFate","floor":8},{"not_picked":["Tantrum","WindmillStrike"],"picked":"Establishment","floor":10},{"not_picked":["WindmillStrike","TalkToTheHand"],"picked":"InnerPeace","floor":12},{"not_picked":["Weave","Evaluate"],"picked":"Replay:BluntJabs","floor":14},{"not_picked":["CutThroughFate","TalkToTheHand"],"picked":"PathToVictory","floor":15},{"not_picked":["CrushJoints","Replay:Hum"],"picked":"Indignation","floor":16},{"not_picked":["Scrawl","Replay:LoomingThreat"],"picked":"Ragnarok","floor":18},{"not_picked":["BowlingBash","CrushJoints","ThirdEye"],"picked":"SKIP","floor":20},{"not_picked":["ClearTheMind","SashWhip"],"picked":"Pray+1","floor":22},{"not_picked":["Weave","Replay:AtTheReady+1"],"picked":"FollowUp","floor":23},{"not_picked":["Meditate","EmptyBody+1","WheelKick"],"picked":"SKIP","floor":24}],"player_experience":189832,"relics_obtained":[{"floor":3,"key":"Ring of Misfortune"},{"floor":3,"key":"ReplayTheSpireMod:Ring of Exchange"},{"floor":10,"key":"Counterbalance"},{"floor":11,"key":"Iron Hammer"},{"floor":12,"key":"conspire:InfiniteJournal"},{"floor":14,"key":"Bag of Preparation"}],"event_choices":[{"cards_removed":["Strike_P"],"damage_healed":0,"gold_gain":0,"player_choice":"Card Removal","damage_taken":0,"max_hp_gain":0,"max_hp_loss":0,"event_name":"The Cleric","floor":2,"gold_loss":50},{"damage_healed":0,"gold_gain":75,"player_choice":"Gather Gold","damage_taken":11,"max_hp_gain":0,"max_hp_loss":0,"event_name":"World of Goop","floor":5,"gold_loss":0},{"cards_removed":["Spreading Infection"],"damage_healed":0,"gold_gain":0,"player_choice":"Purged","damage_taken":0,"max_hp_gain":0,"max_hp_loss":0,"event_name":"Purifier","floor":9,"gold_loss":0}],"is_beta":false,"boss_relics":[{"not_picked":["conspire:RunicOctahedron","hubris:BlackHole"],"picked":"conspire:SpecialSausage"}],"items_purged_floors":[],"is_endless":false,"potions_floor_spawned":[8,10,12,14,18,22],"killed_by":"Gremlin Leader","ascension_level":0}}