{"host":"cniksiniaw0d9klh","time":1608467759,"event":{"mods":["BaseMod","Minty Spire (QoL Compilation)","StSLib","SuperFastMode"],"gold_per_floor":[118,118,134,150,150,175,175,175,175,175,21,52,52,3,3,106,106,118,217,217,217,237,268,288,316,339,369,369,404,404,604,604,702,702,716,727,727,727],"floor_reached":37,"playtime":898,"items_purged":[],"score":500,"play_id":"82fe552c-23b4-4dea-b6b1-9b5fb39ca628","local_time":"20201220213559","is_ascension_mode":true,"campfire_choices":[{"data":"Dagger Spray","floor":8.0,"key":"SMITH"},{"data":"Poisoned Stab","floor":10.0,"key":"SMITH"},{"data":"Escape Plan","floor":13.0,"key":"SMITH"},{"data":"Prepared","floor":15.0,"key":"SMITH"},{"data":"Dagger Throw","floor":30.0,"key":"SMITH"},{"data":"Tools of the Trade","floor":32.0,"key":"SMITH"}],"circlet_count":0,"master_deck":["Strike_G","Strike_G","Strike_G","Strike_G","Strike_G","Defend_G","Defend_G","Defend_G","Defend_G","Defend_G+1","Survivor+1","Neutralize+1","Poisoned Stab+1","Slice","Dagger Spray+1","Masterful Stab","Escape Plan+1","Prepared+1","Tools of the Trade+1","Outmaneuver+1","Dagger Throw+1","Glass Knife"],"relics":["Ring of the Snake","NeowsBlessing","CaptainsWheel","InkBottle","Unceasing Top","Vajra","Torii","Busted Crown","CultistMask","Calipers","War Paint","Snake Skull","Gambling Chip","Centennial Puzzle","Sozu"],"acts_visited":["TheBeyond"],"potions_floor_usage":[],"damage_taken":[{"damage":0.0,"enemies":"Small Slimes","floor":1.0,"turns":1.0},{"damage":0.0,"enemies":"Cultist","floor":3.0,"turns":1.0},{"damage":0.0,"enemies":"2 Louse","floor":4.0,"turns":1.0},{"damage":5.0,"enemies":"Gremlin Nob","floor":6.0,"turns":3.0},{"damage":6.0,"enemies":"Lagavulin","floor":12.0,"turns":4.0},{"damage":37.0,"enemies":"Slime Boss","floor":16.0,"turns":10.0},{"damage":1.0,"enemies":"2 Thieves","floor":18.0,"turns":3.0},{"damage":0.0,"enemies":"Spheric Guardian","floor":22.0,"turns":3.0},{"damage":2.0,"enemies":"Book of Stabbing","floor":23.0,"turns":5.0},{"damage":2.0,"enemies":"Snake Plant","floor":24.0,"turns":5.0},{"damage":24.0,"enemies":"Slavers","floor":25.0,"turns":6.0},{"damage":0.0,"enemies":"Gremlin Leader","floor":27.0,"turns":6.0},{"damage":16.0,"enemies":"Slavers","floor":29.0,"turns":6.0},{"damage":31.0,"enemies":"Automaton","floor":33.0,"turns":12.0},{"damage":0.0,"enemies":"3 Shapes","floor":35.0,"turns":2.0},{"damage":0.0,"enemies":"3 Darklings","floor":36.0,"turns":3.0}],"seed_played":"1800250846861028258","potions_obtained":[{"floor":3.0,"key":"LiquidBronze"},{"floor":4.0,"key":"CunningPotion"},{"floor":6.0,"key":"Dexterity Potion"},{"floor":12.0,"key":"DuplicationPotion"},{"floor":16.0,"key":"Regen Potion"},{"floor":22.0,"key":"Weak Potion"},{"floor":29.0,"key":"Swift Potion"}],"is_trial":false,"path_per_floor":["M","?","M","M","?","E","T","R","T","R","$","E","R","$","R","B",null,"M","?","?","?","M","E","M","E","T","E","?","E","R","?","R","B",null,"M","M","$"],"character_chosen":"THE_SILENT","items_purchased":["Vajra","Prepared"],"campfire_rested":0,"item_purchase_floors":[11,14],"current_hp_per_floor":[70,70,70,70,70,65,65,65,65,65,65,59,59,59,59,22,70,69,69,69,69,69,67,65,56,56,56,56,40,40,40,40,9,70,70,70,70,70],"gold":727,"neow_bonus":"THREE_ENEMY_KILL","is_daily":false,"chose_seed":false,"campfire_upgraded":6,"win_rate":0.0,"timestamp":1608467759,"path_taken":["M","?","?","M","?","E","?","R","T","R","$","E","R","$","R","BOSS","M","?","?","?","M","E","?","E","T","E","?","E","R","?","R","BOSS","M","?","$"],"items_purchased_type":["Relic","Card"],"build_version":"2020-12-13","purchased_purges":0,"victory":false,"max_hp_per_floor":[70,70,70,70,70,70,70,70,70,70,70,70,70,70,70,70,70,70,70,70,70,70,70,70,70,70,70,70,70,70,70,70,70,70,70,70,70,70],"card_choices":[{"not_picked":["Deadly Poison","Deflect"],"picked":"Poisoned Stab","floor":1.0},{"not_picked":["Eviscerate","Blade Dance"],"picked":"Slice","floor":3.0},{"not_picked":["Underhanded Strike","Endless Agony"],"picked":"Dagger Spray","floor":4.0},{"not_picked":["PiercingWail","Acrobatics"],"picked":"Masterful Stab","floor":6.0},{"not_picked":["Predator","Underhanded Strike"],"picked":"Escape Plan","floor":12.0},{"not_picked":["Bullet Time","Night Terror"],"picked":"Tools of the Trade","floor":16.0},{"not_picked":[],"picked":"Outmaneuver+1","floor":18.0},{"not_picked":["Skewer"],"picked":"SKIP","floor":22.0},{"not_picked":["Terror+1"],"picked":"SKIP","floor":23.0},{"not_picked":["Well Laid Plans+1"],"picked":"SKIP","floor":24.0},{"not_picked":["Predator"],"picked":"SKIP","floor":25.0},{"not_picked":[],"picked":"Dagger Throw","floor":27.0},{"not_picked":["All Out Attack"],"picked":"SKIP","floor":29.0},{"not_picked":[],"picked":"Glass Knife","floor":33.0},{"not_picked":["Sucker Punch"],"picked":"SKIP","floor":35.0},{"not_picked":["Deadly Poison+1"],"picked":"SKIP","floor":36.0}],"player_experience":436542,"relics_obtained":[{"floor":6.0,"key":"CaptainsWheel"},{"floor":7.0,"key":"InkBottle"},{"floor":9.0,"key":"Unceasing Top"},{"floor":12.0,"key":"Torii"},{"floor":23.0,"key":"Calipers"},{"floor":25.0,"key":"War Paint"},{"floor":26.0,"key":"Snake Skull"},{"floor":27.0,"key":"Gambling Chip"},{"floor":29.0,"key":"Centennial Puzzle"}],"event_choices":[{"damage_healed":0.0,"max_hp_gain":0.0,"max_hp_loss":0.0,"gold_gain":0.0,"event_name":"Upgrade Shrine","player_choice":"Upgraded","floor":2.0,"gold_loss":0.0,"damage_taken":0.0,"cards_upgraded":["Neutralize"]},{"damage_healed":0.0,"max_hp_gain":0.0,"max_hp_loss":0.0,"gold_gain":0.0,"event_name":"Golden Wing","player_choice":"Ignored","floor":5.0,"gold_loss":0.0,"damage_taken":0.0},{"damage_healed":0.0,"max_hp_gain":0.0,"max_hp_loss":0.0,"gold_gain":99.0,"event_name":"Nest","player_choice":"Stole From Cult","floor":19.0,"gold_loss":0.0,"damage_taken":0.0},{"damage_healed":0.0,"max_hp_gain":0.0,"max_hp_loss":0.0,"gold_gain":0.0,"event_name":"Ghosts","player_choice":"Ignored","floor":20.0,"gold_loss":0.0,"damage_taken":0.0},{"damage_healed":0.0,"max_hp_gain":0.0,"max_hp_loss":0.0,"gold_gain":0.0,"event_name":"FaceTrader","player_choice":"Trade","floor":21.0,"gold_loss":0.0,"damage_taken":0.0,"relics_obtained":["CultistMask"]},{"damage_healed":0.0,"max_hp_gain":0.0,"max_hp_loss":0.0,"gold_gain":0.0,"event_name":"Vampires","player_choice":"Ignored","floor":28.0,"gold_loss":0.0,"damage_taken":0.0},{"damage_healed":0.0,"max_hp_gain":0.0,"max_hp_loss":0.0,"gold_gain":250.0,"event_name":"The Joust","player_choice":"Bet on Owner","floor":31.0,"gold_loss":50.0,"damage_taken":0.0}],"is_beta":false,"boss_relics":[{"not_picked":["SlaversCollar","Pandora\u0027s Box"],"picked":"Busted Crown"},{"not_picked":["Coffee Dripper","Calling Bell"],"picked":"Sozu"}],"items_purged_floors":[],"is_endless":false,"potions_floor_spawned":[3,4,6,12,16,22,29,35],"ascension_level":1}}