{"host":"fmtvje4mks8zli8e","time":1608506342,"event":{"mods":["AchievementEnabler","AlwaysNeverKeys","BaseMod","BetterRewards","Minty Spire (QoL Compilation)","READ ME - Guardian Mod","Remove Card Discount Mod","StSLib","The Cursed","The Druid","The Servant 0.9.4","The Wild Card"],"gold_per_floor":[116,116,191,41,41,75,134,167,191,225,240,117,42,42,42,142,142,157,157,177,29,40,75,109,144,167,167,199,199,32,66,78,189,201,227,254,276,308,333,370,399,439,477,414,414,441,441,476,476,476,476,476,38,69,69],"floor_reached":56,"playtime":2239,"items_purged":["Regret"],"score":2858,"play_id":"de355a48-908e-4729-8258-38481e979e75","local_time":"20201220171902","is_ascension_mode":true,"campfire_choices":[{"data":"After Image","floor":15,"key":"SMITH"},{"data":"Envenom","floor":27,"key":"SMITH"},{"data":"After Image","floor":32,"key":"SMITH"},{"data":"1","floor":47,"key":"LIFT"},{"data":"2","floor":49,"key":"LIFT"},{"data":"3","floor":52,"key":"LIFT"}],"circlet_count":0,"master_deck":["Strike_G+1","Strike_G+1","Strike_G+1","Strike_G+1","Strike_G+1","Defend_G+1","Defend_G+1","Defend_G+1","Defend_G+1","Defend_G+1","Survivor+1","Neutralize","After Image+1","Panache","Flash of Steel+1","Noxious Fumes","Deflect","Die Die Die","Noxious Fumes","Poisoned Stab","Swift Strike","Slice","Poisoned Stab","Noxious Fumes","Slice","Caltrops","Sadistic Nature","After Image+1","Prepared","Deflect+1","Envenom+1","Concentrate","Masterful Stab+1","Noxious Fumes","Caltrops","Endless Agony","A Thousand Cuts","Caltrops+1","Deflect+1","Masterful Stab","Concentrate+1","Escape Plan","Good Instincts","Noxious Fumes","Endless Agony"],"relics":["Ring of the Snake","Membership Card","Blood Vial","Unceasing Top","Mummified Hand","Orichalcum","Orrery","Juzu Bracelet","Sling","Pear","Oddly Smooth Stone","Anchor","Lee\u0027s Waffle","Omamori","Potion Belt","Bronze Scales","Art of War","MealTicket","Frozen Eye","PreservedInsect","Black Star","Akabeko","WingedGreaves","Snake Skull","Smiling Mask","Vajra","Centennial Puzzle","Regal Pillow","Bag of Marbles","Strawberry","Turnip","WarpedTongs","TwistedFunnel","Lantern","MawBank","Meat on the Bone","Busted Crown","Pen Nib","Happy Flower","Girya","Mango","Whetstone","Nunchaku","Singing Bowl","Bottled Tornado","CeramicFish","War Paint","Mercury Hourglass","InkBottle","Medical Kit","Boot","Blue Candle"],"acts_visited":["TheCity","TheBeyond","TheEnding"],"potions_floor_usage":[16,33,55,55,55,55,55,55,55,55,55],"damage_taken":[{"damage":0,"enemies":"Cultist","floor":1,"turns":3},{"damage":11,"enemies":"Lagavulin","floor":6,"turns":6},{"damage":0,"enemies":"3 Sentries","floor":8,"turns":3},{"damage":4,"enemies":"Gremlin Nob","floor":10,"turns":3},{"damage":0,"enemies":"Small Slimes","floor":11,"turns":3},{"damage":2,"enemies":"The Guardian","floor":16,"turns":5},{"damage":0,"enemies":"Spheric Guardian","floor":18,"turns":3},{"damage":0,"enemies":"Chosen","floor":20,"turns":4},{"damage":1,"enemies":"Shelled Parasite and Fungi","floor":22,"turns":3},{"damage":0,"enemies":"Slavers","floor":23,"turns":2},{"damage":0,"enemies":"Gremlin Leader","floor":24,"turns":3},{"damage":0,"enemies":"Slavers","floor":25,"turns":2},{"damage":0,"enemies":"Gremlin Leader","floor":28,"turns":2},{"damage":0,"enemies":"Slavers","floor":31,"turns":2},{"damage":0,"enemies":"Collector","floor":33,"turns":4},{"damage":0,"enemies":"3 Shapes","floor":35,"turns":2},{"damage":0,"enemies":"Orb Walker","floor":36,"turns":2},{"damage":9,"enemies":"3 Darklings","floor":37,"turns":3},{"damage":0,"enemies":"Writhing Mass","floor":38,"turns":3},{"damage":0,"enemies":"Jaw Worm Horde","floor":39,"turns":1},{"damage":0,"enemies":"Giant Head","floor":40,"turns":4},{"damage":0,"enemies":"Spire Growth","floor":41,"turns":3},{"damage":0,"enemies":"Nemesis","floor":42,"turns":1},{"damage":0,"enemies":"Giant Head","floor":46,"turns":2},{"damage":0,"enemies":"Nemesis","floor":48,"turns":1},{"damage":46,"enemies":"Time Eater","floor":50,"turns":7},{"damage":0,"enemies":"Shield and Spear","floor":54,"turns":1},{"damage":0,"enemies":"The Heart","floor":55,"turns":4}],"seed_played":"4130170597214137745","potions_obtained":[{"floor":8,"key":"LiquidMemories"},{"floor":10,"key":"AttackPotion"},{"floor":11,"key":"Regen Potion"},{"floor":22,"key":"Dexterity Potion"},{"floor":23,"key":"Explosive Potion"},{"floor":24,"key":"CultistPotion"},{"floor":31,"key":"EntropicBrew"},{"floor":36,"key":"PowerPotion"},{"floor":38,"key":"LiquidMemories"},{"floor":39,"key":"LiquidBronze"}],"is_trial":false,"path_per_floor":["M","?","?","$","?","E","?","E","T","E","M","$","$","?","R","B",null,"M","?","M","$","M","E","E","E","T","R","E","?","$","E","R","B",null,"M","M","M","M","M","E","M","E","T","$","?","E","R","E","R","B",null,"R","$","E","B",null],"character_chosen":"THE_SILENT","items_purchased":["Membership Card","Blood Vial","Unceasing Top","After Image","Mummified Hand","Orichalcum","Panache","Flash of Steel","Orrery","Juzu Bracelet","Sling","Pear","Noxious Fumes","Poisoned Stab","Swift Strike","Oddly Smooth Stone","Lee\u0027s Waffle","Omamori","Caltrops","Sadistic Nature","Frozen Eye","Envenom","Akabeko","TwistedFunnel","Lantern","Caltrops","Nunchaku","Mercury Hourglass","InkBottle","Medical Kit","Escape Plan","Good Instincts","Noxious Fumes","Endless Agony"],"campfire_rested":0,"item_purchase_floors":[0,0,0,0,0,0,0,0,0,0,0,0,0,0,0,0,4,4,12,12,13,21,21,30,30,30,44,53,53,53,53,53,53,53],"current_hp_per_floor":[33,33,22,87,87,76,76,78,78,76,78,87,87,87,87,85,87,87,87,87,87,86,87,87,87,87,87,94,94,94,94,94,94,94,94,94,85,87,89,91,93,108,108,108,108,110,110,112,112,66,101,101,112,114,114],"gold":69,"neow_bonus":"","is_daily":false,"chose_seed":false,"campfire_upgraded":3,"win_rate":0.0,"timestamp":1608506342,"path_taken":["M","?","?","$","?","E","?","E","T","E","M","?","$","?","R","BOSS","M","?","M","$","M","E","E","E","T","R","E","?","?","E","R","BOSS","M","M","M","M","M","E","M","E","T","$","?","E","R","E","R","BOSS","R","$","E","BOSS"],"items_purchased_type":["Relic","Relic","Relic","Card","Relic","Relic","Card","Card","Relic","Relic","Relic","Relic","Card","Card","Card","Relic","Relic","Relic","Card","Card","Relic","Card","Relic","Relic","Relic","Card","Relic","Relic","Relic","Relic","Card","Card","Card","Card"],"build_version":"2020-12-13","purchased_purges":1,"victory":true,"max_hp_per_floor":[80,80,80,87,87,87,87,87,87,87,87,87,87,87,87,87,87,87,87,87,87,87,87,87,87,87,87,94,94,94,94,94,94,94,94,94,94,94,94,94,94,108,108,108,108,110,110,112,112,112,112,112,112,114,114],"card_choices":[{"not_picked":["Blade Dance","Underhanded Strike"],"picked":"Noxious Fumes","floor":0},{"not_picked":["Riddle With Holes","Backflip"],"picked":"Deflect","floor":0},{"not_picked":["Backflip","Outmaneuver"],"picked":"Die Die Die","floor":0},{"not_picked":["Backstab","PiercingWail"],"picked":"Slice","floor":1},{"not_picked":["Sucker Punch","Dodge and Roll","Outmaneuver"],"picked":"SKIP","floor":6},{"not_picked":["Blade Dance","Accuracy"],"picked":"Poisoned Stab","floor":8},{"not_picked":["Poisoned Stab","Backstab"],"picked":"Noxious Fumes","floor":10},{"not_picked":["Endless Agony","Skewer"],"picked":"Slice","floor":11},{"not_picked":["Doppelganger","Phantasmal Killer"],"picked":"After Image","floor":16},{"not_picked":["All Out Attack","Deadly Poison"],"picked":"Prepared","floor":18},{"not_picked":["Catalyst","Slice"],"picked":"Deflect+1","floor":20},{"not_picked":["Dodge and Roll","Dagger Spray","Quick Slash"],"picked":"SKIP","floor":22},{"not_picked":["Tactician","Dodge and Roll"],"picked":"Concentrate","floor":23},{"not_picked":["Quick Slash","Poisoned Stab","Underhanded Strike"],"picked":"SKIP","floor":24},{"not_picked":["Bane+1","Well Laid Plans+1"],"picked":"Masterful Stab","floor":25},{"not_picked":["Terror","Burst"],"picked":"Noxious Fumes","floor":28},{"not_picked":["Eviscerate","Acrobatics"],"picked":"Endless Agony","floor":31},{"not_picked":["Glass Knife","Night Terror"],"picked":"A Thousand Cuts","floor":33},{"not_picked":["Backflip"],"picked":"SKIP","floor":35},{"not_picked":[],"picked":"Caltrops+1","floor":36},{"not_picked":["All Out Attack"],"picked":"SKIP","floor":37},{"not_picked":["Quick Slash+1"],"picked":"SKIP","floor":38},{"not_picked":["Quick Slash+1"],"picked":"SKIP","floor":38},{"not_picked":[],"picked":"Deflect+1","floor":39},{"not_picked":[],"picked":"Masterful Stab","floor":40},{"not_picked":["Bane"],"picked":"SKIP","floor":41},{"not_picked":["Deadly Poison"],"picked":"SKIP","floor":42},{"not_picked":["Flechettes+1"],"picked":"Singing Bowl","floor":46},{"not_picked":["Quick Slash+1"],"picked":"Singing Bowl","floor":48},{"not_picked":["Cloak And Dagger+1"],"picked":"Singing Bowl","floor":54}],"player_experience":3007823,"relics_obtained":[{"floor":6,"key":"Potion Belt"},{"floor":8,"key":"Bronze Scales"},{"floor":9,"key":"Art of War"},{"floor":10,"key":"MealTicket"},{"floor":14,"key":"PreservedInsect"},{"floor":23,"key":"WingedGreaves"},{"floor":23,"key":"Snake Skull"},{"floor":24,"key":"Smiling Mask"},{"floor":24,"key":"Vajra"},{"floor":25,"key":"Centennial Puzzle"},{"floor":25,"key":"Regal Pillow"},{"floor":26,"key":"Bag of Marbles"},{"floor":28,"key":"Strawberry"},{"floor":28,"key":"Turnip"},{"floor":31,"key":"MawBank"},{"floor":31,"key":"Meat on the Bone"},{"floor":40,"key":"Pen Nib"},{"floor":40,"key":"Happy Flower"},{"floor":42,"key":"Girya"},{"floor":42,"key":"Mango"},{"floor":43,"key":"Whetstone"},{"floor":46,"key":"Singing Bowl"},{"floor":46,"key":"Bottled Tornado"},{"floor":48,"key":"CeramicFish"},{"floor":48,"key":"War Paint"},{"floor":54,"key":"Boot"},{"floor":54,"key":"Blue Candle"}],"event_choices":[{"damage_healed":0,"gold_gain":0,"player_choice":"Box","damage_taken":0,"relics_obtained":["Anchor"],"max_hp_gain":0,"max_hp_loss":0,"event_name":"Big Fish","floor":2,"gold_loss":0,"cards_obtained":["Regret"]},{"damage_healed":0,"gold_gain":75,"player_choice":"Gather Gold","damage_taken":11,"max_hp_gain":0,"max_hp_loss":0,"event_name":"World of Goop","floor":3,"gold_loss":0},{"damage_healed":0,"gold_gain":0,"player_choice":"Leave","damage_taken":0,"max_hp_gain":0,"max_hp_loss":0,"event_name":"The Cleric","floor":5,"gold_loss":0},{"damage_healed":0,"gold_gain":59,"player_choice":"Gained Gold","damage_taken":0,"max_hp_gain":0,"max_hp_loss":0,"event_name":"Golden Wing","floor":7,"gold_loss":0},{"damage_healed":0,"gold_gain":0,"player_choice":"Relic","damage_taken":0,"max_hp_gain":0,"max_hp_loss":0,"event_name":"Wheel of Change","floor":14,"gold_loss":0},{"damage_healed":0,"gold_gain":0,"player_choice":"Simplicity","damage_taken":0,"max_hp_gain":0,"max_hp_loss":0,"event_name":"Back to Basics","floor":19,"gold_loss":0,"cards_upgraded":["Strike_G","Strike_G","Strike_G","Strike_G","Strike_G","Defend_G","Defend_G","Defend_G","Defend_G","Defend_G"]},{"damage_healed":0,"gold_gain":0,"player_choice":"Rummage","damage_taken":0,"relics_obtained":["WarpedTongs"],"max_hp_gain":0,"max_hp_loss":0,"event_name":"Accursed Blacksmith","floor":29,"gold_loss":0,"cards_obtained":["Pain"]},{"damage_healed":0,"gold_gain":0,"player_choice":"Copied","damage_taken":0,"max_hp_gain":0,"max_hp_loss":0,"event_name":"Duplicator","floor":45,"gold_loss":0,"cards_obtained":["Concentrate"]}],"is_beta":false,"boss_relics":[{"not_picked":["Tiny House","Philosopher\u0027s Stone"],"picked":"Black Star"},{"not_picked":["Ring of the Serpent","Fusion Hammer"],"picked":"Busted Crown"}],"items_purged_floors":[4],"is_endless":false,"potions_floor_spawned":[8,10,11,22,23,24,31,36,38,39,41,48],"ascension_level":8}}