{"host":"xw61u809yplklae2","time":1608502703,"event":{"mods":["BaseMod","Better Third Choice","Colored Map","Conspire","DeckTracker","Downfall","Hubris","Minty Spire (QoL Compilation)","Replay The Spire","StSLib"],"gold_per_floor":[99,99,99,132,132,157,157,157,157,184,204,204,224,39,50,151,151,76,76,76,76,61,93,93,122,47,77,89,100,183,283,300,399,399,324,351,351,364,383,417,417,443,461,461,473,473,499,499,513,513,513,513,513],"floor_reached":52,"playtime":5019,"items_purged":["Pain","Slimebound:Strike_Slimebound"],"score":1423,"play_id":"a7a6aa3e-6df6-4f7d-a6e3-6ab034c0c4ea","local_time":"20201220171823","is_ascension_mode":true,"campfire_choices":[{"data":"Slimebound:Split","floor":1.0,"key":"SMITH"},{"floor":5.0,"key":"REST"},{"data":"Slimebound:Gluttony","floor":9.0,"key":"SMITH"},{"data":"Slimebound:DuplicatedForm","floor":20.0,"key":"SMITH"},{"floor":26.0,"key":"RECALL"},{"data":"Slimebound:LeadByExample","floor":35.0,"key":"SMITH"},{"data":"Slimebound:WasteNot","floor":37,"key":"SMITH"},{"data":"Slimebound:Split","floor":44,"key":"SMITH"}],"circlet_count":0,"master_deck":["Slimebound:Strike_Slimebound","Slimebound:Tackle","Slimebound:Defend_Slimebound","Slimebound:Defend_Slimebound","Slimebound:Defend_Slimebound","Slimebound:Defend_Slimebound+1","Slimebound:CorrosiveSpit","Slimebound:RejuvenatingLick+1","Slimebound:SlimeTap","Slimebound:SplitLeeching","Slimebound:SplitMire","Slimebound:DuplicatedForm+1","Slimebound:SamplingLick","Slimebound:LevelUp","Slimebound:SplitLeeching","Slimebound:WasteNot+1","Slimebound:Split+1","Slimebound:AcidTongue+1","Slimebound:Recollect+1","Slimebound:LeadByExample+1","Slimebound:Recollect","Slimebound:LeechEnergy","Slimebound:DuplicatedForm+1","Slimebound:SplitSpecialist","hubris:DuctTapeCard","Slimebound:LeadByExample+1","Slimebound:SelfFormingGoo+1","Slimebound:SamplingLick+1","Slimebound:LeechEnergy+1","Slimebound:Replication+1","Slimebound:SplitAcid"],"relics":["Slimebound:AbsorbEndCombat","hubris:BottledRain","Slimebound:AggressiveSlimeRelic","Pet Ghost","hubris:DuctTape","WarpedTongs","hubris:Backtick","Mummified Hand","downfall:HeartBlessingGreen","hubris:BottledHeart","Bottled Tornado","Centennial Puzzle","downfall:HeartBlessingBlue","Dream Catcher","Juzu Bracelet","Frozen Egg 2","Thread and Needle","Replay:Bronze Core","downfall:HeartBlessingRed","Regal Pillow","Replay:Mystery Machine","Smiling Mask","Lantern","hubris:CrystalStatue","hubris:64BitClover"],"acts_visited":["Exordium","TheCity","TheBeyond","TheEnding"],"potions_floor_usage":[42,42,50,50],"damage_taken":[{"damage":57.0,"enemies":"Gremlin Nob","floor":4.0,"turns":5.0},{"damage":23.0,"enemies":"Replay:BlueRogue","floor":6.0,"turns":7.0},{"damage":45.0,"enemies":"Gremlin Nob","floor":10.0,"turns":4.0},{"damage":16.0,"enemies":"Jaw Worm","floor":11.0,"turns":2.0},{"damage":24.0,"enemies":"Small Slimes","floor":13.0,"turns":2.0},{"damage":38.0,"enemies":"downfall:FleeingMerchant","floor":14.0,"turns":4.0},{"damage":31.0,"enemies":"Cultist","floor":15.0,"turns":3.0},{"damage":55.0,"enemies":"downfall:Ironclad","floor":16.0,"turns":5.0},{"damage":0.0,"enemies":"downfall:FleeingMerchant","floor":22.0,"turns":4.0},{"damage":0.0,"enemies":"Gremlin Leader","floor":23.0,"turns":5.0},{"damage":0.0,"enemies":"Slavers","floor":25.0,"turns":4.0},{"damage":0.0,"enemies":"Gremlin Leader","floor":27.0,"turns":5.0},{"damage":0.0,"enemies":"3 Byrds","floor":28.0,"turns":4.0},{"damage":0.0,"enemies":"conspire:FuzzyDice","floor":29.0,"turns":3.0},{"damage":0.0,"enemies":"downfall:FleeingMerchant","floor":30.0,"turns":4.0},{"damage":0.0,"enemies":"downfall:Defect","floor":31.0,"turns":5.0},{"damage":0.0,"enemies":"conspire:HollyBat","floor":32.0,"turns":5.0},{"damage":0.0,"enemies":"downfall:Watcher","floor":33.0,"turns":6.0},{"damage":0.0,"enemies":"R_Hoarder","floor":36.0,"turns":6.0},{"damage":0,"enemies":"3 Shapes","floor":38,"turns":3},{"damage":0,"enemies":"Orb Walker","floor":39,"turns":3},{"damage":0,"enemies":"Giant Head","floor":40,"turns":6},{"damage":0,"enemies":"Reptomancer","floor":42,"turns":5},{"damage":0,"enemies":"Transient","floor":43,"turns":5},{"damage":0,"enemies":"Sphere and 2 Shapes","floor":45,"turns":4},{"damage":0,"enemies":"conspire:MimicChest","floor":47,"turns":4},{"damage":0,"enemies":"Jaw Worm Horde","floor":49,"turns":4},{"damage":0,"enemies":"downfall:Silent","floor":50,"turns":9},{"damage":32,"enemies":"downfall:CharBossMerchant","floor":52,"turns":7}],"seed_played":"3994690472996412856","potions_obtained":[{"floor":10.0,"key":"ColorlessPotion"},{"floor":11.0,"key":"champ:CounterPotion"},{"floor":15.0,"key":"ColorlessPotion"},{"floor":16.0,"key":"EntropicBrew"},{"floor":25.0,"key":"Fire Potion"},{"floor":32.0,"key":"Swift Potion"},{"floor":39,"key":"hexamod:EctoCoolerPotion"},{"floor":42,"key":"Dexterity Potion"},{"floor":45,"key":"Reflective Coating"},{"floor":47,"key":"AttackPotion"}],"is_trial":false,"path_per_floor":["R","?","?","E","R","E","T","?","R","E","M","?","M","$","M","B",null,"R_BF","?","R","?","$","E","T","E","R","E","M","M","$","?","M","B",null,"R","E","R","M","M","E","T","E","M","R","M","?","?","?","M","B",null,"E"],"character_chosen":"SLIMEBOUND","items_purchased":["Slimebound:SamplingLick","Slimebound:LevelUp","Juzu Bracelet"],"campfire_rested":1,"item_purchase_floors":[14,14,30],"current_hp_per_floor":[54,54,54,15,33,32,32,32,32,25,39,39,35,48,60,60,60,60,1,1,1,1,1,1,1,1,1,1,1,1,1,1,1,1,1,1,1,1,1,1,1,1,1,1,1,1,1,1,1,1,1,0,0],"gold":513,"neow_bonus":"THREE_CARDS","is_daily":false,"chose_seed":false,"campfire_upgraded":6,"win_rate":0.0,"timestamp":1608502703,"path_taken":["R","?","?","E","R","E","T","?","R","E","?","?","M","$","M","BOSS","R_BF","?","R","?","?","E","T","E","R","E","M","M","$","?","M","BOSS","R","E","R","M","M","E","T","E","M","R","M","?","?","?","M","BOSS","E"],"items_purchased_type":["Card","Card","Relic"],"build_version":"2020-12-13","purchased_purges":2,"victory":false,"max_hp_per_floor":[60,60,60,60,60,60,60,60,60,60,60,60,60,60,60,60,60,60,1,1,1,1,1,1,1,1,1,1,1,1,1,1,1,1,1,1,1,1,1,1,1,1,1,1,1,1,1,1,1,1,1,1,1],"card_choices":[{"not_picked":["Slimebound:LeechingTouch","Slimebound:Recollect"],"picked":"Slimebound:RejuvenatingLick","floor":0.0},{"not_picked":["Slimebound:ViciousTackle","Slimebound:GrowthPunch"],"picked":"Slimebound:SlimeTap","floor":4.0},{"not_picked":["Slimebound:Recollect","Slimebound:CheckThePlaybook"],"picked":"Slimebound:Gluttony","floor":6.0},{"not_picked":["Slimebound:ServeAndProtect","Slimebound:TongueLash"],"picked":"Slimebound:SplitLeeching","floor":10.0},{"not_picked":["Slimebound:SamplingLick","Slimebound:DivideAndConquer"],"picked":"Slimebound:SplitMire","floor":11.0},{"not_picked":["Slimebound:GrowthPunch","Slimebound:SplitAcid"],"picked":"Slimebound:DuplicatedForm","floor":13.0},{"not_picked":["Slimebound:SplitBruiser","Slimebound:ForwardTackle","Slimebound:FirmFortitude"],"picked":"SKIP","floor":14.0},{"not_picked":["Slimebound:GrowthPunch","Slimebound:SplitAcid"],"picked":"Slimebound:SplitLeeching","floor":15.0},{"not_picked":["Slimebound:SlimeSlap","Slimebound:OozeBath"],"picked":"Slimebound:WasteNot","floor":16.0},{"not_picked":["Slimebound:GrowthPunch","Slimebound:FinishingTackle"],"picked":"Slimebound:AcidTongue+1","floor":22.0},{"not_picked":["Slimebound:FlameTackle","Slimebound:ProtectTheBoss","Slimebound:SplitLeeching"],"picked":"SKIP","floor":23.0},{"not_picked":["Slimebound:ItLooksTasty","Slimebound:Nibble"],"picked":"Slimebound:Recollect+1","floor":25.0},{"not_picked":["Slimebound:GoopSpray","Slimebound:SplitAcid+1","Slimebound:Nibble"],"picked":"SKIP","floor":27.0},{"not_picked":["Slimebound:RainOfGoop+1","Slimebound:SplitBruiser"],"picked":"Slimebound:LeadByExample","floor":28.0},{"not_picked":["Slimebound:GrowthPunch+1","Slimebound:SamplingLick"],"picked":"Slimebound:Recollect","floor":29.0},{"not_picked":["Slimebound:SlimeSlap","Slimebound:Nibble","Slimebound:SamplingLick"],"picked":"SKIP","floor":30.0},{"not_picked":["Slimebound:Gluttony+1","Slimebound:SamplingLick"],"picked":"Slimebound:LeechEnergy","floor":32.0},{"not_picked":["Slimebound:OozeBath","Slimebound:DouseInSlime"],"picked":"Slimebound:DuplicatedForm+1","floor":33.0},{"not_picked":["Slimebound:Nibble+1","Slimebound:LevelUp+1"],"picked":"Slimebound:SplitSpecialist","floor":36.0},{"not_picked":["Slimebound:ComboTackle+1","Slimebound:SplitBruiser+1","Slimebound:SpikyOuterGoop+1"],"picked":"SKIP","floor":38},{"not_picked":["Slimebound:FinishingTackle","Slimebound:Dissolve+1"],"picked":"Slimebound:LeadByExample+1","floor":39},{"not_picked":["Slimebound:DisruptingSlam","Slimebound:SlimeSpikes"],"picked":"Slimebound:SelfFormingGoo+1","floor":40},{"not_picked":["Slimebound:Schlurp","Slimebound:SlimeSlap"],"picked":"Slimebound:SamplingLick+1","floor":42},{"not_picked":["Slimebound:GoopTackle","Slimebound:GoopSpray+1"],"picked":"Slimebound:LeechEnergy+1","floor":43},{"not_picked":["Slimebound:LeechEnergy+1","Slimebound:SplitMire"],"picked":"Slimebound:Replication+1","floor":45},{"not_picked":["Slimebound:FinishingTackle+1","Slimebound:SplitLeeching","Slimebound:Equalize+1"],"picked":"SKIP","floor":49}],"player_experience":871857,"relics_obtained":[{"floor":4.0,"key":"hubris:BottledRain"},{"floor":6.0,"key":"Slimebound:AggressiveSlimeRelic"},{"floor":7.0,"key":"Pet Ghost"},{"floor":10.0,"key":"hubris:DuctTape"},{"floor":23.0,"key":"Bottled Tornado"},{"floor":25.0,"key":"Centennial Puzzle"},{"floor":27.0,"key":"Dream Catcher"},{"floor":31.0,"key":"Frozen Egg 2"},{"floor":31.0,"key":"Thread and Needle"},{"floor":36.0,"key":"Regal Pillow"},{"floor":40,"key":"Replay:Mystery Machine"},{"floor":41,"key":"Smiling Mask"},{"floor":42,"key":"Lantern"},{"floor":46,"key":"hubris:CrystalStatue"},{"floor":47,"key":"hubris:64BitClover"}],"event_choices":[{"cards_removed":["Madness"],"damage_healed":0.0,"max_hp_gain":0.0,"max_hp_loss":0.0,"gold_gain":0.0,"event_name":"Purifier","player_choice":"Purged","floor":8.0,"gold_loss":0.0,"damage_taken":0.0},{"damage_healed":0.0,"max_hp_gain":0.0,"max_hp_loss":0.0,"gold_gain":0.0,"event_name":"Accursed Blacksmith","player_choice":"Rummage","floor":12.0,"gold_loss":0.0,"damage_taken":0.0,"relics_obtained":["WarpedTongs"],"cards_obtained":["Pain"]},{"damage_healed":0,"gold_gain":0,"player_choice":"Relic","damage_taken":0,"max_hp_gain":0,"max_hp_loss":0,"event_name":"Wheel of Change","floor":46,"gold_loss":0},{"damage_healed":0,"gold_gain":0,"cards_transformed":["Slimebound:Strike_Slimebound"],"player_choice":"Transformed","damage_taken":0,"max_hp_gain":0,"max_hp_loss":0,"event_name":"Transmorgrifier","floor":48,"gold_loss":0,"cards_obtained":["Slimebound:SplitAcid"]}],"is_beta":false,"boss_relics":[{"not_picked":["conspire:SlowCooker","hubris:VirtuousBlindfold"],"picked":"hubris:Backtick"},{"not_picked":["hubris:TerracottaHorce","Busted Crown"],"picked":"Replay:Bronze Core"}],"items_purged_floors":[14,30],"is_endless":false,"potions_floor_spawned":[10,11,15,16,25,31,32,33,36,39,42,45,47],"killed_by":"downfall:CharBossMerchant","ascension_level":6}}