{"host":"k6v1xkuzrj71f4ss","time":1608436912,"event":{"mods":["Act Like it!","BaseMod","Bestiary","BetterRewards","Block Reminder","Colored Map","Colored Powertips","Curses Come First","Hubris","Minty Spire (QoL Compilation)","Quick Restart","Relic Stats","Remove Card Discount Mod","Spicy Shops","StSLib","óô»ðÖ¸ÄÏ"],"gold_per_floor":[118,4001,4001,4018,4018,4049,2857,2857,2857,2891,2905,2931,2961,2972,1847,1947,1947,1960,1960,1960,1185,522,549,549,569,622,622,632,632,658,758,334,433,433,453,473,486,482,482,482,514,514,514,216,246,246,281,295,295,295],"floor_reached":51,"playtime":5206,"items_purged":["Strike_R","Strike_R","Defend_R","Defend_R","Strike_R","Strike_R","Defend_R","Armaments","Writhe","Injury","Clumsy","Defend_R","Shrug It Off","Dual Wield","hubris:Compulsion"],"score":1158,"play_id":"7716fed2-129c-4a78-a99c-79d82b2f5502","local_time":"20201220120152","is_ascension_mode":true,"campfire_choices":[{"data":"Rampage","floor":24,"key":"SMITH"},{"data":"Heavy Blade","floor":27,"key":"SMITH"},{"data":"Bash","floor":40,"key":"SMITH"},{"data":"Madness","floor":49,"key":"SMITH"}],"circlet_count":0,"master_deck":["Bash+1","hubris:CleavingFinish+1","Twin Strike","Shrug It Off+1","Dropkick","Heavy Blade+1","Thunderclap","Swift Strike","Swift Strike","Iron Wave+1","Pummel","Rage+1","Demon Form+1","Armaments+1","Rampage+1","Flash of Steel","Whirlwind+1","Rage+1","Seeing Red+1","Dual Wield+1","Madness+1","Madness"],"relics":["Burning Blood","Darkstone Periapt","hubris:Reverence","HandDrill","Bag of Preparation","OrangePellets","hubris:Icosahedron","Pen Nib","Strawberry","hubris:Potato","MealTicket","DollysMirror","Bottled Flame","hubris:Towel","hubris:Metronome","Bronze Scales","hubris:SlimyHat","Nunchaku","Lantern","Strange Spoon","Torii","Chemical X","hubris:BottledRain","Cursed Key","hubris:TinFlute","Whetstone","Sling","Oddly Smooth Stone","Bag of Marbles","Anchor","Mummified Hand","Gremlin Horn","Vajra","Lee\u0027s Waffle","War Paint","Juzu Bracelet","Sundial","hubris:CrystalStatue","Toy Ornithopter","Enchiridion","Potion Belt","Unceasing Top","Question Card","Calipers","SlaversCollar","Incense Burner","Ornamental Fan","Mango","Mercury Hourglass","Singing Bowl"],"acts_visited":["Exordium","TheCity","TheBeyond"],"potions_floor_usage":[6,45,48],"damage_taken":[{"damage":8.0,"enemies":"2 Louse","floor":1.0,"turns":2.0},{"damage":0,"enemies":"Small Slimes","floor":4,"turns":2},{"damage":40,"enemies":"3 Sentries","floor":6,"turns":8},{"damage":10,"enemies":"Lagavulin","floor":10,"turns":3},{"damage":0,"enemies":"Cultist","floor":11,"turns":1},{"damage":0,"enemies":"Gremlin Nob","floor":13,"turns":1},{"damage":0,"enemies":"Gremlin Gang","floor":14,"turns":1},{"damage":19,"enemies":"Hexaghost","floor":16,"turns":3},{"damage":0,"enemies":"3 Byrds","floor":18,"turns":2},{"damage":0,"enemies":"Slavers","floor":23,"turns":1},{"damage":0,"enemies":"2 Thieves","floor":25,"turns":1},{"damage":0,"enemies":"Snake Plant","floor":28,"turns":2},{"damage":0,"enemies":"Book of Stabbing","floor":30,"turns":2},{"damage":0,"enemies":"Colosseum Slavers","floor":31,"turns":1},{"damage":0,"enemies":"Colosseum Nobs","floor":31,"turns":1},{"damage":0,"enemies":"Automaton","floor":33,"turns":4},{"damage":0,"enemies":"Orb Walker","floor":35,"turns":1},{"damage":0,"enemies":"3 Shapes","floor":36,"turns":1},{"damage":0,"enemies":"Jaw Worm Horde","floor":37,"turns":1},{"damage":0,"enemies":"Giant Head","floor":41,"turns":3},{"damage":0,"enemies":"Reptomancer","floor":45,"turns":1},{"damage":0,"enemies":"Giant Head","floor":47,"turns":2},{"damage":0,"enemies":"Sphere and 2 Shapes","floor":48,"turns":1},{"damage":2,"enemies":"Time Eater","floor":50,"turns":4}],"seed_played":"-6195033660701002682","potions_obtained":[{"floor":1.0,"key":"Explosive Potion"},{"floor":10,"key":"CultistPotion"},{"floor":13,"key":"BloodPotion"},{"floor":33,"key":"SteroidPotion"},{"floor":35,"key":"Weak Potion"}],"is_trial":false,"path_per_floor":["M","$","?","M","?","E","R","?","T","E","M","T","E","M","R","B",null,"M","$","?","$","$","E","R","M","T","R","M","?","E","?","R","B",null,"M","M","M","$","?","R","E","?","T","$","E","?","E","M","R","B",null],"character_chosen":"IRONCLAD","items_purchased":["Shrug It Off","Dropkick","Armaments","Darkstone Periapt","hubris:Reverence","HandDrill","Bag of Preparation","OrangePellets","Strawberry","hubris:Potato","MealTicket","Thunderclap","Swift Strike","DollysMirror","Bottled Flame","Energy Potion","Lantern","Strange Spoon","Torii","Chemical X","Pummel","Rage","hubris:BottledRain","hubris:TinFlute","Whetstone","Sling","Oddly Smooth Stone","Bag of Marbles","Rampage","Mummified Hand","Gremlin Horn","Vajra","Lee\u0027s Waffle","Flash of Steel","War Paint","Juzu Bracelet","Sundial","Calipers","Shrug It Off","Dual Wield","Mango"],"campfire_rested":0,"item_purchase_floors":[2,2,2,2,2,2,2,2,7,7,7,7,7,7,7,7,15,15,15,15,15,15,15,19,19,19,19,19,21,21,21,21,21,22,22,22,22,32,32,32,44],"current_hp_per_floor":[78,78,78,80,80,46,53,53,53,49,55,55,61,67,67,54,87,87,26,32,106,106,106,106,106,112,112,112,96,102,112,112,112,112,112,112,112,112,112,112,112,112,118,132,132,115,123,136,136,136],"gold":295,"neow_bonus":"TRANSFORM_CARD","is_daily":false,"chose_seed":false,"campfire_upgraded":4,"win_rate":0.0,"timestamp":1608436912,"path_taken":["M","$","?","M","?","E","R","?","T","E","M","?","E","M","R","BOSS","M","?","?","?","$","E","R","M","T","R","M","?","E","?","R","BOSS","M","M","M","$","?","R","E","?","T","$","E","?","E","M","R","BOSS"],"items_purchased_type":["Card","Card","Card","Relic","Relic","Relic","Relic","Relic","Relic","Relic","Relic","Card","Card","Relic","Relic","Potion","Relic","Relic","Relic","Relic","Card","Card","Relic","Relic","Relic","Relic","Relic","Relic","Card","Relic","Relic","Relic","Relic","Card","Relic","Relic","Relic","Relic","Card","Card","Relic"],"build_version":"2020-12-13","purchased_purges":15,"victory":true,"max_hp_per_floor":[80,80,80,80,80,80,87,87,87,87,87,87,87,87,87,87,87,87,87,93,106,106,106,106,106,112,112,112,112,112,112,112,112,112,112,112,112,112,112,112,112,112,118,132,132,132,134,136,136,136],"relic_stats":{"Darkstone Periapt":24,"Torii":8,"Gremlin Horn":[12,12],"Singing Bowl":4,"Bag of Preparation":[46],"Juzu Bracelet":2,"Whetstone":["hubris:CleavingFinish","Iron Wave"],"Cursed Key":2,"Burning Blood":74,"Nunchaku":[14],"Mummified Hand":[10],"Sundial":[0],"MealTicket":15,"HandDrill":[20],"Chemical X":[6],"Lee\u0027s Waffle":53,"counters":[24,49],"Pen Nib":[15],"War Paint":["Shrug It Off","Rage"],"Question Card":20,"Mercury Hourglass":[24],"OrangePellets":[1],"Strange Spoon":[3],"Ornamental Fan":[36],"Bronze Scales":[101],"obtain_stats":[{"hubris:CrystalStatue":23,"Calipers":32,"Gremlin Horn":21,"Vajra":21,"Whetstone":19,"Sling":19,"DollysMirror":7,"Sundial":22,"Strawberry":7,"MealTicket":7,"HandDrill":2,"hubris:TinFlute":19,"Oddly Smooth Stone":19,"Pen Nib":6,"War Paint":22,"Question Card":31,"OrangePellets":2,"SlaversCollar":34,"Bottled Flame":7,"Bronze Scales":10,"Unceasing Top":31,"hubris:Reverence":2,"Darkstone Periapt":2,"hubris:Metronome":9,"Lantern":15,"Torii":15,"Singing Bowl":47,"Enchiridion":29,"Mango":44,"Bag of Preparation":2,"hubris:SlimyHat":12,"Juzu Bracelet":22,"Incense Burner":41,"Cursed Key":17,"Burning Blood":0,"Nunchaku":13,"hubris:Icosahedron":5,"Mummified Hand":21,"Chemical X":15,"Potion Belt":30,"Lee\u0027s Waffle":21,"hubris:Towel":8,"Mercury Hourglass":45,"Strange Spoon":15,"Anchor":20,"Ornamental Fan":43,"Bag of Marbles":19,"hubris:Potato":7,"Toy Ornithopter":26,"hubris:BottledRain":15},{"hubris:CrystalStatue":10,"Calipers":15,"Gremlin Horn":9,"Vajra":9,"Whetstone":9,"Sling":9,"DollysMirror":3,"Sundial":9,"Strawberry":3,"MealTicket":3,"HandDrill":1,"hubris:TinFlute":9,"Oddly Smooth Stone":9,"Pen Nib":3,"War Paint":9,"Question Card":15,"OrangePellets":1,"SlaversCollar":16,"Bottled Flame":3,"Bronze Scales":4,"Unceasing Top":15,"hubris:Reverence":1,"Darkstone Periapt":1,"hubris:Metronome":3,"Lantern":7,"Torii":7,"Singing Bowl":22,"Enchiridion":12,"Mango":20,"Bag of Preparation":1,"hubris:SlimyHat":5,"Juzu Bracelet":9,"Incense Burner":20,"Cursed Key":8,"Burning Blood":0,"Nunchaku":6,"hubris:Icosahedron":2,"Mummified Hand":9,"Chemical X":7,"Potion Belt":13,"Lee\u0027s Waffle":9,"hubris:Towel":3,"Mercury Hourglass":21,"Strange Spoon":7,"Anchor":9,"Ornamental Fan":20,"Bag of Marbles":9,"hubris:Potato":3,"Toy Ornithopter":11,"hubris:BottledRain":7},{"hubris:CrystalStatue":24,"Calipers":31,"Gremlin Horn":23,"Vajra":23,"Whetstone":23,"Sling":23,"DollysMirror":12,"Sundial":23,"Strawberry":12,"MealTicket":12,"HandDrill":2,"hubris:TinFlute":23,"Oddly Smooth Stone":23,"Pen Nib":12,"War Paint":23,"Question Card":31,"OrangePellets":2,"SlaversCollar":35,"Bottled Flame":12,"Bronze Scales":15,"Unceasing Top":31,"hubris:Reverence":2,"Darkstone Periapt":2,"hubris:Metronome":12,"Lantern":18,"Torii":18,"Singing Bowl":44,"Enchiridion":27,"Mango":41,"Bag of Preparation":2,"hubris:SlimyHat":16,"Juzu Bracelet":23,"Incense Burner":41,"Cursed Key":21,"Burning Blood":0,"Nunchaku":17,"hubris:Icosahedron":4,"Mummified Hand":23,"Chemical X":18,"Potion Belt":29,"Lee\u0027s Waffle":23,"hubris:Towel":12,"Mercury Hourglass":42,"Strange Spoon":18,"Anchor":23,"Ornamental Fan":41,"Bag of Marbles":23,"hubris:Potato":12,"Toy Ornithopter":25,"hubris:BottledRain":18}],"Toy Ornithopter":5,"Unceasing Top":[7]},"card_choices":[{"not_picked":["Sever Soul","Pommel Strike"],"picked":"Twin Strike","floor":1.0},{"not_picked":["Wild Strike","Perfected Strike","Uppercut"],"picked":"SKIP","floor":4},{"not_picked":["Body Slam","Entrench"],"picked":"Heavy Blade","floor":6},{"not_picked":["Uppercut","Warcry","Thunderclap"],"picked":"SKIP","floor":10},{"not_picked":["Armaments","Disarm"],"picked":"Iron Wave","floor":11},{"not_picked":["Carnage","Offering","Perfected Strike"],"picked":"SKIP","floor":13},{"not_picked":["hubris:ReadiedAction","Flame Barrier","Headbutt"],"picked":"SKIP","floor":14},{"not_picked":["Juggernaut","Feed"],"picked":"Demon Form","floor":16},{"not_picked":["Clash","Warcry"],"picked":"Armaments+1","floor":18},{"not_picked":["Clash","Twin Strike"],"picked":"Whirlwind+1","floor":23},{"not_picked":["Dropkick","Rupture+1","True Grit"],"picked":"SKIP","floor":25},{"not_picked":["Perfected Strike+1","Wild Strike"],"picked":"Rage+1","floor":28},{"not_picked":["Anger","Clothesline"],"picked":"Seeing Red+1","floor":30},{"not_picked":["Entrench+1","hubris:SharpeningStone","Reckless Charge","Pommel Strike"],"picked":"SKIP","floor":35},{"not_picked":["Shockwave+1","Perfected Strike","Fiend Fire","Twin Strike"],"picked":"SKIP","floor":36},{"not_picked":["Evolve+1","Iron Wave","Shrug It Off"],"picked":"Dual Wield+1","floor":37},{"not_picked":["Sword Boomerang+1","Barricade","Twin Strike","Carnage+1"],"picked":"SKIP","floor":41},{"not_picked":["hubris:ReadiedAction","Headbutt+1","Cleave","Clash+1"],"picked":"SKIP","floor":45},{"not_picked":["Disarm","Iron Wave+1","Sentinel","Wild Strike"],"picked":"Singing Bowl","floor":47},{"not_picked":["Clash","Second Wind","Sword Boomerang+1","Perfected Strike"],"picked":"Singing Bowl","floor":48}],"player_experience":125440,"relics_obtained":[{"floor":6,"key":"Pen Nib"},{"floor":9,"key":"hubris:Metronome"},{"floor":10,"key":"Bronze Scales"},{"floor":12,"key":"hubris:SlimyHat"},{"floor":13,"key":"Nunchaku"},{"floor":23,"key":"hubris:CrystalStatue"},{"floor":26,"key":"Toy Ornithopter"},{"floor":29,"key":"Enchiridion"},{"floor":30,"key":"Potion Belt"},{"floor":31,"key":"Unceasing Top"},{"floor":31,"key":"Question Card"},{"floor":41,"key":"Incense Burner"},{"floor":43,"key":"Ornamental Fan"},{"floor":45,"key":"Mercury Hourglass"},{"floor":47,"key":"Singing Bowl"}],"event_choices":[{"damage_healed":0,"gold_gain":0,"player_choice":"Ignored","damage_taken":0,"max_hp_gain":0,"max_hp_loss":0,"event_name":"Golden Wing","floor":3,"gold_loss":0},{"damage_healed":0,"gold_gain":0,"player_choice":"Opened","damage_taken":0,"relics_obtained":["Anchor"],"max_hp_gain":0,"max_hp_loss":0,"event_name":"The Mausoleum","floor":20,"gold_loss":0,"cards_obtained":["Writhe"]},{"damage_healed":0,"gold_gain":0,"player_choice":"Obtained Book","damage_taken":16,"max_hp_gain":0,"max_hp_loss":0,"event_name":"Cursed Tome","floor":29,"gold_loss":0},{"damage_healed":0,"gold_gain":0,"player_choice":"Fight","damage_taken":0,"max_hp_gain":0,"max_hp_loss":0,"event_name":"Colosseum","floor":31,"gold_loss":0},{"damage_healed":0,"gold_gain":0,"player_choice":"Fought Nobs","damage_taken":0,"max_hp_gain":0,"max_hp_loss":0,"event_name":"Colosseum","floor":31,"gold_loss":0},{"damage_healed":0,"gold_gain":0,"player_choice":"Ignored","damage_taken":0,"max_hp_gain":0,"max_hp_loss":0,"event_name":"NoteForYourself","floor":39,"gold_loss":0},{"damage_healed":0,"gold_gain":0,"player_choice":"Embrace Madness","damage_taken":17,"max_hp_gain":0,"max_hp_loss":0,"event_name":"Winding Halls","floor":46,"gold_loss":0,"cards_obtained":["Madness","Madness"]}],"is_beta":false,"boss_relics":[{"not_picked":["Astrolabe","Philosopher\u0027s Stone"],"picked":"Cursed Key"},{"not_picked":["Empty Cage","hubris:Stopwatch"],"picked":"SlaversCollar"}],"items_purged_floors":[2,2,2,2,15,15,15,19,21,21,32,32,38,38,44],"is_endless":false,"potions_floor_spawned":[1,10,13,18,25,28,31,33,35,37,41],"ascension_level":2}}