{"host":"0cm5wy4nhuju7tij","time":1608434826,"event":{"mods":["2.2 Compatiblity","AchievementEnabler","BaseMod","Better Third Choice","BetterRewards","Colored Powertips","Curses Come First","Custom Start","Displayed Cursed Tome","Downfall","Energized Spire","Filter the Spire","Fireblade Mod","Highlight Path","Jess\u0027s Bottle","Minty Spire (QoL Compilation)","Permanent Neow","Railgun Mod","Robot Space Explorer","Shop Mod","Spicy Shops","StSLib","The Marked","The Servant 0.9.4"],"gold_per_floor":[112,125,23,42,62,62,10,10,10,27,42,55,83,8,8,111,111,123,133,133,145,145,145,145],"floor_reached":23,"playtime":1159,"items_purged":["FireBladeMod:StrikeFireBlade"],"score":195,"play_id":"3e0e86c2-9136-4f68-8aab-fbd4dc301992","local_time":"20201219222706","is_ascension_mode":false,"campfire_choices":[{"data":"FireBladeMod:GetPumped","floor":6,"key":"SMITH"},{"data":"FireBladeMod:Turtle","floor":8,"key":"SMITH"},{"floor":15,"key":"REST"}],"circlet_count":0,"master_deck":["FireBladeMod:StrikeFireBlade","FireBladeMod:StrikeFireBlade","FireBladeMod:StrikeFireBlade","FireBladeMod:DefendFireBlade","FireBladeMod:DefendFireBlade","FireBladeMod:DefendFireBlade","FireBladeMod:DefendFireBlade","FireBladeMod:FlamingSword","FireBladeMod:FireBarrier","FireBladeMod:ScorchingStrike","FireBladeMod:ComboCleave","FireBladeMod:ScorchingStrike","FireBladeMod:GetPumped+1","FireBladeMod:ThirstForBlood","FireBladeMod:Turtle+1","FireBladeMod:SoulStrike","FireBladeMod:EruptionSlash","FireBladeMod:HealthyEndurance","FireBladeMod:SteadyEndurance","FireBladeMod:SteadyEndurance","FireBladeMod:DebilitatingBlow","FireBladeMod:SteadyEndurance","FireBladeMod:ThirstForBlood+1","FireBladeMod:SmokySwing","FireBladeMod:DebilitatingBlow"],"relics":["FireBladeMod:DuelistLocket","Boot","Mummified Hand","jessBottle:WaterBottleRelic"],"acts_visited":["Exordium","TheCity"],"potions_floor_usage":[],"damage_taken":[{"damage":1,"enemies":"Cultist","floor":1,"turns":3},{"damage":1,"enemies":"Jaw Worm","floor":2,"turns":3},{"damage":1,"enemies":"2 Louse","floor":4,"turns":2},{"damage":5,"enemies":"Lots of Slimes","floor":5,"turns":2},{"damage":12,"enemies":"Blue Slaver","floor":10,"turns":3},{"damage":3,"enemies":"Exordium Thugs","floor":11,"turns":3},{"damage":11,"enemies":"3 Louse","floor":12,"turns":3},{"damage":15,"enemies":"Lagavulin","floor":13,"turns":6},{"damage":55,"enemies":"Slime Boss","floor":16,"turns":11},{"damage":4,"enemies":"3 Byrds","floor":18,"turns":4},{"damage":6,"enemies":"Shell Parasite","floor":19,"turns":5},{"damage":25,"enemies":"Cultist and Chosen","floor":21,"turns":5},{"damage":42,"enemies":"Slavers","floor":23,"turns":4}],"seed_played":"8457262600815377100","potions_obtained":[{"floor":2,"key":"Dexterity Potion"},{"floor":5,"key":"Energy Potion"},{"floor":10,"key":"champ:CounterPotion"},{"floor":11,"key":"LiquidBronze"}],"is_trial":false,"path_per_floor":["M","M","$","M","M","R","$","R","T","M","M","M","E","$","R","B",null,"M","M","?","M","?","E"],"character_chosen":"THE_FIREBLADE","items_purchased":["FireBladeMod:GetPumped","FireBladeMod:SoulStrike"],"campfire_rested":1,"item_purchase_floors":[3,7],"current_hp_per_floor":[69,68,68,67,62,62,62,62,62,50,47,42,33,33,54,5,70,70,70,57,32,32,0,0],"gold":145,"neow_bonus":"THREE_CARDS","is_daily":false,"chose_seed":false,"campfire_upgraded":2,"win_rate":0.0,"timestamp":1608434826,"path_taken":["M","M","?","M","M","R","$","R","T","M","?","M","E","$","R","BOSS","M","M","?","M","?","E"],"items_purchased_type":["Card","Card"],"build_version":"2020-12-13","purchased_purges":1,"victory":false,"max_hp_per_floor":[70,70,70,70,70,70,70,70,70,70,70,70,70,70,70,70,70,70,70,75,75,75,75,75],"card_choices":[{"not_picked":["FireBladeMod:FerventSlash","FireBladeMod:SmokeInTheEyes"],"picked":"FireBladeMod:ScorchingStrike","floor":0},{"not_picked":["FireBladeMod:ComboSlashes","FireBladeMod:FerventSlash"],"picked":"FireBladeMod:ComboCleave","floor":1},{"not_picked":["FireBladeMod:FerventSlash","FireBladeMod:AbsorbEnergy"],"picked":"FireBladeMod:ScorchingStrike","floor":2},{"not_picked":["FireBladeMod:LayeredDefense","FireBladeMod:Refreshment"],"picked":"FireBladeMod:ThirstForBlood","floor":4},{"not_picked":["FireBladeMod:OverCharge","FireBladeMod:BasicSmash"],"picked":"FireBladeMod:Turtle","floor":5},{"not_picked":["FireBladeMod:TorsoSmash","FireBladeMod:Feint"],"picked":"FireBladeMod:EruptionSlash","floor":10},{"not_picked":["FireBladeMod:MomentumStrikes","FireBladeMod:ScorchingStrike"],"picked":"FireBladeMod:HealthyEndurance","floor":11},{"not_picked":["FireBladeMod:ScorchingStrike","FireBladeMod:SpinningSmash"],"picked":"FireBladeMod:SteadyEndurance","floor":12},{"not_picked":["FireBladeMod:SmashingEndurance","FireBladeMod:ComboSlashes"],"picked":"FireBladeMod:SteadyEndurance","floor":13},{"not_picked":["FireBladeMod:FinalSmash","FireBladeMod:BodyAsFuel"],"picked":"FireBladeMod:DebilitatingBlow","floor":16},{"not_picked":["FireBladeMod:SmokySwing","FireBladeMod:OverCharge"],"picked":"FireBladeMod:SteadyEndurance","floor":18},{"not_picked":["FireBladeMod:Reposition+1","FireBladeMod:FlashBang"],"picked":"FireBladeMod:ThirstForBlood+1","floor":19},{"not_picked":["FireBladeMod:BasicSmash","FireBladeMod:EruptionSlash"],"picked":"FireBladeMod:SmokySwing","floor":21}],"player_experience":247229,"relics_obtained":[{"floor":9,"key":"Boot"},{"floor":13,"key":"Mummified Hand"}],"event_choices":[{"damage_healed":0,"gold_gain":0,"player_choice":"Shed Blood","damage_taken":18,"max_hp_gain":5,"max_hp_loss":0,"event_name":"Forgotten Altar","floor":20,"gold_loss":0},{"damage_healed":0,"gold_gain":0,"player_choice":"1 cards matched","damage_taken":0,"max_hp_gain":0,"max_hp_loss":0,"event_name":"Match and Keep!","floor":22,"gold_loss":0,"cards_obtained":["FireBladeMod:DebilitatingBlow"]}],"is_beta":false,"boss_relics":[{"not_picked":["Busted Crown","Sozu"],"picked":"jessBottle:WaterBottleRelic"}],"items_purged_floors":[14],"is_endless":false,"potions_floor_spawned":[2,5,10,11,13,16,18,21],"killed_by":"Slavers","ascension_level":0}}