{"host":"f1396gj8wenmzihy","time":1608459822,"event":{"mods":["BaseMod","Colored Map","Downfall","Marisa£¨ìFÓê¡¡Ä§ÀíÉ³£©","Minty Spire (QoL Compilation)","Replay The Spire","RumiaBox-Â¶Ã×æ«µÄÉñÃØºÐ×Ó","StSLib","[IsaacMod]ÒÔÈö¼âËþ"],"gold_per_floor":[99,138,168,168,194,194,194,214,232,259,434,447,467,467,487,589,589,589,18,18,18,63,63],"floor_reached":22,"playtime":1381,"items_purged":["Doubt"],"score":250,"play_id":"8ab420d4-5fb5-493f-be63-0ba8b0df9552","local_time":"20201220182342","is_ascension_mode":false,"campfire_choices":[{"data":"Slimebound:Split","floor":1.0,"key":"SMITH"},{"data":"Slimebound:LeadByExample","floor":6.0,"key":"SMITH"},{"data":"Slimebound:SlimeBarrage","floor":18,"key":"SMITH"},{"data":"Specialist","floor":21,"key":"SMITH"}],"circlet_count":0,"master_deck":["Slimebound:Strike_Slimebound","Slimebound:Strike_Slimebound","Slimebound:Strike_Slimebound","Slimebound:Tackle","Slimebound:Defend_Slimebound","Slimebound:Defend_Slimebound","Slimebound:Defend_Slimebound","Slimebound:Defend_Slimebound","Slimebound:Split+1","Slimebound:CorrosiveSpit","Slimebound:SplitMire","Slimebound:SlimeTap","Slimebound:LeadByExample+1","Slimebound:MassRepurpose","Slimebound:SlimeBarrage+1","Slimebound:SplitBruiser","Slimebound:SplitLeeching","Specialist+1","Hallucinations"],"relics":["Slimebound:AbsorbEndCombat","HushsDoor","D6","downfall:HeartsMalice","ReplayTheSpireMod:Lightbulb","Nunchaku","Mirror","BlankCard","Replay:Rubber Ducky","ChampionBelt","Oddly Smooth Stone","Anchor","ReplayTheSpireMod:Ring of Challenge"],"acts_visited":["Exordium","TheCity"],"potions_floor_usage":[16,19,22],"damage_taken":[{"damage":0.0,"enemies":"Gremlin Nob","floor":3.0,"turns":1.0},{"damage":0.0,"enemies":"Jaw Worm","floor":4.0,"turns":1.0},{"damage":0.0,"enemies":"3 Sentries","floor":5.0,"turns":1.0},{"damage":22.0,"enemies":"Small Slimes","floor":8.0,"turns":4.0},{"damage":12.0,"enemies":"Cultist","floor":9.0,"turns":4.0},{"damage":18.0,"enemies":"Gremlin Nob","floor":10.0,"turns":3.0},{"damage":24.0,"enemies":"Lots of Slimes","floor":12.0,"turns":4.0},{"damage":23.0,"enemies":"Red Slaver","floor":13.0,"turns":3.0},{"damage":23.0,"enemies":"Blue Slaver","floor":15.0,"turns":3.0},{"damage":73,"enemies":"downfall:Silent","floor":16,"turns":6},{"damage":23,"enemies":"downfall:FleeingMerchant","floor":19,"turns":4},{"damage":72,"enemies":"Slavers","floor":22,"turns":2}],"seed_played":"245670405258081765","potions_obtained":[{"floor":2.0,"key":"Venom Potion"},{"floor":3.0,"key":"Fire Potion"},{"floor":5.0,"key":"SkillPotion"},{"floor":10.0,"key":"Block Potion"},{"floor":12.0,"key":"BlessingOfTheForge"}],"is_trial":false,"path_per_floor":["R","?","E","M","E","R","T","M","M","E","?","M","M","?","M","B",null,"R","$","?","R","E"],"character_chosen":"SLIMEBOUND","items_purchased":["Slimebound:SplitLeeching","Oddly Smooth Stone","Anchor","Specialist"],"campfire_rested":0,"item_purchase_floors":[19,19,19,19],"current_hp_per_floor":[60,60,60,60,60,60,60,54,60,60,60,50,39,39,46,49,57,57,60,60,60,0,0],"gold":63,"neow_bonus":"THREE_ENEMY_KILL","is_daily":false,"chose_seed":false,"campfire_upgraded":4,"win_rate":0.0,"timestamp":1608459822,"path_taken":["R","?","E","M","E","R","T","M","M","E","?","?","M","?","M","BOSS","R","$","?","R","E"],"items_purchased_type":["Card","Relic","Relic","Card"],"build_version":"2020-12-13","purchased_purges":1,"victory":false,"max_hp_per_floor":[60,60,60,60,60,60,60,60,60,60,60,60,60,60,60,60,60,60,60,60,60,60,60],"card_choices":[{"not_picked":[],"picked":"Bomb","floor":0.0},{"not_picked":["Slimebound:SpikyOuterGoop","Slimebound:LeechingTouch"],"picked":"Slimebound:SplitMire","floor":2.0},{"not_picked":["Slimebound:RainOfGoop","Slimebound:ViciousTackle"],"picked":"Slimebound:SlimeTap","floor":3.0},{"not_picked":["Slimebound:Schlurp","Slimebound:SlimeSpikes"],"picked":"Slimebound:LeadByExample","floor":4.0},{"not_picked":["Slimebound:GrowthPunch","Slimebound:HauntingLick","Slimebound:ComboTackle"],"picked":"SKIP","floor":5.0},{"not_picked":["Slimebound:ComboTackle","Slimebound:SlimeSpikes"],"picked":"Bomb","floor":8.0},{"not_picked":["Slimebound:FirmFortitude","Slimebound:ViciousTackle"],"picked":"Slimebound:MassRepurpose","floor":9.0},{"not_picked":["Slimebound:RainOfGoop","Slimebound:RollThrough"],"picked":"Slimebound:SlimeBarrage","floor":10.0},{"not_picked":["Slimebound:ComboTackle","Slimebound:LeechingTouch"],"picked":"Slimebound:SplitBruiser","floor":12.0},{"not_picked":["Slimebound:Grow","Slimebound:LeechEnergy","Slimebound:FlameTackle"],"picked":"SKIP","floor":13.0},{"not_picked":["Slimebound:SlimeTap","Slimebound:SplitBruiser"],"picked":"Bomb","floor":15.0},{"not_picked":["Slimebound:GoopSpray","Slimebound:Schlurp","Slimebound:HauntingLick"],"picked":"SKIP","floor":19}],"player_experience":260419,"relics_obtained":[{"floor":2.0,"key":"ReplayTheSpireMod:Lightbulb"},{"floor":3.0,"key":"Nunchaku"},{"floor":5.0,"key":"Mirror"},{"floor":7.0,"key":"BlankCard"},{"floor":10.0,"key":"Replay:Rubber Ducky"},{"floor":20,"key":"ReplayTheSpireMod:Ring of Challenge"}],"event_choices":[],"is_beta":false,"boss_relics":[{"not_picked":["Kintsugi","ReplayTheSpireMod:DimensionalGlitch"],"picked":"ChampionBelt"},{"not_picked":[]}],"items_purged_floors":[19],"is_endless":false,"potions_floor_spawned":[3,5,10,12,13],"killed_by":"Slavers","ascension_level":20}}