{"host":"ny0ruk04d4jvzm3a","time":1608428733,"event":{"mods":["BaseMod","Better Match","Better Sensory Stone","Better Skull","BetterRewards","Colored Map","Colored Powertips","GifTheSpireLib","Hermit","Minty Spire (QoL Compilation)","Quick Restart","Relic Stats","StSLib","Transform Curses"],"gold_per_floor":[119,119,139,314,107,139,139,139,163,163,179,190,190,41,41,142,192,208,133,33,33,33,33,33],"floor_reached":23,"playtime":937,"items_purged":["Decay","Eruption"],"score":210,"play_id":"8fbcee02-ce20-413f-b671-f6bd9ac5cd93","local_time":"20201219204533","is_ascension_mode":false,"campfire_choices":[{"data":"DevaForm","floor":10,"key":"SMITH"},{"data":"PathToVictory","floor":15,"key":"SMITH"}],"circlet_count":0,"master_deck":["Strike_P","Strike_P","Strike_P","Defend_P","Defend_P","Defend_P+1","Vigilance+1","PathToVictory","FollowUp","Discovery+1","PathToVictory+1","DevaForm+1","InnerPeace","EmptyMind","Study","Brilliance","JustLucky+1","Master of Strategy","Finesse"],"relics":["PureWater","NeowsBlessing","Dream Catcher","Meat on the Bone","War Paint","Orrery","Tiny House"],"acts_visited":["Exordium","TheCity"],"potions_floor_usage":[11,12,23,23],"damage_taken":[{"damage":0,"enemies":"Cultist","floor":1,"turns":1},{"damage":0,"enemies":"2 Louse","floor":3,"turns":1},{"damage":0,"enemies":"Lagavulin","floor":6,"turns":2},{"damage":0,"enemies":"Jaw Worm","floor":11,"turns":3},{"damage":0,"enemies":"2 Fungi Beasts","floor":12,"turns":4},{"damage":65,"enemies":"The Guardian","floor":16,"turns":8},{"damage":29,"enemies":"Spheric Guardian","floor":18,"turns":5},{"damage":49,"enemies":"Gremlin Leader","floor":23,"turns":4}],"seed_played":"-616336917888527587","potions_obtained":[{"floor":1,"key":"Fire Potion"},{"floor":11,"key":"Energy Potion"},{"floor":16,"key":"Strength Potion"},{"floor":17,"key":"FearPotion"},{"floor":18,"key":"LiquidMemories"}],"is_trial":false,"path_per_floor":["M","?","M","?","$","E","T","?","T","R","M","M","?","$","R","B",null,"M","?","$","?","$","E"],"character_chosen":"WATCHER","items_purchased":["Discovery","PathToVictory","Orrery"],"campfire_rested":0,"item_purchase_floors":[5,5,14],"current_hp_per_floor":[72,72,72,72,72,72,72,72,72,72,72,72,72,72,72,19,77,48,48,48,48,48,0,0],"gold":33,"neow_bonus":"THREE_ENEMY_KILL","is_daily":false,"chose_seed":false,"campfire_upgraded":2,"win_rate":0.0,"timestamp":1608428733,"path_taken":["M","?","?","?","$","E","?","?","T","R","M","?","?","$","R","BOSS","M","?","$","?","?","E"],"items_purchased_type":["Card","Card","Relic"],"build_version":"2020-12-13","purchased_purges":2,"victory":false,"max_hp_per_floor":[72,72,72,72,72,72,72,72,72,72,72,72,72,72,72,72,77,77,77,77,77,77,77,77],"relic_stats":{"Dream Catcher":0,"counters":[8,28],"War Paint":["Discovery","Defend_P"],"obtain_stats":[{"Dream Catcher":6,"Tiny House":17,"NeowsBlessing":0,"Orrery":14,"PureWater":0,"War Paint":9,"Meat on the Bone":7},{"Dream Catcher":3,"Tiny House":6,"NeowsBlessing":0,"Orrery":5,"PureWater":0,"War Paint":3,"Meat on the Bone":3},{"Dream Catcher":4,"Tiny House":19,"NeowsBlessing":0,"Orrery":11,"PureWater":0,"War Paint":4,"Meat on the Bone":4}],"Meat on the Bone":12},"card_choices":[{"not_picked":["ClearTheMind","JustLucky"],"picked":"PathToVictory","floor":1},{"not_picked":["DeceiveReality","WaveOfTheHand"],"picked":"FollowUp","floor":3},{"not_picked":["Halt","FlyingSleeves","Consecrate"],"picked":"SKIP","floor":6},{"not_picked":["JustLucky","EmptyBody","Adaptation"],"picked":"SKIP","floor":11},{"not_picked":["Halt","FollowUp","InnerPeace"],"picked":"SKIP","floor":12},{"not_picked":["EmptyBody","Evaluate"],"picked":"InnerPeace","floor":14},{"not_picked":["CutThroughFate","JustLucky"],"picked":"EmptyMind","floor":14},{"not_picked":["ClearTheMind","InnerPeace"],"picked":"Study","floor":14},{"not_picked":["Devotion","MasterReality"],"picked":"Brilliance","floor":16},{"not_picked":["Crescendo","Wallop"],"picked":"JustLucky+1","floor":18},{"not_picked":["Blind","Flash of Steel"],"picked":"Master of Strategy","floor":21},{"not_picked":["Dark Shackles","PanicButton"],"picked":"Finesse","floor":21}],"player_experience":2053766,"relics_obtained":[{"floor":6,"key":"Dream Catcher"},{"floor":7,"key":"Meat on the Bone"},{"floor":9,"key":"War Paint"}],"event_choices":[{"damage_healed":0,"gold_gain":0,"player_choice":"Cursed","damage_taken":0,"max_hp_gain":0,"max_hp_loss":0,"event_name":"Wheel of Change","floor":2,"gold_loss":0,"cards_obtained":["Decay"]},{"damage_healed":0,"gold_gain":175,"player_choice":"AGREE","damage_taken":0,"max_hp_gain":0,"max_hp_loss":0,"event_name":"Liars Game","floor":4,"gold_loss":0,"cards_obtained":["Doubt"]},{"damage_healed":0,"gold_gain":0,"cards_transformed":["Strike_P"],"player_choice":"Transformed","damage_taken":0,"max_hp_gain":0,"max_hp_loss":0,"event_name":"Transmorgrifier","floor":8,"gold_loss":0,"cards_obtained":["DevaForm"]},{"cards_removed":["Doubt"],"damage_healed":0,"gold_gain":0,"player_choice":"Forget","damage_taken":0,"max_hp_gain":0,"max_hp_loss":0,"event_name":"Living Wall","floor":13,"gold_loss":0},{"cards_removed":["Defend_P"],"damage_healed":0,"gold_gain":0,"player_choice":"Gave Gold","damage_taken":0,"max_hp_gain":0,"max_hp_loss":0,"event_name":"Beggar","floor":19,"gold_loss":75},{"damage_healed":0,"gold_gain":2,"player_choice":"1","damage_taken":0,"max_hp_gain":0,"max_hp_loss":0,"event_name":"betterStone:BetterStone","floor":21,"gold_loss":0}],"is_beta":false,"boss_relics":[{"not_picked":["Runic Pyramid","Runic Dome"],"picked":"Tiny House"}],"items_purged_floors":[5,20],"is_endless":false,"potions_floor_spawned":[1,11,16,18],"killed_by":"Gremlin Leader","ascension_level":0}}