{"host":"l12hrjjiowxu1z6t","time":1608467513,"event":{"mods":["BaseMod","Colored Powertips","Minty Spire (QoL Compilation)","Quick Restart","SuperFastMode"],"gold_per_floor":[99,30,30,30,30,30,30,30,30,30,30,30,30,30,30,30,30,30,30,30,30,30,30,30,30,30,30,30,30,30,30,30,30,30,30,30,30,30,30,30,30,30,30,30,30,30,30,30,30,30,30],"floor_reached":50,"playtime":1589,"items_purged":[],"score":764,"play_id":"4daf67e8-6d35-4ed3-a815-079e10c6263d","local_time":"20201220073153","is_ascension_mode":true,"campfire_choices":[{"data":"BattleHymn","floor":7,"key":"SMITH"},{"floor":13,"key":"REST"},{"data":"Eruption","floor":15,"key":"SMITH"},{"floor":29,"key":"REST"},{"data":"Blasphemy","floor":32,"key":"SMITH"},{"data":"Halt","floor":41,"key":"PURGE"},{"data":"DeusExMachina","floor":46,"key":"SMITH"},{"floor":49,"key":"REST"}],"circlet_count":0,"master_deck":["Eruption+1","Vigilance+1","WheelKick","BattleHymn+1","FollowUp+1","FollowUp+1","FearNoEvil+1","FollowUp+1","Blasphemy+1","SashWhip+1","CutThroughFate+1","Evaluate","ClearTheMind","BattleHymn+1","FlurryOfBlows+1","FollowUp+1","Establishment+1","SpiritShield+1","DeusExMachina+1","FlurryOfBlows+1"],"relics":["Ectoplasm","Molten Egg 2","PreservedInsect","Peace Pipe","Oddly Smooth Stone","Ornamental Fan","Pandora\u0027s Box","MealTicket","Smiling Mask","Frozen Egg 2","Toy Ornithopter","Empty Cage","Centennial Puzzle","Shuriken","CeramicFish","GoldenEye","War Paint"],"acts_visited":["Exordium","TheCity","TheBeyond"],"potions_floor_usage":[12,12,12,22,23,28,31,31,31,33,42,44],"damage_taken":[{"damage":3,"enemies":"Jaw Worm","floor":1,"turns":4},{"damage":0,"enemies":"Small Slimes","floor":4,"turns":2},{"damage":5,"enemies":"Lagavulin","floor":6,"turns":4},{"damage":0,"enemies":"2 Louse","floor":8,"turns":2},{"damage":1,"enemies":"2 Fungi Beasts","floor":10,"turns":3},{"damage":0,"enemies":"3 Sentries","floor":12,"turns":3},{"damage":6,"enemies":"Lagavulin","floor":14,"turns":5},{"damage":0,"enemies":"Slime Boss","floor":16,"turns":3},{"damage":0,"enemies":"Spheric Guardian","floor":18,"turns":2},{"damage":5,"enemies":"Chosen","floor":21,"turns":3},{"damage":0,"enemies":"Snecko","floor":22,"turns":2},{"damage":11,"enemies":"Book of Stabbing","floor":23,"turns":2},{"damage":12,"enemies":"Snake Plant","floor":24,"turns":3},{"damage":27,"enemies":"Shelled Parasite and Fungi","floor":27,"turns":4},{"damage":5,"enemies":"Cultist and Chosen","floor":28,"turns":2},{"damage":0,"enemies":"Centurion and Healer","floor":30,"turns":2},{"damage":0,"enemies":"3 Cultists","floor":31,"turns":2},{"damage":18,"enemies":"Automaton","floor":33,"turns":4},{"damage":12,"enemies":"Orb Walker","floor":35,"turns":3},{"damage":13,"enemies":"Giant Head","floor":40,"turns":3},{"damage":18,"enemies":"Reptomancer","floor":42,"turns":2},{"damage":0,"enemies":"Giant Head","floor":44,"turns":3},{"damage":12,"enemies":"3 Darklings","floor":45,"turns":2},{"damage":0,"enemies":"Maw","floor":47,"turns":4},{"damage":11,"enemies":"Jaw Worm Horde","floor":48,"turns":2},{"damage":68,"enemies":"Time Eater","floor":50,"turns":3}],"seed_played":"-7423778940862281809","potions_obtained":[{"floor":1,"key":"BottledMiracle"},{"floor":8,"key":"Dexterity Potion"},{"floor":10,"key":"Dexterity Potion"},{"floor":14,"key":"DuplicationPotion"},{"floor":16,"key":"Weak Potion"},{"floor":23,"key":"LiquidBronze"},{"floor":24,"key":"CultistPotion"},{"floor":27,"key":"DistilledChaos"},{"floor":28,"key":"Swift Potion"},{"floor":31,"key":"StancePotion"},{"floor":40,"key":"ColorlessPotion"},{"floor":42,"key":"BlessingOfTheForge"}],"is_trial":false,"path_per_floor":["M","$","?","M","$","E","R","M","T","M","?","E","R","E","R","B",null,"M","?","$","M","M","E","M","?","T","M","M","R","M","M","R","B",null,"M","$","?","T","$","E","R","E","T","E","M","R","M","M","R","B"],"character_chosen":"WATCHER","items_purchased":["BattleHymn"],"campfire_rested":3,"item_purchase_floors":[2],"current_hp_per_floor":[69,69,44,44,44,39,39,39,39,38,31,31,52,46,46,46,72,72,72,72,67,67,56,44,44,44,17,17,38,38,53,53,40,72,60,72,72,72,72,59,59,46,46,51,39,39,39,28,49,0,0],"gold":30,"neow_bonus":"BOSS_RELIC","is_daily":false,"chose_seed":false,"campfire_upgraded":4,"win_rate":0.0,"timestamp":1608467513,"path_taken":["M","$","?","M","$","E","R","M","T","M","?","E","R","E","R","BOSS","M","?","$","M","M","E","M","?","T","M","M","R","M","M","R","BOSS","M","$","?","?","?","E","R","E","T","E","M","R","M","?","R","BOSS"],"items_purchased_type":["Card"],"build_version":"2020-12-13","purchased_purges":0,"victory":false,"max_hp_per_floor":[72,72,72,72,72,72,72,72,72,72,72,72,72,72,72,72,72,72,72,72,72,72,72,72,72,72,72,72,72,72,72,72,72,72,72,72,72,72,72,72,72,72,72,72,72,72,72,72,72,72,72],"card_choices":[{"not_picked":["EmptyBody","Evaluate"],"picked":"WheelKick","floor":1},{"not_picked":["Prostrate","ThirdEye"],"picked":"FollowUp+1","floor":4},{"not_picked":["EmptyFist+1","FlyingSleeves+1"],"picked":"FollowUp+1","floor":6},{"not_picked":["Wireheading","InnerPeace"],"picked":"FearNoEvil+1","floor":8},{"not_picked":["Crescendo","Conclude+1","BowlingBash+1"],"picked":"SKIP","floor":10},{"not_picked":["MentalFortress","FlyingSleeves+1","DeusExMachina"],"picked":"SKIP","floor":12},{"not_picked":["Devotion","SandsOfTime+1"],"picked":"FollowUp+1","floor":14},{"not_picked":["Alpha","DevaForm"],"picked":"Blasphemy","floor":16},{"not_picked":["CrushJoints+1","SashWhip+1","FlyingSleeves+1"],"picked":"SKIP","floor":18},{"not_picked":["ClearTheMind+1","SashWhip+1","EmptyMind"],"picked":"SKIP","floor":21},{"not_picked":["BowlingBash+1","DeceiveReality","Protect"],"picked":"SKIP","floor":22},{"not_picked":["ThirdEye","SashWhip+1"],"picked":"BattleHymn+1","floor":23},{"not_picked":["FearNoEvil+1","Halt","EmptyFist+1"],"picked":"SKIP","floor":24},{"not_picked":["Halt+1","BowlingBash+1","Meditate"],"picked":"SKIP","floor":27},{"not_picked":["Prostrate","Collect","FearNoEvil+1"],"picked":"SKIP","floor":28},{"not_picked":["SashWhip+1","Brilliance+1"],"picked":"FlurryOfBlows+1","floor":30},{"not_picked":["MentalFortress+1","ThirdEye"],"picked":"FollowUp+1","floor":31},{"not_picked":["Omniscience","Wish"],"picked":"Establishment+1","floor":33},{"not_picked":["Weave+1","Wireheading+1","FlyingSleeves+1"],"picked":"SKIP","floor":35},{"not_picked":["Consecrate+1","BattleHymn+1","SashWhip+1"],"picked":"SKIP","floor":40},{"not_picked":["TalkToTheHand+1","FlyingSleeves+1"],"picked":"SpiritShield","floor":42},{"not_picked":["Protect+1","FollowUp+1"],"picked":"DeusExMachina","floor":44},{"not_picked":["Pray","SignatureMove+1","FollowUp+1"],"picked":"SKIP","floor":45},{"not_picked":["Nirvana+1","Evaluate+1"],"picked":"FlurryOfBlows+1","floor":47},{"not_picked":["LikeWater+1","Protect","CrushJoints+1"],"picked":"SKIP","floor":48}],"player_experience":138701,"relics_obtained":[{"floor":6,"key":"PreservedInsect"},{"floor":9,"key":"Peace Pipe"},{"floor":12,"key":"Oddly Smooth Stone"},{"floor":14,"key":"Ornamental Fan"},{"floor":23,"key":"Smiling Mask"},{"floor":25,"key":"Frozen Egg 2"},{"floor":26,"key":"Toy Ornithopter"},{"floor":38,"key":"Centennial Puzzle"},{"floor":40,"key":"Shuriken"},{"floor":42,"key":"CeramicFish"},{"floor":43,"key":"GoldenEye"},{"floor":44,"key":"War Paint"}],"event_choices":[{"damage_healed":0,"gold_gain":0,"player_choice":"Success","damage_taken":25,"relics_obtained":["Molten Egg 2"],"max_hp_gain":0,"max_hp_loss":0,"event_name":"Scrap Ooze","floor":3,"gold_loss":0},{"cards_removed":["Strike_P"],"damage_healed":0,"gold_gain":0,"player_choice":"Card Removal","damage_taken":7,"max_hp_gain":0,"max_hp_loss":0,"event_name":"Golden Wing","floor":11,"gold_loss":0},{"damage_healed":0,"gold_gain":0,"player_choice":"Stole Relic","damage_taken":0,"relics_obtained":["MealTicket"],"max_hp_gain":0,"max_hp_loss":0,"event_name":"Addict","floor":19,"gold_loss":0,"cards_obtained":["Shame"]},{"damage_healed":0,"gold_gain":0,"player_choice":"Relic","damage_taken":0,"max_hp_gain":0,"max_hp_loss":0,"event_name":"Wheel of Change","floor":25,"gold_loss":0},{"cards_removed":["MentalFortress"],"damage_healed":0,"gold_gain":0,"player_choice":"Removed Power","damage_taken":0,"max_hp_gain":0,"max_hp_loss":0,"event_name":"Falling","floor":37,"gold_loss":0}],"is_beta":false,"boss_relics":[{"not_picked":["Astrolabe","SacredBark"],"picked":"Pandora\u0027s Box"},{"not_picked":["Runic Dome","Coffee Dripper"],"picked":"Empty Cage"}],"items_purged_floors":[],"is_endless":false,"potions_floor_spawned":[1,8,10,14,16,23,24,27,28,31,40,42],"killed_by":"Time Eater","ascension_level":2}}