{"host":"s1gi8xs3so6zkrm7","time":1608429461,"event":{"mods":["BaseMod","Filter the Spire","Minty Spire (QoL Compilation)"],"gold_per_floor":[17,17,31,7,28,28,128,166,192,206,206,221,221,221,221,351,351,351,351,351,32,32,32,32,32,32,32,32,32,32,32,32,32,32,32,32,32,32],"floor_reached":37,"playtime":4629,"items_purged":["Strike_B"],"score":439,"play_id":"dafacd88-eca9-4079-a6a3-83b91d461f12","local_time":"20201219195741","is_ascension_mode":false,"campfire_choices":[{"data":"Loop","floor":6,"key":"SMITH"},{"data":"Hologram","floor":11,"key":"SMITH"},{"data":"Streamline","floor":13,"key":"SMITH"},{"data":"FTL","floor":15,"key":"SMITH"},{"floor":32,"key":"REST"}],"circlet_count":0,"master_deck":["Strike_B","Strike_B","Strike_B","Defend_B","Defend_B","Defend_B","Defend_B","Zap","Dualcast","FTL+1","Chill","Conserve Battery","Loop+1","Hologram+1","Coolheaded","Streamline+1","All For One","Coolheaded+1","Ghostly","Ghostly","Ghostly","Ghostly","Ghostly","Gash","Hologram","Gash","Scrape"],"relics":["FrozenCore","Golden Idol","Ancient Tea Set","Oddly Smooth Stone","Ectoplasm","Red Mask","Sundial","Ornamental Fan","Tiny Chest"],"acts_visited":["Exordium","TheCity","TheBeyond"],"potions_floor_usage":[33,33],"damage_taken":[{"damage":0,"enemies":"Small Slimes","floor":1,"turns":3},{"damage":1,"enemies":"2 Louse","floor":3,"turns":2},{"damage":0,"enemies":"Cultist","floor":5,"turns":3},{"damage":13,"enemies":"3 Sentries","floor":8,"turns":9},{"damage":10,"enemies":"Blue Slaver","floor":10,"turns":4},{"damage":0,"enemies":"Large Slime","floor":12,"turns":7},{"damage":15,"enemies":"The Guardian","floor":16,"turns":11},{"damage":21,"enemies":"Chosen","floor":18,"turns":5},{"damage":27,"enemies":"Masked Bandits","floor":19,"turns":4},{"damage":0,"enemies":"Slavers","floor":23,"turns":9},{"damage":0,"enemies":"3 Byrds","floor":24,"turns":7},{"damage":0,"enemies":"3 Cultists","floor":27,"turns":5},{"damage":23,"enemies":"Chosen and Byrds","floor":28,"turns":10},{"damage":0,"enemies":"Shelled Parasite and Fungi","floor":29,"turns":4},{"damage":0,"enemies":"Cultist and Chosen","floor":31,"turns":8},{"damage":20,"enemies":"Automaton","floor":33,"turns":10},{"damage":18,"enemies":"3 Darklings","floor":35,"turns":7}],"seed_played":"-986691115087062089","potions_obtained":[{"floor":1,"key":"Regen Potion"},{"floor":10,"key":"GamblersBrew"},{"floor":12,"key":"EssenceOfSteel"},{"floor":19,"key":"DistilledChaos"},{"floor":29,"key":"PowerPotion"},{"floor":33,"key":"Energy Potion"}],"is_trial":false,"path_per_floor":["M","?","M","$","M","R","?","E","T","M","R","M","R","?","R","B",null,"M","?","?","$","?","E","M","$","T","M","M","M","$","M","R","B",null,"M","$","M"],"character_chosen":"DEFECT","items_purchased":["Conserve Battery","Sundial"],"campfire_rested":1,"item_purchase_floors":[4,21],"current_hp_per_floor":[89,67,66,66,66,66,66,53,53,43,43,43,43,65,65,50,89,68,41,41,41,41,41,41,41,41,41,18,18,18,18,30,24,43,25,25,0,0],"gold":32,"neow_bonus":"TWENTY_PERCENT_HP_BONUS","is_daily":false,"chose_seed":false,"campfire_upgraded":4,"win_rate":0.0,"timestamp":1608429461,"path_taken":["M","?","M","$","M","R","?","E","T","M","R","?","R","?","R","BOSS","M","?","?","$","?","E","M","?","T","?","M","M","$","?","R","BOSS","M","$","M"],"items_purchased_type":["Card","Relic"],"build_version":"2020-12-13","purchased_purges":1,"victory":false,"max_hp_per_floor":[89,89,89,89,89,89,89,89,89,89,89,89,89,89,89,89,89,89,89,86,86,43,43,43,43,43,43,43,43,43,43,43,43,43,43,43,43,43],"card_choices":[{"not_picked":["Steam","Genetic Algorithm"],"picked":"FTL","floor":1},{"not_picked":["Reprogram","Leap"],"picked":"Chill","floor":3},{"not_picked":["Ball Lightning","Coolheaded"],"picked":"Loop","floor":5},{"not_picked":["Redo","Cold Snap"],"picked":"Hologram","floor":8},{"not_picked":["Go for the Eyes","Skim"],"picked":"Coolheaded","floor":10},{"not_picked":["Steam","Barrage"],"picked":"Streamline","floor":12},{"not_picked":["Multi-Cast","Hyperbeam"],"picked":"All For One","floor":16},{"not_picked":["White Noise+1","Compile Driver","Redo"],"picked":"SKIP","floor":18},{"not_picked":["Stack","Compile Driver+1"],"picked":"Coolheaded+1","floor":19},{"not_picked":["Loop","Redo"],"picked":"Gash","floor":23},{"not_picked":["Streamline","Tempest"],"picked":"Hologram","floor":24},{"not_picked":["Sunder","BootSequence+1","Hologram+1"],"picked":"SKIP","floor":27},{"not_picked":["Compile Driver","Leap"],"picked":"Gash","floor":28},{"not_picked":["Coolheaded+1","Storm","Chill"],"picked":"SKIP","floor":29},{"not_picked":["Chaos+1","Hyperbeam"],"picked":"Scrape","floor":31},{"not_picked":["Cold Snap+1","Recycle","Steam+1"],"picked":"SKIP","floor":35}],"player_experience":173928,"relics_obtained":[{"floor":8,"key":"Ancient Tea Set"},{"floor":9,"key":"Oddly Smooth Stone"},{"floor":19,"key":"Red Mask"},{"floor":23,"key":"Ornamental Fan"},{"floor":26,"key":"Tiny Chest"}],"event_choices":[{"damage_healed":0,"gold_gain":0,"player_choice":"Take Damage","damage_taken":22,"relics_obtained":["Golden Idol"],"max_hp_gain":0,"max_hp_loss":0,"event_name":"Golden Idol","floor":2,"gold_loss":0},{"damage_healed":0,"gold_gain":100,"player_choice":"Gold","damage_taken":0,"max_hp_gain":0,"max_hp_loss":0,"event_name":"Wheel of Change","floor":7,"gold_loss":0},{"damage_healed":22,"gold_gain":0,"player_choice":"Healed and dodged fight","damage_taken":0,"max_hp_gain":0,"max_hp_loss":0,"event_name":"Mushrooms","floor":14,"gold_loss":0,"cards_obtained":["Parasite"]},{"damage_healed":0,"gold_gain":0,"player_choice":"Fought Bandits","damage_taken":0,"max_hp_gain":0,"max_hp_loss":0,"event_name":"Masked Bandits","floor":19,"gold_loss":0},{"cards_removed":["Parasite"],"damage_healed":0,"gold_gain":0,"player_choice":"Elegance","damage_taken":0,"max_hp_gain":0,"max_hp_loss":0,"event_name":"Back to Basics","floor":20,"gold_loss":0},{"damage_healed":0,"gold_gain":0,"player_choice":"Became a Ghost","damage_taken":0,"max_hp_gain":0,"max_hp_loss":43,"event_name":"Ghosts","floor":22,"gold_loss":0,"cards_obtained":["Ghostly","Ghostly","Ghostly","Ghostly","Ghostly"]}],"is_beta":false,"boss_relics":[{"not_picked":["SacredBark","Velvet Choker"],"picked":"Ectoplasm"},{"not_picked":["Tiny House","SlaversCollar"],"picked":"FrozenCore"}],"items_purged_floors":[21],"is_endless":false,"potions_floor_spawned":[1,10,12,19,29,33],"killed_by":"3 Shapes","ascension_level":0}}