{"host":"q9718omregw4er46","time":1608495683,"event":{"mods":["BaseMod","Bestiary","Colored Powertips","Minty Spire (QoL Compilation)","Quick Restart","Relic Stats"],"gold_per_floor":[116,116,140,57,77,121,121,121,121],"floor_reached":8,"playtime":253,"items_purged":[],"score":112,"play_id":"7a1b348b-acb6-4edf-af40-277e518806b4","local_time":"20201221012123","is_ascension_mode":true,"campfire_choices":[{"floor":7,"key":"REST"}],"circlet_count":0,"master_deck":["AscendersBane","Strike_P","Strike_P","Strike_P","Strike_P","Defend_P","Defend_P","Defend_P","Defend_P","Eruption","Vigilance","CurseOfTheBell","Conclude","FearNoEvil","LikeWater","Scrawl"],"relics":["Calling Bell","Lantern","Mercury Hourglass","Lizard Tail","Golden Idol","Happy Flower"],"acts_visited":["Exordium"],"potions_floor_usage":[6,8],"damage_taken":[{"damage":9,"enemies":"Jaw Worm","floor":1,"turns":7},{"damage":0,"enemies":"Small Slimes","floor":3,"turns":2},{"damage":1,"enemies":"Cultist","floor":5,"turns":4},{"damage":43,"enemies":"Gremlin Nob","floor":6,"turns":5},{"damage":86,"enemies":"Lagavulin","floor":8,"turns":8}],"seed_played":"-110698581238349927","potions_obtained":[{"floor":1,"key":"SpeedPotion"},{"floor":5,"key":"Regen Potion"}],"is_trial":false,"path_per_floor":["M","?","M","$","M","E","R","E"],"character_chosen":"WATCHER","items_purchased":["LikeWater"],"campfire_rested":1,"item_purchase_floors":[4],"current_hp_per_floor":[52,52,52,52,51,8,26,0,0],"gold":121,"neow_bonus":"BOSS_RELIC","is_daily":false,"chose_seed":false,"campfire_upgraded":0,"win_rate":0.0,"timestamp":1608495683,"path_taken":["M","?","M","$","M","E","R","E"],"items_purchased_type":["Card"],"build_version":"2020-12-13","purchased_purges":0,"victory":false,"max_hp_per_floor":[68,62,62,62,62,62,62,62,62],"relic_stats":{"Lizard Tail":31,"Happy Flower":[2],"counters":[5,26],"Golden Idol":18,"obtain_stats":[{"Calling Bell":0,"Lantern":0,"Lizard Tail":0,"Happy Flower":6,"Golden Idol":2,"PureWater":0,"Mercury Hourglass":0},{"Calling Bell":0,"Lantern":0,"Lizard Tail":0,"Happy Flower":4,"Golden Idol":1,"PureWater":0,"Mercury Hourglass":0},{"Calling Bell":0,"Lantern":0,"Lizard Tail":0,"Happy Flower":18,"Golden Idol":7,"PureWater":0,"Mercury Hourglass":0}],"Mercury Hourglass":[57]},"card_choices":[{"not_picked":["WaveOfTheHand","Halt"],"picked":"Conclude","floor":1},{"not_picked":["FollowUp","Conclude"],"picked":"FearNoEvil","floor":3},{"not_picked":["WheelKick","FlyingSleeves"],"picked":"Scrawl","floor":5},{"not_picked":["CarveReality","Indignation","SashWhip"],"picked":"SKIP","floor":6}],"player_experience":1081770,"relics_obtained":[{"floor":0,"key":"Lantern"},{"floor":0,"key":"Mercury Hourglass"},{"floor":0,"key":"Lizard Tail"},{"floor":6,"key":"Happy Flower"}],"event_choices":[{"damage_healed":0,"gold_gain":0,"player_choice":"Lose Max HP","damage_taken":0,"relics_obtained":["Golden Idol"],"max_hp_gain":0,"max_hp_loss":6,"event_name":"Golden Idol","floor":2,"gold_loss":0}],"is_beta":false,"boss_relics":[],"items_purged_floors":[],"is_endless":false,"potions_floor_spawned":[1,5],"killed_by":"Lagavulin","ascension_level":20}}