{"host":"y76clbnovzmw9ubx","time":1608437937,"event":{"mods":["AchievementEnabler","BaseMod","Minty Spire (QoL Compilation)","Permanent Neow","Relic Stats"],"gold_per_floor":[109,2,22,35,0,31,31,43,43,43,43,43,71,87,87,87,87],"floor_reached":16,"playtime":1206,"items_purged":[],"score":220,"play_id":"cc1b32b8-7090-45eb-b1c2-ec066d8441b2","local_time":"20201219231857","is_ascension_mode":true,"campfire_choices":[{"data":"Poisoned Stab","floor":7,"key":"SMITH"},{"floor":10,"key":"REST"},{"data":"Catalyst","floor":12,"key":"SMITH"},{"data":"Deadly Poison","floor":15,"key":"SMITH"}],"circlet_count":0,"master_deck":["AscendersBane","Strike_G","Strike_G","Strike_G","Strike_G","Strike_G","Defend_G","Defend_G","Defend_G","Defend_G","Defend_G","Survivor","Neutralize","Wraith Form v2","Footwork","Poisoned Stab+1","Backflip","Slice","Catalyst+1","Deadly Poison+1","Footwork","Backstab"],"relics":["Ring of the Snake","Gremlin Horn","Pantograph","The Courier"],"acts_visited":["Exordium"],"potions_floor_usage":[6,13,13],"damage_taken":[{"damage":5,"enemies":"Cultist","floor":1,"turns":7},{"damage":2,"enemies":"Jaw Worm","floor":3,"turns":5},{"damage":0,"enemies":"2 Louse","floor":4,"turns":4},{"damage":20,"enemies":"3 Sentries","floor":6,"turns":13},{"damage":10,"enemies":"Exordium Wildlife","floor":8,"turns":6},{"damage":4,"enemies":"Lagavulin","floor":13,"turns":4},{"damage":4,"enemies":"Looter","floor":14,"turns":4},{"damage":74,"enemies":"Slime Boss","floor":16,"turns":10}],"seed_played":"5051430074744801717","potions_obtained":[{"floor":1,"key":"PowerPotion"},{"floor":4,"key":"SteroidPotion"},{"floor":8,"key":"SneckoOil"}],"is_trial":false,"path_per_floor":["M","$","M","M","?","E","R","M","T","R","?","R","E","M","R","B"],"character_chosen":"THE_SILENT","items_purchased":["Footwork","Poisoned Stab"],"campfire_rested":1,"item_purchase_floors":[2,2],"current_hp_per_floor":[54,54,52,52,52,32,32,22,22,41,46,46,42,38,38,0,0],"gold":87,"neow_bonus":"ONE_RANDOM_RARE_CARD","is_daily":false,"chose_seed":false,"campfire_upgraded":3,"win_rate":0.0,"timestamp":1608437937,"path_taken":["M","$","M","?","?","E","R","M","T","R","?","R","E","M","R","BOSS"],"items_purchased_type":["Card","Card"],"build_version":"2020-12-13","purchased_purges":0,"victory":false,"max_hp_per_floor":[66,66,66,66,66,66,66,66,66,66,71,71,71,71,71,71,71],"relic_stats":{"Gremlin Horn":[1,1],"counters":[8,53],"Pantograph":25,"obtain_stats":[{"Gremlin Horn":6,"Pantograph":9,"The Courier":13,"Ring of the Snake":0},{"Gremlin Horn":4,"Pantograph":5,"The Courier":6,"Ring of the Snake":0},{"Gremlin Horn":29,"Pantograph":35,"The Courier":39,"Ring of the Snake":0}],"Ring of the Snake":[16]},"card_choices":[{"not_picked":["Predator","Accuracy","Choke"],"picked":"SKIP","floor":1},{"not_picked":["Calculated Gamble","Underhanded Strike"],"picked":"Backflip","floor":3},{"not_picked":["Flying Knee","Outmaneuver"],"picked":"Slice","floor":4},{"not_picked":["Poisoned Stab","Dagger Spray"],"picked":"Catalyst","floor":6},{"not_picked":["Flying Knee","Concentrate"],"picked":"Deadly Poison","floor":8},{"not_picked":["Phantasmal Killer","Quick Slash"],"picked":"Footwork","floor":13},{"not_picked":["Backflip","Caltrops"],"picked":"Backstab","floor":14}],"player_experience":2918924,"relics_obtained":[{"floor":6,"key":"Gremlin Horn"},{"floor":9,"key":"Pantograph"},{"floor":13,"key":"The Courier"}],"event_choices":[{"damage_healed":0,"gold_gain":0,"player_choice":"Left Gold","damage_taken":0,"max_hp_gain":0,"max_hp_loss":0,"event_name":"World of Goop","floor":5,"gold_loss":35},{"damage_healed":0,"gold_gain":0,"player_choice":"Donut","damage_taken":0,"max_hp_gain":5,"max_hp_loss":0,"event_name":"Big Fish","floor":11,"gold_loss":0}],"is_beta":false,"boss_relics":[],"items_purged_floors":[],"is_endless":false,"potions_floor_spawned":[1,4,8],"killed_by":"Slime Boss","ascension_level":20}}