{"host":"ci7ivtocgfxh0ueo","time":1608445089,"event":{"mods":["BaseMod","GifTheSpireLib","Minty Spire (QoL Compilation)","StSLib"],"gold_per_floor":[116,116,6,6,6,6,47,47,47,47,122,122,155,155,155,155,155],"floor_reached":16,"playtime":207,"items_purged":[],"score":281,"play_id":"f17699e1-38bb-4b83-85b4-e0e01c6159df","local_time":"20201220141809","is_ascension_mode":true,"campfire_choices":[{"data":"Distraction","floor":6,"key":"SMITH"},{"data":"Crippling Poison","floor":8,"key":"SMITH"},{"data":"Neutralize","floor":12,"key":"SMITH"},{"floor":15,"key":"REST"}],"circlet_count":0,"master_deck":["AscendersBane","Strike_G","Strike_G","Strike_G","Strike_G","Strike_G","Defend_G","Defend_G","Defend_G","Defend_G","Defend_G","Survivor","Neutralize+1","Distraction+1","Injury","Crippling Poison+1","Eviscerate"],"relics":["Ring of the Snake","NeowsBlessing","Golden Idol","InkBottle","Letter Opener","Pen Nib"],"acts_visited":["Exordium"],"potions_floor_usage":[16,16,16,16],"damage_taken":[{"damage":0,"enemies":"2 Louse","floor":1,"turns":1},{"damage":0,"enemies":"3 Sentries","floor":7,"turns":2},{"damage":0,"enemies":"Gremlin Nob","floor":13,"turns":1},{"damage":50,"enemies":"Hexaghost","floor":16,"turns":12}],"seed_played":"4853126598784520111","potions_obtained":[{"floor":1,"key":"GamblersBrew"}],"is_trial":false,"path_per_floor":["M","?","$","?","$","R","E","R","T","$","?","R","E","?","R","B"],"character_chosen":"THE_SILENT","items_purchased":["EntropicBrew"],"campfire_rested":1,"item_purchase_floors":[3],"current_hp_per_floor":[59,59,59,59,59,59,59,59,59,59,48,48,48,30,49,0,0],"gold":155,"neow_bonus":"THREE_ENEMY_KILL","is_daily":false,"chose_seed":false,"campfire_upgraded":3,"win_rate":0.0,"timestamp":1608445089,"path_taken":["M","?","$","?","?","R","E","R","T","$","?","R","E","?","R","BOSS"],"items_purchased_type":["Potion"],"build_version":"2020-12-13","purchased_purges":0,"victory":false,"max_hp_per_floor":[66,66,66,66,66,66,66,66,66,66,66,66,66,66,66,66,66],"card_choices":[{"not_picked":["Infinite Blades","Dagger Throw"],"picked":"Distraction","floor":1},{"not_picked":["Terror","Skewer"],"picked":"Crippling Poison","floor":7},{"not_picked":["Outmaneuver","Flying Knee"],"picked":"Eviscerate","floor":13}],"player_experience":1274185,"relics_obtained":[{"floor":7,"key":"InkBottle"},{"floor":13,"key":"Letter Opener"}],"event_choices":[{"damage_healed":0,"gold_gain":0,"player_choice":"Leave","damage_taken":0,"max_hp_gain":0,"max_hp_loss":0,"event_name":"The Cleric","floor":2,"gold_loss":0},{"damage_healed":0,"gold_gain":0,"player_choice":"Take Wound","damage_taken":0,"relics_obtained":["Golden Idol"],"max_hp_gain":0,"max_hp_loss":0,"event_name":"Golden Idol","floor":4,"gold_loss":0,"cards_obtained":["Injury"]},{"damage_healed":0,"gold_gain":75,"player_choice":"Gather Gold","damage_taken":11,"max_hp_gain":0,"max_hp_loss":0,"event_name":"World of Goop","floor":11,"gold_loss":0},{"damage_healed":0,"gold_gain":0,"player_choice":"Success","damage_taken":18,"relics_obtained":["Pen Nib"],"max_hp_gain":0,"max_hp_loss":0,"event_name":"Scrap Ooze","floor":14,"gold_loss":0}],"is_beta":false,"boss_relics":[],"items_purged_floors":[],"is_endless":false,"potions_floor_spawned":[1],"killed_by":"Hexaghost","ascension_level":17}}