{"host":"1tl36azeqm6yhdgj","time":1608423083,"event":{"mods":["AchievementEnabler","BaseMod","Minty Spire (QoL Compilation)","StSLib","The IronCluck","everything is the same but u backflip on backflip"],"gold_per_floor":[119,136,211,136,153,178,210,210,292,292,309,324,324,324,324],"floor_reached":14,"playtime":321,"items_purged":[],"score":162,"play_id":"a9e513c6-076a-48b1-bba9-49c96079d822","local_time":"20201219191123","is_ascension_mode":true,"campfire_choices":[{"floor":8,"key":"REST"},{"data":"Thunderclap","floor":10,"key":"SMITH"}],"circlet_count":0,"master_deck":["AscendersBane","Strike_R","Strike_R","Strike_R","Strike_R","Defend_R","Defend_R","Defend_R","Defend_R","Bash","Thunderclap+1","Pommel Strike","Intimidate","Injury"],"relics":["Burning Blood","Bag of Preparation","Pen Nib","InkBottle","Paper Frog","Golden Idol"],"acts_visited":["Exordium"],"potions_floor_usage":[5,14],"damage_taken":[{"damage":6,"enemies":"Cultist","floor":1,"turns":4},{"damage":7,"enemies":"Small Slimes","floor":2,"turns":3},{"damage":7,"enemies":"Jaw Worm","floor":5,"turns":3},{"damage":50,"enemies":"3 Sentries","floor":7,"turns":10},{"damage":12,"enemies":"Blue Slaver","floor":11,"turns":3},{"damage":12,"enemies":"2 Fungi Beasts","floor":12,"turns":3},{"damage":22,"enemies":"Lagavulin","floor":14,"turns":5}],"seed_played":"2758878147948991033","potions_obtained":[{"floor":2,"key":"Fire Potion"},{"floor":5,"key":"SpeedPotion"}],"is_trial":false,"path_per_floor":["M","M","?","?","M","T","E","R","T","R","M","M","?","E"],"character_chosen":"IRONCLAD","items_purchased":[],"campfire_rested":1,"item_purchase_floors":[],"current_hp_per_floor":[68,67,56,56,55,55,11,33,33,33,27,21,21,0,0],"gold":324,"neow_bonus":"RANDOM_COMMON_RELIC","is_daily":false,"chose_seed":false,"campfire_upgraded":1,"win_rate":0.0,"timestamp":1608423083,"path_taken":["M","?","?","?","M","?","E","R","T","R","M","M","?","E"],"items_purchased_type":[],"build_version":"2020-12-13","purchased_purges":0,"victory":false,"max_hp_per_floor":[75,75,75,75,75,75,75,75,75,75,75,75,75,75,75],"card_choices":[{"not_picked":["Wild Strike","Heavy Blade"],"picked":"Thunderclap","floor":1},{"not_picked":["Iron Wave","Entrench","True Grit"],"picked":"SKIP","floor":2},{"not_picked":["Perfected Strike","Clothesline"],"picked":"Pommel Strike","floor":5},{"not_picked":["Combust","Clothesline"],"picked":"Intimidate","floor":7},{"not_picked":["Offering","Armaments","Warcry"],"picked":"SKIP","floor":11},{"not_picked":["Perfected Strike","Armaments","Hemokinesis"],"picked":"SKIP","floor":12}],"player_experience":1971200,"relics_obtained":[{"floor":6,"key":"Pen Nib"},{"floor":7,"key":"InkBottle"},{"floor":9,"key":"Paper Frog"}],"event_choices":[{"damage_healed":0,"gold_gain":75,"player_choice":"Gather Gold","damage_taken":11,"max_hp_gain":0,"max_hp_loss":0,"event_name":"World of Goop","floor":3,"gold_loss":0},{"cards_removed":["Strike_R"],"damage_healed":0,"gold_gain":0,"player_choice":"Card Removal","damage_taken":0,"max_hp_gain":0,"max_hp_loss":0,"event_name":"The Cleric","floor":4,"gold_loss":75},{"damage_healed":0,"gold_gain":0,"player_choice":"Take Wound","damage_taken":0,"relics_obtained":["Golden Idol"],"max_hp_gain":0,"max_hp_loss":0,"event_name":"Golden Idol","floor":13,"gold_loss":0,"cards_obtained":["Injury"]}],"is_beta":false,"boss_relics":[],"items_purged_floors":[],"is_endless":false,"potions_floor_spawned":[2,5],"killed_by":"Lagavulin","ascension_level":16}}