{"host":"1tmagqyeywr2w44t","time":1608473548,"event":{"mods":["2.2 Compatiblity","BaseMod","Colored Powertips","Downfall","Minty Spire (QoL Compilation)","Rare Cards Sparkle","Replay The Spire","StSLib","SuperFastMode"],"gold_per_floor":[99,118,118,118,132,132,159,186,111,138,148,161,180,193,207,304,304,229,247,260,165,165,165],"floor_reached":22,"playtime":919,"items_purged":[],"score":297,"play_id":"c02c0085-49b0-4370-965c-178d8cef99c6","local_time":"20201220231228","is_ascension_mode":true,"campfire_choices":[{"data":"Slimebound:Split","floor":1,"key":"SMITH"},{"data":"Slimebound:RainOfGoop","floor":3,"key":"SMITH"},{"floor":6,"key":"RECALL"},{"data":"Slimebound:Recollect","floor":9,"key":"SMITH"},{"data":"Slimebound:DuplicatedForm","floor":18,"key":"SMITH"}],"circlet_count":0,"master_deck":["AscendersBane","Slimebound:Tackle","Slimebound:Split+1","Slimebound:CorrosiveSpit+1","Slimebound:Recollect+1","Slimebound:RainOfGoop+1","Slimebound:Chomp","Slimebound:SpikyOuterGoop","Slimebound:SplitMire","Slimebound:DuplicatedForm+1","Slimebound:ItLooksTasty","Slimebound:Recycling","Slimebound:PrepareCrush","Slimebound:GrowthPunch","Slimebound:LeechingTouch","Slimebound:TongueLash","Slimebound:DisruptingSlam","Slimebound:SplitLeeching","Slimebound:HauntingLick","Slimebound:WasteNot","Slimebound:SlimeTap"],"relics":["Slimebound:AbsorbEndCombat","Potion Belt","Ginger","downfall:HeartBlessingRed","Regal Pillow","Pandora\u0027s Box","downfall:HeartBlessingGreen"],"acts_visited":["Exordium","TheCity"],"potions_floor_usage":[16,21,22],"damage_taken":[{"damage":17,"enemies":"Cultist","floor":2,"turns":4},{"damage":8,"enemies":"2 Louse","floor":5,"turns":2},{"damage":41,"enemies":"3 Sentries","floor":8,"turns":6},{"damage":94,"enemies":"Gremlin Nob","floor":10,"turns":5},{"damage":21,"enemies":"Small Slimes","floor":11,"turns":3},{"damage":13,"enemies":"3 Louse","floor":12,"turns":3},{"damage":37,"enemies":"Exordium Wildlife","floor":13,"turns":3},{"damage":28,"enemies":"Lots of Slimes","floor":14,"turns":5},{"damage":12,"enemies":"Large Slime","floor":15,"turns":4},{"damage":55,"enemies":"downfall:Ironclad","floor":16,"turns":8},{"damage":43,"enemies":"3 Byrds","floor":19,"turns":6},{"damage":47,"enemies":"Chosen","floor":20,"turns":4},{"damage":37,"enemies":"downfall:FleeingMerchant","floor":21,"turns":4},{"damage":83,"enemies":"Slavers","floor":22,"turns":3}],"seed_played":"-8526800365739865972","potions_obtained":[{"floor":2,"key":"FairyPotion"},{"floor":10,"key":"FearPotion"},{"floor":12,"key":"SteroidPotion"},{"floor":14,"key":"LifebloodPotion"},{"floor":16,"key":"FearPotion"},{"floor":19,"key":"Regen Potion"}],"is_trial":false,"path_per_floor":["R","M","R","?","M","R","T","E","R","E","M","M","M","M","M","B",null,"R","M","M","$","E"],"character_chosen":"SLIMEBOUND","items_purchased":["Slimebound:SlimeTap"],"campfire_rested":0,"item_purchase_floors":[21],"current_hp_per_floor":[54,60,60,60,60,60,60,55,55,30,33,36,27,35,47,55,59,59,60,60,58,0,0],"gold":165,"neow_bonus":"TRANSFORM_CARD","is_daily":false,"chose_seed":false,"campfire_upgraded":4,"win_rate":0.0,"timestamp":1608473548,"path_taken":["R","M","R","?","M","R","T","E","R","E","M","M","M","?","M","BOSS","R","M","M","$","E"],"items_purchased_type":["Card"],"build_version":"2020-12-13","purchased_purges":0,"victory":false,"max_hp_per_floor":[60,60,60,60,60,60,60,60,60,60,60,60,60,60,60,60,60,60,60,60,60,60,60],"card_choices":[{"not_picked":["Slimebound:LivingWall","Slimebound:Replication"],"picked":"Slimebound:RainOfGoop","floor":2},{"not_picked":["Slimebound:GrowthPunch","Slimebound:SplitAcid","Slimebound:GoopTackle"],"picked":"SKIP","floor":5},{"not_picked":["Slimebound:SlimeBrawl","Slimebound:DisruptingSlam"],"picked":"Slimebound:Chomp","floor":8},{"not_picked":["Slimebound:ProtectTheBoss","Slimebound:Prepare","Slimebound:ComboTackle"],"picked":"SKIP","floor":10},{"not_picked":["Slimebound:ProtectTheBoss","Slimebound:Prepare","Slimebound:ComboTackle"],"picked":"SKIP","floor":10},{"not_picked":["Slimebound:ComboTackle","Slimebound:GoopSpray"],"picked":"Slimebound:SpikyOuterGoop","floor":11},{"not_picked":["Slimebound:LeechingTouch","Slimebound:SplitBruiser"],"picked":"Slimebound:SplitMire","floor":12},{"not_picked":["Slimebound:Prepare","Slimebound:LivingWall"],"picked":"Slimebound:DuplicatedForm","floor":13},{"not_picked":["Slimebound:PressTheAttack","Slimebound:TongueLash","Slimebound:RollThrough"],"picked":"SKIP","floor":14},{"not_picked":["Slimebound:SamplingLick","Slimebound:AcidTongue"],"picked":"Slimebound:ItLooksTasty","floor":15},{"not_picked":["Slimebound:DuplicatedForm","Slimebound:LeechLife"],"picked":"Slimebound:Recycling","floor":16},{"not_picked":["Slimebound:SplitMire","Slimebound:FinishingTackle"],"picked":"Slimebound:HauntingLick","floor":19},{"not_picked":["Slimebound:DisruptingSlam","Slimebound:SplitLeeching","Slimebound:RollThrough"],"picked":"SKIP","floor":20},{"not_picked":["Slimebound:SamplingLick+1","Slimebound:GoopSpray"],"picked":"Slimebound:WasteNot","floor":21}],"player_experience":153912,"relics_obtained":[{"floor":7,"key":"Potion Belt"},{"floor":8,"key":"Ginger"},{"floor":10,"key":"Regal Pillow"}],"event_choices":[{"damage_healed":0,"gold_gain":0,"player_choice":"Forge","damage_taken":0,"max_hp_gain":0,"max_hp_loss":0,"event_name":"Accursed Blacksmith","floor":4,"gold_loss":0,"cards_upgraded":["Slimebound:CorrosiveSpit"]}],"is_beta":false,"boss_relics":[{"not_picked":["Runic Pyramid","Fusion Hammer"],"picked":"Pandora\u0027s Box"}],"items_purged_floors":[],"is_endless":false,"potions_floor_spawned":[2,10,12,14,16,19],"killed_by":"Slavers","ascension_level":10}}