{"host":"nptej036rrbiurf5","time":1608470422,"event":{"mods":["BaseMod","Colored Map","Colored Powertips","DeckTracker","Minty Spire (QoL Compilation)","StSLib","SuperFastMode"],"gold_per_floor":[111,81,101,118,132,132,132,132,156,81,81,96,112,133,133,226,226,251,151,151,163,175,175,100,100,155,172,185,185,60,77,77,154,154,165,165,15,15,32,32,47,64,64,89,106,136,136,166,166,166,166,166,166,10,35,35,35],"floor_reached":56,"playtime":2127,"items_purged":["Defend_P","Strike_P","Shame","Defend_P"],"score":2062,"play_id":"7243cd9f-13be-4840-bfbb-6615d269ba48","local_time":"20201220222022","is_ascension_mode":true,"campfire_choices":[{"data":"PathToVictory","floor":6.0,"key":"SMITH"},{"floor":11.0,"key":"REST"},{"data":"EmptyMind","floor":15.0,"key":"SMITH"},{"data":"PathToVictory","floor":23.0,"key":"SMITH"},{"data":"Perseverance","floor":25.0,"key":"SMITH"},{"floor":29.0,"key":"REST"},{"data":"CutThroughFate","floor":32.0,"key":"SMITH"},{"data":"Scrawl","floor":40.0,"key":"SMITH"},{"floor":47,"key":"RECALL"},{"data":"Sanctity","floor":49,"key":"SMITH"},{"data":"DeusExMachina","floor":53,"key":"SMITH"}],"circlet_count":0,"master_deck":["AscendersBane","Defend_P","Eruption","Vigilance","PathToVictory+1","PathToVictory+1","CutThroughFate+1","EmptyBody","EmptyMind+1","DeusExMachina+1","Perseverance+1","Sanctity+1","Scrawl+1","PathToVictory+1","Master of Strategy","Dark Shackles","Shame","Discovery","JustLucky"],"relics":["PureWater","Bloody Idol","Regal Pillow","Cursed Key","Dream Catcher","Coffee Dripper","Oddly Smooth Stone","Bag of Marbles","Anchor","Strawberry"],"acts_visited":["TheBeyond","TheEnding"],"potions_floor_usage":[51,55,56],"damage_taken":[{"damage":3.0,"enemies":"Jaw Worm","floor":1.0,"turns":5.0},{"damage":0.0,"enemies":"Cultist","floor":3.0,"turns":3.0},{"damage":2.0,"enemies":"2 Louse","floor":4.0,"turns":4.0},{"damage":6.0,"enemies":"Looter","floor":5.0,"turns":4.0},{"damage":0.0,"enemies":"Blue Slaver","floor":12.0,"turns":4.0},{"damage":7.0,"enemies":"3 Louse","floor":13.0,"turns":2.0},{"damage":9.0,"enemies":"Lots of Slimes","floor":14.0,"turns":5.0},{"damage":20.0,"enemies":"The Guardian","floor":16.0,"turns":8.0},{"damage":9.0,"enemies":"Shell Parasite","floor":18.0,"turns":3.0},{"damage":7.0,"enemies":"2 Thieves","floor":21.0,"turns":5.0},{"damage":7.0,"enemies":"3 Cultists","floor":22.0,"turns":4.0},{"damage":2.0,"enemies":"Snecko","floor":27.0,"turns":4.0},{"damage":34.0,"enemies":"Shelled Parasite and Fungi","floor":28.0,"turns":5.0},{"damage":2.0,"enemies":"Centurion and Healer","floor":31.0,"turns":3.0},{"damage":8.0,"enemies":"Champ","floor":33.0,"turns":5.0},{"damage":9.0,"enemies":"Orb Walker","floor":35.0,"turns":2.0},{"damage":10.0,"enemies":"3 Darklings","floor":39.0,"turns":2.0},{"damage":0.0,"enemies":"Sphere and 2 Shapes","floor":41.0,"turns":2.0},{"damage":0.0,"enemies":"Writhing Mass","floor":42.0,"turns":2.0},{"damage":0,"enemies":"Reptomancer","floor":44,"turns":2},{"damage":0,"enemies":"Transient","floor":45,"turns":5},{"damage":0,"enemies":"Nemesis","floor":46,"turns":3},{"damage":0,"enemies":"Reptomancer","floor":48,"turns":2},{"damage":47,"enemies":"Donu and Deca","floor":50,"turns":5},{"damage":9,"enemies":"Time Eater","floor":51,"turns":3},{"damage":17,"enemies":"Shield and Spear","floor":55,"turns":5},{"damage":50,"enemies":"The Heart","floor":56,"turns":2}],"seed_played":"8727829587350469550","potions_obtained":[{"floor":2.0,"key":"Weak Potion"},{"floor":2.0,"key":"SneckoOil"},{"floor":3.0,"key":"FearPotion"},{"floor":5.0,"key":"BlessingOfTheForge"},{"floor":14.0,"key":"LiquidMemories"},{"floor":21.0,"key":"Explosive Potion"},{"floor":27.0,"key":"BottledMiracle"},{"floor":35.0,"key":"Explosive Potion"},{"floor":45,"key":"Dexterity Potion"}],"is_trial":false,"path_per_floor":["M","?","M","M","M","R","?","?","T","$","R","M","M","M","R","B",null,"M","$","?","M","M","R","?","R","T","M","M","R","$","M","R","B",null,"M","?","$","?","M","R","M","M","T","E","M","E","R","E","R","B","B",null,"R","$","E","B"],"character_chosen":"WATCHER","items_purchased":["BottledMiracle","Discovery"],"campfire_rested":2,"item_purchase_floors":[54,54],"current_hp_per_floor":[40,40,40,38,32,32,32,25,25,25,58,58,51,42,42,22,52,43,43,43,46,44,44,44,44,49,52,23,56,56,59,59,56,61,57,47,47,62,57,57,62,62,62,62,62,62,62,62,62,15,6,48,48,48,43,0,0],"gold":35,"neow_bonus":"TRANSFORM_TWO_CARDS","is_daily":false,"chose_seed":false,"campfire_upgraded":8,"win_rate":0.0,"timestamp":1608470422,"path_taken":["M","?","?","M","M","R","?","?","T","$","R","M","M","M","R","BOSS","M","$","?","M","M","R","?","R","T","M","M","R","?","M","R","BOSS","M","?","$","?","M","R","?","M","T","E","M","E","R","E","R","BOSS","BOSS","R","$","E","BOSS"],"items_purchased_type":["Potion","Card"],"build_version":"2020-12-13","purchased_purges":4,"victory":false,"max_hp_per_floor":[68,68,68,68,68,68,62,62,62,62,62,62,62,62,62,62,62,62,62,62,62,62,62,62,62,62,62,62,62,62,62,62,62,62,62,62,62,62,62,62,62,62,62,62,62,62,62,62,62,62,62,62,62,62,69,69,69],"card_choices":[{"not_picked":["ClearTheMind","Prostrate","CrushJoints"],"picked":"SKIP","floor":1.0},{"not_picked":["Wireheading","Prostrate"],"picked":"PathToVictory","floor":3.0},{"not_picked":["Prostrate","FollowUp"],"picked":"CutThroughFate","floor":4.0},{"not_picked":["Collect","ReachHeaven"],"picked":"EmptyBody","floor":5.0},{"not_picked":["Crescendo","CutThroughFate","FlurryOfBlows"],"picked":"SKIP","floor":12.0},{"not_picked":["ReachHeaven","WindmillStrike","ForeignInfluence"],"picked":"SKIP","floor":13.0},{"not_picked":["Perseverance","FollowUp"],"picked":"EmptyMind","floor":14.0},{"not_picked":["Establishment","Devotion"],"picked":"DeusExMachina","floor":16.0},{"not_picked":["EmptyFist","FearNoEvil","BowlingBash+1"],"picked":"SKIP","floor":18.0},{"not_picked":["CarveReality","WaveOfTheHand+1"],"picked":"Perseverance","floor":21.0},{"not_picked":["BowlingBash+1","ReachHeaven","FlyingSleeves"],"picked":"SKIP","floor":22.0},{"not_picked":["Indignation","Weave","Fasting2"],"picked":"SKIP","floor":27.0},{"not_picked":["SignatureMove","Halt","EmptyFist"],"picked":"SKIP","floor":28.0},{"not_picked":["EmptyFist","ClearTheMind"],"picked":"Sanctity","floor":29.0},{"not_picked":["ClearTheMind","Consecrate","CutThroughFate"],"picked":"SKIP","floor":31.0},{"not_picked":["ConjureBlade","Devotion"],"picked":"Scrawl","floor":33.0},{"not_picked":["EmptyFist","CrushJoints+1"],"picked":"PathToVictory+1","floor":35.0},{"not_picked":["Bandage Up","Impatience"],"picked":"Master of Strategy","floor":36.0},{"not_picked":["Madness","Magnetism"],"picked":"Dark Shackles","floor":36.0},{"not_picked":["Protect+1","JustLucky","Halt"],"picked":"SKIP","floor":39.0},{"not_picked":["Meditate+1","CutThroughFate","Swivel+1"],"picked":"SKIP","floor":41.0},{"not_picked":["Nirvana","FearNoEvil+1","JustLucky"],"picked":"SKIP","floor":42.0},{"not_picked":["TalkToTheHand","Blasphemy","Prostrate"],"picked":"SKIP","floor":44},{"not_picked":["JustLucky","CrushJoints+1","Crescendo+1"],"picked":"SKIP","floor":45},{"not_picked":["Indignation","CrushJoints","BowlingBash"],"picked":"SKIP","floor":46},{"not_picked":["WindmillStrike","WheelKick","Consecrate"],"picked":"SKIP","floor":48},{"not_picked":["CutThroughFate","EmptyFist+1"],"picked":"JustLucky","floor":55}],"player_experience":826656,"relics_obtained":[{"floor":9.0,"key":"Regal Pillow"},{"floor":26.0,"key":"Dream Catcher"},{"floor":44,"key":"Oddly Smooth Stone"},{"floor":46,"key":"Bag of Marbles"},{"floor":48,"key":"Anchor"},{"floor":55,"key":"Strawberry"}],"event_choices":[{"damage_healed":0.0,"max_hp_gain":0.0,"max_hp_loss":0.0,"gold_gain":0.0,"event_name":"The Woman in Blue","player_choice":"Bought 2 Potions","floor":2.0,"gold_loss":0.0,"damage_taken":0.0},{"damage_healed":0.0,"max_hp_gain":0.0,"max_hp_loss":6.0,"gold_gain":0.0,"event_name":"Golden Idol","player_choice":"Lose Max HP","floor":7.0,"gold_loss":0.0,"damage_taken":0.0,"relics_obtained":["Golden Idol"]},{"cards_removed":["Strike_P"],"damage_healed":0.0,"max_hp_gain":0.0,"max_hp_loss":0.0,"gold_gain":0.0,"event_name":"Golden Wing","player_choice":"Card Removal","floor":8.0,"gold_loss":0.0,"damage_taken":7.0},{"damage_healed":0.0,"max_hp_gain":0.0,"max_hp_loss":0.0,"gold_gain":0.0,"event_name":"Forgotten Altar","player_choice":"Gave Idol","floor":20.0,"relics_lost":["Golden Idol"],"gold_loss":0.0,"damage_taken":0.0,"relics_obtained":["Bloody Idol"]},{"cards_removed":["Strike_P"],"damage_healed":0.0,"max_hp_gain":0.0,"max_hp_loss":0.0,"gold_gain":0.0,"event_name":"Beggar","player_choice":"Gave Gold","floor":24.0,"gold_loss":75.0,"damage_taken":0.0},{"damage_healed":0.0,"max_hp_gain":0.0,"max_hp_loss":0.0,"gold_gain":0.0,"event_name":"SensoryStone","player_choice":"Memory 3","floor":36.0,"gold_loss":0.0,"damage_taken":10.0},{"cards_removed":["WaveOfTheHand"],"damage_healed":15.0,"max_hp_gain":0.0,"max_hp_loss":0.0,"gold_gain":0.0,"event_name":"Bonfire Elementals","player_choice":"Offered Uncommon","floor":38.0,"gold_loss":0.0,"damage_taken":0.0}],"is_beta":false,"boss_relics":[{"not_picked":["Fusion Hammer","Busted Crown"],"picked":"Cursed Key"},{"not_picked":["Velvet Choker","SacredBark"],"picked":"Coffee Dripper"}],"items_purged_floors":[10,19,30,37],"is_endless":false,"potions_floor_spawned":[3,5,14,21,27,35,39,45],"killed_by":"The Heart","ascension_level":20}}