{"host":"an6uhul3yec8m0jh","time":1608448078,"event":{"mods":["ATMod(°¢èªMod)","Act Like it!","BaseMod","Colored Map","Colored Powertips","Gensokyo","Highlight Path","Minty Spire (QoL Compilation)","Quick Restart","StSLib","Waifu the Spire","noobMod"],"gold_per_floor":[110,110,110,128,146,146,171,171,195,195,215,250,250,19,19,116,116,126,126,126,136,136,165,165,175,198,198,227,227,265,265,265,377,377,393,411,461,478,552,583,46,107,176,187,241,255,265,265,265,265,265,265,25,58,58],"floor_reached":56,"playtime":3003,"items_purged":["Defend_P"],"score":1691,"play_id":"62951916-34e6-49c7-892a-dc785ec56c07","local_time":"20201220150758","is_ascension_mode":true,"campfire_choices":[{"data":"Eruption","floor":6.0,"key":"SMITH"},{"data":"AT_RealColorLess","floor":8.0,"key":"SMITH"},{"data":"AT_IrregularMenstruation","floor":15.0,"key":"SMITH"},{"data":"Strike_P","floor":27.0,"key":"PURGE"},{"data":"Strike_P","floor":29.0,"key":"PURGE"},{"data":"BattleHymn","floor":32.0,"key":"PURGE"},{"data":"Strike_P","floor":32.0,"key":"PURGE"},{"data":"BowlingBash","floor":32.0,"key":"PURGE"},{"floor":49.0,"key":"RECALL"},{"data":"Defend_P","floor":52.0,"key":"PURGE"},{"data":"Vigilance","floor":52.0,"key":"PURGE"},{"data":"Defend_P","floor":52.0,"key":"PURGE"}],"circlet_count":0,"master_deck":["Defend_P","Eruption+1","AT_IrregularMenstruation+1","AT_RealColorLess+1","Adaptation+1","FlurryOfBlows+1","Crescendo+1","AT_MachinaRedman+1","Wallop+1","AT_RealColorLess+1","Omniscience+1","Gensokyo:FourOfAKind","Gensokyo:FourOfAKind","Gensokyo:FourOfAKind","Gensokyo:FourOfAKind","CutThroughFate","MasterReality","Madness","Madness","Adaptation","MentalFortress+1"],"relics":["PureWater","ice","AT_ATBox","Happy Flower","Peace Pipe","Pen Nib","AT_RedNoBalance","DollysMirror","VioletLotus","AT_SilvercatRing","Strawberry","Dream Catcher","CeramicFish","Meat on the Bone","Gensokyo:ConquerorOfFear","AT_TrinityForce","AT_TimeSand","AT_BellowingDragoncrestRing","Bottled Tornado","Whetstone","Eternal Feather","Ginger","Shuriken","Orichalcum"],"acts_visited":["Gensokyo:Gensokyo","Gensokyo:Gensokyoer","TheBeyond","TheEnding"],"potions_floor_usage":[55,55],"damage_taken":[{"damage":4.0,"enemies":"Gensokyo:Python","floor":1.0,"turns":4.0},{"damage":7.0,"enemies":"Gensokyo:2_Kodama","floor":4.0,"turns":4.0},{"damage":11.0,"enemies":"Gensokyo:Gryphon","floor":5.0,"turns":4.0},{"damage":0.0,"enemies":"Gensokyo:Mamizou","floor":7.0,"turns":5.0},{"damage":0.0,"enemies":"Gensokyo:2_Rabbits","floor":11.0,"turns":2.0},{"damage":10.0,"enemies":"Gensokyo:Aya","floor":12.0,"turns":3.0},{"damage":6.0,"enemies":"Gensokyo:Kokoro","floor":16.0,"turns":3.0},{"damage":0.0,"enemies":"Gensokyo:Chomper","floor":18.0,"turns":1.0},{"damage":2.0,"enemies":"Gensokyo:2_Gloops","floor":21.0,"turns":3.0},{"damage":0.0,"enemies":"Gensokyo:Koishi","floor":23.0,"turns":2.0},{"damage":19.0,"enemies":"Gensokyo:Mirror_and_Dog","floor":25.0,"turns":2.0},{"damage":0.0,"enemies":"Gensokyo:Reisen","floor":28.0,"turns":3.0},{"damage":14.0,"enemies":"Gensokyo:Koishi","floor":30.0,"turns":4.0},{"damage":9.0,"enemies":"Gensokyo:Kaguya","floor":33.0,"turns":3.0},{"damage":0.0,"enemies":"Orb Walker","floor":35.0,"turns":1.0},{"damage":0.0,"enemies":"Mind Bloom Boss Battle","floor":37.0,"turns":2.0},{"damage":0.0,"enemies":"3 Darklings","floor":38.0,"turns":1.0},{"damage":0.0,"enemies":"Nemesis","floor":40.0,"turns":3.0},{"damage":0.0,"enemies":"Reptomancer","floor":42.0,"turns":1.0},{"damage":0.0,"enemies":"Transient","floor":44.0,"turns":1.0},{"damage":0.0,"enemies":"Nemesis","floor":45.0,"turns":1.0},{"damage":0.0,"enemies":"4 Shapes","floor":46.0,"turns":1.0},{"damage":0.0,"enemies":"Writhing Mass","floor":47.0,"turns":1.0},{"damage":0.0,"enemies":"Awakened One","floor":50.0,"turns":2.0},{"damage":0.0,"enemies":"Shield and Spear","floor":54.0,"turns":1.0},{"damage":2,"enemies":"The Heart","floor":55,"turns":3}],"seed_played":"1885962940510394844","potions_obtained":[{"floor":11.0,"key":"Weak Potion"},{"floor":12.0,"key":"LiquidMemories"},{"floor":16.0,"key":"Regen Potion"},{"floor":21.0,"key":"EssenceOfSteel"},{"floor":38.0,"key":"DuplicationPotion"},{"floor":40.0,"key":"LiquidBronze"},{"floor":46.0,"key":"Energy Potion"}],"is_trial":false,"path_per_floor":["M","?","?","M","M","R","E","R","T","?","M","E","?","$","R","B",null,"M","?","T","M","?","E","?","M","T","R","E","R","E","?","R","B",null,"M","?","?","M","T","E","$","E","T","M","E","M","M","?","R","B",null,"R","$","E","B",null],"character_chosen":"WATCHER","items_purchased":["DollysMirror","AT_BellowingDragoncrestRing","Bottled Tornado","Adaptation","Shuriken"],"campfire_rested":0,"item_purchase_floors":[14,41,41,41,53],"current_hp_per_floor":[68,68,54,47,36,36,36,36,36,36,36,26,26,26,26,30,72,36,36,36,34,34,32,32,13,13,13,13,13,51,51,51,51,59,59,52,52,52,52,52,52,52,52,52,52,52,52,52,59,59,59,59,59,59,57],"gold":58,"neow_bonus":"ONE_RANDOM_RARE_CARD","is_daily":false,"chose_seed":false,"campfire_upgraded":3,"win_rate":0.0,"timestamp":1608448078,"path_taken":["M","?","?","?","M","R","E","R","T","?","M","E","?","?","R","BOSS","M","?","?","M","?","E","?","M","T","R","E","R","E","?","R","BOSS","M","?","?","M","?","E","$","E","T","?","E","M","M","?","R","BOSS","R","$","E","BOSS"],"items_purchased_type":["Relic","Relic","Relic","Card","Relic"],"build_version":"2020-12-13","purchased_purges":1,"victory":true,"max_hp_per_floor":[72,72,72,72,72,72,72,72,72,72,72,72,72,72,72,72,72,72,72,72,72,51,58,58,58,58,58,58,58,59,59,59,59,59,59,59,59,59,59,59,59,59,59,59,59,59,59,59,59,59,59,59,59,59,59],"card_choices":[{"not_picked":["Consecrate","ThirdEye"],"picked":"Adaptation","floor":1.0},{"not_picked":["AT_RealFormLess","EmptyBody"],"picked":"BowlingBash","floor":4.0},{"not_picked":["Fasting2","Prostrate"],"picked":"FlurryOfBlows","floor":5.0},{"not_picked":["SashWhip","Vengeance","Halt"],"picked":"SKIP","floor":7.0},{"not_picked":["EmptyFist","Nirvana"],"picked":"Crescendo","floor":11.0},{"not_picked":["Prostrate","AT_IrregularMenstruation"],"picked":"AT_MachinaRedman","floor":12.0},{"not_picked":["FollowUp","ThirdEye"],"picked":"Wallop","floor":13.0},{"not_picked":["CarveReality","ThirdEye"],"picked":"BattleHymn","floor":13.0},{"not_picked":["AT_MachinaRedman","Alpha"],"picked":"Omniscience","floor":16.0},{"not_picked":["FlyingSleeves+1","WreathOfFlame","WindmillStrike"],"picked":"SKIP","floor":18.0},{"not_picked":["WindmillStrike","FlyingSleeves","EmptyFist"],"picked":"SKIP","floor":21.0},{"not_picked":["PathToVictory","EmptyFist","ConjureBlade"],"picked":"SKIP","floor":23.0},{"not_picked":["ThirdEye","Indignation+1","CrushJoints+1"],"picked":"SKIP","floor":25.0},{"not_picked":["PathToVictory+1","ThirdEye","FlyingSleeves"],"picked":"SKIP","floor":28.0},{"not_picked":["Perseverance+1","EmptyMind","CutThroughFate"],"picked":"SKIP","floor":30.0},{"not_picked":["Perseverance+1","EmptyMind"],"picked":"CutThroughFate","floor":30.0},{"not_picked":["AT_MachinaRedman","DeusExMachina"],"picked":"MasterReality","floor":33.0},{"not_picked":["EmptyFist+1","WaveOfTheHand+1","BowlingBash+1"],"picked":"SKIP","floor":35.0},{"not_picked":["Crescendo","SashWhip+1","BowlingBash"],"picked":"SKIP","floor":38.0},{"not_picked":["Prostrate","PathToVictory","Crescendo"],"picked":"SKIP","floor":40.0},{"not_picked":["Evaluate","Sanctity"],"picked":"MentalFortress","floor":42.0},{"not_picked":["FlurryOfBlows","FollowUp","MentalFortress"],"picked":"SKIP","floor":44.0},{"not_picked":["Prostrate","Devotion","Crescendo+1"],"picked":"SKIP","floor":45.0},{"not_picked":["WreathOfFlame+1","JustLucky+1","ThirdEye+1"],"picked":"SKIP","floor":46.0},{"not_picked":["FlurryOfBlows","EmptyFist","ForeignInfluence+1"],"picked":"SKIP","floor":47.0},{"not_picked":["WheelKick+1","Alpha","AT_IrregularMenstruation"],"picked":"SKIP","floor":54.0}],"player_experience":129415,"relics_obtained":[{"floor":7.0,"key":"Peace Pipe"},{"floor":9.0,"key":"Pen Nib"},{"floor":12.0,"key":"AT_SilverBalance"},{"floor":20.0,"key":"AT_SilvercatRing"},{"floor":23.0,"key":"Strawberry"},{"floor":26.0,"key":"Dream Catcher"},{"floor":28.0,"key":"CeramicFish"},{"floor":30.0,"key":"Meat on the Bone"},{"floor":33.0,"key":"Gensokyo:ConquerorOfFear"},{"floor":40.0,"key":"AT_TimeSand"},{"floor":42.0,"key":"Whetstone"},{"floor":43.0,"key":"Eternal Feather"},{"floor":45.0,"key":"Ginger"},{"floor":54.0,"key":"Orichalcum"}],"event_choices":[{"damage_healed":0.0,"max_hp_gain":0.0,"max_hp_loss":0.0,"gold_gain":0.0,"event_name":"Winding Halls","player_choice":"Embrace Madness","floor":36.0,"gold_loss":0.0,"damage_taken":7.0,"cards_obtained":["Madness","Madness"]},{"damage_healed":0.0,"max_hp_gain":0.0,"max_hp_loss":0.0,"gold_gain":0.0,"event_name":"MindBloom","player_choice":"Fight","floor":37.0,"gold_loss":0.0,"damage_taken":0.0},{"damage_healed":0.0,"max_hp_gain":0.0,"max_hp_loss":0.0,"gold_gain":0.0,"event_name":"SensoryStone","player_choice":"Memory 1","floor":48.0,"gold_loss":0.0,"damage_taken":0.0}],"is_beta":false,"boss_relics":[{"not_picked":["SlaversCollar","Busted Crown"],"picked":"VioletLotus"},{"not_picked":["Runic Pyramid","Snecko Eye"],"picked":"AT_TrinityForce"}],"items_purged_floors":[14],"is_endless":false,"potions_floor_spawned":[11,12,16,21,38,40,46],"ascension_level":2}}