{"host":"cz3p2o9n3b1gdmkz","time":1608486222,"event":{"mods":["AchievementEnabler","BaseMod","CapriCore","GungeonMod","Hermit","Lobotomy","Minty Spire (QoL Compilation)","Replay The Spire","Shop Mod","StSLib","SuperFastMode","The Cursed","The Dragon Tamer","The Gatherer","The Jungle","The Poker Player","The Runesmith"],"gold_per_floor":[116,116,116,130,74,74,102,27,80,80,98,111,128,139,139,214,214,232,232,12,29,29,29,29,29],"floor_reached":24,"playtime":543,"items_purged":["Strike_B"],"score":442,"play_id":"17b7e12c-4c0c-4e51-bb26-3ff658a8373c","local_time":"20201221024342","is_ascension_mode":true,"campfire_choices":[{"data":"Zap","floor":6,"key":"SMITH"},{"data":"Dualcast","floor":10,"key":"SMITH"},{"floor":15,"key":"REST"},{"floor":23,"key":"REST"}],"circlet_count":0,"master_deck":["AscendersBane","Strike_B+1","Strike_B+1","Defend_B","Defend_B","Defend_B","Defend_B","Zap+1","Dualcast+1","Go for the Eyes","Streamline","Gash","Genetic Algorithm","FTL","Sunder","Go for the Eyes","Scrape"],"relics":["Cracked Core","NeowsBlessing","Akabeko","Blue Doll","Ring of Chaos","Prayer Wheel","ReplayTheSpireMod:Lightbulb","MutagenicStrength"],"acts_visited":["Exordium","TheCity"],"potions_floor_usage":[16,21,24],"damage_taken":[{"damage":0,"enemies":"Jaw Worm","floor":1,"turns":1},{"damage":0,"enemies":"2 Louse","floor":4,"turns":1},{"damage":0,"enemies":"Gremlin Nob","floor":7,"turns":1},{"damage":0,"enemies":"Cultist","floor":11,"turns":3},{"damage":5,"enemies":"Blue Slaver","floor":12,"turns":2},{"damage":1,"enemies":"Looter","floor":13,"turns":2},{"damage":7,"enemies":"Exordium Wildlife","floor":14,"turns":3},{"damage":45,"enemies":"Hexaghost","floor":16,"turns":9},{"damage":20,"enemies":"2 Thieves","floor":18,"turns":4},{"damage":8,"enemies":"Chosen","floor":21,"turns":4},{"damage":49,"enemies":"Gremlin Leader","floor":24,"turns":6}],"seed_played":"-7676574683548742817","potions_obtained":[{"floor":4,"key":"LiquidMemories"},{"floor":7,"key":"Strength Potion"},{"floor":21,"key":"SneckoOil"}],"is_trial":false,"path_per_floor":["M","?","?","M","$","R","E","$","T","R","M","M","M","M","R","B",null,"M","?","$","M","?","R","E"],"character_chosen":"DEFECT","items_purchased":["Gash","ReplayTheSpireMod:Lightbulb"],"campfire_rested":2,"item_purchase_floors":[5,20],"current_hp_per_floor":[64,43,43,43,43,43,43,43,43,43,43,38,37,30,51,6,55,35,35,35,27,27,48,0,0],"gold":29,"neow_bonus":"THREE_ENEMY_KILL","is_daily":false,"chose_seed":false,"campfire_upgraded":2,"win_rate":0.0,"timestamp":1608486222,"path_taken":["M","?","?","?","$","R","E","$","T","R","M","M","M","M","R","BOSS","M","?","$","M","?","R","E"],"items_purchased_type":["Card","Relic"],"build_version":"2020-12-13","purchased_purges":1,"victory":false,"max_hp_per_floor":[71,71,71,71,71,71,71,71,71,71,71,71,71,71,71,71,71,71,71,71,71,71,71,71,71],"card_choices":[{"not_picked":["Conserve Battery","Reprogram"],"picked":"Go for the Eyes","floor":1},{"not_picked":["ReplayTheSpireMod:Reroute Power","Force Field"],"picked":"Streamline","floor":4},{"not_picked":["Melter","Cold Snap","Crystallizer"],"picked":"SKIP","floor":7},{"not_picked":["Streamline","Melter"],"picked":"Genetic Algorithm","floor":11},{"not_picked":["Compile Driver","Crystallizer"],"picked":"FTL","floor":12},{"not_picked":["Steam","Compile Driver"],"picked":"Sunder","floor":13},{"not_picked":["Rip and Tear","Defragment"],"picked":"Go for the Eyes","floor":14},{"not_picked":["Seek","Meteor Strike"],"picked":"ReplayTheSpireMod:Fabricate Wheel","floor":16},{"not_picked":["Barrage","Panic Button","Streamline"],"picked":"SKIP","floor":18},{"not_picked":["Ball Lightning","Reprogram","Go for the Eyes"],"picked":"SKIP","floor":18},{"not_picked":["Loop","Capacitor"],"picked":"Scrape","floor":21},{"not_picked":["Turbo+1","Static Discharge+1","Coolheaded"],"picked":"SKIP","floor":21}],"player_experience":1002026,"relics_obtained":[{"floor":7,"key":"Akabeko"},{"floor":9,"key":"Blue Doll"}],"event_choices":[{"damage_healed":0,"gold_gain":0,"player_choice":"Entered Light","damage_taken":21,"max_hp_gain":0,"max_hp_loss":0,"event_name":"Shining Light","floor":2,"gold_loss":0,"cards_upgraded":["Strike_B","Strike_B"]},{"cards_removed":["Strike_B"],"damage_healed":0,"gold_gain":0,"player_choice":"Offered Basic","damage_taken":0,"max_hp_gain":0,"max_hp_loss":0,"event_name":"Bonfire Elementals","floor":3,"gold_loss":0},{"damage_healed":0,"gold_gain":0,"player_choice":"Ignored","damage_taken":0,"max_hp_gain":0,"max_hp_loss":0,"event_name":"Vampires","floor":19,"gold_loss":0},{"damage_healed":0,"gold_gain":0,"player_choice":"Inject Mutagens","damage_taken":0,"relics_obtained":["MutagenicStrength"],"max_hp_gain":0,"max_hp_loss":0,"event_name":"Drug Dealer","floor":22,"gold_loss":0}],"is_beta":false,"boss_relics":[{"not_picked":["Coffee Dripper","FrozenCore"],"picked":"Ring of Chaos"}],"items_purged_floors":[8],"is_endless":false,"potions_floor_spawned":[4,7,11,13,21],"killed_by":"Gremlin Leader","ascension_level":20}}