{"host":"kw4o7b3ro2ktmmbe","time":1608432309,"event":{"mods":["BaseMod","Minty Spire (QoL Compilation)","StSLib","The Marked","Treasure Hunter"],"gold_per_floor":[125,137,137,137,137,137,168,180,207,222,247,247,247,277,277,278,278],"floor_reached":16,"playtime":1209,"items_purged":[],"score":108,"play_id":"6b99e5bc-3075-4289-8154-0f75a62eb0d1","local_time":"20201220154509","is_ascension_mode":false,"campfire_choices":[{"floor":6,"key":"REST"},{"data":"theMarked:MysticalArsenal","floor":12,"key":"SMITH"},{"floor":15,"key":"REST"}],"circlet_count":0,"master_deck":["theMarked:Strike","theMarked:Strike+1","theMarked:Strike","theMarked:Strike","theMarked:Strike+1","theMarked:Defend","theMarked:Defend","theMarked:Defend","theMarked:SoldierOfQuellstein+1","TH:ArmorSpikes","theMarked:Polarize","TH:CopperCoins","theMarked:MysticalArsenal+1","TH:CursedSword","TH:TreasureMap","theMarked:DeterminationOfTheMarked"],"relics":["theMarked:ArtifactOfAir","Ice Cream","Ancient Tea Set","Potion Belt","Happy Flower","Whetstone","Regal Pillow"],"acts_visited":["Exordium"],"potions_floor_usage":[14],"damage_taken":[{"damage":0,"enemies":"Small Slimes","floor":1,"turns":5},{"damage":1,"enemies":"Cultist","floor":2,"turns":3},{"damage":26,"enemies":"Lagavulin","floor":7,"turns":7},{"damage":1,"enemies":"Jaw Worm","floor":8,"turns":4},{"damage":2,"enemies":"Large Slime","floor":10,"turns":7},{"damage":12,"enemies":"3 Sentries","floor":14,"turns":7},{"damage":61,"enemies":"The Guardian","floor":16,"turns":9}],"seed_played":"4681925855383987057","potions_obtained":[{"floor":10,"key":"LiquidMemories"},{"floor":14,"key":"SmokeBomb"}],"is_trial":false,"path_per_floor":["M","M","?","$","?","R","E","M","T","M","T","R","?","E","R","B"],"character_chosen":"THE_DEFAULT","items_purchased":[],"campfire_rested":2,"item_purchase_floors":[],"current_hp_per_floor":[49,48,48,48,48,69,43,42,42,40,40,40,33,21,57,0,0],"gold":278,"neow_bonus":"ONE_RARE_RELIC","is_daily":false,"chose_seed":false,"campfire_upgraded":1,"win_rate":0.0,"timestamp":1608432309,"path_taken":["M","M","?","?","?","R","E","M","T","?","?","R","?","E","R","BOSS"],"items_purchased_type":[],"build_version":"2020-12-13","purchased_purges":0,"victory":false,"max_hp_per_floor":[70,70,70,70,70,70,70,70,70,70,70,70,70,70,70,70,70],"card_choices":[{"not_picked":["theMarked:BanishingStrike","theMarked:TwofoldDefense","theMarked:LightningStrikesTwice"],"picked":"SKIP","floor":1},{"not_picked":["theMarked:Parkour","theMarked:ChainLightning"],"picked":"theMarked:DeterminationOfTheMarked","floor":2},{"not_picked":["TH:CopperCoins"],"picked":"TH:ArmorSpikes","floor":7},{"not_picked":["theMarked:Panic","theMarked:PowerFlow","theMarked:WastefulAttack"],"picked":"SKIP","floor":7},{"not_picked":["theMarked:Parkour","theMarked:TwofoldDefense"],"picked":"theMarked:Polarize","floor":8},{"not_picked":["TH:PixieDust"],"picked":"TH:CopperCoins","floor":9},{"not_picked":["theMarked:DeterminationOfTheMarked","theMarked:EnhanceMovement"],"picked":"theMarked:MysticalArsenal","floor":10},{"not_picked":["TH:CopperCoins"],"picked":"TH:CursedSword","floor":11},{"not_picked":["TH:DeckOfManyThings"],"picked":"TH:TreasureMap","floor":14},{"not_picked":["theMarked:StartUp","theMarked:TwofoldDefense"],"picked":"theMarked:DeterminationOfTheMarked","floor":14}],"player_experience":1749821,"relics_obtained":[{"floor":7,"key":"Potion Belt"},{"floor":9,"key":"Happy Flower"},{"floor":11,"key":"Whetstone"},{"floor":14,"key":"Regal Pillow"}],"event_choices":[{"damage_healed":0,"gold_gain":0,"player_choice":"Upgraded","damage_taken":0,"max_hp_gain":0,"max_hp_loss":0,"event_name":"Upgrade Shrine","floor":3,"gold_loss":0,"cards_upgraded":["theMarked:SoldierOfQuellstein"]},{"cards_removed":["theMarked:DeterminationOfTheMarked"],"damage_healed":0,"gold_gain":0,"player_choice":"Gave Card","damage_taken":0,"relics_obtained":["Ancient Tea Set"],"max_hp_gain":0,"max_hp_loss":0,"event_name":"WeMeetAgain","floor":5,"gold_loss":0},{"cards_removed":["theMarked:Defend"],"damage_healed":0,"gold_gain":0,"player_choice":"Card Removal","damage_taken":7,"max_hp_gain":0,"max_hp_loss":0,"event_name":"Golden Wing","floor":13,"gold_loss":0}],"is_beta":false,"boss_relics":[],"items_purged_floors":[],"is_endless":false,"potions_floor_spawned":[10,14],"killed_by":"The Guardian","ascension_level":0}}