{"host":"p245q48pmopyklqs","time":1608436899,"event":{"mods":["AchievementEnabler","BaseMod","DeckTracker","Minty Spire (QoL Compilation)","Relic Stats","Slay-I","StSLib","SuperFastMode"],"gold_per_floor":[119,129,143,143,159,159,84,84,84,116,41,0,19,31,31,31,31],"floor_reached":16,"playtime":908,"items_purged":["Strike_G"],"score":204,"play_id":"1e13276c-e5b1-42c3-bc30-3321229abe83","local_time":"20201220130139","is_ascension_mode":true,"campfire_choices":[{"data":"Poisoned Stab","floor":6.0,"key":"SMITH"},{"data":"Neutralize","floor":8.0,"key":"SMITH"},{"data":"Corpse Explosion","floor":15.0,"key":"SMITH"}],"circlet_count":0,"master_deck":["AscendersBane","Strike_G","Strike_G","Defend_G","Defend_G","Defend_G","Defend_G","Survivor","Neutralize+1","Poisoned Stab+1","Corpse Explosion+1","Acrobatics","PiercingWail+1","Deflect+1"],"relics":["Ring of the Snake","Frozen Egg 2","Toxic Egg 2"],"acts_visited":["Exordium"],"potions_floor_usage":[16,16],"damage_taken":[{"damage":2.0,"enemies":"Small Slimes","floor":1.0,"turns":5.0},{"damage":0.0,"enemies":"Cultist","floor":2.0,"turns":4.0},{"damage":2.0,"enemies":"Jaw Worm","floor":3.0,"turns":4.0},{"damage":5.0,"enemies":"Exordium Wildlife","floor":5.0,"turns":3.0},{"damage":29.0,"enemies":"Lagavulin","floor":10.0,"turns":6.0},{"damage":9.0,"enemies":"Looter","floor":13.0,"turns":4.0},{"damage":0.0,"enemies":"Blue Slaver","floor":14.0,"turns":4.0},{"damage":12,"enemies":"Hexaghost","floor":16,"turns":9}],"seed_played":"1776611986697578041","potions_obtained":[{"floor":2.0,"key":"AttackPotion"},{"floor":5.0,"key":"ColorlessPotion"},{"floor":13.0,"key":"Dexterity Potion"}],"is_trial":false,"path_per_floor":["M","M","M","?","M","R","?","R","T","E","$","?","M","M","R","B"],"character_chosen":"THE_SILENT","items_purchased":[],"campfire_rested":0,"item_purchase_floors":[],"current_hp_per_floor":[57,57,55,55,50,50,50,50,50,21,21,21,12,12,12,0,0],"gold":31,"neow_bonus":"REMOVE_TWO","is_daily":false,"chose_seed":false,"campfire_upgraded":3,"win_rate":0.0,"timestamp":1608436899,"path_taken":["M","M","M","?","?","R","?","R","T","E","$","?","M","M","R","BOSS"],"items_purchased_type":[],"build_version":"2020-12-13","purchased_purges":1,"victory":false,"max_hp_per_floor":[60,60,60,60,60,60,60,60,60,60,60,60,60,60,60,60,60],"relic_stats":{"counters":[8,39],"obtain_stats":[{"Frozen Egg 2":9,"Toxic Egg 2":10,"Ring of the Snake":0},{"Frozen Egg 2":4,"Toxic Egg 2":5,"Ring of the Snake":0},{"Frozen Egg 2":16,"Toxic Egg 2":22,"Ring of the Snake":0}],"Ring of the Snake":[16]},"card_choices":[{"not_picked":["Deadly Poison","Cloak And Dagger"],"picked":"Poisoned Stab","floor":1.0},{"not_picked":["Deadly Poison","Acrobatics"],"picked":"Corpse Explosion","floor":2.0},{"not_picked":["Sucker Punch","Outmaneuver","Underhanded Strike"],"picked":"SKIP","floor":3.0},{"not_picked":["Flying Knee","Underhanded Strike"],"picked":"Acrobatics","floor":5.0},{"not_picked":["Cloak And Dagger+1","Escape Plan+1"],"picked":"PiercingWail+1","floor":10.0},{"not_picked":["Expertise+1","Flying Knee","Sucker Punch"],"picked":"SKIP","floor":13.0},{"not_picked":["Calculated Gamble+1","PiercingWail+1"],"picked":"Deflect+1","floor":14.0}],"player_experience":2317426,"relics_obtained":[{"floor":9.0,"key":"Frozen Egg 2"},{"floor":10.0,"key":"Toxic Egg 2"}],"event_choices":[{"damage_healed":0.0,"max_hp_gain":0.0,"max_hp_loss":0.0,"gold_gain":0.0,"event_name":"Match and Keep!","player_choice":"0 cards matched","floor":4.0,"gold_loss":0.0,"damage_taken":0.0,"cards_obtained":[]},{"cards_removed":["Strike_G"],"damage_healed":0.0,"max_hp_gain":0.0,"max_hp_loss":0.0,"gold_gain":0.0,"event_name":"The Cleric","player_choice":"Card Removal","floor":7.0,"gold_loss":75.0,"damage_taken":0.0},{"damage_healed":0.0,"max_hp_gain":0.0,"max_hp_loss":0.0,"gold_gain":0.0,"event_name":"World of Goop","player_choice":"Left Gold","floor":12.0,"gold_loss":41.0,"damage_taken":0.0}],"is_beta":false,"boss_relics":[],"items_purged_floors":[11],"is_endless":false,"potions_floor_spawned":[2,5,13],"killed_by":"Hexaghost","ascension_level":20}}