{"host":"08z5bj28eube4vug","time":1608440087,"event":{"mods":["2.2 Compatiblity","Abigail Mod","Act Like it!","BaseMod","Beaked The Cultist","Bestiary","Friendly Minions","Gensokyo","GungeonMod","Hallownest","Kiyohime????","Koishi","Lobotomy","Marisa????????","Minty Spire (QoL Compilation)","Prisma Mod","Remilia??????","Replay The Spire","StSLib","Td1madao Mod","The Alterego","The Bug Knight","The Jungle","The Sage","The Senshi","The Servant 0.9.4","Waifu the Spire","WarShipGirlsR/????R mod","Yuri Mod"],"gold_per_floor":[119,194,265,276,287,298,298,49,49,72,72,103,103,7,7,110,110,123,139,156,10,22,22,34,34,57,85,85,0,0,0,0,103,103,113,0,18,65,75,107,107,134,134,134,146,146,166,5,5,5],"floor_reached":51,"playtime":4312,"items_purged":["Parasite"],"score":890,"play_id":"f644c42d-24fe-49e0-9453-ab134f1d8605","local_time":"20201220075447","is_ascension_mode":true,"campfire_choices":[{"data":"rmod:steelsupply","floor":7,"key":"SMITH"},{"data":"rmod:maingunfire","floor":11,"key":"SMITH"},{"data":"rmod:ammunitionsupply","floor":15,"key":"SMITH"},{"data":"rmod:unsinkable","floor":23,"key":"SMITH"},{"data":"rmod:supportescort","floor":25,"key":"SMITH"},{"data":"rmod:tearstotiara","floor":32,"key":"SMITH"},{"data":"rmod:abidefaith","floor":41,"key":"SMITH"},{"data":"rmod:seals","floor":44,"key":"SMITH"},{"data":"rmod:diaomin","floor":46,"key":"SMITH"}],"circlet_count":0,"master_deck":["rmod:strick","rmod:strick","rmod:strick","rmod:strick","rmod:defend","rmod:defend","rmod:defend","rmod:defend","rmod:basicallowance","rmod:maingunfire+1","rmod:fletcherpendant","rmod:steelsupply+1","rmod:circuitoustactics+1","rmod:tearstotiara+1","rmod:garrisonisland+1","rmod:supportescort+1","rmod:luckystar+1","rmod:diamondstrike+1","rmod:ammunitionsupply+1","rmod:mineteam+1","rmod:firesupport+1","rmod:unsinkable+1","rmod:unsinkable+1","rmod:fletcherpendant+1","rmod:smokecover+1","rmod:seals+1","rmod:diaomin+1","rmod:abidefaith+1","rmod:supportescort+1","rmod:tearstotiara+1","rmod:desperatesituation","rmod:diamondstrike+1","rmod:wolves+1"],"relics":["rmod:firstchargereward","Anchor","Molten Egg 2","Replay:Baseball","Odd Mushroom","HollowMod:PaleOreRelic","Simple Rune","Coffee Dripper","Guide Book","Pen Nib","Juzu Bracelet","DemoMod:DecoyRelic","DemoMod:MemoryAlloy","ChewingGum","Red Mask","CaptainsWheel","Darkstone Periapt","ReplayTheSpireMod:TigerMarble","Replay:Wax Seal"],"acts_visited":["Exordium","TheCity","TheBeyond"],"potions_floor_usage":[12,24,27,33,38,40,47,50,50],"damage_taken":[{"damage":0,"enemies":"Jaw Worm","floor":1,"turns":3},{"damage":0,"enemies":"2 Louse","floor":4,"turns":2},{"damage":0,"enemies":"Cultist","floor":5,"turns":3},{"damage":0,"enemies":"2 Fungi Beasts","floor":6,"turns":4},{"damage":0,"enemies":"The Mushroom Lair","floor":10,"turns":3},{"damage":0,"enemies":"Lagavulin","floor":12,"turns":5},{"damage":0,"enemies":"Slime Boss","floor":16,"turns":4},{"damage":0,"enemies":"Shell Parasite","floor":18,"turns":2},{"damage":0,"enemies":"2 Thieves","floor":19,"turns":3},{"damage":0,"enemies":"Shelled Parasite and Fungi","floor":20,"turns":3},{"damage":0,"enemies":"Centurion and Healer","floor":22,"turns":4},{"damage":10,"enemies":"Snake Plant","floor":24,"turns":4},{"damage":0,"enemies":"Replay:Snechameleon","floor":27,"turns":6},{"damage":0,"enemies":"Collector","floor":33,"turns":10},{"damage":0,"enemies":"Orb Walker","floor":35,"turns":4},{"damage":0,"enemies":"3 Shapes","floor":37,"turns":4},{"damage":14,"enemies":"2 Orb Walkers","floor":38,"turns":4},{"damage":0,"enemies":"Spire Growth","floor":39,"turns":4},{"damage":1,"enemies":"Nemesis","floor":40,"turns":7},{"damage":62,"enemies":"Reptomancer","floor":42,"turns":7},{"damage":0,"enemies":"3 Darklings","floor":45,"turns":7},{"damage":0,"enemies":"Writhing Mass","floor":47,"turns":5},{"damage":33,"enemies":"Awakened One","floor":50,"turns":14}],"seed_played":"-6378218073209052472","potions_obtained":[{"floor":1,"key":"LiquidMemories"},{"floor":3,"key":"Doom Potion"},{"floor":3,"key":"CultistPotion"},{"floor":6,"key":"Adrenaline Potion"},{"floor":20,"key":"EssenceOfSteel"},{"floor":24,"key":"AttackPotion"},{"floor":33,"key":"LifebloodPotion"},{"floor":35,"key":"Energy Potion"},{"floor":45,"key":"Explosive Potion"},{"floor":47,"key":"Milkshake"}],"is_trial":false,"path_per_floor":["M","?","?","M","M","M","R","$","T","?","R","E","?","$","R","B",null,"M","M","M","$","M","R","M","R","T","E","?","?","$","?","R","B",null,"M","?","M","?","M","E","R","E","T","R","M","R","M","$","R","B",null],"character_chosen":"PRAEFECT","items_purchased":["Molten Egg 2","rmod:diamondstrike+1","rmod:ammunitionsupply","Guide Book","rmod:wolves+1","ColorlessPotion"],"campfire_rested":0,"item_purchase_floors":[8,14,14,21,48,48],"current_hp_per_floor":[75,64,64,64,64,64,64,64,64,64,64,64,61,61,61,61,75,75,75,75,75,75,75,65,65,65,65,65,65,65,65,65,65,75,75,75,75,61,61,60,60,42,42,42,42,42,48,48,71,38],"gold":5,"neow_bonus":"THREE_CARDS","is_daily":false,"chose_seed":false,"campfire_upgraded":9,"win_rate":0.0,"timestamp":1608440087,"path_taken":["M","?","?","?","M","M","R","$","T","?","R","E","?","?","R","BOSS","M","?","M","?","M","R","M","R","T","E","?","?","$","?","R","BOSS","M","?","M","?","M","E","R","E","T","R","M","R","M","?","R","BOSS"],"items_purchased_type":["Relic","Card","Card","Relic","Card","Potion"],"build_version":"2020-12-13","purchased_purges":1,"victory":true,"max_hp_per_floor":[75,75,75,75,75,75,75,75,75,75,75,75,75,75,75,75,75,75,75,75,75,75,75,75,75,75,75,75,75,75,75,75,75,75,75,75,75,75,75,75,75,75,75,75,75,75,81,78,78,78],"card_choices":[{"not_picked":["rmod:heivgo","rmod:victimresponsibility"],"picked":"rmod:fletcherpendant","floor":0},{"not_picked":["rmod:victimresponsibility","rmod:fuelsupply","rmod:combined"],"picked":"SKIP","floor":1},{"not_picked":["rmod:fuelsupply","rmod:luckystar"],"picked":"rmod:steelsupply","floor":3},{"not_picked":["rmod:slowdown","rmod:punchline"],"picked":"rmod:circuitoustactics","floor":4},{"not_picked":["rmod:heivgo","rmod:luckystar"],"picked":"rmod:tearstotiara","floor":5},{"not_picked":["rmod:ammunitionsupply","rmod:aluminumsupply"],"picked":"rmod:garrisonisland","floor":6},{"not_picked":["rmod:rockthrower+1","rmod:aviationdawn"],"picked":"rmod:supportescort","floor":10},{"not_picked":["rmod:fuelsupply","rmod:advancebysurprise"],"picked":"rmod:luckystar+1","floor":12},{"not_picked":["rmod:ammunitionsupply","rmod:fletcherpendant+1"],"picked":"rmod:mineteam","floor":18},{"not_picked":["rmod:fuelsupply","rmod:luckystar+1"],"picked":"rmod:firesupport+1","floor":19},{"not_picked":["rmod:spoils+1","rmod:sl","rmod:fletcherpendant+1"],"picked":"SKIP","floor":20},{"not_picked":["rmod:supportescort","rmod:punchline"],"picked":"rmod:unsinkable","floor":22},{"not_picked":["rmod:aluminumsupply","rmod:sl"],"picked":"rmod:unsinkable+1","floor":24},{"not_picked":["rmod:fuelsupply","rmod:firesupport+1"],"picked":"rmod:smokecover+1","floor":27},{"not_picked":["rmod:secretscript","rmod:supriseattacks"],"picked":"rmod:seals","floor":33},{"not_picked":["rmod:fletcherpendant+1","rmod:launchingtorpedo+1","rmod:advancebysurprise"],"picked":"SKIP","floor":35},{"not_picked":["rmod:punchline+1","rmod:combined+1"],"picked":"rmod:diaomin","floor":37},{"not_picked":["rmod:victimresponsibility","rmod:fletcherpendant+1"],"picked":"rmod:abidefaith","floor":38},{"not_picked":["rmod:fletcherpendant+1","rmod:victimresponsibility","rmod:launchingtorpedo+1"],"picked":"SKIP","floor":39},{"not_picked":["rmod:fuelsupply+1","rmod:steelsupply+1"],"picked":"rmod:supportescort+1","floor":40},{"not_picked":["rmod:combined+1","rmod:punchline+1"],"picked":"rmod:tearstotiara+1","floor":42},{"not_picked":["rmod:ammunitionsupply","rmod:gendarmerie"],"picked":"rmod:desperatesituation","floor":45},{"not_picked":["rmod:fuelsupply+1","rmod:victimresponsibility+1"],"picked":"rmod:diamondstrike+1","floor":47}],"player_experience":702876,"relics_obtained":[{"floor":3,"key":"Anchor"},{"floor":9,"key":"Replay:Baseball"},{"floor":10,"key":"Odd Mushroom"},{"floor":12,"key":"HollowMod:PaleOreRelic"},{"floor":26,"key":"Pen Nib"},{"floor":27,"key":"Juzu Bracelet"},{"floor":38,"key":"CaptainsWheel"},{"floor":40,"key":"Darkstone Periapt"},{"floor":42,"key":"ReplayTheSpireMod:TigerMarble"},{"floor":43,"key":"Replay:Wax Seal"}],"event_choices":[{"damage_healed":0,"gold_gain":75,"player_choice":"Gather Gold","damage_taken":11,"max_hp_gain":0,"max_hp_loss":0,"event_name":"World of Goop","floor":2,"gold_loss":0},{"damage_healed":0,"gold_gain":0,"player_choice":"Fought Mushrooms","damage_taken":0,"max_hp_gain":0,"max_hp_loss":0,"event_name":"Mushrooms","floor":10,"gold_loss":0},{"damage_healed":0,"gold_gain":0,"player_choice":"Success","damage_taken":3,"relics_obtained":["Simple Rune"],"max_hp_gain":0,"max_hp_loss":0,"event_name":"Scrap Ooze","floor":13,"gold_loss":0},{"damage_healed":0,"gold_gain":0,"player_choice":"Obtained Relic","damage_taken":0,"relics_obtained":["DemoMod:DecoyRelic"],"max_hp_gain":0,"max_hp_loss":0,"event_name":"Addict","floor":29,"gold_loss":85},{"damage_healed":0,"gold_gain":0,"player_choice":"Gave Potion","damage_taken":0,"relics_obtained":["DemoMod:MemoryAlloy"],"max_hp_gain":0,"max_hp_loss":0,"event_name":"WeMeetAgain","floor":31,"gold_loss":0},{"damage_healed":0,"gold_gain":0,"player_choice":"Paid","damage_taken":0,"relics_obtained":["Red Mask"],"max_hp_gain":0,"max_hp_loss":0,"event_name":"Tomb of Lord Red Mask","floor":36,"gold_loss":113},{"damage_healed":0,"gold_gain":0,"player_choice":"Fight","damage_taken":0,"max_hp_gain":0,"max_hp_loss":0,"event_name":"Mysterious Sphere","floor":38,"gold_loss":0}],"is_beta":false,"boss_relics":[{"not_picked":["Empty Cage","Replay:Drink Me"],"picked":"Coffee Dripper"},{"not_picked":["Honey Jar","ReplayTheSpireMod:DimensionalGlitch"],"picked":"ChewingGum"}],"items_purged_floors":[48],"is_endless":false,"potions_floor_spawned":[1,5,6,10,20,24,33,35,45,47],"ascension_level":1}}