{"host":"bvr4vhlu71s3njyz","time":1608434166,"event":{"mods":["2.2 Compatiblity","AchievementEnabler","Aspiration","Astrologer","Bard","BaseMod","Beaked The Cultist","Better Altar","Better Match","Better Note","Better Sensory Stone","Better Skull","Better Third Choice","CCEM","Conjunction","Downfall","Fiend Mod","Friendly Minions","Gremlin Mod","Hermit","Hubris","Infinite Spire","Jorbs\u0027s Wanderer Trilogy","Mad Scientist","Mimic Mod","Minty Spire (QoL Compilation)","Potionbrewer","Quarter Circle Forward PUNCH!","Replay The Spire","Robot Space Explorer","Shade Mod","Shedinja","Slumbering Mod","StSLib","The Blackbeard","The Bladedancer","The Bug Knight","The Clintock","The Construct","The Cursed","The Dragon Tamer","The Exalted","The Forsaken","The Hayseed","The Hierophant","The Judge","The Mystic","The Necromancer","The Poker Player","The Runesmith","The Sage","The Showman","TheArtist","TheFirefly","TheLocksmith","Trackpad","Wandering Minibosses","thorton","vexMod"],"gold_per_floor":[109,124,135,135,235,264,276,290,290,310,310,310,326,326,326,429,429,448,448,373,373,373,408,408,423,455,482,286,313,9,23,23,124,124,139,150,125,125,144,144,163,193,232,267,267,282,282,48,48,48],"floor_reached":51,"playtime":5345,"items_purged":[],"score":785,"play_id":"6a5ac3d9-3343-4c04-900a-8f8bed611ce7","local_time":"20201219221606","is_ascension_mode":false,"campfire_choices":[{"data":"RobotSpaceExplorer:StarDust","floor":15,"key":"SMITH"},{"data":"RobotSpaceExplorer:DroneSwarm","floor":24,"key":"SMITH"},{"data":"expansioncontent:QuickStudy","floor":32,"key":"SMITH"},{"data":"RobotSpaceExplorer:TrailblazerForm","floor":40,"key":"SMITH"},{"data":"RobotSpaceExplorer:MiniBoosters","floor":49,"key":"SMITH"}],"circlet_count":0,"master_deck":["RobotSpaceExplorer:Strike","RobotSpaceExplorer:Strike","RobotSpaceExplorer:Strike","RobotSpaceExplorer:Strike","RobotSpaceExplorer:Defend","RobotSpaceExplorer:Defend","RobotSpaceExplorer:Defend","RobotSpaceExplorer:Defend+1","RobotSpaceExplorer:Scan+1","RobotSpaceExplorer:MiniLasers","RobotSpaceExplorer:StarDust+1","RobotSpaceExplorer:MakeshiftVolley+1","RobotSpaceExplorer:SurgingShield","RobotSpaceExplorer:MiniDrones","RobotSpaceExplorer:Pulsar","RobotSpaceExplorer:StunGrenade","RobotSpaceExplorer:GlueShot","RobotSpaceExplorer:GearShield","RobotSpaceExplorer:DroneSwarm+1","infinitespire:Collect","RobotSpaceExplorer:TurboDodge","Apotheosis+1","infinitespire:NeuralNetwork","RobotSpaceExplorer:MiniBoosters+1","RobotSpaceExplorer:Fix+1","RobotSpaceExplorer:DoubleBlock+1","RobotSpaceExplorer:StarLightning","expansioncontent:QuickStudy+1","RobotSpaceExplorer:ScrapToss","RobotSpaceExplorer:ScrapShield","RobotSpaceExplorer:TrailblazerForm+1","RobotSpaceExplorer:IronShell+1","RobotSpaceExplorer:Comet","RobotSpaceExplorer:Calculate+1","RobotSpaceExplorer:Accelerator","hubris:Fate","Madness","Madness","expansioncontent:ChargeUp"],"relics":["RobotSpaceExplorer:TurboCore","Ancient Tea Set","Counterbalance","hubris:Towel","beaked:SacredDeck","CCEMRelics:BiPhaseBiplane","Bromod:ArcaneBarrier","CultistMask","theForsaken:Gavel","Mummified Hand","Pantograph","StoneCalendar","Replay:Baseball","Lizard Tail","CCEMRelics:CocoNut","qcfpunch:Lotus_Statue","CCEMRelics:OldTooth","Bromod:ArcaneFury","Ice Cream","War Paint"],"acts_visited":["Exordium","TheCity","TheBeyond"],"potions_floor_usage":[6,50,50],"damage_taken":[{"damage":0,"enemies":"2 Louse","floor":1,"turns":3},{"damage":2,"enemies":"Small Slimes","floor":2,"turns":6},{"damage":0,"enemies":"Cultist","floor":3,"turns":4},{"damage":7,"enemies":"Lagavulin","floor":6,"turns":6},{"damage":0,"enemies":"Large Slime","floor":7,"turns":5},{"damage":3,"enemies":"theSlumbering:NewSlaver","floor":8,"turns":4},{"damage":30,"enemies":"Gremlin Gang","floor":10,"turns":6},{"damage":0,"enemies":"3 Louse","floor":13,"turns":2},{"damage":19,"enemies":"Slime Boss","floor":16,"turns":6},{"damage":8,"enemies":"2 Thieves","floor":18,"turns":4},{"damage":3,"enemies":"Replay:Snechameleon","floor":23,"turns":6},{"damage":3,"enemies":"3 Cultists","floor":25,"turns":4},{"damage":0,"enemies":"Snake Plant","floor":26,"turns":9},{"damage":11,"enemies":"Slavers","floor":27,"turns":5},{"damage":2,"enemies":"Book of Stabbing","floor":29,"turns":6},{"damage":3,"enemies":"Snake Plant","floor":31,"turns":5},{"damage":0,"enemies":"Automaton","floor":33,"turns":7},{"damage":2,"enemies":"Orb Walker","floor":35,"turns":3},{"damage":0,"enemies":"3 Shapes","floor":36,"turns":6},{"damage":25,"enemies":"Jaw Worm Horde","floor":39,"turns":4},{"damage":0,"enemies":"Transient","floor":41,"turns":5},{"damage":26,"enemies":"Nemesis","floor":42,"turns":7},{"damage":0,"enemies":"Writhing Mass","floor":43,"turns":7},{"damage":0,"enemies":"Writhing Mass","floor":44,"turns":7},{"damage":3,"enemies":"Writhing Mass","floor":46,"turns":4},{"damage":10,"enemies":"Donu and Deca","floor":50,"turns":6}],"seed_played":"4811612008099431117","potions_obtained":[{"floor":2,"key":"potionbrewer:CleansingPotion"},{"floor":8,"key":"potionbrewer:CleansingPotion"},{"floor":10,"key":"Strength Potion"},{"floor":13,"key":"BlessingOfTheForge"},{"floor":39,"key":"infinitespire:BlackPotion"}],"is_trial":false,"path_per_floor":["M","M","M","?","?","E","M","M","T","M","?","?","M","?","R","B",null,"M","?","?","AVR","?","E","R","M","MIM","E","$","E","$","M","R","B",null,"M","M","?","?","M","R","M","E","MIM","MIM","?","M","?","$","R","B",null],"character_chosen":"RobotSpaceExplorer","items_purchased":["expansioncontent:QuickStudy","Lizard Tail","War Paint","expansioncontent:ChargeUp"],"campfire_rested":0,"item_purchase_floors":[28,30,48,48],"current_hp_per_floor":[82,80,80,80,80,73,73,70,70,40,40,40,40,64,64,45,82,74,74,74,74,74,71,71,68,74,63,63,67,67,76,76,82,82,80,82,82,82,57,57,57,48,68,80,59,68,57,57,57,84],"gold":48,"neow_bonus":"TEN_PERCENT_HP_BONUS","is_daily":false,"chose_seed":false,"campfire_upgraded":5,"win_rate":0.0,"timestamp":1608434166,"path_taken":["M","M","M","?","?","E","M","M","T","?","?","?","?","?","R","BOSS","M","?","?","AVR","?","E","R","?","MIM","E","$","E","?","M","R","BOSS","M","M","?","?","?","R","M","E","MIM","?","?","M","?","$","R","BOSS"],"items_purchased_type":["Card","Relic","Relic","Card"],"build_version":"2020-12-13","purchased_purges":0,"victory":true,"max_hp_per_floor":[82,82,82,82,82,82,82,82,82,82,82,82,82,82,82,82,82,82,82,82,82,82,82,82,82,82,82,82,82,82,82,82,82,82,82,82,82,82,82,82,82,87,87,87,87,87,87,87,87,87],"card_choices":[{"not_picked":["RobotSpaceExplorer:MetalStrike","RobotSpaceExplorer:SwiftStep"],"picked":"RobotSpaceExplorer:StarDust","floor":1},{"not_picked":["RobotSpaceExplorer:SwiftStep","RobotSpaceExplorer:FranticSearch"],"picked":"RobotSpaceExplorer:MakeshiftVolley","floor":2},{"not_picked":["RobotSpaceExplorer:Probe","RobotSpaceExplorer:ShockKick"],"picked":"RobotSpaceExplorer:SurgingShield","floor":3},{"not_picked":["RobotSpaceExplorer:FreezingShield","RobotSpaceExplorer:FrostMissile"],"picked":"RobotSpaceExplorer:MiniDrones","floor":6},{"not_picked":["RobotSpaceExplorer:SelfCleaning","RobotSpaceExplorer:SurgingStrike"],"picked":"RobotSpaceExplorer:Pulsar","floor":7},{"not_picked":["RobotSpaceExplorer:FrostMissile","RobotSpaceExplorer:ShockKick"],"picked":"RobotSpaceExplorer:StunGrenade","floor":8},{"not_picked":["RobotSpaceExplorer:Ammunition","RobotSpaceExplorer:MakeshiftVolley"],"picked":"RobotSpaceExplorer:GlueShot","floor":10},{"not_picked":["RobotSpaceExplorer:SwiftStep","RobotSpaceExplorer:ShovelStrike"],"picked":"RobotSpaceExplorer:GearShield","floor":13},{"not_picked":["RobotSpaceExplorer:Wormhole","RobotSpaceExplorer:ChargingLaser"],"picked":"RobotSpaceExplorer:DroneSwarm","floor":16},{"not_picked":["RobotSpaceExplorer:StarDust","RobotSpaceExplorer:ShovelStrike+1"],"picked":"RobotSpaceExplorer:TurboDodge","floor":18},{"not_picked":["Sadistic Nature+1","Thinking Ahead+1"],"picked":"Apotheosis+1","floor":20},{"not_picked":["RobotSpaceExplorer:GlueSpray","RobotSpaceExplorer:Ammunition"],"picked":"RobotSpaceExplorer:MiniBoosters","floor":23},{"not_picked":["RobotSpaceExplorer:SurgingShield+1","RobotSpaceExplorer:FrostMissile"],"picked":"RobotSpaceExplorer:Fix+1","floor":25},{"not_picked":["RobotSpaceExplorer:Counterblock","RobotSpaceExplorer:Ammunition"],"picked":"RobotSpaceExplorer:DoubleBlock+1","floor":26},{"not_picked":["RobotSpaceExplorer:Probe+1","RobotSpaceExplorer:HighVoltage"],"picked":"RobotSpaceExplorer:StarLightning","floor":27},{"not_picked":["RobotSpaceExplorer:ShockKick+1","RobotSpaceExplorer:SwiftStep"],"picked":"RobotSpaceExplorer:ScrapToss","floor":29},{"not_picked":["RobotSpaceExplorer:LaserBurst","RobotSpaceExplorer:SurgingStrike+1"],"picked":"RobotSpaceExplorer:ScrapShield","floor":31},{"not_picked":["RobotSpaceExplorer:HighVoltage","RobotSpaceExplorer:Arsenal"],"picked":"RobotSpaceExplorer:TrailblazerForm","floor":33},{"not_picked":["RobotSpaceExplorer:ScrapMissile","RobotSpaceExplorer:GlueSpray"],"picked":"RobotSpaceExplorer:IronShell+1","floor":35},{"not_picked":["RobotSpaceExplorer:Ammunition+1","RobotSpaceExplorer:Electropulse"],"picked":"RobotSpaceExplorer:Comet","floor":36},{"not_picked":["RobotSpaceExplorer:Ammunition+1","RobotSpaceExplorer:StunGrenade+1"],"picked":"RobotSpaceExplorer:Calculate+1","floor":39},{"not_picked":["RobotSpaceExplorer:FranticSearch+1","RobotSpaceExplorer:Electropulse+1","RobotSpaceExplorer:Probe"],"picked":"SKIP","floor":41},{"not_picked":["RobotSpaceExplorer:BigMissile","RobotSpaceExplorer:Blitz"],"picked":"RobotSpaceExplorer:Accelerator","floor":42},{"not_picked":["infinitespire:Gouge","infinitespire:Execution"],"picked":"hubris:Fate","floor":45},{"not_picked":["RobotSpaceExplorer:MakeshiftVolley","RobotSpaceExplorer:SurgingStrike","RobotSpaceExplorer:ShockKick"],"picked":"SKIP","floor":46}],"player_experience":1200944,"relics_obtained":[{"floor":6,"key":"Ancient Tea Set"},{"floor":9,"key":"Counterbalance"},{"floor":23,"key":"theForsaken:Gavel"},{"floor":26,"key":"Mummified Hand"},{"floor":26,"key":"Pantograph"},{"floor":27,"key":"StoneCalendar"},{"floor":29,"key":"Replay:Baseball"},{"floor":42,"key":"CCEMRelics:CocoNut"},{"floor":43,"key":"qcfpunch:Lotus_Statue"},{"floor":43,"key":"CCEMRelics:OldTooth"},{"floor":44,"key":"Bromod:ArcaneFury"},{"floor":44,"key":"Ice Cream"}],"event_choices":[{"damage_healed":0,"gold_gain":0,"player_choice":"Grow","damage_taken":0,"max_hp_gain":0,"max_hp_loss":0,"event_name":"Living Wall","floor":4,"gold_loss":0,"cards_upgraded":["RobotSpaceExplorer:MakeshiftVolley"]},{"damage_healed":0,"gold_gain":100,"player_choice":"Pray","damage_taken":0,"max_hp_gain":0,"max_hp_loss":0,"event_name":"Golden Shrine","floor":5,"gold_loss":0},{"damage_healed":0,"gold_gain":0,"player_choice":"Ignored","damage_taken":0,"max_hp_gain":0,"max_hp_loss":0,"event_name":"Transmorgrifier","floor":12,"gold_loss":0},{"damage_healed":0,"gold_gain":0,"player_choice":"Ignored","damage_taken":0,"max_hp_gain":0,"max_hp_loss":0,"event_name":"betterNote:BetterNote","floor":19,"gold_loss":0,"cards_obtained":["Iron Wave"]},{"damage_healed":0,"gold_gain":0,"player_choice":"2","damage_taken":0,"max_hp_gain":0,"max_hp_loss":0,"event_name":"betterMatch:BetterMatch","floor":20,"gold_loss":0,"cards_obtained":["betterMatch:ColorlessRareCard"]},{"damage_healed":0,"gold_gain":0,"player_choice":"Trade","damage_taken":0,"relics_obtained":["CultistMask"],"max_hp_gain":0,"max_hp_loss":0,"event_name":"FaceTrader","floor":22,"gold_loss":0},{"damage_healed":0,"gold_gain":0,"player_choice":"Full Heal","damage_taken":0,"max_hp_gain":0,"max_hp_loss":0,"event_name":"Wheel of Change","floor":38,"gold_loss":0},{"damage_healed":0,"gold_gain":0,"player_choice":"Embrace Madness","damage_taken":11,"max_hp_gain":0,"max_hp_loss":0,"event_name":"Winding Halls","floor":47,"gold_loss":0,"cards_obtained":["Madness","Madness"]}],"is_beta":false,"boss_relics":[{"not_picked":["ReplayTheSpireMod:DimensionalGlitch","aspiration:SilentSkillbook"],"picked":"beaked:SacredDeck"},{"not_picked":["hubris:HollowSoul","Pandora\u0027s Box"],"picked":"RobotSpaceExplorer:TurboCore"}],"items_purged_floors":[],"is_endless":false,"potions_floor_spawned":[2,8,10,13,18,27,39,41,42],"ascension_level":0}}