{"host":"x1qj4d8ympd5jdqh","time":1608454564,"event":{"mods":["AchievementEnabler","AlwaysNeverKeys","BaseMod","Colored Map","Custom Start","DeckTracker","Highlight Path","Minty Spire (QoL Compilation)","StSLib","SuperFastMode"],"gold_per_floor":[117,117,131,146,163,163,195,195,195,222,232,232,60,60,60,134,134,144,155,155,155],"floor_reached":20,"playtime":656,"items_purged":["Strike_R"],"score":418,"play_id":"0b9eb850-dc9b-46d0-9b62-ced73f4bdae5","local_time":"20201220175604","is_ascension_mode":true,"campfire_choices":[{"data":"Sword Boomerang","floor":6.0,"key":"SMITH"},{"data":"Demon Form","floor":8.0,"key":"SMITH"},{"data":"Bash","floor":15.0,"key":"SMITH"}],"circlet_count":0,"master_deck":["AscendersBane","Strike_R","Strike_R","Strike_R","Defend_R","Defend_R","Defend_R","Defend_R","Bash+1","Demon Form+1","Anger","Reaper","Sword Boomerang+1","Double Tap+1","Evolve","Second Wind+1","Feed","Finesse+1","Offering+1","Pommel Strike","Warcry+1"],"relics":["Burning Blood","Toxic Egg 2","Pantograph","Sundial","Coffee Dripper"],"acts_visited":["Exordium","TheCity"],"potions_floor_usage":[20],"damage_taken":[{"damage":2.0,"enemies":"Cultist","floor":1.0,"turns":4.0},{"damage":9.0,"enemies":"Jaw Worm","floor":3.0,"turns":5.0},{"damage":7.0,"enemies":"Small Slimes","floor":4.0,"turns":3.0},{"damage":29.0,"enemies":"Exordium Thugs","floor":5.0,"turns":5.0},{"damage":45.0,"enemies":"3 Sentries","floor":7.0,"turns":8.0},{"damage":0.0,"enemies":"Lagavulin","floor":10.0,"turns":4.0},{"damage":37.0,"enemies":"Gremlin Gang","floor":11.0,"turns":4.0},{"damage":42.0,"enemies":"Hexaghost","floor":16.0,"turns":7.0},{"damage":48.0,"enemies":"Spheric Guardian","floor":18.0,"turns":7.0},{"damage":6.0,"enemies":"Chosen","floor":19.0,"turns":3.0},{"damage":31,"enemies":"Snake Plant","floor":20,"turns":4}],"seed_played":"-363163886572254540","potions_obtained":[{"floor":1.0,"key":"LiquidMemories"},{"floor":5.0,"key":"BloodPotion"},{"floor":16.0,"key":"DuplicationPotion"}],"is_trial":false,"path_per_floor":["M","?","M","M","M","R","E","R","T","E","M","?","$","?","R","B",null,"M","M","M"],"character_chosen":"IRONCLAD","items_purchased":["Finesse+1"],"campfire_rested":0,"item_purchase_floors":[13],"current_hp_per_floor":[68,68,68,67,52,52,59,59,59,65,35,35,35,35,35,48,63,24,24,2,2],"gold":155,"neow_bonus":"THREE_RARE_CARDS","is_daily":false,"chose_seed":false,"campfire_upgraded":3,"win_rate":0.0,"timestamp":1608454564,"path_taken":["M","?","M","?","M","R","E","R","T","E","M","?","$","?","R","BOSS","M","M","M"],"items_purchased_type":["Card"],"build_version":"2020-12-13","purchased_purges":1,"victory":false,"max_hp_per_floor":[68,68,68,68,68,68,68,68,68,68,68,68,68,68,68,68,68,71,71,71,71],"card_choices":[{"not_picked":["Brutality","Reaper"],"picked":"Demon Form","floor":0.0},{"not_picked":["Heavy Blade","Reckless Charge"],"picked":"Anger","floor":1.0},{"not_picked":["Havoc","Perfected Strike","Reckless Charge"],"picked":"SKIP","floor":3.0},{"not_picked":["Havoc","Perfected Strike","Reckless Charge"],"picked":"SKIP","floor":3.0},{"not_picked":["Clothesline","Dark Embrace"],"picked":"Sword Boomerang","floor":4.0},{"not_picked":["Wild Strike","Perfected Strike","Flex"],"picked":"SKIP","floor":5.0},{"not_picked":["Dark Embrace","Body Slam"],"picked":"Double Tap+1","floor":7.0},{"not_picked":["Anger","Hemokinesis"],"picked":"Evolve","floor":10.0},{"not_picked":["Twin Strike","Hemokinesis"],"picked":"Second Wind+1","floor":11.0},{"not_picked":["Exhume+1","Impervious+1"],"picked":"Offering+1","floor":16.0},{"not_picked":["Cleave+1","Wild Strike"],"picked":"Pommel Strike","floor":18.0},{"not_picked":["Offering+1","Pummel"],"picked":"Warcry+1","floor":19.0}],"player_experience":1252441,"relics_obtained":[{"floor":7.0,"key":"Toxic Egg 2"},{"floor":9.0,"key":"Pantograph"},{"floor":10.0,"key":"Sundial"}],"event_choices":[{"damage_healed":0.0,"max_hp_gain":0.0,"max_hp_loss":0.0,"gold_gain":0.0,"event_name":"Match and Keep!","player_choice":"1 cards matched","floor":2.0,"gold_loss":0.0,"damage_taken":0.0,"cards_obtained":["Reaper"]},{"damage_healed":0.0,"max_hp_gain":0.0,"max_hp_loss":0.0,"gold_gain":0.0,"event_name":"Match and Keep!","player_choice":"1 cards matched","floor":2.0,"gold_loss":0.0,"damage_taken":0.0,"cards_obtained":["Reaper"]},{"damage_healed":0.0,"max_hp_gain":0.0,"max_hp_loss":0.0,"gold_gain":0.0,"cards_transformed":["Strike_R"],"event_name":"Living Wall","player_choice":"Change","floor":12.0,"gold_loss":0.0,"damage_taken":0.0,"cards_obtained":["Feed"]},{"damage_healed":0.0,"max_hp_gain":0.0,"max_hp_loss":0.0,"gold_gain":0.0,"event_name":"The Cleric","player_choice":"Leave","floor":14.0,"gold_loss":0.0,"damage_taken":0.0}],"is_beta":false,"boss_relics":[{"not_picked":["Sozu","Runic Dome"],"picked":"Coffee Dripper"}],"items_purged_floors":[13],"is_endless":false,"potions_floor_spawned":[1,5,16],"killed_by":"Snake Plant","ascension_level":20}}