{"host":"jpcy2bclvs7juczu","time":1608431739,"event":{"mods":["BaseMod","Block Reminder","Colored Map","Colored Powertips","Curses Come First","Filter the Spire","Minty Spire (QoL Compilation)","Quick Restart","Relic Stats","StSLib","everything is the same but u backflip on backflip","ojb\u0027s Better Paths Mod","ojb\u0027s Info Mod","slay the spire mod where everything is the same but ironclad has a cowboy hat"],"gold_per_floor":[109,109,109,129,148,148,176,187,187,187,220,220,241,265,265,394,394,412,435,214,227,227,227,271,296,323,81,125,125,125,224,224,350,350,364,364,419,419,457,488,488,514,514,514,231,264,34,55,55,55],"floor_reached":51,"playtime":2746,"items_purged":["Well Laid Plans"],"score":893,"play_id":"db8c0793-4ea7-4017-a305-1ac92eff6a8d","local_time":"20201220023539","is_ascension_mode":true,"campfire_choices":[{"data":"Poisoned Stab","floor":6.0,"key":"SMITH"},{"data":"Underhanded Strike","floor":10.0,"key":"SMITH"},{"data":"Malaise","floor":15.0,"key":"SMITH"},{"data":"Burst","floor":23.0,"key":"SMITH"},{"data":"Catalyst","floor":30.0,"key":"SMITH"},{"data":"Tactician","floor":32.0,"key":"SMITH"},{"data":"Wraith Form v2","floor":41.0,"key":"SMITH"},{"data":"Deadly Poison","floor":44.0,"key":"SMITH"},{"data":"Leg Sweep","floor":49,"key":"SMITH"}],"circlet_count":0,"master_deck":["Defend_G","Defend_G","Defend_G","Defend_G","Survivor","Neutralize","Poisoned Stab+1","Prepared+1","Underhanded Strike+1","Catalyst+1","Dagger Throw","Prepared","Deadly Poison+1","Malaise+1","Burst+1","Outmaneuver","Bullet Time","Tactician+1","Infinite Blades","Tools of the Trade","Leg Sweep","Flechettes","Wraith Form v2+1","Deadly Poison+1","HandOfGreed","Good Instincts","Catalyst+1","Backflip+1","PiercingWail","Blur+1","Dark Shackles","Leg Sweep+1","PiercingWail+1","Sucker Punch+1","Acrobatics+1"],"relics":["HoveringKite","Happy Flower","Ancient Tea Set","Ornamental Fan","Golden Idol","Runic Pyramid","Potion Belt","Centennial Puzzle","Anchor","Eternal Feather","The Courier","Empty Cage","The Specimen","InkBottle","Lantern","Peace Pipe","Medical Kit","Orrery","War Paint"],"acts_visited":["Exordium","TheCity","TheBeyond"],"potions_floor_usage":[],"damage_taken":[{"damage":4.0,"enemies":"Cultist","floor":1.0,"turns":4.0},{"damage":0.0,"enemies":"Jaw Worm","floor":4.0,"turns":4.0},{"damage":0.0,"enemies":"2 Louse","floor":5.0,"turns":3.0},{"damage":20.0,"enemies":"3 Sentries","floor":7.0,"turns":9.0},{"damage":7.0,"enemies":"Blue Slaver","floor":8.0,"turns":2.0},{"damage":15.0,"enemies":"Lagavulin","floor":11.0,"turns":6.0},{"damage":0.0,"enemies":"Looter","floor":13.0,"turns":2.0},{"damage":3.0,"enemies":"2 Fungi Beasts","floor":14.0,"turns":3.0},{"damage":5.0,"enemies":"Hexaghost","floor":16.0,"turns":9.0},{"damage":7.0,"enemies":"Shell Parasite","floor":18.0,"turns":4.0},{"damage":2.0,"enemies":"Chosen","floor":19.0,"turns":6.0},{"damage":6.0,"enemies":"Centurion and Healer","floor":21.0,"turns":8.0},{"damage":1.0,"enemies":"Gremlin Leader","floor":24.0,"turns":5.0},{"damage":6.0,"enemies":"Cultist and Chosen","floor":25.0,"turns":6.0},{"damage":23.0,"enemies":"Slavers","floor":28.0,"turns":6.0},{"damage":15.0,"enemies":"Collector","floor":33.0,"turns":8.0},{"damage":3.0,"enemies":"Orb Walker","floor":35.0,"turns":4.0},{"damage":0.0,"enemies":"3 Shapes","floor":37.0,"turns":8.0},{"damage":3.0,"enemies":"Jaw Worm Horde","floor":39.0,"turns":4.0},{"damage":12.0,"enemies":"Reptomancer","floor":40.0,"turns":7.0},{"damage":0.0,"enemies":"Giant Head","floor":46.0,"turns":5.0},{"damage":3,"enemies":"4 Shapes","floor":48,"turns":8},{"damage":0,"enemies":"Time Eater","floor":50,"turns":8}],"seed_played":"-3882606697802914160","potions_obtained":[{"floor":7.0,"key":"Weak Potion"},{"floor":11.0,"key":"Ancient Potion"},{"floor":14.0,"key":"GhostInAJar"},{"floor":18.0,"key":"AttackPotion"},{"floor":24.0,"key":"SteroidPotion"},{"floor":28.0,"key":"LiquidMemories"},{"floor":33.0,"key":"Fire Potion"},{"floor":35.0,"key":"Ancient Potion"},{"floor":37.0,"key":"AttackPotion"},{"floor":40.0,"key":"Explosive Potion"},{"floor":48,"key":"LiquidMemories"}],"is_trial":false,"path_per_floor":["M","?","?","M","M","R","E","M","T","R","E","?","M","M","R","B",null,"M","M","$","M","?","R","E","M","T","$","E","?","R","?","R","B",null,"M","?","M","?","M","E","R","T","T","R","$","E","$","M","R","B",null],"character_chosen":"THE_SILENT","items_purchased":["Bullet Time","Leg Sweep","Anchor","PowerPotion","Medical Kit","PiercingWail","Blur","Dark Shackles","Orrery","War Paint"],"campfire_rested":0,"item_purchase_floors":[20,27,27,27,45,45,45,45,47,47],"current_hp_per_floor":[66,66,59,59,59,59,39,32,32,32,17,17,17,14,14,9,65,58,56,56,50,50,50,49,43,43,43,20,20,32,32,44,29,65,62,52,52,52,49,37,52,52,52,65,65,65,65,62,65,65],"gold":55,"neow_bonus":"BOSS_RELIC","is_daily":false,"chose_seed":false,"campfire_upgraded":9,"win_rate":0.0,"timestamp":1608431739,"path_taken":["M","?","?","M","M","R","E","M","T","R","E","?","M","M","R","BOSS","M","M","$","M","?","R","E","M","T","$","E","?","R","?","R","BOSS","M","?","M","?","?","E","R","?","T","R","$","E","$","M","R","BOSS"],"items_purchased_type":["Card","Card","Relic","Potion","Relic","Card","Card","Card","Relic","Relic"],"build_version":"2020-12-13","purchased_purges":1,"victory":true,"max_hp_per_floor":[70,70,70,70,70,70,70,70,70,70,70,65,65,65,65,65,65,65,65,65,65,65,65,65,65,65,65,65,65,65,65,65,65,65,65,65,65,65,65,65,65,65,65,65,65,65,65,65,65,65],"relic_stats":{"Peace Pipe":0,"Centennial Puzzle":[18],"Happy Flower":[36],"counters":[23,129],"Ornamental Fan":[84],"Golden Idol":153,"HoveringKite":[88],"Eternal Feather":55,"War Paint":["Prepared","Blur"],"Medical Kit":[6],"obtain_stats":[{"Potion Belt":24,"Lantern":42,"Happy Flower":7,"The Specimen":38,"Golden Idol":12,"HoveringKite":0,"Eternal Feather":28,"The Courier":29,"War Paint":47,"Ancient Tea Set":9,"Empty Cage":34,"Medical Kit":45,"Peace Pipe":43,"Centennial Puzzle":26,"Anchor":27,"Ornamental Fan":11,"Orrery":47,"InkBottle":40,"Ring of the Snake":0,"Runic Pyramid":17},{"Potion Belt":13,"Lantern":20,"Happy Flower":4,"The Specimen":18,"Golden Idol":6,"HoveringKite":0,"Eternal Feather":15,"The Courier":15,"War Paint":21,"Ancient Tea Set":5,"Empty Cage":16,"Medical Kit":20,"Peace Pipe":20,"Centennial Puzzle":14,"Anchor":14,"Ornamental Fan":6,"Orrery":21,"InkBottle":20,"Ring of the Snake":0,"Runic Pyramid":9},{"Potion Belt":65,"Lantern":108,"Happy Flower":20,"The Specimen":97,"Golden Idol":28,"HoveringKite":0,"Eternal Feather":77,"The Courier":77,"War Paint":113,"Ancient Tea Set":22,"Empty Cage":85,"Medical Kit":108,"Peace Pipe":108,"Centennial Puzzle":71,"Anchor":71,"Ornamental Fan":28,"Orrery":113,"InkBottle":108,"Ring of the Snake":0,"Runic Pyramid":42}],"InkBottle":[7]},"card_choices":[{"not_picked":["Slice","Terror"],"picked":"Poisoned Stab","floor":1.0},{"not_picked":["PiercingWail","Sucker Punch"],"picked":"Underhanded Strike","floor":4.0},{"not_picked":["Underhanded Strike","Envenom"],"picked":"Catalyst","floor":5.0},{"not_picked":["Backflip","Setup"],"picked":"Dagger Throw","floor":7.0},{"not_picked":["Sucker Punch","Dodge and Roll"],"picked":"Prepared","floor":8.0},{"not_picked":["Calculated Gamble","Sucker Punch"],"picked":"Well Laid Plans","floor":11.0},{"not_picked":["Blur","Distraction"],"picked":"Deadly Poison","floor":13.0},{"not_picked":["Poisoned Stab","Dodge and Roll"],"picked":"Malaise","floor":14.0},{"not_picked":["Malaise","Envenom"],"picked":"Burst","floor":16.0},{"not_picked":["Flying Knee","Dodge and Roll+1"],"picked":"Outmaneuver","floor":18.0},{"not_picked":["Poisoned Stab","Backstab+1","Quick Slash"],"picked":"SKIP","floor":19.0},{"not_picked":["Dagger Spray","Poisoned Stab","Quick Slash+1"],"picked":"SKIP","floor":21.0},{"not_picked":["Crippling Poison","Sucker Punch+1"],"picked":"Tools of the Trade","floor":24.0},{"not_picked":["Tactician","Deadly Poison","Prepared"],"picked":"SKIP","floor":25.0},{"not_picked":["Dash+1","Bane"],"picked":"Flechettes","floor":28.0},{"not_picked":["Glass Knife","Adrenaline"],"picked":"Wraith Form v2","floor":33.0},{"not_picked":["Bane","Blade Dance"],"picked":"Deadly Poison+1","floor":35.0},{"not_picked":["Trip","Dramatic Entrance"],"picked":"HandOfGreed","floor":36.0},{"not_picked":["Purity","Forethought"],"picked":"Good Instincts","floor":36.0},{"not_picked":["Backstab","Sucker Punch","Slice"],"picked":"SKIP","floor":37.0},{"not_picked":["Setup+1","Quick Slash"],"picked":"Catalyst+1","floor":39.0},{"not_picked":["Blade Dance","Quick Slash"],"picked":"Backflip+1","floor":40.0},{"not_picked":["Catalyst+1","Sucker Punch"],"picked":"Leg Sweep","floor":46},{"not_picked":["Dash","Storm of Steel"],"picked":"PiercingWail+1","floor":47},{"not_picked":["Heel Hook+1","Well Laid Plans+1"],"picked":"Sucker Punch+1","floor":47},{"not_picked":["Dodge and Roll","Deadly Poison+1"],"picked":"Acrobatics+1","floor":48}],"player_experience":168159,"relics_obtained":[{"floor":7.0,"key":"Happy Flower"},{"floor":9.0,"key":"Ancient Tea Set"},{"floor":11.0,"key":"Ornamental Fan"},{"floor":24.0,"key":"Potion Belt"},{"floor":26.0,"key":"Centennial Puzzle"},{"floor":28.0,"key":"Eternal Feather"},{"floor":40.0,"key":"InkBottle"},{"floor":42.0,"key":"Lantern"},{"floor":43.0,"key":"Peace Pipe"}],"event_choices":[{"damage_healed":0.0,"max_hp_gain":0.0,"max_hp_loss":0.0,"gold_gain":0.0,"cards_transformed":["Strike_G"],"event_name":"Living Wall","player_choice":"Change","floor":2.0,"gold_loss":0.0,"damage_taken":0.0,"cards_obtained":["Prepared"]},{"cards_removed":["Defend_G"],"damage_healed":0.0,"max_hp_gain":0.0,"max_hp_loss":0.0,"gold_gain":0.0,"event_name":"Golden Wing","player_choice":"Card Removal","floor":3.0,"gold_loss":0.0,"damage_taken":7.0},{"damage_healed":0.0,"max_hp_gain":0.0,"max_hp_loss":5.0,"gold_gain":0.0,"event_name":"Golden Idol","player_choice":"Lose Max HP","floor":12.0,"gold_loss":0.0,"damage_taken":0.0,"relics_obtained":["Golden Idol"]},{"damage_healed":0.0,"max_hp_gain":0.0,"max_hp_loss":0.0,"gold_gain":0.0,"cards_transformed":["Strike_G","Strike_G"],"event_name":"Drug Dealer","player_choice":"Became Test Subject","floor":22.0,"gold_loss":0.0,"damage_taken":0.0,"cards_obtained":["Tactician","Infinite Blades"]},{"damage_healed":0.0,"max_hp_gain":0.0,"max_hp_loss":0.0,"gold_gain":0.0,"event_name":"The Mausoleum","player_choice":"Opened","floor":29.0,"gold_loss":0.0,"damage_taken":0.0,"relics_obtained":["The Courier"]},{"damage_healed":0.0,"max_hp_gain":0.0,"max_hp_loss":0.0,"gold_gain":99.0,"event_name":"Nest","player_choice":"Stole From Cult","floor":31.0,"gold_loss":0.0,"damage_taken":0.0},{"damage_healed":0.0,"max_hp_gain":0.0,"max_hp_loss":0.0,"gold_gain":0.0,"event_name":"SensoryStone","player_choice":"Memory 3","floor":36.0,"gold_loss":0.0,"damage_taken":10.0},{"damage_healed":0.0,"max_hp_gain":0.0,"max_hp_loss":0.0,"gold_gain":0.0,"event_name":"WeMeetAgain","player_choice":"Gave Potion","floor":38.0,"gold_loss":0.0,"damage_taken":0.0,"relics_obtained":["The Specimen"]}],"is_beta":false,"boss_relics":[{"not_picked":["Pandora\u0027s Box","SacredBark"],"picked":"Runic Pyramid"},{"not_picked":["Velvet Choker","SlaversCollar"],"picked":"Empty Cage"}],"items_purged_floors":[20],"is_endless":false,"potions_floor_spawned":[7,11,14,18,24,28,33,35,37,40,48],"ascension_level":1}}