{"host":"3jpwrwmmgyabjceh","time":1608495873,"event":{"mods":["AchievementEnabler","BaseMod","Colored Map","Colored Powertips","Highlight Path","Minty Spire (QoL Compilation)","StSLib"],"gold_per_floor":[110,126,44,63,63,63,163,183,183,214,89,100,100,100],"floor_reached":13,"playtime":417,"items_purged":["Strike_R"],"score":102,"play_id":"b475bcd7-e50c-4ebd-acab-b3d7279a1f60","local_time":"20201220232433","is_ascension_mode":true,"campfire_choices":[{"data":"Bash","floor":6,"key":"SMITH"}],"circlet_count":0,"master_deck":["Strike_R","Strike_R","Strike_R","Strike_R","Defend_R","Defend_R","Defend_R","Defend_R","Bash+1","Cleave","Uppercut","Heavy Blade","Regret","Iron Wave","Thunderclap","Searing Blow","Spot Weakness"],"relics":["Burning Blood","Smiling Mask","Ornamental Fan","WingedGreaves"],"acts_visited":["Exordium"],"potions_floor_usage":[10,13],"damage_taken":[{"damage":0,"enemies":"Small Slimes","floor":1,"turns":3},{"damage":10,"enemies":"Cultist","floor":2,"turns":4},{"damage":9,"enemies":"Jaw Worm","floor":4,"turns":3},{"damage":14,"enemies":"Looter","floor":8,"turns":3},{"damage":33,"enemies":"3 Sentries","floor":10,"turns":8},{"damage":10,"enemies":"Blue Slaver","floor":12,"turns":3},{"damage":43,"enemies":"Lagavulin","floor":13,"turns":5}],"seed_played":"240894893773267830","potions_obtained":[{"floor":8,"key":"Fire Potion"},{"floor":12,"key":"Regen Potion"}],"is_trial":false,"path_per_floor":["M","M","$","M","?","R","?","M","T","E","$","M","E"],"character_chosen":"IRONCLAD","items_purchased":["Uppercut","Searing Blow"],"campfire_rested":0,"item_purchase_floors":[3,11],"current_hp_per_floor":[80,76,76,73,73,73,73,65,65,38,38,34,0,0],"gold":100,"neow_bonus":"RANDOM_COMMON_RELIC","is_daily":false,"chose_seed":false,"campfire_upgraded":1,"win_rate":0.0,"timestamp":1608495873,"path_taken":["M","M","$","M","?","R","?","?","T","E","$","M","E"],"items_purchased_type":["Card","Card"],"build_version":"2020-12-13","purchased_purges":1,"victory":false,"max_hp_per_floor":[80,80,80,80,80,80,80,80,80,80,80,80,80,80],"card_choices":[{"not_picked":["Dropkick","Perfected Strike"],"picked":"Cleave","floor":1},{"not_picked":["True Grit","Seeing Red","Sword Boomerang"],"picked":"SKIP","floor":2},{"not_picked":["Wild Strike","Anger"],"picked":"Heavy Blade","floor":4},{"not_picked":["Havoc","Dual Wield"],"picked":"Iron Wave","floor":8},{"not_picked":["Berserk","Anger"],"picked":"Thunderclap","floor":10},{"not_picked":["Power Through","Pummel"],"picked":"Spot Weakness","floor":12}],"player_experience":236348,"relics_obtained":[{"floor":10,"key":"WingedGreaves"}],"event_choices":[{"damage_healed":0,"gold_gain":0,"player_choice":"Box","damage_taken":0,"relics_obtained":["Ornamental Fan"],"max_hp_gain":0,"max_hp_loss":0,"event_name":"Big Fish","floor":5,"gold_loss":0,"cards_obtained":["Regret"]},{"damage_healed":0,"gold_gain":100,"player_choice":"Gold","damage_taken":0,"max_hp_gain":0,"max_hp_loss":0,"event_name":"Wheel of Change","floor":7,"gold_loss":0}],"is_beta":false,"boss_relics":[],"items_purged_floors":[11],"is_endless":false,"potions_floor_spawned":[8,12],"killed_by":"Lagavulin","ascension_level":4}}