{"host":"skr63qsdfgeey3it","time":1608501355,"event":{"mods":["BaseMod","Colored Map","Hubris","Minty Spire (QoL Compilation)","Replay The Spire","Robot Space Explorer","Spicy Shops","StSLib"],"gold_per_floor":[116,116,136,150,174,207,207,237,264,281,89,109,16,29,29,126,126,142,142,142,20,39,39,65,65,65],"floor_reached":25,"playtime":1959,"items_purged":["Strike_G"],"score":358,"play_id":"03131d8b-c6fd-4fce-8ab3-a9b18b9face9","local_time":"20201220155555","is_ascension_mode":true,"campfire_choices":[{"data":"Dodge and Roll","floor":7,"key":"SMITH"},{"floor":15,"key":"REST"},{"data":"Night Terror","floor":23,"key":"SMITH"}],"circlet_count":0,"master_deck":["AscendersBane","Strike_G","Strike_G","Strike_G+1","Defend_G+1","Defend_G","Defend_G","Defend_G","Defend_G","Survivor","Neutralize","Toxin Wave","Dodge and Roll+1","ReplayTheSpireMod:From All Sides","Bouncing Flask","Noxious Fumes","Replay:Bootleg Shield Generator","Night Terror+1","Malaise","Dodge and Roll+1","Fluid Movement","Atom Bomb"],"relics":["Ring of the Snake","NeowsBlessing","Centennial Puzzle","Question Card","Simple Rune","hubris:ToyBattleship","Cursed Key","Onion Ring","Basket Of Snakes"],"acts_visited":["Exordium","TheCity"],"potions_floor_usage":[10,14,16,16,25],"damage_taken":[{"damage":0,"enemies":"Jaw Worm","floor":1,"turns":1},{"damage":0,"enemies":"Cultist","floor":3,"turns":1},{"damage":0,"enemies":"2 Louse","floor":4,"turns":1},{"damage":25,"enemies":"3 Sentries","floor":6,"turns":11},{"damage":20,"enemies":"Gremlin Nob","floor":8,"turns":5},{"damage":1,"enemies":"Exordium Thugs","floor":10,"turns":4},{"damage":1,"enemies":"Blue Slaver","floor":12,"turns":4},{"damage":1,"enemies":"Gremlin Gang","floor":14,"turns":4},{"damage":22,"enemies":"The Guardian","floor":16,"turns":9},{"damage":3,"enemies":"Shell Parasite","floor":18,"turns":5},{"damage":2,"enemies":"3 Byrds","floor":22,"turns":4},{"damage":14,"enemies":"Replay:Snechameleon","floor":24,"turns":6},{"damage":47,"enemies":"Cultist and Chosen","floor":25,"turns":5}],"seed_played":"-194202156584813153","potions_obtained":[{"floor":6,"key":"Explosive Potion"},{"floor":8,"key":"Block Potion"},{"floor":10,"key":"Strength Potion"},{"floor":14,"key":"Strength Potion"},{"floor":16,"key":"Reflective Coating"}],"is_trial":false,"path_per_floor":["M","?","M","M","T","E","R","E","T","M","$","M","$","M","R","B",null,"M","?","?","$","M","R","E","M"],"character_chosen":"THE_SILENT","items_purchased":["Noxious Fumes","Replay:Bootleg Shield Generator","Onion Ring"],"campfire_rested":1,"item_purchase_floors":[11,13,21],"current_hp_per_floor":[63,63,63,63,63,38,38,18,18,17,17,16,16,15,36,14,56,53,53,58,58,56,56,42,0,0],"gold":65,"neow_bonus":"THREE_ENEMY_KILL","is_daily":false,"chose_seed":false,"campfire_upgraded":2,"win_rate":0.0,"timestamp":1608501355,"path_taken":["M","?","M","?","?","E","R","E","T","M","$","M","?","M","R","BOSS","M","?","?","$","M","R","E","M"],"items_purchased_type":["Card","Card","Relic"],"build_version":"2020-12-13","purchased_purges":1,"victory":false,"max_hp_per_floor":[70,70,70,70,70,70,70,70,70,70,70,70,70,70,70,70,70,70,70,70,70,70,70,70,70,70],"card_choices":[{"not_picked":["Dagger Throw","hubris:SlightOfHand"],"picked":"Hidden Blade","floor":1},{"not_picked":["Dodge and Roll","Bane"],"picked":"Toxin Wave","floor":3},{"not_picked":["Escape Plan","Quick Slash"],"picked":"Dodge and Roll","floor":4},{"not_picked":["Expertise","Flying Knee"],"picked":"ReplayTheSpireMod:From All Sides","floor":6},{"not_picked":["Backflip","Dagger Spray","Skewer"],"picked":"Bouncing Flask","floor":8},{"not_picked":["Quick Slash","Poisoned Stab","Cloak And Dagger","Sucker Punch"],"picked":"SKIP","floor":10},{"not_picked":["Deflect","Deadly Poison","Calculated Gamble","Poisoned Stab"],"picked":"SKIP","floor":12},{"not_picked":["Dodge and Roll","Cloak And Dagger","Dagger Throw"],"picked":"Night Terror","floor":14},{"not_picked":["Wraith Form v2","Night Terror","Glass Knife"],"picked":"Malaise","floor":16},{"not_picked":["Deadly Poison","Setup","Prepared"],"picked":"Dodge and Roll+1","floor":18},{"not_picked":["Backflip+1","Hidden Blade","Eviscerate"],"picked":"Fluid Movement","floor":22},{"not_picked":["Underhanded Strike","Expertise","Acrobatics"],"picked":"Atom Bomb","floor":24}],"player_experience":722046,"relics_obtained":[{"floor":5,"key":"Centennial Puzzle"},{"floor":6,"key":"Question Card"},{"floor":8,"key":"Simple Rune"},{"floor":9,"key":"hubris:ToyBattleship"},{"floor":24,"key":"Basket Of Snakes"}],"event_choices":[{"cards_removed":["Strike_G"],"damage_healed":0,"gold_gain":0,"player_choice":"Purged","damage_taken":0,"max_hp_gain":0,"max_hp_loss":0,"event_name":"Purifier","floor":2,"gold_loss":0},{"cards_removed":["Hidden Blade"],"damage_healed":5,"gold_gain":0,"player_choice":"Offered Common","damage_taken":0,"max_hp_gain":0,"max_hp_loss":0,"event_name":"Bonfire Elementals","floor":20,"gold_loss":0},{"cards_removed":["Hidden Blade"],"damage_healed":5,"gold_gain":0,"player_choice":"Offered Special","damage_taken":0,"max_hp_gain":0,"max_hp_loss":0,"event_name":"Bonfire Elementals","floor":20,"gold_loss":0}],"is_beta":false,"boss_relics":[{"not_picked":["ReplayTheSpireMod:DimensionalGlitch","Kintsugi"],"picked":"Cursed Key"}],"items_purged_floors":[11],"is_endless":false,"potions_floor_spawned":[6,8,10,14,16],"killed_by":"Cultist and Chosen","ascension_level":11}}