{"host":"95i1gxnztdrdyvhi","time":1608496259,"event":{"mods":["AchievementEnabler","Act Like it!","BaseMod","Minty Spire (QoL Compilation)","Quick Restart","StSLib","The Marked"],"gold_per_floor":[119,131,146,146,44,44,219,248,248,248,248,248],"floor_reached":11,"playtime":337,"items_purged":["theMarked:Strike"],"score":71,"play_id":"7969eda9-8e89-4c0c-8aff-a1f7b466bb2a","local_time":"20201220203059","is_ascension_mode":false,"campfire_choices":[{"data":"theMarked:SoldierOfQuellstein","floor":6,"key":"SMITH"},{"data":"theMarked:Overcharge","floor":10,"key":"SMITH"}],"circlet_count":0,"master_deck":["theMarked:Strike","theMarked:Strike","theMarked:Strike","theMarked:Strike+1","theMarked:Defend","theMarked:Defend","theMarked:Defend","theMarked:Defend","theMarked:SoldierOfQuellstein+1","theMarked:Overcharge+1","theMarked:KeepCalmAndFightOn+1","theMarked:WastefulAttack","Doubt"],"relics":["theMarked:ArtifactOfAir","Juzu Bracelet","InkBottle"],"acts_visited":["Exordium"],"potions_floor_usage":[8],"damage_taken":[{"damage":0,"enemies":"Small Slimes","floor":1,"turns":3},{"damage":0,"enemies":"Cultist","floor":2,"turns":3},{"damage":0,"enemies":"2 Louse","floor":3,"turns":1},{"damage":16,"enemies":"Gremlin Nob","floor":8,"turns":4},{"damage":31,"enemies":"Lagavulin","floor":11,"turns":6}],"seed_played":"-3440481349891925553","potions_obtained":[{"floor":2,"key":"Block Potion"}],"is_trial":false,"path_per_floor":["M","M","M","?","$","R","?","E","T","R","E"],"character_chosen":"THE_DEFAULT","items_purchased":["theMarked:WastefulAttack"],"campfire_rested":0,"item_purchase_floors":[5],"current_hp_per_floor":[70,70,70,56,56,56,56,40,40,40,9,9],"gold":248,"neow_bonus":"THREE_CARDS","is_daily":false,"chose_seed":false,"campfire_upgraded":2,"win_rate":0.0,"timestamp":1608496259,"path_taken":["M","M","M","?","$","R","?","E","T","R","E"],"items_purchased_type":["Card"],"build_version":"2020-12-13","purchased_purges":1,"victory":false,"max_hp_per_floor":[70,70,70,70,70,70,70,70,70,70,70,70],"card_choices":[{"not_picked":["theMarked:LightningStrikesTwice","theMarked:Convert"],"picked":"theMarked:Overcharge","floor":0},{"not_picked":["theMarked:ResourceFulStrike","theMarked:KeepCalmAndFightOn","theMarked:RepellingDischarge"],"picked":"SKIP","floor":1},{"not_picked":["theMarked:ResourceFulStrike","theMarked:RepellingDischarge"],"picked":"theMarked:KeepCalmAndFightOn","floor":1},{"not_picked":["theMarked:ElectricStrings","theMarked:HeightenedSenses","theMarked:GodGivenPower"],"picked":"SKIP","floor":2},{"not_picked":["theMarked:Opportunist","theMarked:ResourceFulStrike","theMarked:Frustration"],"picked":"SKIP","floor":3},{"not_picked":["theMarked:Opportunist","theMarked:CreepingChasm","theMarked:TwofoldDefense"],"picked":"SKIP","floor":8}],"player_experience":646001,"relics_obtained":[{"floor":8,"key":"Juzu Bracelet"},{"floor":9,"key":"InkBottle"}],"event_choices":[{"damage_healed":0,"gold_gain":0,"player_choice":"Entered Light","damage_taken":14,"max_hp_gain":0,"max_hp_loss":0,"event_name":"Shining Light","floor":4,"gold_loss":0,"cards_upgraded":["theMarked:Strike","theMarked:KeepCalmAndFightOn"]},{"damage_healed":0,"gold_gain":175,"player_choice":"AGREE","damage_taken":0,"max_hp_gain":0,"max_hp_loss":0,"event_name":"Liars Game","floor":7,"gold_loss":0,"cards_obtained":["Doubt"]}],"is_beta":false,"boss_relics":[],"items_purged_floors":[5],"is_endless":false,"potions_floor_spawned":[2],"killed_by":"Lagavulin","ascension_level":0}}