{"host":"vumwfieg2b2mnrfl","time":1608498332,"event":{"mods":["AchievementEnabler","BaseMod","Minty Spire (QoL Compilation)","Rare Cards Sparkle","Relic Stats"],"gold_per_floor":[119,136,149,161,161,161,188,188,188,217,235,235,255,271,271,367,367,378,392,194,210,86,86,86,119,187,187,187],"floor_reached":27,"playtime":1149,"items_purged":[],"score":416,"play_id":"e8da6135-7d24-4ae9-a073-ab5794937b6d","local_time":"20201220150532","is_ascension_mode":true,"campfire_choices":[{"floor":6,"key":"REST"},{"floor":8,"key":"REST"},{"floor":12,"key":"REST"},{"data":"Static Discharge","floor":15,"key":"SMITH"},{"floor":23,"key":"REST"}],"circlet_count":0,"master_deck":["Strike_B","Strike_B","Strike_B","Strike_B","Defend_B","Defend_B","Defend_B","Defend_B","Zap","Dualcast","Static Discharge+1","Rebound","Auto Shields","Lockon","Undo","Go for the Eyes+1","Cold Snap+1","Cold Snap+1","Conserve Battery","Echo Form","Cold Snap+1","Skim","Electrodynamics","Self Repair"],"relics":["Cracked Core","Omamori","DataDisk","Pocketwatch","Molten Egg 2","The Courier","Black Star","Singing Bowl","Thread and Needle","Bird Faced Urn","Letter Opener"],"acts_visited":["Exordium","TheCity"],"potions_floor_usage":[16,21,24,27],"damage_taken":[{"damage":1,"enemies":"Cultist","floor":1,"turns":3},{"damage":9,"enemies":"Small Slimes","floor":2,"turns":3},{"damage":8,"enemies":"Jaw Worm","floor":3,"turns":4},{"damage":12,"enemies":"Looter","floor":4,"turns":4},{"damage":32,"enemies":"Gremlin Nob","floor":7,"turns":4},{"damage":19,"enemies":"3 Sentries","floor":10,"turns":6},{"damage":10,"enemies":"Lots of Slimes","floor":11,"turns":4},{"damage":4,"enemies":"2 Fungi Beasts","floor":13,"turns":3},{"damage":2,"enemies":"Blue Slaver","floor":14,"turns":3},{"damage":0,"enemies":"The Guardian","floor":16,"turns":9},{"damage":28,"enemies":"2 Thieves","floor":18,"turns":5},{"damage":13,"enemies":"Shell Parasite","floor":19,"turns":5},{"damage":18,"enemies":"Snake Plant","floor":21,"turns":2},{"damage":0,"enemies":"Cultist and Chosen","floor":24,"turns":1},{"damage":11,"enemies":"Gremlin Leader","floor":25,"turns":7},{"damage":33,"enemies":"Slavers","floor":27,"turns":4}],"seed_played":"983869516590592016","potions_obtained":[{"floor":1,"key":"SkillPotion"},{"floor":11,"key":"SpeedPotion"},{"floor":14,"key":"CultistPotion"},{"floor":16,"key":"SmokeBomb"},{"floor":18,"key":"GamblersBrew"}],"is_trial":false,"path_per_floor":["M","M","M","M","?","R","E","R","T","E","M","R","M","M","R","B",null,"M","M","$","M","$","R","M","E","T","E"],"character_chosen":"DEFECT","items_purchased":["Singing Bowl","Electrodynamics","Self Repair"],"campfire_rested":4,"item_purchase_floors":[20,22,22],"current_hp_per_floor":[67,58,50,38,38,60,28,50,50,31,21,43,39,37,37,37,66,38,25,25,7,7,29,29,27,27,0,0],"gold":187,"neow_bonus":"RANDOM_COMMON_RELIC","is_daily":false,"chose_seed":false,"campfire_upgraded":1,"win_rate":0.0,"timestamp":1608498332,"path_taken":["M","M","M","M","?","R","E","R","T","E","?","R","M","M","R","BOSS","M","M","$","M","?","R","M","E","T","E"],"items_purchased_type":["Relic","Card","Card"],"build_version":"2020-12-13","purchased_purges":0,"victory":false,"max_hp_per_floor":[75,75,75,75,75,75,75,75,75,75,75,75,75,75,75,75,75,75,75,75,75,75,75,75,77,77,77,77],"relic_stats":{"Singing Bowl":2,"counters":[16,67],"Bird Faced Urn":[4],"Black Star":1,"Letter Opener":[0],"obtain_stats":[{"DataDisk":5,"Singing Bowl":20,"Bird Faced Urn":25,"Molten Egg 2":9,"Thread and Needle":25,"The Courier":10,"Omamori":0,"Black Star":17,"Letter Opener":26,"Cracked Core":0,"Pocketwatch":7},{"DataDisk":4,"Singing Bowl":12,"Bird Faced Urn":15,"Molten Egg 2":5,"Thread and Needle":15,"The Courier":6,"Omamori":0,"Black Star":10,"Letter Opener":15,"Cracked Core":0,"Pocketwatch":5},{"DataDisk":14,"Singing Bowl":53,"Bird Faced Urn":63,"Molten Egg 2":18,"Thread and Needle":63,"The Courier":24,"Omamori":0,"Black Star":43,"Letter Opener":63,"Cracked Core":0,"Pocketwatch":18}],"Pocketwatch":[79]},"card_choices":[{"not_picked":["Barrage","Scrape"],"picked":"Static Discharge","floor":1},{"not_picked":["Steam Power","Static Discharge"],"picked":"Rebound","floor":2},{"not_picked":["Redo","Reprogram"],"picked":"Auto Shields","floor":3},{"not_picked":["Darkness","FTL"],"picked":"Lockon","floor":4},{"not_picked":["Compile Driver","Consume"],"picked":"Undo","floor":7},{"not_picked":["Reprogram","Stack"],"picked":"Go for the Eyes+1","floor":10},{"not_picked":["Gash+1","Redo"],"picked":"Cold Snap+1","floor":11},{"not_picked":["Compile Driver+1","Redo"],"picked":"Cold Snap+1","floor":13},{"not_picked":["White Noise","Biased Cognition"],"picked":"Conserve Battery","floor":14},{"not_picked":["Seek","Meteor Strike+1"],"picked":"Echo Form","floor":16},{"not_picked":["Beam Cell+1","Hello World"],"picked":"Cold Snap+1","floor":18},{"not_picked":["Gash+1","Tempest+1","Consume"],"picked":"SKIP","floor":19},{"not_picked":["Gash+1","Cold Snap+1"],"picked":"Skim","floor":21},{"not_picked":["Streamline+1","Rebound+1","Redo"],"picked":"Singing Bowl","floor":25}],"player_experience":268972,"relics_obtained":[{"floor":7,"key":"Pocketwatch"},{"floor":9,"key":"Molten Egg 2"},{"floor":10,"key":"The Courier"},{"floor":25,"key":"Thread and Needle"},{"floor":25,"key":"Bird Faced Urn"},{"floor":26,"key":"Letter Opener"}],"event_choices":[{"damage_healed":0,"gold_gain":0,"player_choice":"Gave Potion","damage_taken":0,"relics_obtained":["DataDisk"],"max_hp_gain":0,"max_hp_loss":0,"event_name":"WeMeetAgain","floor":5,"gold_loss":0}],"is_beta":false,"boss_relics":[{"not_picked":["Tiny House","Calling Bell"],"picked":"Black Star"}],"items_purged_floors":[],"is_endless":false,"potions_floor_spawned":[1,11,14,16,18,19],"killed_by":"Slavers","ascension_level":8}}