{"host":"tf8owpcxhp2xn1j6","time":1608467528,"event":{"mods":["AchievementEnabler","BaseMod","Colored Map","Colored Powertips","Custom Start","DeckTracker","Minty Spire (QoL Compilation)","Permanent Neow","Quick Restart","StSLib","SuperFastMode"],"gold_per_floor":[115,190,202,216,226,226,258,333,359,359,390,390,419,344,344,445,445,464,474,474,217,267,267,277,277,277,293,309,309,343,218,218,218,218],"floor_reached":33,"playtime":1602,"items_purged":["Defend_G","Defend_G","Strike_G"],"score":340,"play_id":"3df578dd-b50c-4564-9691-601c0e739bcf","local_time":"20201220213208","is_ascension_mode":true,"campfire_choices":[{"data":"Masterful Stab","floor":6.0,"key":"SMITH"},{"floor":10.0,"key":"RECALL"},{"data":"Envenom","floor":15.0,"key":"SMITH"},{"data":"Adrenaline","floor":23.0,"key":"SMITH"},{"data":"Poisoned Stab","floor":25,"key":"SMITH"},{"floor":29,"key":"REST"},{"floor":32,"key":"REST"}],"circlet_count":0,"master_deck":["Strike_G","Strike_G+1","Strike_G","Strike_G","Defend_G","Defend_G","Defend_G","Survivor","Neutralize","Masterful Stab+1","Poisoned Stab+1","Dash+1","Bouncing Flask","Calculated Gamble","Envenom+1","Adrenaline+1","Footwork+1","Outmaneuver","Quick Slash","Bane+1"],"relics":["Ring of the Serpent","Art of War","Peace Pipe","Whetstone","Strawberry","Kunai","Oddly Smooth Stone","Gremlin Horn","Toy Ornithopter"],"acts_visited":["Exordium","TheCity"],"potions_floor_usage":[24,28,30,30,30,33,33],"damage_taken":[{"damage":3.0,"enemies":"Jaw Worm","floor":1.0,"turns":6.0},{"damage":0.0,"enemies":"Small Slimes","floor":3.0,"turns":3.0},{"damage":0.0,"enemies":"Cultist","floor":4.0,"turns":3.0},{"damage":2.0,"enemies":"2 Fungi Beasts","floor":5.0,"turns":3.0},{"damage":20.0,"enemies":"Gremlin Nob","floor":7.0,"turns":4.0},{"damage":5.0,"enemies":"3 Sentries","floor":11.0,"turns":5.0},{"damage":5.0,"enemies":"Lagavulin","floor":13.0,"turns":5.0},{"damage":18.0,"enemies":"Slime Boss","floor":16.0,"turns":10.0},{"damage":2.0,"enemies":"Chosen","floor":18.0,"turns":4.0},{"damage":15.0,"enemies":"Spheric Guardian","floor":19.0,"turns":5.0},{"damage":10,"enemies":"Shelled Parasite and Fungi","floor":24,"turns":7},{"damage":15,"enemies":"Cultist and Chosen","floor":27,"turns":6},{"damage":17,"enemies":"Snake Plant","floor":28,"turns":4},{"damage":23,"enemies":"Gremlin Leader","floor":30,"turns":5},{"damage":58,"enemies":"Collector","floor":33,"turns":7}],"seed_played":"-542450807333831024","potions_obtained":[{"floor":1.0,"key":"Dexterity Potion"},{"floor":3.0,"key":"Block Potion"},{"floor":5.0,"key":"Explosive Potion"},{"floor":11.0,"key":"DistilledChaos"},{"floor":18.0,"key":"Block Potion"},{"floor":19.0,"key":"AttackPotion"},{"floor":24,"key":"LiquidMemories"},{"floor":28,"key":"EntropicBrew"}],"is_trial":false,"path_per_floor":["M","?","M","M","M","R","E","T","T","R","E","?","E","$","R","B",null,"M","M","?","$","?","R","M","R","T","M","M","R","E","$","R","B"],"character_chosen":"THE_SILENT","items_purchased":["Oddly Smooth Stone"],"campfire_rested":2,"item_purchase_floors":[21],"current_hp_per_floor":[67,56,56,56,54,54,34,34,34,34,36,36,31,31,31,13,77,75,60,60,60,60,60,50,50,50,35,18,41,18,18,41,0,0],"gold":218,"neow_bonus":"RANDOM_COMMON_RELIC","is_daily":false,"chose_seed":false,"campfire_upgraded":4,"win_rate":0.0,"timestamp":1608467528,"path_taken":["M","?","M","M","M","R","E","?","T","R","E","?","E","$","R","BOSS","M","M","?","$","?","R","?","R","T","M","M","R","E","$","R","BOSS"],"items_purchased_type":["Relic"],"build_version":"2020-12-13","purchased_purges":3,"victory":false,"max_hp_per_floor":[70,70,70,70,70,70,70,70,70,70,77,77,77,77,77,77,77,77,77,77,77,77,77,77,77,77,77,77,77,77,77,77,77,77],"card_choices":[{"not_picked":["Escape Plan","Dash"],"picked":"Masterful Stab","floor":1.0},{"not_picked":["PiercingWail","Dash"],"picked":"Poisoned Stab","floor":3.0},{"not_picked":["Underhanded Strike","Well Laid Plans","Skewer"],"picked":"SKIP","floor":4.0},{"not_picked":["PiercingWail","Blade Dance"],"picked":"Dash","floor":5.0},{"not_picked":["Deflect","Sucker Punch"],"picked":"Bouncing Flask","floor":7.0},{"not_picked":["Accuracy","Flechettes"],"picked":"Calculated Gamble","floor":11.0},{"not_picked":["Tactician","Deadly Poison"],"picked":"Envenom","floor":13.0},{"not_picked":["Tools of the Trade","Venomology"],"picked":"Adrenaline","floor":16.0},{"not_picked":["Dagger Spray","Slice"],"picked":"Footwork+1","floor":18.0},{"not_picked":["Masterful Stab","Poisoned Stab"],"picked":"Outmaneuver","floor":19.0},{"not_picked":["PiercingWail","Bane"],"picked":"Quick Slash","floor":24},{"not_picked":["Skewer+1","Deflect"],"picked":"Bane+1","floor":27},{"not_picked":["Slice","Cloak And Dagger","Tools of the Trade"],"picked":"SKIP","floor":28},{"not_picked":["Envenom","Dagger Spray","Sucker Punch"],"picked":"SKIP","floor":30}],"player_experience":256780,"relics_obtained":[{"floor":7.0,"key":"Peace Pipe"},{"floor":9.0,"key":"Whetstone"},{"floor":11.0,"key":"Strawberry"},{"floor":13.0,"key":"Kunai"},{"floor":26,"key":"Gremlin Horn"},{"floor":30,"key":"Toy Ornithopter"}],"event_choices":[{"damage_healed":0.0,"max_hp_gain":0.0,"max_hp_loss":0.0,"gold_gain":75.0,"event_name":"World of Goop","player_choice":"Gather Gold","floor":2.0,"gold_loss":0.0,"damage_taken":11.0},{"damage_healed":0.0,"max_hp_gain":0.0,"max_hp_loss":0.0,"gold_gain":0.0,"event_name":"Liars Game","player_choice":"Ignored","floor":12.0,"gold_loss":0.0,"damage_taken":0.0},{"damage_healed":0.0,"max_hp_gain":0.0,"max_hp_loss":0.0,"gold_gain":0.0,"event_name":"Ghosts","player_choice":"Ignored","floor":20.0,"gold_loss":0.0,"damage_taken":0.0},{"damage_healed":0.0,"max_hp_gain":0.0,"max_hp_loss":0.0,"gold_gain":100.0,"event_name":"The Joust","player_choice":"Bet on Murderer","floor":22.0,"gold_loss":50.0,"damage_taken":0.0}],"is_beta":false,"boss_relics":[{"not_picked":["Calling Bell","Busted Crown"],"picked":"Ring of the Serpent"}],"items_purged_floors":[14,21,31],"is_endless":false,"potions_floor_spawned":[1,3,5,11,18,19,24,28],"killed_by":"Collector","ascension_level":4}}