{"host":"qwttrqaysb380yri","time":1608449529,"event":{"mods":["BaseMod","Custom Start","Minty Spire (QoL Compilation)","Permanent Neow","Puzzle Mod","Relic Stats","StSLib","The Cursed","The Hierophant"],"gold_per_floor":[114,114,125,137,155,155,185,185,185,210,210,223,240,274,274,274,274],"floor_reached":16,"playtime":548,"items_purged":[],"score":207,"play_id":"0210496f-bc0c-422f-9fb8-71192cb6d2ea","local_time":"20201220083209","is_ascension_mode":true,"campfire_choices":[{"data":"Dualcast","floor":6,"key":"SMITH"},{"floor":8,"key":"REST"},{"floor":11,"key":"REST"},{"floor":15,"key":"REST"}],"circlet_count":0,"master_deck":["AscendersBane","Strike_B","Strike_B","Strike_B","Defend_B","Defend_B","Defend_B","Defend_B","Zap","Dualcast+1","Go for the Eyes","Steam Power","Sweeping Beam","Gash","Beam Cell","Core Surge","Coolheaded","Ball Lightning","Loop"],"relics":["Cracked Core","Art of War","Potion Belt","StrikeDummy","Matryoshka"],"acts_visited":["Exordium"],"potions_floor_usage":[7,10,14,14],"damage_taken":[{"damage":7,"enemies":"Small Slimes","floor":1,"turns":3},{"damage":6,"enemies":"Cultist","floor":3,"turns":4},{"damage":7,"enemies":"Jaw Worm","floor":4,"turns":3},{"damage":1,"enemies":"3 Louse","floor":5,"turns":3},{"damage":30,"enemies":"3 Sentries","floor":7,"turns":6},{"damage":32,"enemies":"Gremlin Nob","floor":10,"turns":4},{"damage":1,"enemies":"Looter","floor":12,"turns":2},{"damage":0,"enemies":"Large Slime","floor":13,"turns":3},{"damage":16,"enemies":"3 Sentries","floor":14,"turns":6},{"damage":32,"enemies":"Hexaghost","floor":16,"turns":11}],"seed_played":"4321594463379812205","potions_obtained":[{"floor":3,"key":"SteroidPotion"},{"floor":4,"key":"PowerPotion"},{"floor":7,"key":"Explosive Potion"},{"floor":12,"key":"PowerPotion"}],"is_trial":false,"path_per_floor":["M","?","M","M","M","R","E","R","T","E","R","M","M","E","R","B"],"character_chosen":"DEFECT","items_purchased":[],"campfire_rested":3,"item_purchase_floors":[],"current_hp_per_floor":[57,62,56,49,48,48,18,39,39,7,28,27,27,11,32,0,0],"gold":274,"neow_bonus":"TRANSFORM_CARD","is_daily":false,"chose_seed":false,"campfire_upgraded":1,"win_rate":0.0,"timestamp":1608449529,"path_taken":["M","?","M","M","M","R","E","R","T","E","R","M","M","E","R","BOSS"],"items_purchased_type":[],"build_version":"2020-12-13","purchased_purges":0,"victory":false,"max_hp_per_floor":[71,71,71,71,71,71,71,71,71,71,71,71,71,71,71,71,71],"relic_stats":{"counters":[10,45],"Art of War":[6],"obtain_stats":[{"Potion Belt":9,"Matryoshka":14,"Art of War":7,"Cracked Core":0,"StrikeDummy":10},{"Potion Belt":5,"Matryoshka":9,"Art of War":5,"Cracked Core":0,"StrikeDummy":6},{"Potion Belt":19,"Matryoshka":34,"Art of War":19,"Cracked Core":0,"StrikeDummy":23}]},"card_choices":[{"not_picked":["Go for the Eyes","Steam"],"picked":"Barrage","floor":1},{"not_picked":["Leap","Rebound"],"picked":"Steam Power","floor":3},{"not_picked":["Force Field","Turbo"],"picked":"Sweeping Beam","floor":4},{"not_picked":["Heatsinks","Barrage"],"picked":"Gash","floor":5},{"not_picked":["Coolheaded","Loop"],"picked":"Beam Cell","floor":7},{"not_picked":["Beam Cell","Steam Power"],"picked":"Core Surge","floor":10},{"not_picked":["Fusion","Turbo"],"picked":"Coolheaded","floor":12},{"not_picked":["Steam","BootSequence"],"picked":"Ball Lightning","floor":13},{"not_picked":["Beam Cell","Force Field"],"picked":"Loop","floor":14}],"player_experience":1902234,"relics_obtained":[{"floor":7,"key":"Art of War"},{"floor":9,"key":"Potion Belt"},{"floor":10,"key":"StrikeDummy"},{"floor":14,"key":"Matryoshka"}],"event_choices":[{"cards_removed":["Barrage"],"damage_healed":5,"gold_gain":0,"player_choice":"Offered Common","damage_taken":0,"max_hp_gain":0,"max_hp_loss":0,"event_name":"Bonfire Elementals","floor":2,"gold_loss":0},{"cards_removed":["Barrage"],"damage_healed":5,"gold_gain":0,"player_choice":"Offered Special","damage_taken":0,"max_hp_gain":0,"max_hp_loss":0,"event_name":"Bonfire Elementals","floor":2,"gold_loss":0}],"is_beta":false,"boss_relics":[],"items_purged_floors":[],"is_endless":false,"potions_floor_spawned":[3,4,7,12],"killed_by":"Hexaghost","ascension_level":14}}