{"host":"rmsq46plbpwfbxcc","time":1608434398,"event":{"mods":["AchievementEnabler","BaseMod","Colored Map","DeckTracker","Minty Spire (QoL Compilation)","Permanent Neow","SuperFastMode"],"gold_per_floor":[117,36,36,111,111,144,161,161,161,161,179,192,206,239,239,239,239],"floor_reached":16,"playtime":283,"items_purged":[],"score":243,"play_id":"33446cc1-a219-4705-9442-fe842c7acb9f","local_time":"20201220121958","is_ascension_mode":true,"campfire_choices":[{"data":"Neutralize","floor":8,"key":"SMITH"},{"data":"Blade Dance","floor":10,"key":"SMITH"},{"data":"Cloak And Dagger","floor":15,"key":"SMITH"}],"circlet_count":0,"master_deck":["AscendersBane","Strike_G","Strike_G","Strike_G","Strike_G","Defend_G","Defend_G","Defend_G","Defend_G","Defend_G","Survivor","Neutralize+1","Backstab","Die Die Die","Blade Dance+1","Cloak And Dagger+1","Infinite Blades"],"relics":["Ring of the Snake","NeowsBlessing","Happy Flower","Akabeko","Blood Vial"],"acts_visited":["Exordium"],"potions_floor_usage":[14,16],"damage_taken":[{"damage":0,"enemies":"Jaw Worm","floor":1,"turns":1},{"damage":0,"enemies":"Gremlin Nob","floor":6,"turns":1},{"damage":0,"enemies":"Small Slimes","floor":7,"turns":1},{"damage":0,"enemies":"Cultist","floor":11,"turns":2},{"damage":1,"enemies":"Blue Slaver","floor":12,"turns":2},{"damage":1,"enemies":"Red Slaver","floor":13,"turns":3},{"damage":9,"enemies":"3 Sentries","floor":14,"turns":6},{"damage":38,"enemies":"Slime Boss","floor":16,"turns":7}],"seed_played":"-4483361760975209383","potions_obtained":[{"floor":1,"key":"BlessingOfTheForge"},{"floor":6,"key":"Dexterity Potion"}],"is_trial":false,"path_per_floor":["M","$","?","?","?","E","M","R","T","R","M","M","M","E","R","B"],"character_chosen":"THE_SILENT","items_purchased":["Backstab"],"campfire_rested":0,"item_purchase_floors":[2],"current_hp_per_floor":[59,59,52,41,41,41,41,41,41,41,41,40,39,30,30,0,0],"gold":239,"neow_bonus":"THREE_ENEMY_KILL","is_daily":false,"chose_seed":false,"campfire_upgraded":3,"win_rate":0.0,"timestamp":1608434398,"path_taken":["M","$","?","?","?","E","M","R","T","R","M","M","M","E","R","BOSS"],"items_purchased_type":["Card"],"build_version":"2020-12-13","purchased_purges":0,"victory":false,"max_hp_per_floor":[66,66,66,66,66,66,66,66,66,66,66,66,66,66,66,66,66],"card_choices":[{"not_picked":["Infinite Blades","Riddle With Holes","Flying Knee"],"picked":"SKIP","floor":1},{"not_picked":["Outmaneuver","Deflect"],"picked":"Die Die Die","floor":6},{"not_picked":["Backflip","Outmaneuver"],"picked":"Blade Dance","floor":7},{"not_picked":["Deflect","Flechettes"],"picked":"Cloak And Dagger","floor":11},{"not_picked":["Outmaneuver","Bane","Deadly Poison"],"picked":"SKIP","floor":12},{"not_picked":["Flying Knee","Sucker Punch","Prepared"],"picked":"SKIP","floor":13},{"not_picked":["Backstab","Caltrops"],"picked":"Infinite Blades","floor":14}],"player_experience":1336589,"relics_obtained":[{"floor":6,"key":"Happy Flower"},{"floor":9,"key":"Akabeko"},{"floor":14,"key":"Blood Vial"}],"event_choices":[{"cards_removed":["Strike_G"],"damage_healed":0,"gold_gain":0,"player_choice":"Card Removal","damage_taken":7,"max_hp_gain":0,"max_hp_loss":0,"event_name":"Golden Wing","floor":3,"gold_loss":0},{"damage_healed":0,"gold_gain":75,"player_choice":"Gather Gold","damage_taken":11,"max_hp_gain":0,"max_hp_loss":0,"event_name":"World of Goop","floor":4,"gold_loss":0},{"damage_healed":0,"gold_gain":0,"player_choice":"Ignored","damage_taken":0,"max_hp_gain":0,"max_hp_loss":0,"event_name":"Liars Game","floor":5,"gold_loss":0}],"is_beta":false,"boss_relics":[],"items_purged_floors":[],"is_endless":false,"potions_floor_spawned":[1,6,7,11],"killed_by":"Slime Boss","ascension_level":16}}