{"host":"uflv0e3ja7hvnij7","time":1608466675,"event":{"mods":["BaseMod","Conspire","Hubris","Minty Spire (QoL Compilation)","Replay The Spire","StSLib","The Bug Knight"],"gold_per_floor":[116,126,183,108,108,143,143,161,235,235,262,262,278,304,304,304,304],"floor_reached":16,"playtime":1114,"items_purged":["Voices"],"score":133,"play_id":"5a5511e9-33cd-4ff9-a2d8-c0243ddc6fbc","local_time":"20201220071755","is_ascension_mode":false,"campfire_choices":[{"data":"HollowMod:GreatSlash","floor":7,"key":"SMITH"},{"data":"HollowMod:PogoStrike","floor":10,"key":"SMITH"},{"data":"HollowMod:GoodIntentions","floor":12,"key":"SMITH"},{"data":"HollowMod:CycloneSlash","floor":15,"key":"SMITH"}],"circlet_count":0,"master_deck":["HollowMod:NailStrikeStart","HollowMod:NailStrikeStart","HollowMod:NailStrikeStart","HollowMod:NailStrikeStart","HollowMod:QuickDashStart","HollowMod:QuickDashStart","HollowMod:QuickDashStart","HollowMod:QuickDashStart","HollowMod:FocusHealStart","HollowMod:PogoStrike+1","HollowMod:DoubleDash","HollowMod:HowlingWraiths","HollowMod:CycloneSlash+1","HollowMod:PerfectDash","HollowMod:GreatSlash+1","HollowMod:BlackTendrils","HollowMod:GoodIntentions+1","HollowMod:ChannelNail"],"relics":["HollowMod:VesselMask","NeowsBlessing","Bottled Flame","ReplayTheSpireMod:CursedCoin","HollowMod:MillibellesNoteRelic","hubris:64BitClover","Golden Egg","Art of War","Replay:Mystery Machine"],"acts_visited":["Exordium"],"potions_floor_usage":[11,16,16,16],"damage_taken":[{"damage":2,"enemies":"conspire:RoseBush","floor":1,"turns":1},{"damage":0,"enemies":"Small Slimes","floor":2,"turns":1},{"damage":0,"enemies":"3 Sentries","floor":6,"turns":1},{"damage":0,"enemies":"Cultist","floor":8,"turns":2},{"damage":14,"enemies":"Gremlin Nob","floor":11,"turns":4},{"damage":1,"enemies":"Exordium Thugs","floor":13,"turns":5},{"damage":69,"enemies":"Hexaghost","floor":16,"turns":12}],"seed_played":"-6375763535609331059","potions_obtained":[{"floor":5,"key":"SteroidPotion"},{"floor":5,"key":"Cursed Concoction"},{"floor":5,"key":"LiquidBronze"},{"floor":6,"key":"PowerPotion"},{"floor":8,"key":"SkillPotion"},{"floor":13,"key":"Block Potion"}],"is_trial":false,"path_per_floor":["M","M","?","$","?","E","R","M","T","R","E","R","M","T","R","B"],"character_chosen":"THE_BUGKNIGHT","items_purchased":["ReplayTheSpireMod:CursedCoin","HollowMod:MillibellesNoteRelic"],"campfire_rested":0,"item_purchase_floors":[4,4],"current_hp_per_floor":[73,73,43,43,43,43,43,43,43,43,35,35,42,42,42,0,0],"gold":304,"neow_bonus":"THREE_ENEMY_KILL","is_daily":false,"chose_seed":false,"campfire_upgraded":4,"win_rate":0.0,"timestamp":1608466675,"path_taken":["M","M","?","$","?","E","R","M","T","R","E","R","?","?","R","BOSS"],"items_purchased_type":["Relic","Relic"],"build_version":"2020-12-13","purchased_purges":1,"victory":false,"max_hp_per_floor":[75,75,75,75,75,75,75,75,75,75,75,75,75,75,75,75,75],"card_choices":[{"not_picked":["HollowMod:SiblingsSouls","HollowMod:ShadowDash"],"picked":"HollowMod:DoubleDash","floor":1},{"not_picked":["HollowMod:AbyssShriek","HollowMod:DreamGate"],"picked":"HollowMod:HowlingWraiths","floor":2},{"not_picked":["HollowMod:SoulSplash","HollowMod:ChannelNail"],"picked":"HollowMod:CycloneSlash","floor":3},{"not_picked":["HollowMod:DashSlash","HollowMod:SoulStrike"],"picked":"HollowMod:PerfectDash","floor":3},{"not_picked":["HollowMod:FastStrike","HollowMod:Grubsong"],"picked":"HollowMod:GreatSlash","floor":6},{"not_picked":["HollowMod:InfectedAttack","HollowMod:CycloneSlash"],"picked":"HollowMod:BlackTendrils","floor":8},{"not_picked":["HollowMod:MidwifesHunger","HollowMod:FastStrike"],"picked":"HollowMod:GoodIntentions","floor":11},{"not_picked":["HollowMod:GoodIntentions","HollowMod:FastStrike"],"picked":"HollowMod:ChannelNail","floor":13}],"player_experience":253956,"relics_obtained":[{"floor":3,"key":"Bottled Flame"},{"floor":6,"key":"hubris:64BitClover"},{"floor":9,"key":"Golden Egg"},{"floor":11,"key":"Art of War"},{"floor":14,"key":"Replay:Mystery Machine"}],"event_choices":[{"damage_healed":0,"gold_gain":0,"player_choice":"Got Potions","damage_taken":0,"max_hp_gain":0,"max_hp_loss":0,"event_name":"Lab","floor":5,"gold_loss":0}],"is_beta":false,"boss_relics":[],"items_purged_floors":[4],"is_endless":false,"potions_floor_spawned":[6,8,13],"killed_by":"Hexaghost","ascension_level":0}}