{"host":"msepye59htvs4aw4","time":1608468593,"event":{"mods":["BaseMod","Colored Map","DeckTracker","Highlight Path","Minty Spire (QoL Compilation)","Shop Mod","StSLib","SuperFastMode"],"gold_per_floor":[115,128,128,93,93,93,20,20,46,46,66,104,124,199,199,293,293,276,66,87,105,123,123,123,123,123],"floor_reached":25,"playtime":627,"items_purged":[],"score":352,"play_id":"430a22a6-3a38-42d0-8537-b1da2392e549","local_time":"20201220134953","is_ascension_mode":true,"campfire_choices":[{"data":"Blur","floor":6,"key":"SMITH"},{"data":"Crippling Poison","floor":8,"key":"SMITH"},{"data":"Neutralize","floor":10,"key":"SMITH"},{"floor":15,"key":"REST"},{"floor":23,"key":"REST"}],"circlet_count":0,"master_deck":["AscendersBane","Strike_G","Strike_G","Strike_G","Strike_G","Strike_G","Defend_G","Defend_G","Defend_G","Defend_G","Defend_G","Survivor","Neutralize+1","Blur+1","Crippling Poison+1","Backstab","Bouncing Flask","Wraith Form v2","CurseOfTheBell","Backflip+1","Bouncing Flask+1","Deadly Poison+1","Footwork","Leg Sweep+1","Noxious Fumes"],"relics":["Ring of the Snake","Golden Idol","Ornamental Fan","Regal Pillow","Akabeko","Toxic Egg 2","Torii","MerchantsRug"],"acts_visited":["Exordium","TheCity"],"potions_floor_usage":[12,16,22,25,25],"damage_taken":[{"damage":15,"enemies":"Small Slimes","floor":1,"turns":6},{"damage":0,"enemies":"Jaw Worm","floor":2,"turns":7},{"damage":0,"enemies":"2 Louse","floor":11,"turns":3},{"damage":35,"enemies":"Lagavulin","floor":12,"turns":11},{"damage":8,"enemies":"Large Slime","floor":13,"turns":5},{"damage":10,"enemies":"The Guardian","floor":16,"turns":12},{"damage":10,"enemies":"2 Thieves","floor":18,"turns":5},{"damage":14,"enemies":"Spheric Guardian","floor":20,"turns":6},{"damage":21,"enemies":"Cultist and Chosen","floor":21,"turns":8},{"damage":10,"enemies":"Centurion and Healer","floor":22,"turns":8},{"damage":39,"enemies":"Slavers","floor":25,"turns":5}],"seed_played":"2822194245697250281","potions_obtained":[{"floor":11,"key":"DistilledChaos"},{"floor":13,"key":"Dexterity Potion"},{"floor":16,"key":"CultistPotion"},{"floor":22,"key":"Poison Potion"}],"is_trial":false,"path_per_floor":["M","M","?","?","T","R","$","R","T","R","M","E","M","?","R","B",null,"M","$","M","M","M","R","?","E"],"character_chosen":"THE_SILENT","items_purchased":["Crippling Poison","Bouncing Flask+1","Deadly Poison+1","MerchantsRug","Poison Potion"],"campfire_rested":2,"item_purchase_floors":[7,19,19,19,19],"current_hp_per_floor":[50,50,50,65,65,65,65,65,65,65,65,30,22,11,45,35,58,48,48,34,13,3,37,37,0,0],"gold":123,"neow_bonus":"TEN_PERCENT_HP_BONUS","is_daily":false,"chose_seed":false,"campfire_upgraded":3,"win_rate":0.0,"timestamp":1608468593,"path_taken":["M","M","?","?","?","R","$","R","T","R","M","E","?","?","R","BOSS","M","$","M","M","M","R","?","E"],"items_purchased_type":["Card","Card","Card","Relic","Potion"],"build_version":"2020-12-13","purchased_purges":0,"victory":false,"max_hp_per_floor":[72,72,65,65,65,65,65,65,65,65,65,65,65,65,65,65,65,65,65,65,65,65,65,65,65,65],"card_choices":[{"not_picked":["Sucker Punch","Flying Knee","Skewer"],"picked":"SKIP","floor":1},{"not_picked":["Deflect","Expertise"],"picked":"Blur","floor":2},{"not_picked":["Dagger Spray","Dagger Throw"],"picked":"Backstab","floor":11},{"not_picked":["Storm of Steel","Masterful Stab","Infinite Blades"],"picked":"SKIP","floor":12},{"not_picked":["Deflect","Predator"],"picked":"Bouncing Flask","floor":13},{"not_picked":["Tools of the Trade","Night Terror"],"picked":"Wraith Form v2","floor":16},{"not_picked":["PiercingWail+1","Masterful Stab+1"],"picked":"Backflip+1","floor":18},{"not_picked":["Masterful Stab","Deflect+1"],"picked":"Footwork","floor":20},{"not_picked":["Choke","Eviscerate"],"picked":"Leg Sweep+1","floor":21},{"not_picked":["Dagger Spray","Blade Dance+1"],"picked":"Noxious Fumes","floor":22}],"player_experience":1607259,"relics_obtained":[{"floor":5,"key":"Ornamental Fan"},{"floor":9,"key":"Regal Pillow"},{"floor":12,"key":"Akabeko"},{"floor":17,"key":"MawBank"},{"floor":17,"key":"Toxic Egg 2"},{"floor":17,"key":"Torii"}],"event_choices":[{"damage_healed":0,"gold_gain":0,"player_choice":"Lose Max HP","damage_taken":0,"relics_obtained":["Golden Idol"],"max_hp_gain":0,"max_hp_loss":7,"event_name":"Golden Idol","floor":3,"gold_loss":0},{"damage_healed":16,"gold_gain":0,"player_choice":"Healed","damage_taken":0,"max_hp_gain":0,"max_hp_loss":0,"event_name":"The Cleric","floor":4,"gold_loss":35},{"damage_healed":0,"gold_gain":75,"player_choice":"Gather Gold","damage_taken":11,"max_hp_gain":0,"max_hp_loss":0,"event_name":"World of Goop","floor":14,"gold_loss":0},{"damage_healed":0,"gold_gain":0,"player_choice":"Ignored","damage_taken":0,"max_hp_gain":0,"max_hp_loss":0,"event_name":"The Mausoleum","floor":24,"gold_loss":0}],"is_beta":false,"boss_relics":[{"not_picked":["Pandora\u0027s Box","Velvet Choker"],"picked":"Calling Bell"}],"items_purged_floors":[],"is_endless":false,"potions_floor_spawned":[11,13,16,20,22],"killed_by":"Slavers","ascension_level":15}}