{"host":"kjmsjq3kpb3v9rdj","time":1608449675,"event":{"mods":["AchievementEnabler","Aspiration","Bard","BaseMod","Beaked The Cultist","Better Altar","Better Match","Better Note","Better Sensory Stone","Better Skull","Better Third Choice","BetterRewards","CCEM","Colored Map","Conspire","Friendly Minions","GifTheSpireLib","Halation","Hermit","Highlight Path","Hubris","Hunter ??","Infinite Spire","Ironclad Rager","Jedi Mod","Jorbs\u0027s Wanderer Trilogy","Mad Scientist","Marisa????????","Mimic Mod","Minty Spire (QoL Compilation)","Permanent Neow","Quick Restart","Replay The Spire","Shade Mod","Shop Mod","Spicy Shops","Spikes Relics","StSLib","Stuff the Spire","Synergy Search","The Administrix","The Alterego","The Blackbeard","The Blue Laboratory","The Bug Knight","The Construct","The Cursed","The Disciple","The Gatherer","The Hierophant","The Jungle","The Mystic","The Necromancer","The Poker Player","The Problem Sleuth","The Runesmith","The Servant 0.9.4","The Showman","The Spell Scribe","The Witch","Trackpad","Unceasing Turn Reminder","vexMod"],"gold_per_floor":[112,125,309,309,309,342,342,353,407,418,418,435,469,469,469,564,564,584,601,619,637,637,637,637,637,663,675,675,685,685,697,697,792,792,812,812,830,849,849,849,849,866,884,884,884,894,894,920,935,935,945,945,958,958,958,958,958,958,993,993],"floor_reached":59,"playtime":6098,"items_purged":["alterego_mod:Defend"],"score":1457,"play_id":"aac94547-38e9-46c1-ac98-c8676d526c06","local_time":"20201219233435","is_ascension_mode":false,"campfire_choices":[{"data":"alterego_mod:PerceptionDisorder","floor":7.0,"key":"SMITH"},{"data":"alterego_mod:Palingenesis","floor":15.0,"key":"SMITH"},{"data":"alterego_mod:Palingenesis+1","floor":23.0,"key":"SMITH"},{"data":"alterego_mod:Palingenesis+2","floor":25.0,"key":"SMITH"},{"data":"alterego_mod:Palingenesis+3","floor":30.0,"key":"SMITH"},{"data":"alterego_mod:Palingenesis+4","floor":32.0,"key":"SMITH"},{"data":"alterego_mod:Birthday","floor":52,"key":"SMITH"},{"data":"alterego_mod:SakuraFive","floor":55,"key":"SMITH"}],"circlet_count":1,"master_deck":["alterego_mod:Strike","alterego_mod:Strike","alterego_mod:Strike+1","alterego_mod:Strike+1","alterego_mod:Defend+1","alterego_mod:Defend","alterego_mod:Defend","alterego_mod:Impale","alterego_mod:BigMeatyClaws+1","alterego_mod:BrynhildrsRune+1","alterego_mod:Punishment+1","alterego_mod:GoddessCore+1","alterego_mod:PerceptionDisorder","alterego_mod:PerceptionDisorder+1","alterego_mod:RocketPunch","Go for the Eyes","ReplaySolidLightProjector+1","Forethought","alterego_mod:Birthday+1","alterego_mod:SakuraFive+1","alterego_mod:ChallengeComplete+1","Zap","alterego_mod:Palingenesis+6","alterego_mod:Venus","alterego_mod:BustOut+1","alterego_mod:SakuraPetals+1","alterego_mod:Cushion+1","alterego_mod:Collar+1","alterego_mod:DeftHands+1","alterego_mod:Support+1","alterego_mod:Swimsuit","alterego_mod:Venus","alterego_mod:BiFurious","alterego_mod:GoddessCore+1","alterego_mod:Santa+1","Conserve Battery+1","FTL+1","alterego_mod:IndependentAction","alterego_mod:MagicResistance+1","Redo+1","alterego_mod:1TonWallop","Double Energy+1","alterego_mod:Cooking","alterego_mod:Stockings","alterego_mod:Strike+1","alterego_mod:Strike","alterego_mod:Strike+1","alterego_mod:Strike","alterego_mod:Defend+1","alterego_mod:Defend","alterego_mod:Defend","alterego_mod:Impale","alterego_mod:BigMeatyClaws+1","alterego_mod:BrynhildrsRune+1","alterego_mod:Punishment+1","alterego_mod:GoddessCore","alterego_mod:PerceptionDisorder","alterego_mod:PerceptionDisorder+1","alterego_mod:RocketPunch","Go for the Eyes","ReplaySolidLightProjector+1","Forethought","alterego_mod:Birthday","alterego_mod:SakuraFive","alterego_mod:ChallengeComplete+1","Zap","alterego_mod:Palingenesis+6","alterego_mod:Venus","alterego_mod:BustOut+1","alterego_mod:SakuraPetals+1","alterego_mod:Cushion+1","alterego_mod:Collar+1","alterego_mod:DeftHands+1","alterego_mod:Support+1","alterego_mod:Swimsuit","alterego_mod:Venus","alterego_mod:BiFurious","alterego_mod:GoddessCore+1","alterego_mod:Santa+1","Conserve Battery+1","FTL+1","alterego_mod:IndependentAction","alterego_mod:MagicResistance+1","Redo+1","alterego_mod:1TonWallop","Double Energy+1","alterego_mod:Cooking","alterego_mod:Stockings+1","alterego_mod:Clones","alterego_mod:1TonWallop","alterego_mod:TrashNCrash+1"],"relics":["alterego_mod:MasochisticConstitution","aspiration:Nostalgia","m_SpellCore","hubris:NiceRug","Toy Ornithopter","infinitespire:CheckeredPen","HandDrill","CCEMRelics:Pendulum","trackpad:WritersBlock","Cauldron","halation:EternalFortune","StuffTheSpire:Mouthbags","Ice Cream","halation:HeavySnake","aspiration:RandomNobGenerator","alterego_mod:SistersRibbon","trackpad:Compendium","Runic Pyramid","hubris:Towel","infinitespire:BlackEgg","Circlet","infinitespire:Bottled Soul","Pantograph","Orrery","aspiration:ArtOfWarUpgrade","Runic Cube","Symbiotic Virus","Akabeko","Ring of the Snake","Snecko Scales","StuffTheSpire:HeavyRock","halation:HeavySnake"],"acts_visited":["TheEnding"],"potions_floor_usage":[41,58,58,58,58],"damage_taken":[{"damage":11.0,"enemies":"Cultist","floor":1.0,"turns":4.0},{"damage":16.0,"enemies":"Jaw Worm","floor":2.0,"turns":6.0},{"damage":41.0,"enemies":"hubris:Merchant","floor":3.0,"turns":5.0},{"damage":0.0,"enemies":"Gremlin Nob","floor":6.0,"turns":3.0},{"damage":4.0,"enemies":"conspire:RoseBush","floor":8.0,"turns":3.0},{"damage":0.0,"enemies":"2 Fungi Beasts","floor":10.0,"turns":3.0},{"damage":21.0,"enemies":"conspire:2 RoseBushes","floor":12.0,"turns":3.0},{"damage":0.0,"enemies":"HollowMod:MossKnight","floor":13.0,"turns":3.0},{"damage":8.0,"enemies":"Hexaghost","floor":16.0,"turns":6.0},{"damage":1.0,"enemies":"Spheric Guardian","floor":18.0,"turns":3.0},{"damage":0.0,"enemies":"Chosen","floor":19.0,"turns":5.0},{"damage":4.0,"enemies":"Snecko","floor":20.0,"turns":4.0},{"damage":5.0,"enemies":"conspire:HollyBat","floor":21.0,"turns":9.0},{"damage":12.0,"enemies":"Snake Plant","floor":27.0,"turns":3.0},{"damage":4.0,"enemies":"Shelled Parasite and Fungi","floor":29.0,"turns":2.0},{"damage":6.0,"enemies":"Centurion and Healer","floor":31.0,"turns":3.0},{"damage":44.0,"enemies":"Automaton","floor":33.0,"turns":4.0},{"damage":27.0,"enemies":"3 Shapes","floor":35.0,"turns":3.0},{"damage":0.0,"enemies":"3 Darklings","floor":37.0,"turns":3.0},{"damage":0.0,"enemies":"Spire Growth","floor":38.0,"turns":2.0},{"damage":8.0,"enemies":"infinitespire:Three Voidlings","floor":38.0,"turns":1.0},{"damage":95.0,"enemies":"Nightmare_Alpha","floor":38.0,"turns":8.0},{"damage":0,"enemies":"2 Fungi Beasts","floor":40,"turns":1},{"damage":33,"enemies":"Nightmare_Alpha","floor":41,"turns":4},{"damage":0,"enemies":"Spire Growth","floor":44,"turns":1},{"damage":0,"enemies":"Maw","floor":47,"turns":1},{"damage":0,"enemies":"4 Shapes","floor":49,"turns":1},{"damage":0,"enemies":"Spire Growth","floor":51,"turns":1},{"damage":22,"enemies":"infinitespire:MassOfShapes","floor":53,"turns":1},{"damage":0,"enemies":"Shield and Spear","floor":57,"turns":1},{"damage":36,"enemies":"The Heart","floor":58,"turns":3}],"seed_played":"-150684525461264158","potions_obtained":[{"floor":1.0,"key":"EssenceOfSteel"},{"floor":3.0,"key":"DuplicationPotion"},{"floor":3.0,"key":"jedi:holywater"},{"floor":3.0,"key":"blueLaboratory:ImpenetrablePotion"},{"floor":3.0,"key":"blueLaboratory:FruitPunch"},{"floor":6.0,"key":"Regen Potion"},{"floor":8.0,"key":"GamblersBrew"},{"floor":16.0,"key":"blueLaboratory:Moonshine"},{"floor":18.0,"key":"blueLaboratory:EmptyBottle"},{"floor":19.0,"key":"Dexterity Potion"},{"floor":29.0,"key":"blueLaboratory:Moonshine"},{"floor":33.0,"key":"PowerPotion"},{"floor":35.0,"key":"blueLaboratory:BubblePotion"},{"floor":37.0,"key":"jedi:StrikingPotion"},{"floor":38.0,"key":"jedi:StrikingPotion"},{"floor":41,"key":"Regen Potion"},{"floor":49,"key":"Energy Potion"},{"floor":57,"key":"Explosive Potion"}],"is_trial":false,"path_per_floor":["M","M","$","?","?","E","R","M","T","M","$","M","E","$","R","B",null,"M","M","M","M","AVR","R","?","R","T","M","?","M","R","M","R","B",null,"M","?","M","M","M","M","M","AVR","R","M","R","T","M","?","M","R","M","R","B",null,"R","$","E","B",null],"character_chosen":"The_Alterego","items_purchased":["alterego_mod:PerceptionDisorder","alterego_mod:RocketPunch"],"campfire_rested":0,"item_purchase_floors":[3,3],"current_hp_per_floor":[60,45,5,5,8,27,27,24,24,38,38,25,34,34,34,54,81,81,82,83,82,82,82,74,74,74,65,65,62,62,57,57,32,88,64,64,74,0,0,0,0,10,63,63,63,68,68,68,68,68,68,68,68,68,72,98,98,98,98,85],"gold":993,"neow_bonus":"NOSTALGIA","is_daily":false,"chose_seed":false,"campfire_upgraded":8,"win_rate":0.0,"timestamp":1608449675,"path_taken":["M","M","?","?","?","E","R","M","T","M","$","?","E","?","R","BOSS","M","M","M","M","AVR","R","?","R","T","M","?","M","R","M","R","BOSS","M","?","M","M","AVR","R","M","R","T","M","?","?","R","M","R","BOSS","R","$","E","BOSS"],"items_purchased_type":["Card","Card"],"build_version":"2020-12-13","purchased_purges":1,"victory":true,"max_hp_per_floor":[71,72,73,73,76,78,78,79,79,79,79,80,80,80,80,81,81,82,82,83,84,84,84,84,84,84,85,85,86,86,87,87,88,88,89,89,89,90,90,90,90,93,94,94,94,97,97,97,97,97,97,97,97,97,98,98,98,98,98,99],"card_choices":[{"not_picked":["alterego_mod:DiscoLights","alterego_mod:SakuraFive"],"picked":"alterego_mod:Punishment","floor":1.0},{"not_picked":["alterego_mod:BeGentle","alterego_mod:Belle"],"picked":"alterego_mod:GoddessCore","floor":2.0},{"not_picked":[],"picked":"Go for the Eyes","floor":3.0},{"not_picked":[],"picked":"Conserve Battery","floor":3.0},{"not_picked":[],"picked":"ReplaySolidLightProjector","floor":3.0},{"not_picked":[],"picked":"Forethought","floor":3.0},{"not_picked":["jedi:RedIncense"],"picked":"SKIP","floor":3.0},{"not_picked":["Loop","alterego_mod:Antipathy"],"picked":"alterego_mod:Birthday","floor":6.0},{"not_picked":["Replay:Spark Circuitry","alterego_mod:DiscoLights"],"picked":"alterego_mod:SakuraFive","floor":8.0},{"not_picked":["alterego_mod:GoddessCore","alterego_mod:Maid"],"picked":"alterego_mod:ChallengeComplete","floor":10.0},{"not_picked":["alterego_mod:Complex","alterego_mod:Jiggle"],"picked":"Zap","floor":12.0},{"not_picked":["alterego_mod:Bunnysuit","alterego_mod:1TonWallop"],"picked":"alterego_mod:Palingenesis","floor":13.0},{"not_picked":["Meteor Strike","alterego_mod:RingBreak"],"picked":"alterego_mod:Venus","floor":16.0},{"not_picked":["alterego_mod:Swimsuit","alterego_mod:BiFurious"],"picked":"alterego_mod:BustOut+1","floor":18.0},{"not_picked":["alterego_mod:Cycle","alterego_mod:BeGentle"],"picked":"alterego_mod:SakuraPetals+1","floor":19.0},{"not_picked":["alterego_mod:SakuraFive","alterego_mod:Undulate"],"picked":"alterego_mod:Cushion","floor":20.0},{"not_picked":["alterego_mod:Jiggle","alterego_mod:DeftHands"],"picked":"alterego_mod:Collar","floor":21.0},{"not_picked":["alterego_mod:DustData","alterego_mod:SakuraFive"],"picked":"alterego_mod:DeftHands","floor":27.0},{"not_picked":["alterego_mod:Rake","alterego_mod:Bounce"],"picked":"alterego_mod:Support","floor":29.0},{"not_picked":["alterego_mod:BeGentle+1","alterego_mod:MagicResistance"],"picked":"alterego_mod:Swimsuit","floor":31.0},{"not_picked":["alterego_mod:RingBreak","alterego_mod:PainIsPleasure"],"picked":"alterego_mod:Venus","floor":33.0},{"not_picked":["alterego_mod:DiscoLights+1","alterego_mod:PresenceConcealment+1"],"picked":"alterego_mod:BiFurious","floor":35.0},{"not_picked":["alterego_mod:Cooking","alterego_mod:ChallengeComplete"],"picked":"alterego_mod:GoddessCore+1","floor":37.0},{"not_picked":["alterego_mod:DeftHands+1","alterego_mod:BoobPocket"],"picked":"alterego_mod:Santa+1","floor":38.0},{"not_picked":["alterego_mod:ChallengeComplete+1","alterego_mod:Clap"],"picked":"FTL+1","floor":40},{"not_picked":["alterego_mod:Cycle+1","alterego_mod:MaintainEyeContact+1"],"picked":"alterego_mod:IndependentAction","floor":41},{"not_picked":["alterego_mod:Punishment+1","alterego_mod:GoddessCore+1"],"picked":"alterego_mod:MagicResistance+1","floor":43},{"not_picked":["alterego_mod:MaintainEyeContact","Beam Cell+1"],"picked":"Redo+1","floor":43},{"not_picked":["alterego_mod:Birthday","alterego_mod:Antipathy"],"picked":"alterego_mod:1TonWallop","floor":43},{"not_picked":["Conserve Battery+1","alterego_mod:BeGentle+1"],"picked":"Double Energy+1","floor":43},{"not_picked":["alterego_mod:Jiggle","alterego_mod:PresenceConcealment+1"],"picked":"alterego_mod:Cooking","floor":44},{"not_picked":["alterego_mod:Undulate","alterego_mod:DeftHands+1"],"picked":"alterego_mod:Stockings","floor":47},{"not_picked":["alterego_mod:Mirror+1","alterego_mod:BusterCard+1"],"picked":"alterego_mod:Clones","floor":49},{"not_picked":["ReplayTheSpireMod:Calculation Training","Darkness+1"],"picked":"alterego_mod:1TonWallop","floor":51},{"not_picked":["alterego_mod:Support+1","alterego_mod:BoobPocket"],"picked":"alterego_mod:TrashNCrash+1","floor":57}],"player_experience":484716,"relics_obtained":[{"floor":3.0,"key":"Toy Ornithopter"},{"floor":3.0,"key":"infinitespire:CheckeredPen"},{"floor":3.0,"key":"HandDrill"},{"floor":3.0,"key":"CCEMRelics:Pendulum"},{"floor":3.0,"key":"trackpad:WritersBlock"},{"floor":3.0,"key":"Cauldron"},{"floor":6.0,"key":"StuffTheSpire:Mouthbags"},{"floor":13.0,"key":"Ice Cream"},{"floor":26.0,"key":"trackpad:Compendium"},{"floor":40,"key":"halation:EternalFortune"},{"floor":44,"key":"halation:EternalFortune"},{"floor":46,"key":"Akabeko"},{"floor":57,"key":"StuffTheSpire:HeavyRock"}],"event_choices":[{"damage_healed":0.0,"max_hp_gain":0.0,"max_hp_loss":0.0,"gold_gain":0.0,"event_name":"Golden Idol","player_choice":"Ignored","floor":4.0,"gold_loss":0.0,"damage_taken":0.0},{"damage_healed":0.0,"max_hp_gain":0.0,"max_hp_loss":0.0,"gold_gain":0.0,"event_name":"Wheel of Change","player_choice":"Damaged","floor":24.0,"gold_loss":0.0,"damage_taken":8.0},{"cards_removed":["alterego_mod:Venus"],"damage_healed":0.0,"max_hp_gain":0.0,"max_hp_loss":0.0,"gold_gain":0.0,"event_name":"betterNote:BetterNote","player_choice":"Give","floor":28.0,"gold_loss":0.0,"damage_taken":0.0,"cards_obtained":["ThirdEye"]}],"is_beta":false,"boss_relics":[{"not_picked":["Tiny House","beaked:MawFillet"],"picked":"halation:HeavySnake"},{"not_picked":["halation:Risk","conspire:SlowCooker"],"picked":"Runic Pyramid"}],"items_purged_floors":[22],"is_endless":false,"potions_floor_spawned":[1,6,8,16,18,19,29,33,35,37,38,41,49,57],"ascension_level":0}}