{"host":"0jm2u9rma46qko29","time":1608443819,"event":{"mods":["Act Like it!","BaseMod","Better Altar","Better Note","Better Skull","Better Third Choice","CapriCore","Hermit","Marisa????????","Minty Spire (QoL Compilation)","Relic Stats","Robot Space Explorer","Shade Mod","StSLib","The Alterego","Waifu the Spire"],"gold_per_floor":[119,131,131,9,9,9,34,46,46,56,56,5,35,52,52,148,148,166,166,166,179,196,196,111,123,123,123,152,186,186,206,206,306,306,319,319,173,173,192,223,223,223,270,270,284,284,301,52,52,52],"floor_reached":51,"playtime":2589,"items_purged":["Shade:Strike_Shade","Shade:Strike_Shade"],"score":838,"play_id":"d53a4c9b-239e-4a98-b673-162d9241c87e","local_time":"20201219235659","is_ascension_mode":false,"campfire_choices":[{"data":"Shade:OpenGraves","floor":6,"key":"SMITH"},{"data":"Shade:AuraOfUnlife","floor":11,"key":"SMITH"},{"data":"Shade:AuraOfUnlife","floor":15,"key":"SMITH"},{"data":"Shade:Trample","floor":23,"key":"SMITH"},{"data":"Shade:AnimateDead","floor":27,"key":"SMITH"},{"data":"Shade:FreshBones","floor":30,"key":"SMITH"},{"data":"Shade:Brains","floor":32,"key":"SMITH"},{"data":"Shade:LichForm","floor":42,"key":"SMITH"},{"data":"Shade:Coordination","floor":46,"key":"SMITH"},{"floor":49,"key":"REST"}],"circlet_count":0,"master_deck":["Shade:Strike_Shade","Shade:Defend_Shade","Shade:Defend_Shade","Shade:Defend_Shade","Shade:Defend_Shade","Shade:AnimateDead+1","Shade:CarefulCut","Shade:OpenGraves+1","Shade:WallOfFlesh","Shade:CallOfTheGrave","Shade:AuraOfUnlife+1","Shade:WallOfFlesh","Shade:FleshLikeOak","Shade:FreshBones+1","Shade:FuneraryJewels","Shade:CommandSoldier","Shade:AuraOfUnlife+1","Shade:SoulPierce","Shade:Brains+1","Footwork+1","Shade:FuneraryJewels","Shade:Trample+1","Shade:Brains+1","Shade:Bonestorm+1","Shade:Carnophage+1","Shade:CloudOfShrapnel","Shade:Coordination+1","Shade:SpontaneousRitual+1","Shade:LichForm+1","Shade:FleshLikeOak","Shade:FreshBones","Madness","Madness","Writhe","Shade:Brains+1","Shade:SkeletonHug+1","Shade:FleshOffering","Shade:StitchTogether"],"relics":["Shade:YorickSkull","NeowsBlessing","WarpedTongs","StrikeDummy","TungstenRod","Philosopher\u0027s Stone","Lizard Tail","WingedGreaves","Kunai","Centennial Puzzle","Cursed Key","Gremlin Horn","Nunchaku"],"acts_visited":["Exordium","TheCity","TheBeyond"],"potions_floor_usage":[18,28,28,35,40],"damage_taken":[{"damage":0,"enemies":"Jaw Worm","floor":1,"turns":1},{"damage":0,"enemies":"2 Louse","floor":2,"turns":1},{"damage":2,"enemies":"Lagavulin","floor":7,"turns":1},{"damage":0,"enemies":"Cultist","floor":8,"turns":4},{"damage":0,"enemies":"Red Slaver","floor":10,"turns":6},{"damage":1,"enemies":"Looter","floor":14,"turns":3},{"damage":6,"enemies":"The Guardian","floor":16,"turns":10},{"damage":0,"enemies":"Chosen","floor":18,"turns":6},{"damage":0,"enemies":"Spheric Guardian","floor":21,"turns":5},{"damage":0,"enemies":"Snake Plant","floor":22,"turns":5},{"damage":0,"enemies":"Centurion and Healer","floor":25,"turns":7},{"damage":7,"enemies":"Slavers","floor":28,"turns":6},{"damage":7,"enemies":"Gremlin Leader","floor":29,"turns":6},{"damage":0,"enemies":"Snecko","floor":31,"turns":6},{"damage":0,"enemies":"Champ","floor":33,"turns":10},{"damage":5,"enemies":"Orb Walker","floor":35,"turns":3},{"damage":0,"enemies":"3 Shapes","floor":39,"turns":3},{"damage":1,"enemies":"Reptomancer","floor":40,"turns":6},{"damage":23,"enemies":"Jaw Worm Horde","floor":45,"turns":5},{"damage":0,"enemies":"4 Shapes","floor":47,"turns":4},{"damage":42,"enemies":"Time Eater","floor":50,"turns":7}],"seed_played":"-5790514821018778535","potions_obtained":[{"floor":1,"key":"LiquidMemories"},{"floor":2,"key":"FairyPotion"},{"floor":14,"key":"Fire Potion"},{"floor":18,"key":"Fire Potion"},{"floor":21,"key":"Block Potion"},{"floor":31,"key":"Energy Potion"},{"floor":33,"key":"Swift Potion"},{"floor":40,"key":"Weak Potion"}],"is_trial":false,"path_per_floor":["M","M","?","$","?","R","E","M","T","M","R","$","?","M","R","B",null,"M","?","?","M","M","R","?","M","T","R","E","E","R","M","R","B",null,"M","?","$","?","M","E","?","R","T","?","M","R","M","$","R","B",null],"character_chosen":"SHADE","items_purchased":["Shade:AuraOfUnlife","Shade:WallOfFlesh","Shade:CommandSoldier","Shade:LichForm","Shade:FleshOffering","Shade:StitchTogether"],"campfire_rested":1,"item_purchase_floors":[4,4,12,37,48,48],"current_hp_per_floor":[65,65,65,65,65,65,63,63,63,63,63,63,63,62,62,56,65,65,65,65,65,65,65,65,65,65,65,58,51,51,51,51,51,65,60,60,60,60,60,59,52,52,52,55,32,32,32,32,51,9],"gold":52,"neow_bonus":"THREE_ENEMY_KILL","is_daily":false,"chose_seed":false,"campfire_upgraded":9,"win_rate":0.0,"timestamp":1608443819,"path_taken":["M","M","?","$","?","R","E","M","T","?","R","?","?","?","R","BOSS","M","?","?","?","M","R","?","M","T","R","E","E","R","M","R","BOSS","M","?","$","?","?","E","?","R","T","?","M","R","M","$","R","BOSS"],"items_purchased_type":["Card","Card","Card","Card","Card","Card"],"build_version":"2020-12-13","purchased_purges":2,"victory":true,"max_hp_per_floor":[65,65,65,65,65,65,65,65,65,65,65,65,65,65,65,65,65,65,65,65,65,65,65,65,65,65,65,65,65,65,65,65,65,65,65,65,65,65,65,65,65,65,65,65,65,65,65,65,65,65],"relic_stats":{"Lizard Tail":0,"Centennial Puzzle":[12],"Nunchaku":[1],"Gremlin Horn":[4,4],"counters":[21,105],"Kunai":[4],"Cursed Key":1,"obtain_stats":[{"NeowsBlessing":0,"Gremlin Horn":40,"Shade:YorickSkull":0,"Cursed Key":34,"WarpedTongs":5,"Lizard Tail":24,"Centennial Puzzle":29,"Nunchaku":43,"Philosopher\u0027s Stone":17,"WingedGreaves":26,"Kunai":28,"StrikeDummy":7,"TungstenRod":9},{"NeowsBlessing":0,"Gremlin Horn":18,"Shade:YorickSkull":0,"Cursed Key":15,"WarpedTongs":2,"Lizard Tail":10,"Centennial Puzzle":13,"Nunchaku":18,"Philosopher\u0027s Stone":7,"WingedGreaves":11,"Kunai":12,"StrikeDummy":3,"TungstenRod":4},{"NeowsBlessing":0,"Gremlin Horn":89,"Shade:YorickSkull":0,"Cursed Key":77,"WarpedTongs":2,"Lizard Tail":42,"Centennial Puzzle":61,"Nunchaku":89,"Philosopher\u0027s Stone":26,"WingedGreaves":49,"Kunai":55,"StrikeDummy":3,"TungstenRod":7}],"TungstenRod":32,"WarpedTongs":[101]},"card_choices":[{"not_picked":["Shade:AuraOfUnlife","Shade:ClawBack"],"picked":"Shade:OpenGraves","floor":1},{"not_picked":["Shade:Bonestorm","Shade:Brains"],"picked":"Shade:WallOfFlesh","floor":2},{"not_picked":["Shade:SkeletonHug","Shade:RavenousHorde"],"picked":"Shade:FleshLikeOak","floor":7},{"not_picked":["Shade:DangerousRitual","Shade:BoneShards"],"picked":"Shade:FreshBones","floor":8},{"not_picked":["Shade:CallWraith","Shade:SanguineRitual"],"picked":"Shade:FuneraryJewels","floor":10},{"not_picked":["Shade:FeralStrike","Shade:ExtraLimbs"],"picked":"Shade:AuraOfUnlife","floor":14},{"not_picked":["Shade:OneIsEnough","Shade:DarkOfNight"],"picked":"Shade:SoulPierce","floor":16},{"not_picked":["Shade:AncientSpear","Shade:CoffinDance"],"picked":"Shade:Brains","floor":18},{"not_picked":["Shade:Trample","Shade:GraveStillness"],"picked":"Shade:FuneraryJewels","floor":21},{"not_picked":["Shade:WallOfFlesh","Shade:FleshToFlesh"],"picked":"Shade:Trample","floor":22},{"not_picked":["Shade:WallOfFlesh","Shade:CallOfTheGrave"],"picked":"Shade:Brains+1","floor":25},{"not_picked":["Shade:FuneraryArmor","Shade:SoulToxin"],"picked":"Shade:Bonestorm+1","floor":28},{"not_picked":["Shade:ClawBack","Shade:FeralStrike"],"picked":"Shade:Carnophage+1","floor":29},{"not_picked":["Shade:FeralStrike","Shade:AncientSpear"],"picked":"Shade:CloudOfShrapnel","floor":31},{"not_picked":["Shade:OfferingToTheBeyond","Shade:LastGasp"],"picked":"Shade:Coordination","floor":33},{"not_picked":["Shade:ClawBack+1","Shade:RavenousHorde"],"picked":"Shade:SpontaneousRitual+1","floor":35},{"not_picked":["Shade:ClawBack","Shade:GoDigging"],"picked":"Shade:FleshLikeOak","floor":39},{"not_picked":["Shade:RitualOffering+1","Shade:FleshToFlesh"],"picked":"Shade:FreshBones","floor":40},{"not_picked":["Shade:GreyBargain+1","Shade:DangerousRitual"],"picked":"Shade:Brains+1","floor":45},{"not_picked":["Shade:AncientSpear","Shade:Brains+1"],"picked":"Shade:SkeletonHug+1","floor":47}],"player_experience":161159,"relics_obtained":[{"floor":7,"key":"StrikeDummy"},{"floor":9,"key":"TungstenRod"},{"floor":26,"key":"WingedGreaves"},{"floor":28,"key":"Kunai"},{"floor":29,"key":"Centennial Puzzle"},{"floor":40,"key":"Gremlin Horn"},{"floor":43,"key":"Nunchaku"}],"event_choices":[{"damage_healed":0,"gold_gain":0,"cards_transformed":["Shade:Strike_Shade"],"player_choice":"Change","damage_taken":0,"max_hp_gain":0,"max_hp_loss":0,"event_name":"Living Wall","floor":3,"gold_loss":0,"cards_obtained":["Shade:CallOfTheGrave"]},{"damage_healed":0,"gold_gain":0,"player_choice":"Rummage","damage_taken":0,"relics_obtained":["WarpedTongs"],"max_hp_gain":0,"max_hp_loss":0,"event_name":"Accursed Blacksmith","floor":5,"gold_loss":0,"cards_obtained":["Pain"]},{"damage_healed":0,"gold_gain":30,"player_choice":"Searched \u00272\u0027 times","damage_taken":0,"max_hp_gain":0,"max_hp_loss":0,"event_name":"Dead Adventurer","floor":13,"gold_loss":0},{"cards_removed":["Shade:FuneraryJewels"],"damage_healed":0,"gold_gain":0,"player_choice":"Take \u0026 Give","damage_taken":0,"max_hp_gain":0,"max_hp_loss":0,"event_name":"betterNote:BetterNote","floor":19,"gold_loss":0,"cards_obtained":["Footwork"]},{"cards_removed":["Pain"],"damage_healed":0,"gold_gain":0,"player_choice":"Removed Curses","damage_taken":0,"max_hp_gain":0,"max_hp_loss":0,"event_name":"Fountain of Cleansing","floor":20,"gold_loss":0},{"damage_healed":0,"gold_gain":0,"player_choice":"Obtained Relic","damage_taken":0,"relics_obtained":["Lizard Tail"],"max_hp_gain":0,"max_hp_loss":0,"event_name":"Addict","floor":24,"gold_loss":85},{"damage_healed":0,"gold_gain":0,"player_choice":"Ignored","damage_taken":0,"max_hp_gain":0,"max_hp_loss":0,"event_name":"Tomb of Lord Red Mask","floor":36,"gold_loss":0},{"damage_healed":0,"gold_gain":0,"player_choice":"Bought 0 Potions","damage_taken":0,"max_hp_gain":0,"max_hp_loss":0,"event_name":"The Woman in Blue","floor":38,"gold_loss":0},{"damage_healed":0,"gold_gain":0,"player_choice":"Embrace Madness","damage_taken":8,"max_hp_gain":0,"max_hp_loss":0,"event_name":"Winding Halls","floor":41,"gold_loss":0,"cards_obtained":["Madness","Madness"]},{"damage_healed":3,"gold_gain":0,"player_choice":"LEAVE ","damage_taken":0,"relics_obtained":[],"max_hp_gain":0,"max_hp_loss":0,"event_name":"betterSkull:BetterSkull","floor":44,"gold_loss":0,"cards_upgraded":[]}],"is_beta":false,"boss_relics":[{"not_picked":["Velvet Choker","Ectoplasm"],"picked":"Philosopher\u0027s Stone"},{"not_picked":["Runic Pyramid","Pandora\u0027s Box"],"picked":"Cursed Key"}],"items_purged_floors":[37,48],"is_endless":false,"potions_floor_spawned":[1,2,14,18,21,31,33,40],"ascension_level":0}}