{"host":"ye7dkdlypz0ka1od","time":1608491975,"event":{"mods":["Act Like it!","Aspiration","BaseMod","Better Third Choice","Gensokyo","Hallownest","Hubris","Infinite Spire","Marisa????????","Minty Spire (QoL Compilation)","Replay The Spire","StSLib","The Runesmith"],"gold_per_floor":[113,3,3,3,17,17,17,17,17,29,29,47,65,98,98,194,194,209,109,109,37,56,56,85,85,85,85,99,118,130,80,80,179,179,197,297,315,335,351,79,79,97,97,97,131,131,131,149,149,245,245,251,100,100,100,112,112,128,131,131,140,140,143,143,163,163,246,246,255,271,271,276,276,277,284,286,311,311,320,320,280,284,284,365,365,371,371,371,393,402,107,118,122,147,147,139,139,203,198,198,289,289,298,298,298,153,170,199,1289,1289,1289,1313,1325,1337,1362,1259,1271,1375,1387,1413,1425,1070,1071,1071,1071,1071,1071,1071,1082,1082,1084,1084,1078,1078,1156,1156,1171,1173,1191,1191,1200,1200,1204,1204,1204,1186,1186,1185,1185,1213,1213,1259,1259,1259,958,987,1017],"floor_reached":158,"playtime":6438,"items_purged":["Strike_R","Strike_R","Strike_R","Bash+1","Strike_R+1","Defend_R","Defend_R","Shrug It Off","Shrug It Off","Feed+1"],"score":4086,"play_id":"ef178832-6ac7-48d6-bd77-a72777ecd9c2","local_time":"20201220141935","is_ascension_mode":false,"campfire_choices":[{"data":"Whirlwind","floor":6.0,"key":"SMITH"},{"data":"hubris:EnhanceAbility","floor":8.0,"key":"SMITH"},{"data":"Demon Form","floor":15.0,"key":"SMITH"},{"data":"Heavy Blade","floor":23,"key":"SMITH"},{"data":"infinitespire:OneForAll","floor":25,"key":"SMITH"},{"data":"Life Link","floor":27,"key":"SMITH"},{"floor":44,"key":"REST"},{"floor":49,"key":"REST"},{"data":"Barricade","floor":57,"key":"SMITH"},{"data":"Feed","floor":62,"key":"SMITH"},{"floor":66,"key":"DIG"},{"data":"Offering","floor":80,"key":"SMITH"},{"data":"Berserk","floor":83,"key":"SMITH"},{"data":"infinitespire:Collect","floor":95,"key":"SMITH"},{"floor":97,"key":"REST"},{"data":"infinitespire:Fortify","floor":100,"key":"SMITH"},{"data":"ReplayTheSpireMod:Speed Training","floor":110,"key":"SMITH"},{"data":"Iron Wave","floor":117,"key":"PURGE"},{"data":"ReplayUltimateDefense","floor":125,"key":"SMITH"},{"data":"Night Terror","floor":127,"key":"SMITH"},{"data":"Backflip","floor":130,"key":"SMITH"},{"data":"Secret Technique","floor":142,"key":"SMITH"},{"data":"Battle Trance+1","floor":144,"key":"PURGE"},{"data":"Whirlwind+1","floor":147,"key":"PURGE"},{"data":"infinitespire:UltimateForm","floor":149,"key":"SMITH"},{"data":"ReplayTheSpireMod:Stacked","floor":151,"key":"SMITH"},{"data":"Reaper","floor":154,"key":"SMITH"}],"circlet_count":0,"master_deck":["hubris:EnhanceAbility+1","Heavy Blade+1","ReplayTheSpireMod:Stacked+1","infinitespire:OneForAll+1","Offering+1","Dual Wield+1","True Grit+1","Barricade+1","Body Slam+1","infinitespire:OneForAll+1","infinitespire:TheBestDefense+1","Reaper+1","Berserk+1","hubris:ReadiedAction+1","Echo Form+1","Berserk+1","Body Slam+1","Shrug It Off+1","Impervious+1","hubris:DuctTapeCard","Night Terror+1","Backflip+1","Backflip+1","ReplayUltimateDefense+1","infinitespire:UltimateForm+1","infinitespire:TheBestDefense+1","Secret Technique+1","Burst"],"relics":["Black Blood","hubris:SlimyHat","hubris:FunFungus","aspiration:MobileForge","Lizard Tail","hubris:ScarierMask","DollysMirror","hubris:Towel","Runesmith:AutoHammer","Oddly Smooth Stone","Regal Pillow","Mark of Pain","hubris:Zylophone","InkBottle","CeramicFish","aspiration:FrozenJewel","hubris:CuriousFeather","Self Forming Clay","infinitespire:Satchel","Pet Ghost","infinitespire:CheckeredPen","Ooze Armor","Ring of Hypnosis","Replay:Baseball","Juzu Bracelet","Replay:Towering Pillar of Hats","infinitespire:PuzzleCube","aspiration:SilentSkillbook","Hallownest:DreamNailRelic","Medical Kit","Peace Pipe","hubris:DuctTape","Happy Flower","MawBank","Replay:Accelerometer","Hallownest:TeacherSealRelic","Odd Mushroom","Replay:Bronze Core","Omamori","Bottled Lightning","hubris:BundleOfHerbs","hubris:IronBody","War Paint","Mummified Hand","aspiration:TomeofQuesting","Empty Cage","Pear","hubris:ChampionShield"],"acts_visited":["Exordium","TheCity","TheBeyond","TheBeyond","Gensokyo:Gensokyo","Gensokyo:Gensokyoer","Hallownest:KingdomsEdge","Hallownest:Greenpath","TheBeyond","TheEnding"],"potions_floor_usage":[24,30,33,152,152,157],"damage_taken":[{"damage":0.0,"enemies":"Jaw Worm","floor":1.0,"turns":5.0},{"damage":0.0,"enemies":"Small Slimes","floor":5.0,"turns":3.0},{"damage":1.0,"enemies":"Cultist","floor":10.0,"turns":3.0},{"damage":11.0,"enemies":"3 Louse","floor":12.0,"turns":2.0},{"damage":2.0,"enemies":"2 Fungi Beasts","floor":13.0,"turns":3.0},{"damage":14.0,"enemies":"Lagavulin","floor":14.0,"turns":6.0},{"damage":30.0,"enemies":"Slime Boss","floor":16.0,"turns":6.0},{"damage":0,"enemies":"Chosen","floor":18,"turns":4},{"damage":9,"enemies":"3 Byrds","floor":22,"turns":3},{"damage":42,"enemies":"Book of Stabbing","floor":24,"turns":6},{"damage":25,"enemies":"Cultist and Chosen","floor":28,"turns":5},{"damage":11,"enemies":"Shelled Parasite and Fungi","floor":29,"turns":5},{"damage":1,"enemies":"Snecko","floor":30,"turns":4},{"damage":40,"enemies":"Collector","floor":33,"turns":9},{"damage":11,"enemies":"Orb Walker","floor":35,"turns":3},{"damage":33,"enemies":"3 Darklings","floor":37,"turns":5},{"damage":8,"enemies":"Maw","floor":38,"turns":10},{"damage":49,"enemies":"Spire Growth","floor":39,"turns":6},{"damage":27,"enemies":"4 Shapes","floor":42,"turns":5},{"damage":23,"enemies":"Nightmare","floor":45,"turns":8},{"damage":7,"enemies":"Sphere and 2 Shapes","floor":48,"turns":3},{"damage":68,"enemies":"Donu and Deca","floor":50,"turns":9},{"damage":0,"enemies":"Gensokyo:Gryphon","floor":52,"turns":1},{"damage":0,"enemies":"Gensokyo:3_Fairies","floor":56,"turns":3},{"damage":0,"enemies":"Gensokyo:2_Kodama","floor":58,"turns":1},{"damage":6,"enemies":"Gensokyo:Cirno","floor":59,"turns":5},{"damage":9,"enemies":"Gensokyo:2_Rabbits","floor":63,"turns":5},{"damage":6,"enemies":"Gensokyo:Mamizou","floor":65,"turns":5},{"damage":6,"enemies":"Gensokyo:Reimu","floor":67,"turns":4},{"damage":0,"enemies":"Gensokyo:3_Dogs","floor":69,"turns":3},{"damage":0,"enemies":"Gensokyo:2_Gloops","floor":70,"turns":1},{"damage":0,"enemies":"Gensokyo:Slime_Group","floor":72,"turns":2},{"damage":38,"enemies":"Nightmare","floor":74,"turns":6},{"damage":0,"enemies":"Gensokyo:Chomper_and_Gloop","floor":75,"turns":1},{"damage":38,"enemies":"Gensokyo:Wraith","floor":76,"turns":2},{"damage":1,"enemies":"Gensokyo:Monolith_and_Dog","floor":82,"turns":2},{"damage":37,"enemies":"Gensokyo:Kaguya","floor":84,"turns":5},{"damage":6,"enemies":"Hallownest:2_Littles","floor":86,"turns":2},{"damage":0,"enemies":"Hallownest:3_Siblings","floor":89,"turns":1},{"damage":46,"enemies":"Hallownest:monsterPrimalAspid","floor":90,"turns":2},{"damage":0,"enemies":"Hallownest:2_Great","floor":92,"turns":2},{"damage":6,"enemies":"Hallownest:2_Wing_and_1_Kings","floor":93,"turns":1},{"damage":85,"enemies":"Nightmare_Alpha","floor":96,"turns":7},{"damage":6,"enemies":"Hallownest:2_Soldiers_and_1_Guardian","floor":99,"turns":2},{"damage":9,"enemies":"Hallownest:BossGreyPrinceZote","floor":101,"turns":3},{"damage":0,"enemies":"Hallownest:2_Baldur","floor":103,"turns":1},{"damage":25,"enemies":"Hallownest:eliteMossKnight","floor":107,"turns":2},{"damage":6,"enemies":"Hallownest:eliteVengeflyKing","floor":108,"turns":2},{"damage":6,"enemies":"Hallownest:eliteMossKnight","floor":112,"turns":1},{"damage":0,"enemies":"Hallownest:monsterHuskGuard","floor":115,"turns":1},{"damage":27,"enemies":"Hallownest:BossHornet","floor":118,"turns":3},{"damage":0,"enemies":"Hallownest:2_Mistakes","floor":120,"turns":1},{"damage":6,"enemies":"Hallownest:3_Youths","floor":123,"turns":2},{"damage":0,"enemies":"Hallownest:Master_and_Novice","floor":129,"turns":1},{"damage":0,"enemies":"Hallownest:Nosk","floor":131,"turns":3},{"damage":0,"enemies":"Hallownest:Warrior_and_Youth","floor":133,"turns":3},{"damage":0,"enemies":"Hallownest:BossSoulMaster","floor":135,"turns":4},{"damage":1,"enemies":"Orb Walker","floor":137,"turns":1},{"damage":1,"enemies":"3 Shapes","floor":138,"turns":1},{"damage":1,"enemies":"Sphere and 2 Shapes","floor":143,"turns":2},{"damage":6,"enemies":"Transient","floor":146,"turns":3},{"damage":1,"enemies":"4 Shapes","floor":148,"turns":1},{"damage":0,"enemies":"R_Hoarder","floor":150,"turns":1},{"damage":0,"enemies":"infinitespire:LordOfFortification","floor":152,"turns":5},{"damage":0,"enemies":"Shield and Spear","floor":156,"turns":1},{"damage":4,"enemies":"The Heart","floor":157,"turns":7}],"seed_played":"-1853816717051123180","potions_obtained":[{"floor":1.0,"key":"Reflective Coating"},{"floor":5.0,"key":"Toxic Potion"},{"floor":12.0,"key":"AttackPotion"},{"floor":22,"key":"PowerPotion"},{"floor":24,"key":"LiquidMemories"},{"floor":28,"key":"HeartOfIron"},{"floor":35,"key":"Explosive Potion"},{"floor":42,"key":"SmokeBomb"},{"floor":48,"key":"Weak Potion"},{"floor":50,"key":"BloodPotion"},{"floor":67,"key":"Milkshake"},{"floor":123,"key":"Elixir"},{"floor":146,"key":"Flashbang"},{"floor":150,"key":"Ancient Potion"},{"floor":156,"key":"Elixir"},{"floor":157,"key":"FairyPotion"}],"is_trial":false,"path_per_floor":["M","$","?","?","M","R","?","R","T","M","?","M","M","E","R","B",null,"M","$","?","$","M","R","E","R","T","R","M","M","M","?","R","B",null,"M","?","M","M","M","$","?","M","T","R","NM","AVR","?","M","R","B",null,"M","$","?","?","M","R","M","E","T","AVR","R","M","T","E","R","B",null,"M","M","?","M","?","NM","M","M","T","AVR","?","R","?","M","R","B",null,"M","?","?","M","M","$","M","M","T","R","NM","R","?","M","R","B",null,"M","?","$","$","?","E","?","R","T","E","T","?","M","?","R","B",null,"M","?","$","M","AVR","R","?","R","T","M","R","E","?","M","R","B",null,"M","M","AVR","?","?","R","M","R","T","M","R","M","R","E","R","B",null,"R","$","E","B",null],"character_chosen":"IRONCLAD","items_purchased":["Whirlwind","Dual Wield","DollysMirror","Reaper","Replay:Baseball","Medical Kit","Backflip","ReplayUltimateDefense","Pear","Weak Potion"],"campfire_rested":3,"item_purchase_floors":[2,21,40,53,91,106,122,122,155,155],"current_hp_per_floor":[62,62,46,34,40,40,45,45,45,50,50,45,49,41,41,17,85,85,85,85,85,82,82,46,46,46,46,27,22,28,28,53,21,85,80,80,53,51,9,9,9,30,30,55,40,40,40,39,79,19,85,85,85,85,64,70,70,76,85,85,85,85,83,83,85,85,85,85,85,85,85,85,85,62,78,89,89,89,89,89,89,89,89,89,89,89,89,89,93,93,93,97,105,105,105,56,102,76,88,88,92,109,113,113,113,113,112,117,117,117,117,117,117,117,117,117,117,121,121,125,125,125,125,125,125,125,125,125,125,125,125,125,125,125,125,125,125,125,125,125,115,115,125,125,125,125,125,125,125,125,125,125,125,125,135,135,135],"gold":1017,"neow_bonus":"RANDOM_COLORLESS_2","is_daily":false,"chose_seed":false,"campfire_upgraded":20,"win_rate":0.0,"timestamp":1608491975,"path_taken":["M","$","?","?","M","R","?","R","T","M","?","M","M","E","R","BOSS","M","?","?","?","M","R","E","R","T","R","M","M","?","?","R","BOSS","M","?","?","M","M","$","?","M","T","R","NM","AVR","?","M","R","BOSS","M","$","?","?","?","R","M","E","T","AVR","R","M","?","E","R","BOSS","M","M","?","M","?","NM","?","M","T","AVR","?","R","?","M","R","BOSS","M","?","?","M","M","$","?","M","T","R","NM","R","?","M","R","BOSS","M","?","?","$","?","E","?","R","T","E","?","?","M","?","R","BOSS","M","?","?","M","AVR","R","?","R","T","M","R","E","?","M","R","BOSS","M","M","AVR","?","?","R","M","R","T","M","R","M","R","E","R","BOSS","R","$","E","BOSS"],"items_purchased_type":["Card","Card","Relic","Card","Relic","Relic","Card","Card","Relic","Potion"],"build_version":"2020-12-13","purchased_purges":10,"victory":true,"max_hp_per_floor":[80,80,80,80,80,80,85,85,85,85,85,85,85,85,85,85,85,85,85,85,85,85,85,85,85,85,85,85,85,85,85,85,85,85,85,85,85,85,85,85,85,85,85,85,85,85,85,85,85,85,85,85,85,85,85,85,85,85,85,85,85,85,85,85,85,85,85,85,85,85,85,85,85,85,89,89,89,89,89,89,89,89,89,89,89,89,89,89,93,93,93,97,105,105,105,105,105,105,109,109,109,109,113,113,113,113,113,117,117,117,117,117,117,117,117,117,117,121,121,125,125,125,125,125,125,125,125,125,125,125,125,125,125,125,125,125,125,125,125,125,125,125,125,125,125,125,125,125,125,125,125,125,125,125,135,135,135],"card_choices":[{"not_picked":["The Bomb","ReplayTheSpireMod:Brewmster"],"picked":"hubris:EnhanceAbility","floor":0.0},{"not_picked":["Twin Strike","Headbutt"],"picked":"Heavy Blade","floor":1.0},{"not_picked":["Perfected Strike","Iron Wave"],"picked":"ReplayTheSpireMod:Stacked","floor":5.0},{"not_picked":["hubris:ReadiedAction","Clothesline"],"picked":"Life Link","floor":10.0},{"not_picked":["ReplayTheSpireMod:LeadingStrike","Run Through","Twin Strike"],"picked":"SKIP","floor":12.0},{"not_picked":["Dark Embrace","Sword Boomerang"],"picked":"infinitespire:OneForAll","floor":13.0},{"not_picked":["Flex","Power Through"],"picked":"Demon Form","floor":14.0},{"not_picked":["Fiend Fire","Replay:Many Hands"],"picked":"Offering","floor":16.0},{"not_picked":["ReplayTheSpireMod:Stacked","Burning Pact","Thunderclap"],"picked":"SKIP","floor":18},{"not_picked":["Run Through","Ghostly Armor","ReplayTheSpireMod:Muscle Training"],"picked":"SKIP","floor":22},{"not_picked":["Infernal Blade","Carnage","Cleave"],"picked":"SKIP","floor":24},{"not_picked":["Life Link","Bloodletting","Defy Death+1"],"picked":"SKIP","floor":28},{"not_picked":["Twin Strike","Defy Death"],"picked":"True Grit+1","floor":29},{"not_picked":["Reckless Charge","ReplayTheSpireMod:Corrosion Curse"],"picked":"Iron Wave","floor":30},{"not_picked":["Replay:Many Hands","Offering"],"picked":"Barricade","floor":33},{"not_picked":["ReplayTheSpireMod:LeadingStrike","Clash","Havoc"],"picked":"SKIP","floor":35},{"not_picked":["Iron Wave+1","Heavy Blade+1"],"picked":"Shrug It Off","floor":37},{"not_picked":["Whirlwind","Warcry+1"],"picked":"Body Slam+1","floor":38},{"not_picked":["ReplayTheSpireMod:Muscle Training","Anger+1","Warcry+1"],"picked":"SKIP","floor":39},{"not_picked":["ReplayTheSpireMod:Strike From Hell+1","Replay:Undeath\u0027s Touch","Twin Strike+1"],"picked":"SKIP","floor":42},{"not_picked":["infinitespire:NeuralNetwork","infinitespire:DeathsTouch"],"picked":"infinitespire:TheBestDefense","floor":45},{"not_picked":["Corruption","Pommel Strike","ReplayTheSpireMod:Strike From Hell"],"picked":"SKIP","floor":45},{"not_picked":["Anger","Feel No Pain+1","Pommel Strike"],"picked":"SKIP","floor":48},{"not_picked":["Eclipse","hubris:StunningStrike"],"picked":"Feed","floor":50},{"not_picked":["Fire Breathing","Pommel Strike"],"picked":"Battle Trance","floor":52},{"not_picked":["Replay:Fractal Strike","infinitespire:Gouge"],"picked":"infinitespire:Fortify","floor":55},{"not_picked":["Headbutt","Body Slam","Replay:Undeath\u0027s Touch"],"picked":"SKIP","floor":56},{"not_picked":["Havoc","True Grit","Wild Strike"],"picked":"SKIP","floor":58},{"not_picked":["Body Slam","Run Through","Pommel Strike"],"picked":"SKIP","floor":59},{"not_picked":["Massacre","Defy Death"],"picked":"Berserk","floor":63},{"not_picked":["Second Wind","Wild Strike"],"picked":"hubris:ReadiedAction","floor":65},{"not_picked":["Warcry+1","Pommel Strike","Replay:Undeath\u0027s Touch"],"picked":"SKIP","floor":69},{"not_picked":["Iron Wave+1","Clothesline+1","ReplayTheSpireMod:Strike From Hell"],"picked":"SKIP","floor":70},{"not_picked":["Iron Wave","True Grit+1","ReplayTheSpireMod:Corrosion Curse"],"picked":"SKIP","floor":72},{"not_picked":["Headbutt","Double Tap","Seeing Red"],"picked":"SKIP","floor":74},{"not_picked":["Abandon+1","Dual Wield","Replay:Undeath\u0027s Touch"],"picked":"SKIP","floor":75},{"not_picked":["Sever Soul","Iron Wave+1","Anger+1"],"picked":"SKIP","floor":76},{"not_picked":["Sword Boomerang","Flame Barrier+1","Warcry"],"picked":"SKIP","floor":82},{"not_picked":["Reaper","Immolate"],"picked":"Berserk","floor":84},{"not_picked":["True Grit+1","ReplayReversal","Pommel Strike+1"],"picked":"SKIP","floor":86},{"not_picked":["ReplayTheSpireMod:Strike From Hell+1","Flex"],"picked":"Shrug It Off","floor":89},{"not_picked":["hubris:StunningStrike","Clothesline+1","Feel No Pain"],"picked":"SKIP","floor":90},{"not_picked":["Second Wind","Burning Pact+1"],"picked":"Body Slam+1","floor":92},{"not_picked":["Abandon+1","Anger","Massacre"],"picked":"SKIP","floor":93},{"not_picked":["Infernal Blade+1","Seeing Red+1"],"picked":"Shrug It Off+1","floor":96},{"not_picked":["Body Slam+1","ReplayTheSpireMod:Strike From Hell+1","Flex"],"picked":"SKIP","floor":99},{"not_picked":["Berserk","Demonic Infusion"],"picked":"Impervious","floor":101},{"not_picked":["True Grit","Expertise","Slice","Backstab"],"picked":"SKIP","floor":103},{"not_picked":["Shrug It Off","Metallicize","Dodge and Roll","Sucker Punch"],"picked":"SKIP","floor":107},{"not_picked":["Twin Strike","True Grit","Replay:Bag of Tricks"],"picked":"ReplayTheSpireMod:Speed Training","floor":108},{"not_picked":["Dash","hubris:Counter","True Grit","Finisher"],"picked":"SKIP","floor":112},{"not_picked":["Armaments","hubris:CleavingFinish","Anger","Terror"],"picked":"SKIP","floor":115},{"not_picked":["ReplayTheSpireMod:Necrosis","Poison Darts","Eclipse"],"picked":"Night Terror","floor":118},{"not_picked":["Poisoned Stab","Rage","Outmaneuver+1"],"picked":"Backflip+1","floor":120},{"not_picked":["Battle Trance","Wild Strike","Replay:Undeath\u0027s Touch","Anger+1"],"picked":"SKIP","floor":123},{"not_picked":["Twin Strike+1","Perfected Strike","Dagger Throw+1","Headbutt"],"picked":"SKIP","floor":129},{"not_picked":["Run Through","Anger","Shockwave+1","Skewer+1"],"picked":"SKIP","floor":131},{"not_picked":["Flying Knee+1","Dodge and Roll","Iron Wave","Prepared+1"],"picked":"SKIP","floor":133},{"not_picked":["Wild Strike","Shockwave","Thunderclap+1","Dagger Spray"],"picked":"SKIP","floor":137},{"not_picked":["Acrobatics","Perfected Strike+1","Deadly Poison+1","Calculated Gamble+1"],"picked":"SKIP","floor":138},{"not_picked":["Enlightenment","Madness","Dark Shackles"],"picked":"Secret Technique","floor":141},{"not_picked":["Disarm+1","Outmaneuver","Slice+1","Whirlwind+1"],"picked":"SKIP","floor":143},{"not_picked":["Battle Trance","Defy Death","Clothesline","Run Through+1"],"picked":"SKIP","floor":146},{"not_picked":["Replay:Undeath\u0027s Touch","Havoc+1","Underhanded Strike+1","Flechettes"],"picked":"SKIP","floor":148},{"not_picked":["Bane+1","Acrobatics+1","Underhanded Strike","hubris:SlightOfHand"],"picked":"SKIP","floor":150},{"not_picked":["Underhanded Strike+1","Dagger Throw","Flex+1","Tools of the Trade"],"picked":"SKIP","floor":156},{"not_picked":["hubris:StunningStrike","A Thousand Cuts","Bullet Time"],"picked":"Burst","floor":157}],"player_experience":1379064,"relics_obtained":[{"floor":14.0,"key":"hubris:FunFungus"},{"floor":24,"key":"Lizard Tail"},{"floor":26,"key":"Replay:Bottled Snecko"},{"floor":43,"key":"Runesmith:AutoHammer"},{"floor":45,"key":"Oddly Smooth Stone"},{"floor":59,"key":"hubris:Zylophone"},{"floor":60,"key":"InkBottle"},{"floor":64,"key":"aspiration:FrozenJewel"},{"floor":65,"key":"hubris:CuriousFeather"},{"floor":66,"key":"Self Forming Clay"},{"floor":74,"key":"infinitespire:Satchel"},{"floor":77,"key":"Pet Ghost"},{"floor":87,"key":"Ring of Hypnosis"},{"floor":94,"key":"Juzu Bracelet"},{"floor":96,"key":"Replay:Towering Pillar of Hats"},{"floor":98,"key":"infinitespire:PuzzleCube"},{"floor":107,"key":"Peace Pipe"},{"floor":108,"key":"hubris:DuctTape"},{"floor":111,"key":"Happy Flower"},{"floor":112,"key":"MawBank"},{"floor":113,"key":"Replay:Accelerometer"},{"floor":128,"key":"hubris:BundleOfHerbs"},{"floor":131,"key":"hubris:IronBody"},{"floor":145,"key":"Mummified Hand"},{"floor":150,"key":"aspiration:TomeofQuesting"},{"floor":156,"key":"hubris:ChampionShield"}],"event_choices":[{"damage_healed":62.0,"max_hp_gain":0.0,"max_hp_loss":80.0,"gold_gain":0.0,"event_name":"betterThird:BetterShining","player_choice":"Upgrade","floor":3.0,"gold_loss":0.0,"damage_taken":16.0,"cards_upgraded":["Strike_R","Bash"]},{"damage_healed":0.0,"max_hp_gain":0.0,"max_hp_loss":0.0,"gold_gain":0.0,"event_name":"betterThird:BetterScrap","player_choice":"Relic ","floor":4.0,"gold_loss":0.0,"damage_taken":12.0,"cards_obtained":["Setup"]},{"damage_healed":0.0,"max_hp_gain":5.0,"max_hp_loss":0.0,"gold_gain":0.0,"event_name":"Big Fish","player_choice":"Donut","floor":7.0,"gold_loss":0.0,"damage_taken":0.0},{"cards_removed":["Strike_R"],"damage_healed":0.0,"max_hp_gain":0.0,"max_hp_loss":0.0,"gold_gain":0.0,"event_name":"Wheel of Change","player_choice":"Card Removal","floor":11.0,"gold_loss":0.0,"damage_taken":0.0},{"damage_healed":0,"gold_gain":0,"player_choice":"Bet on Murderer","damage_taken":0,"max_hp_gain":0,"max_hp_loss":0,"event_name":"The Joust","floor":31,"gold_loss":50},{"damage_healed":0,"gold_gain":100,"player_choice":"Pray","damage_taken":0,"max_hp_gain":0,"max_hp_loss":0,"event_name":"Golden Shrine","floor":36,"gold_loss":0},{"damage_healed":0,"gold_gain":0,"player_choice":"Ignored","damage_taken":0,"max_hp_gain":0,"max_hp_loss":0,"event_name":"The Moai Head","floor":47,"gold_loss":0},{"cards_removed":["Demon Form"],"damage_healed":0,"gold_gain":0,"player_choice":"Removed Power","damage_taken":0,"max_hp_gain":0,"max_hp_loss":0,"event_name":"Falling","floor":140,"gold_loss":0},{"damage_healed":0,"gold_gain":0,"player_choice":"Memory 3","damage_taken":10,"max_hp_gain":0,"max_hp_loss":0,"event_name":"SensoryStone","floor":141,"gold_loss":0}],"is_beta":false,"boss_relics":[{"not_picked":["Runic Dome","Pandora\u0027s Box"],"picked":"aspiration:MobileForge"},{"not_picked":["Black Star","Replay:Drink Me"],"picked":"hubris:ScarierMask"},{"not_picked":["Cursed Key","Sozu"],"picked":"Mark of Pain"},{"not_picked":["hubris:HollowSoul","Honey Jar"],"picked":"Black Blood"},{"not_picked":["ReplayTheSpireMod:SealedPack","Electric Blood"],"picked":"Ooze Armor"},{"not_picked":["aspiration:FutureDiary","aspiration:SecretTechniqueScroll"],"picked":"aspiration:SilentSkillbook"},{"not_picked":["hubris:VirtuousBlindfold","Busted Crown"],"picked":"Replay:Bronze Core"},{"not_picked":["hubris:RunicObelisk","infinitespire:Cupcake","Coffee Dripper"]},{"not_picked":["ChewingGum","hubris:CrackedHourglass"],"picked":"Empty Cage"}],"items_purged_floors":[2,19,40,46,61,78,91,122,124,139],"is_endless":true,"potions_floor_spawned":[1,5,12,22,24,28,35,42,48,50,59,63,67,72,75,90,92,99,107,112,115,123,133,135,143,146,148,150,152,156,157],"ascension_level":0}}