{"host":"07tcb8n8jdavk3gs","time":1608446085,"event":{"mods":["BaseMod","Colored Map","Hermit","Marisa????????","Minty Spire (QoL Compilation)","StSLib","The Animator","The Cursed","The Servant 0.9.4"],"gold_per_floor":[116,116,145,53,76,107,107,124,172,172,172],"floor_reached":10,"playtime":649,"items_purged":[],"score":119,"play_id":"e3394f2a-f69e-4c02-bff3-3b30d783760e","local_time":"20201220003445","is_ascension_mode":true,"campfire_choices":[{"data":"animator:HiiragiShinya","floor":7,"key":"SMITH"}],"circlet_count":0,"master_deck":["AscendersBane","animator:Strike_Konosuba","animator:Defend_Konosuba","animator:Strike","animator:Strike","animator:Strike","animator:Defend","animator:Defend","animator:Defend","animator:Kazuma","animator:Aqua+1","animator:HiiragiShinya+1","animator:Yoichi","animator:Shigure","animator:Darkness","animator:Yoichi"],"relics":["animator:LivingPicture","animator:TheMissingPiece","NeowsBlessing","animator:AlchemistGlove","Tiny Chest"],"acts_visited":["Exordium"],"potions_floor_usage":[10],"damage_taken":[{"damage":0,"enemies":"Cultist","floor":1,"turns":1},{"damage":0,"enemies":"Jaw Worm","floor":3,"turns":1},{"damage":0,"enemies":"2 Louse","floor":5,"turns":1},{"damage":27,"enemies":"3 Sentries","floor":6,"turns":12},{"damage":7,"enemies":"Exordium Wildlife","floor":8,"turns":4},{"damage":46,"enemies":"Gremlin Nob","floor":10,"turns":3}],"seed_played":"8488144026988775613","potions_obtained":[{"floor":8,"key":"SkillPotion"}],"is_trial":false,"path_per_floor":["M","?","M","$","M","E","R","M","T","E"],"character_chosen":"THE_ANIMATOR","items_purchased":["animator:Yoichi","animator:Shigure"],"campfire_rested":0,"item_purchase_floors":[4,4],"current_hp_per_floor":[54,54,54,54,54,30,30,26,26,0,0],"gold":172,"neow_bonus":"THREE_ENEMY_KILL","is_daily":false,"chose_seed":false,"campfire_upgraded":1,"win_rate":0.0,"timestamp":1608446085,"path_taken":["M","?","?","?","M","E","R","M","T","E"],"items_purchased_type":["Card","Card"],"build_version":"2020-12-13","purchased_purges":0,"victory":false,"max_hp_per_floor":[60,60,60,60,60,60,60,60,60,60,60],"card_choices":[{"not_picked":["animator:DolaCouronne","animator:Guy","animator:Sebas"],"picked":"SKIP","floor":1},{"not_picked":["animator:ChaikaBohdan","animator:Fredrika"],"picked":"animator:HiiragiShinya","floor":3},{"not_picked":["animator:DolaCouronne","animator:Mitsurugi"],"picked":"animator:Darkness","floor":5},{"not_picked":["animator:Mitsuba","animator:Mikaela"],"picked":"animator:Yoichi","floor":6},{"not_picked":["animator:Shalltear","animator:Genos","animator:Ara"],"picked":"SKIP","floor":8}],"player_experience":889198,"relics_obtained":[{"floor":6,"key":"animator:AlchemistGlove"},{"floor":9,"key":"Tiny Chest"}],"event_choices":[{"damage_healed":0,"gold_gain":0,"player_choice":"Forge","damage_taken":0,"max_hp_gain":0,"max_hp_loss":0,"event_name":"Accursed Blacksmith","floor":2,"gold_loss":0,"cards_upgraded":["animator:Aqua"]}],"is_beta":false,"boss_relics":[],"items_purged_floors":[],"is_endless":false,"potions_floor_spawned":[8],"killed_by":"Gremlin Nob","ascension_level":15}}