{"host":"3c27c697js19kaoo","time":1608441732,"event":{"mods":["Aspiration","BaseMod","CapriCore","Dota2Spire","Hermit","Minty Spire (QoL Compilation)","Quick Restart","Remilia£®¿Ÿ√◊¿Ú—«£©","Replay The Spire","Robot Space Explorer","Spicy Shops","StSLib","The Alterego","The Cursed","The Runesmith","The Servant 0.9.4","vexMod","°æ“≈ŒÔø®≈∆°øREMEMod"],"gold_per_floor":[116,128,128,148,90,124,124,124,199,229,329,346,366,376,376,376,376],"floor_reached":16,"playtime":959,"items_purged":[],"score":112,"play_id":"eeb84270-a3d2-4d33-a5a4-77f5838c75d5","local_time":"20201220132212","is_ascension_mode":false,"campfire_choices":[{"floor":7,"key":"REST"},{"floor":15,"key":"REST"}],"circlet_count":0,"master_deck":["Runesmith:Strike_RS","Runesmith:Strike_RS","Runesmith:Strike_RS","Runesmith:Strike_RS+1","Runesmith:Defend_RS","Runesmith:Defend_RS+1","Runesmith:Defend_RS","Runesmith:Defend_RS","Runesmith:CraftFirestone","Runesmith:Fortify","Replay:DivineShield","Runesmith:HammerThrow","Shame","Runesmith:GrandSlam"],"relics":["Runesmith:BrokenRuby","REME_ComplimentaryCards","aspiration:Nostalgia","TheCursedMod:BlackMagic101","vexMod:GhostlyGear","vexMod:RetaliationKit","Dota2Spire:ShivaGuard","Dota2Spire:MonkeyKingBar","aspiration:HummingbirdHeart"],"acts_visited":["Exordium"],"potions_floor_usage":[10,16],"damage_taken":[{"damage":1,"enemies":"2 Louse","floor":1,"turns":3},{"damage":8,"enemies":"Jaw Worm","floor":2,"turns":4},{"damage":0,"enemies":"Cultist","floor":4,"turns":4},{"damage":27,"enemies":"3 Sentries","floor":6,"turns":9},{"damage":20,"enemies":"Gremlin Nob","floor":10,"turns":6},{"damage":1,"enemies":"Large Slime","floor":12,"turns":5},{"damage":0,"enemies":"Red Slaver","floor":13,"turns":4},{"damage":0,"enemies":"Looter","floor":14,"turns":4},{"damage":33,"enemies":"The Guardian","floor":16,"turns":9}],"seed_played":"8150942196717232013","potions_obtained":[{"floor":1,"key":"Block Potion"},{"floor":10,"key":"Death Potion"},{"floor":12,"key":"Strength Potion"}],"is_trial":false,"path_per_floor":["M","M","?","M","$","E","R","?","T","E","?","M","M","M","R","B"],"character_chosen":"RUNESMITH_CLASS","items_purchased":["vexMod:GhostlyGear"],"campfire_rested":2,"item_purchase_floors":[5],"current_hp_per_floor":[69,61,47,47,47,20,41,29,29,9,9,8,8,8,29,0,0],"gold":376,"neow_bonus":"NOSTALGIA","is_daily":false,"chose_seed":false,"campfire_upgraded":0,"win_rate":0.0,"timestamp":1608441732,"path_taken":["M","M","?","M","$","E","R","?","T","E","?","M","?","M","R","BOSS"],"items_purchased_type":["Relic"],"build_version":"2020-12-13","purchased_purges":0,"victory":false,"max_hp_per_floor":[70,70,70,70,70,70,70,70,70,70,70,70,70,70,70,70,70],"card_choices":[{"not_picked":["Runesmith:Grindstone","Runesmith:BackupBattery"],"picked":"Runesmith:HammerThrow","floor":1},{"not_picked":["Runesmith:Grindstone","Runesmith:CraftObretio","Runesmith:ChaoticBlast"],"picked":"SKIP","floor":2},{"not_picked":["Runesmith:NanitesCloud","Runesmith:EnergizedChisel","Runesmith:HeatedChisel"],"picked":"SKIP","floor":4},{"not_picked":["Runesmith:ShiftingStrike","Runesmith:Electrocute","Runesmith:RuneHurl"],"picked":"SKIP","floor":6},{"not_picked":["Runesmith:ChaoticBlast","Runesmith:HeatedChisel"],"picked":"Runesmith:GrandSlam","floor":10},{"not_picked":["Runesmith:StaticCage","Runesmith:CraftMagma","Runesmith:UnstableHammer"],"picked":"SKIP","floor":12},{"not_picked":["Runesmith:Permafrost","Runesmith:CraftProtectio","Runesmith:EarthShield"],"picked":"SKIP","floor":13},{"not_picked":["Runesmith:RuneHurl","Runesmith:Accelerate","Runesmith:Grindstone"],"picked":"SKIP","floor":14}],"player_experience":143746,"relics_obtained":[{"floor":6,"key":"vexMod:RetaliationKit"},{"floor":9,"key":"Dota2Spire:MonkeyKingBar"},{"floor":10,"key":"aspiration:HummingbirdHeart"}],"event_choices":[{"damage_healed":0,"gold_gain":0,"player_choice":"Entered Light","damage_taken":14,"max_hp_gain":0,"max_hp_loss":0,"event_name":"Shining Light","floor":3,"gold_loss":0,"cards_upgraded":["Runesmith:Strike_RS","Runesmith:Defend_RS"]},{"damage_healed":0,"gold_gain":0,"player_choice":"Success","damage_taken":12,"relics_obtained":["Dota2Spire:ShivaGuard"],"max_hp_gain":0,"max_hp_loss":0,"event_name":"Scrap Ooze","floor":8,"gold_loss":0},{"damage_healed":0,"gold_gain":100,"player_choice":"Pray","damage_taken":0,"max_hp_gain":0,"max_hp_loss":0,"event_name":"Golden Shrine","floor":11,"gold_loss":0}],"is_beta":false,"boss_relics":[],"items_purged_floors":[],"is_endless":false,"potions_floor_spawned":[1,10,12],"killed_by":"The Guardian","ascension_level":0}}