{"host":"hfxp6ue4pvwo3fit","time":1608450889,"event":{"mods":["AchievementEnabler","BaseMod","Colored Map","Colored Powertips","Highlight Path","Minty Spire (QoL Compilation)","StSLib","SuperFastMode"],"gold_per_floor":[112,72,82,94,7,7,37,37,63,129,161,171,171,206,206,283,283,303,318,332,332,206,206,206,217,244,244,269,269,279,298,298,371,371,387,387,387,387,387,417,436,436,460,460,254,269,4,29,29,29],"floor_reached":51,"playtime":1908,"items_purged":["Strike_B","Strike_B","Strike_B"],"score":1267,"play_id":"060fee29-18f2-485c-94de-af0265adbf08","local_time":"20201220015449","is_ascension_mode":true,"campfire_choices":[{"data":"Fission","floor":6,"key":"SMITH"},{"data":"Defragment","floor":8,"key":"SMITH"},{"data":"Hologram","floor":15,"key":"SMITH"},{"floor":23,"key":"REST"},{"floor":27,"key":"REST"},{"floor":29,"key":"REST"},{"floor":32,"key":"REST"},{"floor":44,"key":"REST"},{"floor":49,"key":"RECALL"}],"circlet_count":0,"master_deck":["AscendersBane","Strike_B","Defend_B","Defend_B+1","Defend_B","Zap","Dualcast","Doom and Gloom","Self Repair","Beam Cell","Defragment+1","Fission+1","Hologram+1","Leap+1","Electrodynamics","Defragment","Self Repair","Coolheaded","Barrage","Reboot","Coolheaded","Core Surge","Capacitor","Finesse","Compile Driver","Capacitor","Consume","Cold Snap","Ball Lightning"],"relics":["Cracked Core","NeowsBlessing","Nunchaku","Vajra","Oddly Smooth Stone","War Paint","Fusion Hammer","Art of War","Bottled Tornado","Nuclear Battery","Smiling Mask","Regal Pillow","Runic Capacitor","Ice Cream"],"acts_visited":["Exordium","TheCity","TheBeyond"],"potions_floor_usage":[11,14,16,28,33,40,50],"damage_taken":[{"damage":0,"enemies":"Cultist","floor":1,"turns":1},{"damage":0,"enemies":"2 Louse","floor":3,"turns":1},{"damage":0,"enemies":"Small Slimes","floor":4,"turns":1},{"damage":55,"enemies":"3 Sentries","floor":11,"turns":7},{"damage":6,"enemies":"3 Louse","floor":12,"turns":2},{"damage":18,"enemies":"Lagavulin","floor":14,"turns":7},{"damage":19,"enemies":"The Guardian","floor":16,"turns":10},{"damage":12,"enemies":"Chosen","floor":18,"turns":6},{"damage":26,"enemies":"2 Thieves","floor":19,"turns":4},{"damage":8,"enemies":"Cultist and Chosen","floor":20,"turns":5},{"damage":30,"enemies":"Centurion and Healer","floor":25,"turns":9},{"damage":17,"enemies":"Slavers","floor":28,"turns":4},{"damage":18,"enemies":"Snake Plant","floor":30,"turns":3},{"damage":0,"enemies":"Sentry and Sphere","floor":31,"turns":6},{"damage":12,"enemies":"Champ","floor":33,"turns":15},{"damage":0,"enemies":"3 Shapes","floor":35,"turns":4},{"damage":11,"enemies":"Nemesis","floor":40,"turns":7},{"damage":0,"enemies":"Orb Walker","floor":41,"turns":2},{"damage":25,"enemies":"3 Darklings","floor":46,"turns":5},{"damage":0,"enemies":"Mind Bloom Boss Battle","floor":48,"turns":7},{"damage":72,"enemies":"Time Eater","floor":50,"turns":22}],"seed_played":"-5103332006917970334","potions_obtained":[{"floor":1,"key":"ColorlessPotion"},{"floor":4,"key":"FearPotion"},{"floor":11,"key":"GamblersBrew"},{"floor":19,"key":"PowerPotion"},{"floor":25,"key":"LiquidBronze"},{"floor":28,"key":"Ancient Potion"},{"floor":35,"key":"SkillPotion"},{"floor":40,"key":"DistilledChaos"},{"floor":46,"key":"Regen Potion"}],"is_trial":false,"path_per_floor":["M","$","M","M","$","R","?","R","T","?","E","M","?","E","R","B",null,"M","M","M","?","$","R","?","M","T","R","E","R","M","M","R","B",null,"M","?","?","?","?","E","M","?","T","R","$","M","$","?","R","B",null],"character_chosen":"DEFECT","items_purchased":["Self Repair","Fission","Barrage","Capacitor","Consume","Runic Capacitor","Ball Lightning"],"campfire_rested":5,"item_purchase_floors":[2,5,22,45,45,47,47],"current_hp_per_floor":[64,64,64,64,64,64,64,64,64,64,16,17,40,29,29,17,58,53,34,40,20,20,42,42,26,26,48,38,60,42,56,76,76,76,76,76,72,72,72,72,72,72,72,72,72,61,61,72,72,29],"gold":29,"neow_bonus":"THREE_ENEMY_KILL","is_daily":false,"chose_seed":false,"campfire_upgraded":3,"win_rate":0.0,"timestamp":1608450889,"path_taken":["M","$","M","?","$","R","?","R","T","?","E","M","?","E","R","BOSS","M","M","M","?","$","R","?","M","T","R","E","R","M","?","R","BOSS","M","?","?","?","?","E","?","?","T","R","$","M","$","?","R","BOSS"],"items_purchased_type":["Card","Card","Card","Card","Card","Relic","Card"],"build_version":"2020-12-13","purchased_purges":3,"victory":true,"max_hp_per_floor":[71,71,71,71,71,71,71,71,71,71,71,71,71,71,71,71,71,71,71,71,76,76,76,76,76,76,76,76,76,76,76,76,76,76,76,76,72,72,72,72,72,72,72,72,72,72,72,72,72,72],"card_choices":[{"not_picked":["Redo","Coolheaded"],"picked":"Doom and Gloom","floor":1},{"not_picked":["Hello World","Skim"],"picked":"Beam Cell","floor":3},{"not_picked":["Cold Snap","Barrage"],"picked":"Defragment","floor":4},{"not_picked":["Steam","Double Energy"],"picked":"Hologram","floor":11},{"not_picked":["Ball Lightning","BootSequence"],"picked":"Leap","floor":12},{"not_picked":["Scrape","Sweeping Beam","Reprogram"],"picked":"SKIP","floor":14},{"not_picked":["Thunder Strike","Meteor Strike"],"picked":"Electrodynamics","floor":16},{"not_picked":["Sweeping Beam","Go for the Eyes"],"picked":"Defragment","floor":18},{"not_picked":["Consume","Streamline"],"picked":"Self Repair","floor":19},{"not_picked":["Gash","Undo"],"picked":"Coolheaded","floor":20},{"not_picked":["Hologram","Leap"],"picked":"Coolheaded","floor":25},{"not_picked":["Beam Cell","Blizzard+1"],"picked":"Core Surge","floor":28},{"not_picked":["Hello World","Sweeping Beam","Hologram"],"picked":"SKIP","floor":30},{"not_picked":["Go for the Eyes+1","Tempest"],"picked":"Capacitor","floor":31},{"not_picked":["Streamline","Coolheaded","Hologram"],"picked":"SKIP","floor":35},{"not_picked":["Blind","Impatience"],"picked":"Finesse","floor":36},{"not_picked":["Recycle+1","Gash","Tempest"],"picked":"SKIP","floor":40},{"not_picked":["Steam","Conserve Battery"],"picked":"Compile Driver","floor":41},{"not_picked":["Barrage+1","Undo+1"],"picked":"Cold Snap","floor":46}],"player_experience":398216,"relics_obtained":[{"floor":9,"key":"Vajra"},{"floor":11,"key":"Oddly Smooth Stone"},{"floor":14,"key":"War Paint"},{"floor":26,"key":"Art of War"},{"floor":28,"key":"Bottled Tornado"},{"floor":40,"key":"Smiling Mask"},{"floor":43,"key":"Regal Pillow"},{"floor":48,"key":"Ice Cream"}],"event_choices":[{"damage_healed":0,"gold_gain":30,"player_choice":"Searched \u00272\u0027 times","damage_taken":0,"relics_obtained":["Nunchaku"],"max_hp_gain":0,"max_hp_loss":0,"event_name":"Dead Adventurer","floor":7,"gold_loss":0},{"damage_healed":0,"gold_gain":66,"player_choice":"Gained Gold","damage_taken":0,"max_hp_gain":0,"max_hp_loss":0,"event_name":"Golden Wing","floor":10,"gold_loss":0},{"damage_healed":23,"gold_gain":0,"player_choice":"Banana","damage_taken":0,"max_hp_gain":0,"max_hp_loss":0,"event_name":"Big Fish","floor":13,"gold_loss":0},{"damage_healed":0,"gold_gain":0,"player_choice":"Shed Blood","damage_taken":25,"max_hp_gain":5,"max_hp_loss":0,"event_name":"Forgotten Altar","floor":21,"gold_loss":0},{"damage_healed":0,"gold_gain":0,"player_choice":"1 cards matched","damage_taken":0,"max_hp_gain":0,"max_hp_loss":0,"event_name":"Match and Keep!","floor":24,"gold_loss":0,"cards_obtained":["Reboot"]},{"damage_healed":0,"gold_gain":0,"player_choice":"Memory 1","damage_taken":0,"max_hp_gain":0,"max_hp_loss":0,"event_name":"SensoryStone","floor":36,"gold_loss":0},{"damage_healed":0,"gold_gain":0,"player_choice":"Max HP","damage_taken":0,"max_hp_gain":0,"max_hp_loss":4,"event_name":"Winding Halls","floor":37,"gold_loss":0},{"damage_healed":0,"gold_gain":0,"player_choice":"Ignored","damage_taken":0,"max_hp_gain":0,"max_hp_loss":0,"event_name":"Mysterious Sphere","floor":38,"gold_loss":0},{"cards_removed":["Defend_B"],"damage_healed":0,"gold_gain":0,"player_choice":"Removed Skill","damage_taken":0,"max_hp_gain":0,"max_hp_loss":0,"event_name":"Falling","floor":39,"gold_loss":0},{"damage_healed":0,"gold_gain":0,"player_choice":"Ignored","damage_taken":0,"max_hp_gain":0,"max_hp_loss":0,"event_name":"Tomb of Lord Red Mask","floor":42,"gold_loss":0},{"damage_healed":0,"gold_gain":0,"player_choice":"Fight","damage_taken":0,"max_hp_gain":0,"max_hp_loss":0,"event_name":"MindBloom","floor":48,"gold_loss":0}],"is_beta":false,"boss_relics":[{"not_picked":["Black Star","Snecko Eye"],"picked":"Fusion Hammer"},{"not_picked":["Busted Crown","Tiny House"],"picked":"Nuclear Battery"}],"items_purged_floors":[22,45,47],"is_endless":false,"potions_floor_spawned":[1,4,11,19,25,28,30,35,40,46],"ascension_level":16}}