{"host":"rmsq46plbpwfbxcc","time":1608457538,"event":{"mods":["AchievementEnabler","BaseMod","Colored Map","DeckTracker","Minty Spire (QoL Compilation)","Permanent Neow","SuperFastMode"],"gold_per_floor":[119,129,149,163,182,182,198,198,198,231,277,293,293,328,328,403,403,423,403,212,226,226,226,226,226,275,307,329,341,378,405,417,506,518,549,571,325,336,351,379,379,396,421,421,43,56,56,91,91,91],"floor_reached":51,"playtime":1552,"items_purged":["Strike_G","Writhe","Strike_G"],"score":1420,"play_id":"06ac19dc-cfe6-4577-aef1-985972108fd1","local_time":"20201220184538","is_ascension_mode":true,"campfire_choices":[{"data":"Neutralize","floor":6.0,"key":"SMITH"},{"data":"Terror","floor":8.0,"key":"SMITH"},{"data":"Blade Dance","floor":13.0,"key":"SMITH"},{"data":"Phantasmal Killer","floor":15.0,"key":"SMITH"},{"data":"Cloak And Dagger","floor":23,"key":"SMITH"},{"floor":25,"key":"REST"},{"data":"Finisher","floor":29,"key":"SMITH"},{"data":"Glass Knife","floor":32,"key":"SMITH"},{"floor":44,"key":"REST"},{"data":"Burst","floor":47,"key":"SMITH"},{"data":"Dash","floor":49,"key":"SMITH"}],"circlet_count":0,"master_deck":["AscendersBane","Strike_G","Strike_G","Strike_G","Defend_G","Defend_G","Defend_G","Defend_G","Defend_G","Survivor","Neutralize+1","Dash+1","Terror+1","Finisher+1","Blade Dance+1","Phantasmal Killer+1","Cloak And Dagger+1","Envenom+1","Cloak And Dagger+1","Backflip","Backstab","Infinite Blades+1","Glass Knife+1","Well Laid Plans+1","Burst+1","Accuracy+1","Choke","Swift Strike","PiercingWail","Escape Plan","Choke+1"],"relics":["Black Star","Bottled Flame","Paper Crane","Potion Belt","Bag of Marbles","Frozen Egg 2","Bag of Preparation","SacredBark","Ornamental Fan","Akabeko","Snake Skull","MawBank","Bottled Tornado","Anchor","WristBlade","Centennial Puzzle","Calipers","Lantern","Boot","Lee\u0027s Waffle","Toy Ornithopter","Blue Candle"],"acts_visited":["Exordium","TheCity","TheBeyond"],"potions_floor_usage":[18,27,28,33,40,50,50,50,50],"damage_taken":[{"damage":2.0,"enemies":"Cultist","floor":1.0,"turns":4.0},{"damage":7.0,"enemies":"Jaw Worm","floor":2.0,"turns":5.0},{"damage":0.0,"enemies":"Small Slimes","floor":3.0,"turns":5.0},{"damage":4.0,"enemies":"Red Slaver","floor":4.0,"turns":4.0},{"damage":5.0,"enemies":"3 Louse","floor":5.0,"turns":6.0},{"damage":8.0,"enemies":"Blue Slaver","floor":7.0,"turns":5.0},{"damage":3.0,"enemies":"Gremlin Nob","floor":10.0,"turns":3.0},{"damage":6.0,"enemies":"Red Slaver","floor":12.0,"turns":4.0},{"damage":0.0,"enemies":"Lagavulin","floor":14.0,"turns":4.0},{"damage":12.0,"enemies":"The Guardian","floor":16.0,"turns":11.0},{"damage":0,"enemies":"3 Byrds","floor":18,"turns":2},{"damage":11,"enemies":"2 Thieves","floor":19,"turns":4},{"damage":8,"enemies":"Snake Plant","floor":21,"turns":3},{"damage":17,"enemies":"Slavers","floor":27,"turns":5},{"damage":0,"enemies":"Centurion and Healer","floor":28,"turns":9},{"damage":15,"enemies":"Book of Stabbing","floor":30,"turns":5},{"damage":1,"enemies":"Snecko","floor":31,"turns":3},{"damage":28,"enemies":"Automaton","floor":33,"turns":7},{"damage":0,"enemies":"Orb Walker","floor":35,"turns":2},{"damage":9,"enemies":"3 Darklings","floor":36,"turns":5},{"damage":4,"enemies":"Writhing Mass","floor":38,"turns":3},{"damage":20,"enemies":"Jaw Worm Horde","floor":39,"turns":4},{"damage":22,"enemies":"Reptomancer","floor":40,"turns":3},{"damage":2,"enemies":"4 Shapes","floor":42,"turns":3},{"damage":3,"enemies":"Sphere and 2 Shapes","floor":46,"turns":3},{"damage":0,"enemies":"Nemesis","floor":48,"turns":4},{"damage":36,"enemies":"Donu and Deca","floor":50,"turns":6}],"seed_played":"7475753929060563356","potions_obtained":[{"floor":1.0,"key":"SteroidPotion"},{"floor":3.0,"key":"LiquidBronze"},{"floor":5.0,"key":"Fruit Juice"},{"floor":14.0,"key":"EssenceOfSteel"},{"floor":16.0,"key":"LiquidBronze"},{"floor":18,"key":"DuplicationPotion"},{"floor":21,"key":"DuplicationPotion"},{"floor":27,"key":"Regen Potion"},{"floor":28,"key":"FearPotion"},{"floor":35,"key":"LiquidBronze"},{"floor":39,"key":"Explosive Potion"},{"floor":48,"key":"FearPotion"}],"is_trial":false,"path_per_floor":["M","M","M","M","M","R","M","R","T","E","T","M","R","E","R","B",null,"M","M","$","M","?","R","?","R","T","E","M","R","E","M","R","B",null,"M","M","$","M","M","E","?","M","T","R","$","M","R","E","R","B",null],"character_chosen":"THE_SILENT","items_purchased":["Backstab","Infinite Blades+1","Centennial Puzzle","Escape Plan","Lee\u0027s Waffle"],"campfire_rested":2,"item_purchase_floors":[20,20,37,45,45],"current_hp_per_floor":[57,50,50,46,46,46,38,38,38,35,35,29,29,29,29,17,58,58,47,47,39,39,39,19,41,41,24,76,76,61,60,60,32,65,65,56,56,52,32,10,10,8,8,30,83,80,80,80,80,52],"gold":91,"neow_bonus":"BOSS_RELIC","is_daily":false,"chose_seed":false,"campfire_upgraded":9,"win_rate":0.0,"timestamp":1608457538,"path_taken":["M","M","M","M","M","R","M","R","T","E","?","?","R","E","R","BOSS","M","M","$","?","?","R","?","R","T","E","M","R","E","M","R","BOSS","M","M","$","M","M","E","?","M","T","R","$","M","R","E","R","BOSS"],"items_purchased_type":["Card","Card","Relic","Card","Relic"],"build_version":"2020-12-13","purchased_purges":3,"victory":true,"max_hp_per_floor":[66,66,66,66,71,71,71,71,71,71,71,71,71,71,71,71,71,71,71,71,71,71,71,76,76,76,76,76,76,76,76,76,76,76,76,76,76,76,76,76,76,76,76,76,83,83,83,83,83,83],"card_choices":[{"not_picked":["Flechettes","Accuracy"],"picked":"Dash","floor":1.0},{"not_picked":["Slice","Caltrops","Predator"],"picked":"SKIP","floor":2.0},{"not_picked":["Infinite Blades","Dodge and Roll"],"picked":"Terror","floor":3.0},{"not_picked":["Tactician","Acrobatics"],"picked":"Finisher","floor":4.0},{"not_picked":["Flying Knee","Backflip"],"picked":"Blade Dance","floor":5.0},{"not_picked":["Dagger Spray","Concentrate","Quick Slash"],"picked":"SKIP","floor":7.0},{"not_picked":["Deadly Poison","Noxious Fumes"],"picked":"Phantasmal Killer","floor":10.0},{"not_picked":["PiercingWail","Eviscerate"],"picked":"Cloak And Dagger","floor":12.0},{"not_picked":["Underhanded Strike","Leg Sweep","Noxious Fumes+1"],"picked":"SKIP","floor":14.0},{"not_picked":["Bullet Time","Venomology"],"picked":"Envenom+1","floor":16.0},{"not_picked":["Outmaneuver","Sucker Punch"],"picked":"Cloak And Dagger+1","floor":18},{"not_picked":["Bane","Flying Knee"],"picked":"Backflip","floor":19},{"not_picked":["Outmaneuver","Calculated Gamble","Catalyst"],"picked":"SKIP","floor":21},{"not_picked":["Dagger Spray","Backflip","Riddle With Holes"],"picked":"SKIP","floor":27},{"not_picked":["Prepared","Setup","Cloak And Dagger"],"picked":"SKIP","floor":28},{"not_picked":["Flying Knee","Dagger Throw"],"picked":"Glass Knife","floor":30},{"not_picked":["Terror","Cloak And Dagger"],"picked":"Well Laid Plans+1","floor":31},{"not_picked":["Wraith Form v2+1","Grand Finale"],"picked":"Burst","floor":33},{"not_picked":["Infinite Blades+1","Underhanded Strike","Calculated Gamble"],"picked":"SKIP","floor":35},{"not_picked":["Terror","Dagger Spray"],"picked":"Accuracy+1","floor":36},{"not_picked":["Poisoned Stab","Riddle With Holes+1","Sucker Punch+1"],"picked":"SKIP","floor":38},{"not_picked":["Dodge and Roll+1","Prepared","Quick Slash"],"picked":"SKIP","floor":39},{"not_picked":["Poisoned Stab","Quick Slash"],"picked":"Choke","floor":40},{"not_picked":["Discovery","Forethought"],"picked":"Swift Strike","floor":41},{"not_picked":["Underhanded Strike","Prepared"],"picked":"PiercingWail","floor":42},{"not_picked":["Envenom+1","Acrobatics","Crippling Poison"],"picked":"SKIP","floor":46},{"not_picked":["Expertise+1","Predator"],"picked":"Choke+1","floor":48}],"player_experience":1342232,"relics_obtained":[{"floor":9.0,"key":"Bottled Flame"},{"floor":10.0,"key":"Paper Crane"},{"floor":10.0,"key":"Potion Belt"},{"floor":11.0,"key":"Bag of Marbles"},{"floor":14.0,"key":"Frozen Egg 2"},{"floor":14.0,"key":"Bag of Preparation"},{"floor":26,"key":"Akabeko"},{"floor":27,"key":"Snake Skull"},{"floor":27,"key":"MawBank"},{"floor":30,"key":"Bottled Tornado"},{"floor":30,"key":"Anchor"},{"floor":40,"key":"Calipers"},{"floor":40,"key":"Lantern"},{"floor":43,"key":"Boot"},{"floor":48,"key":"Toy Ornithopter"},{"floor":48,"key":"Blue Candle"}],"event_choices":[{"damage_healed":0,"gold_gain":0,"player_choice":"Opened","damage_taken":0,"relics_obtained":["Ornamental Fan"],"max_hp_gain":0,"max_hp_loss":0,"event_name":"The Mausoleum","floor":22,"gold_loss":0,"cards_obtained":["Writhe"]},{"damage_healed":0,"gold_gain":0,"player_choice":"Shed Blood","damage_taken":25,"max_hp_gain":5,"max_hp_loss":0,"event_name":"Forgotten Altar","floor":24,"gold_loss":0},{"damage_healed":0,"gold_gain":0,"player_choice":"Memory 1","damage_taken":0,"max_hp_gain":0,"max_hp_loss":0,"event_name":"SensoryStone","floor":41,"gold_loss":0}],"is_beta":false,"boss_relics":[{"not_picked":["Tiny House","Busted Crown"],"picked":"SacredBark"},{"not_picked":["Pandora\u0027s Box","Astrolabe"],"picked":"WristBlade"}],"items_purged_floors":[20,37,45],"is_endless":false,"potions_floor_spawned":[1,3,5,14,16,18,21,27,28,35,39,48],"ascension_level":16}}