{"host":"h5golg54dem4i27y","time":1608504878,"event":{"mods":["BaseMod","Colored Map","Colored Powertips","Minty Spire (QoL Compilation)","Replay The Spire","StSLib","SuperFastMode"],"gold_per_floor":[111,121,141,141,15,15,35,35,62,62,87,87,35,106,106,234,234,259,259,169,184,33,74,74,107,119,171,207,234,246,258,270,407,419,444,249,264,288,42,42,81,81,81,81,102,137,137,171,171,171],"floor_reached":51,"playtime":1669,"items_purged":["Strike_G","ReplayTheSpireMod:Exploit Weakness","Cloak And Dagger"],"score":1421,"play_id":"89722cfe-34ad-4393-83e6-b2aee8dc439f","local_time":"20201221075438","is_ascension_mode":true,"campfire_choices":[{"data":"Calculated Gamble","floor":6.0,"key":"SMITH"},{"data":"Eviscerate","floor":8.0,"key":"SMITH"},{"data":"Strike_G","floor":15,"key":"PURGE"},{"data":"Calculated Gamble","floor":30,"key":"SMITH"},{"data":"Adrenaline","floor":32,"key":"SMITH"},{"data":"Reflex","floor":40,"key":"SMITH"},{"data":"Acrobatics","floor":42,"key":"SMITH"},{"data":"Acrobatics","floor":44,"key":"SMITH"},{"floor":47,"key":"REST"},{"data":"Backflip","floor":49,"key":"SMITH"}],"circlet_count":0,"master_deck":["AscendersBane","Survivor","Neutralize+1","Eviscerate+1","Calculated Gamble+1","Dagger Throw+1","Eviscerate+1","Eviscerate+1","Backstab+1","Cloak And Dagger+1","Adrenaline+1","Acrobatics+1","Distraction+1","Acrobatics+1","Calculated Gamble+1","Quick Slash+1","Prepared+1","Blur+1","Escape Plan+1","Leg Sweep+1","Flying Knee+1","Adrenaline+1","Backflip+1","Reflex+1","Acrobatics+1","Terror+1"],"relics":["Ring of the Snake","NeowsBlessing","Nunchaku","ReplayTheSpireMod:TigerMarble","Golden Idol","Replay:Bottled Eggs","Pandora\u0027s Box","Enchiridion","Smiling Mask","MawBank","Anchor","Astrolabe","Pen Nib","Singing Bowl","Centennial Puzzle","Replay:Wax Seal","Whetstone","ReplayTheSpireMod:Shallot"],"acts_visited":["Exordium","TheCity","TheBeyond"],"potions_floor_usage":[16,16,23,25,33,33,46,46,46,46,46,46,50],"damage_taken":[{"damage":0.0,"enemies":"Cultist","floor":1.0,"turns":1.0},{"damage":0.0,"enemies":"Jaw Worm","floor":2.0,"turns":1.0},{"damage":0.0,"enemies":"Small Slimes","floor":3.0,"turns":1.0},{"damage":0.0,"enemies":"2 Fungi Beasts","floor":7.0,"turns":2.0},{"damage":4.0,"enemies":"Gremlin Nob","floor":11.0,"turns":3.0},{"damage":0.0,"enemies":"Gremlin Nob","floor":14.0,"turns":2.0},{"damage":0,"enemies":"Slime Boss","floor":16,"turns":6},{"damage":0,"enemies":"2 Thieves","floor":18,"turns":2},{"damage":0,"enemies":"3 Byrds","floor":21,"turns":2},{"damage":0,"enemies":"Replay:Snechameleon","floor":23,"turns":2},{"damage":0,"enemies":"Gremlin Leader","floor":25,"turns":3},{"damage":4,"enemies":"Replay:Snechameleon","floor":27,"turns":2},{"damage":9,"enemies":"Sentry and Sphere","floor":28,"turns":3},{"damage":0,"enemies":"Cultist and Chosen","floor":29,"turns":3},{"damage":20,"enemies":"Collector","floor":33,"turns":3},{"damage":0,"enemies":"3 Shapes","floor":35,"turns":1},{"damage":0,"enemies":"3 Darklings","floor":37,"turns":1},{"damage":0,"enemies":"Transient","floor":38,"turns":5},{"damage":0,"enemies":"Reptomancer","floor":41,"turns":1},{"damage":0,"enemies":"Maw","floor":45,"turns":1},{"damage":7,"enemies":"R_Hoarder","floor":46,"turns":6},{"damage":0,"enemies":"Reptomancer","floor":48,"turns":2},{"damage":20,"enemies":"Awakened One","floor":50,"turns":4}],"seed_played":"-2457903970445432328","potions_obtained":[{"floor":3.0,"key":"Reflective Coating"},{"floor":11.0,"key":"Milkshake"},{"floor":14,"key":"Swift Potion"},{"floor":16,"key":"AttackPotion"},{"floor":18,"key":"AttackPotion"},{"floor":25,"key":"FearPotion"},{"floor":28,"key":"Elixir"},{"floor":33,"key":"Toxic Potion"},{"floor":41,"key":"Flashbang"},{"floor":45,"key":"EntropicBrew"},{"floor":48,"key":"BlessingOfTheForge"}],"is_trial":false,"path_per_floor":["M","M","M","?","$","R","M","R","T","?","E","?","$","?","R_BF","B",null,"M","?","?","M","$","E","?","E","T","E","M","M","R","?","R","B",null,"M","$","M","M","$","R","E","R","T","R","M","E","R","E","R","B",null],"character_chosen":"THE_SILENT","items_purchased":["Eviscerate","SkillPotion","Acrobatics","Pen Nib","Singing Bowl"],"campfire_rested":1,"item_purchase_floors":[5,13,22,36,39],"current_hp_per_floor":[63,63,63,49,49,49,49,49,49,49,45,45,45,45,45,45,60,60,44,44,44,44,44,65,65,65,61,52,52,52,52,52,32,57,57,57,57,57,57,57,59,59,59,59,61,54,69,69,69,49],"gold":171,"neow_bonus":"THREE_ENEMY_KILL","is_daily":false,"chose_seed":false,"campfire_upgraded":8,"win_rate":0.0,"timestamp":1608504878,"path_taken":["M","M","?","?","$","R","M","R","T","?","E","?","?","?","R_BF","BOSS","M","?","?","?","$","E","?","E","T","E","M","M","R","?","R","BOSS","M","$","M","M","$","R","E","R","T","R","M","E","R","E","R","BOSS"],"items_purchased_type":["Card","Potion","Card","Relic","Relic"],"build_version":"2020-12-13","purchased_purges":3,"victory":true,"max_hp_per_floor":[70,70,70,70,70,70,70,70,70,70,70,65,65,65,65,65,65,65,65,65,65,65,65,65,65,65,65,65,65,65,65,65,65,65,65,65,65,65,65,65,67,67,67,67,69,69,69,69,69,69],"card_choices":[{"not_picked":["Quick Slash","PiercingWail"],"picked":"Eviscerate","floor":1.0},{"not_picked":["Infinite Blades","Sucker Punch"],"picked":"Calculated Gamble","floor":2.0},{"not_picked":["Outmaneuver","Flying Knee"],"picked":"Dagger Throw","floor":3.0},{"not_picked":["Sucker Punch","Hidden Blade"],"picked":"Backstab","floor":7.0},{"not_picked":["Poisoned Stab","Accuracy","Deflect"],"picked":"SKIP","floor":11.0},{"not_picked":["ReplayTheSpireMod:From All Sides","After Image"],"picked":"Adrenaline","floor":16},{"not_picked":["Prepared","Blade Dance","Bane"],"picked":"SKIP","floor":18},{"not_picked":["Backstab","Bouncing Flask"],"picked":"Distraction+1","floor":21},{"not_picked":["Doppelganger","Underhanded Strike"],"picked":"Calculated Gamble","floor":23},{"not_picked":["Choke","Accuracy"],"picked":"Quick Slash+1","floor":25},{"not_picked":["Hidden Blade+1","Finisher"],"picked":"Prepared+1","floor":27},{"not_picked":["Sucker Punch+1","Hidden Blade"],"picked":"Blur+1","floor":28},{"not_picked":["Bouncing Flask","Doppelganger"],"picked":"Escape Plan+1","floor":29},{"not_picked":["Sucker Punch","Bane+1"],"picked":"Backflip","floor":35},{"not_picked":["Malaise","Bane","Prepared"],"picked":"SKIP","floor":37},{"not_picked":["Quick Slash+1","Bane+1"],"picked":"Reflex","floor":38},{"not_picked":["Dagger Spray","Deadly Poison","Slice"],"picked":"Singing Bowl","floor":41},{"not_picked":["Caltrops","Escape Plan","Bane"],"picked":"Singing Bowl","floor":45},{"not_picked":["Sneak Up+1","Blade Dance+1"],"picked":"Acrobatics+1","floor":46},{"not_picked":["Poisoned Stab","Sucker Punch+1"],"picked":"Terror+1","floor":48}],"player_experience":615468,"relics_obtained":[{"floor":9.0,"key":"Nunchaku"},{"floor":11.0,"key":"ReplayTheSpireMod:TigerMarble"},{"floor":19,"key":"Enchiridion"},{"floor":23,"key":"Smiling Mask"},{"floor":25,"key":"MawBank"},{"floor":27,"key":"Anchor"},{"floor":41,"key":"Centennial Puzzle"},{"floor":43,"key":"Replay:Wax Seal"},{"floor":46,"key":"Whetstone"},{"floor":48,"key":"ReplayTheSpireMod:Shallot"}],"event_choices":[{"damage_healed":0.0,"max_hp_gain":0.0,"max_hp_loss":0.0,"gold_gain":0.0,"event_name":"Shining Light","player_choice":"Entered Light","floor":4.0,"gold_loss":0.0,"damage_taken":14.0,"cards_upgraded":["Strike_G","Defend_G"]},{"damage_healed":0.0,"max_hp_gain":0.0,"max_hp_loss":5.0,"gold_gain":0.0,"event_name":"Golden Idol","player_choice":"Lose Max HP","floor":12.0,"gold_loss":0.0,"damage_taken":0.0,"relics_obtained":["Golden Idol"]},{"damage_healed":0.0,"max_hp_gain":0.0,"max_hp_loss":0.0,"gold_gain":30.0,"event_name":"Dead Adventurer","player_choice":"Searched \u00273\u0027 times","floor":14.0,"gold_loss":0.0,"damage_taken":0.0,"relics_obtained":["Replay:Bottled Eggs"]},{"damage_healed":0,"gold_gain":0,"player_choice":"Obtained Book","damage_taken":16,"max_hp_gain":0,"max_hp_loss":0,"event_name":"Cursed Tome","floor":19,"gold_loss":0},{"cards_removed":["Envenom"],"damage_healed":0,"gold_gain":0,"player_choice":"Upgrade and Remove","damage_taken":0,"max_hp_gain":0,"max_hp_loss":0,"event_name":"Designer","floor":20,"gold_loss":90,"cards_upgraded":["Backstab"]},{"damage_healed":21,"gold_gain":0,"player_choice":"Heal","damage_taken":0,"max_hp_gain":0,"max_hp_loss":0,"event_name":"The Library","floor":24,"gold_loss":0},{"damage_healed":0,"gold_gain":0,"player_choice":"Ignored","damage_taken":0,"max_hp_gain":0,"max_hp_loss":0,"event_name":"Vampires","floor":31,"gold_loss":0}],"is_beta":false,"boss_relics":[{"not_picked":["WristBlade","Runic Pyramid"],"picked":"Pandora\u0027s Box"},{"not_picked":["Black Star","Calling Bell"],"picked":"Astrolabe"}],"items_purged_floors":[5,22,36],"is_endless":false,"potions_floor_spawned":[3,11,14,16,18,25,28,33,41,45,48],"ascension_level":10}}