{"host":"ly8vj2opk1y3o1w7","time":1608454466,"event":{"mods":["Act Like it!","BaseMod","Conspire","Friendly Minions","GifTheSpireLib","Hubris","MarisaÅiñ∂âJÅ@ñÇóùçπÅj","Minty Spire (QoL Compilation)","Permanent Neow","Remove Card Discount Mod","Replay The Spire","StSLib","The Animator","Waifu the Spire"],"gold_per_floor":[116,156,189,20,58,93,93,123,123,198,237,237,34,121,121,272,272,310,324,170,211,222,222,232,232,232,232,274,324,324,379,379,480,480,490,166,208,222,235,235,265,281,308,326,326,382,382,88,88,88,88,88,23,49,49],"floor_reached":56,"playtime":3619,"items_purged":["Strike_G","Defend_G","Defend_G","Strike_G","Defend_G","Defend_G","Strike_G","ReplayTheSpireMod:Doomed","Hallucinations","animator:Curse_Greed","Strike_G","Defend_G","Doubt"],"score":1403,"play_id":"ef5fa0e9-4c24-41b7-9081-ae1eacd475d8","local_time":"20201220165426","is_ascension_mode":false,"campfire_choices":[{"data":"Glass Knife","floor":7,"key":"SMITH"},{"data":"Neutralize","floor":15,"key":"SMITH"},{"data":"After Image","floor":23,"key":"SMITH"},{"data":"Terror","floor":27,"key":"SMITH"},{"data":"Hidden Blade","floor":32,"key":"SMITH"},{"data":"Backstab","floor":32,"key":"SMITH"},{"data":"After Image","floor":40,"key":"SMITH"},{"data":"Reflex","floor":40,"key":"SMITH"},{"floor":45,"key":"RECALL"},{"data":"Burst","floor":49,"key":"SMITH"},{"data":"Panache","floor":49,"key":"SMITH"},{"data":"Backflip","floor":52,"key":"SMITH"},{"data":"Deflect","floor":52,"key":"SMITH"}],"circlet_count":0,"master_deck":["Survivor","Neutralize+1","HandOfGreed+1","Underhanded Strike","Deflect+1","Hidden Blade+1","Glass Knife+1","Deflect+1","hubris:TrickCloak+1","Slice+1","Deflect+1","Underhanded Strike","After Image+1","Terror+1","Backflip+1","Prepared+1","Backstab+1","Deflect+1","Deflect","Eviscerate","Dagger Throw+1","After Image+1","Slice+1","Panache+1","ReplayTheSpireMod:The Works+1","Reflex+1","Burst+1","Blur+1","ReplayTheSpireMod:Scrap Shanks+1","Blade Dance","Expertise","Backstab","Blade Dance+1"],"relics":["Ring of the Snake","Vampiric Spirits","Ornamental Fan","Guide Book","Replay:Ancient Bell","Happy Flower","hubris:Metronome","Basket Of Snakes","conspire:TreasureMap","ReplayTheSpireMod:Lightbulb","CaptainsWheel","HornCleat","Replay:Arrowhead","HoveringKite","Bag of Preparation","PreservedInsect","Incense Burner","TheAbacus","War Paint","ReplayTheSpireMod:CursedCoin","Whetstone"],"acts_visited":["Exordium","TheCity","TheBeyond","TheEnding"],"potions_floor_usage":[5,16,21,24,33,46,55,55,55],"damage_taken":[{"damage":1,"enemies":"Jaw Worm","floor":1,"turns":4},{"damage":0,"enemies":"Small Slimes","floor":2,"turns":2},{"damage":0,"enemies":"conspire:RoseBush","floor":3,"turns":4},{"damage":0,"enemies":"Looter","floor":5,"turns":3},{"damage":4,"enemies":"Gremlin Nob","floor":6,"turns":3},{"damage":4,"enemies":"3 Louse","floor":8,"turns":2},{"damage":0,"enemies":"conspire:2 RoseBushes","floor":11,"turns":5},{"damage":0,"enemies":"Lots of Slimes","floor":14,"turns":5},{"damage":21,"enemies":"Slime Boss","floor":16,"turns":14},{"damage":4,"enemies":"Shell Parasite","floor":18,"turns":4},{"damage":0,"enemies":"Spheric Guardian","floor":19,"turns":3},{"damage":0,"enemies":"3 Cultists","floor":21,"turns":6},{"damage":4,"enemies":"Shelled Parasite and Fungi","floor":22,"turns":5},{"damage":0,"enemies":"Snake Plant","floor":24,"turns":2},{"damage":0,"enemies":"Centurion and Healer","floor":28,"turns":4},{"damage":0,"enemies":"Book of Stabbing","floor":29,"turns":4},{"damage":0,"enemies":"conspire:SneckoGhost","floor":31,"turns":4},{"damage":3,"enemies":"Collector","floor":33,"turns":7},{"damage":0,"enemies":"3 Darklings","floor":35,"turns":4},{"damage":0,"enemies":"3 Shapes","floor":37,"turns":2},{"damage":0,"enemies":"Jaw Worm Horde","floor":38,"turns":2},{"damage":0,"enemies":"Maw","floor":39,"turns":5},{"damage":3,"enemies":"Reptomancer","floor":41,"turns":4},{"damage":0,"enemies":"4 Shapes","floor":42,"turns":3},{"damage":0,"enemies":"3 Darklings","floor":44,"turns":4},{"damage":0,"enemies":"Nemesis","floor":46,"turns":5},{"damage":0,"enemies":"Awakened One","floor":50,"turns":6},{"damage":0,"enemies":"Shield and Spear","floor":54,"turns":4},{"damage":7,"enemies":"The Heart","floor":55,"turns":8}],"seed_played":"4840346148189356623","potions_obtained":[{"floor":2,"key":"ColorlessPotion"},{"floor":6,"key":"Toxic Potion"},{"floor":8,"key":"Elixir"},{"floor":14,"key":"FearPotion"},{"floor":19,"key":"SkillPotion"},{"floor":22,"key":"SteroidPotion"},{"floor":24,"key":"Elixir"},{"floor":33,"key":"Toxic Potion"},{"floor":37,"key":"Strength Potion"},{"floor":39,"key":"GamblersBrew"},{"floor":46,"key":"SkillPotion"}],"is_trial":false,"path_per_floor":["M","M","M","$","M","E","R","M","T","?","M","?","$","M","R","B",null,"M","M","$","M","M","R","M","?","T","R","M","E","?","E","R","B",null,"M","$","M","M","M","R","E","M","T","M","R","E","?","$","R","B",null,"R","$","E","B",null],"character_chosen":"THE_SILENT","items_purchased":["Glass Knife","Deflect","Guide Book","conspire:TreasureMap","Panache","Bag of Preparation","TheAbacus","War Paint","ReplayTheSpireMod:CursedCoin","Blade Dance","Expertise","Backstab","PowerPotion"],"campfire_rested":0,"item_purchase_floors":[4,13,13,20,36,36,48,48,53,53,53,53,53],"current_hp_per_floor":[48,48,48,48,48,44,44,51,51,40,50,50,50,56,56,45,70,66,66,66,70,66,66,70,70,70,70,70,70,70,70,70,67,70,70,70,70,70,70,70,67,70,70,70,70,70,70,70,70,70,70,70,70,70,64],"gold":49,"neow_bonus":"RANDOM_COLORLESS_2","is_daily":false,"chose_seed":false,"campfire_upgraded":12,"win_rate":0.0,"timestamp":1608454466,"path_taken":["M","M","M","$","M","E","R","M","T","?","M","?","$","M","R","BOSS","M","M","$","M","M","R","M","?","T","R","M","E","?","E","R","BOSS","M","$","M","M","M","R","E","M","T","M","R","E","?","$","R","BOSS","R","$","E","BOSS"],"items_purchased_type":["Card","Card","Relic","Relic","Card","Relic","Relic","Relic","Relic","Card","Card","Card","Potion"],"build_version":"2020-12-13","purchased_purges":13,"victory":true,"max_hp_per_floor":[70,70,70,70,70,70,70,70,70,70,70,70,70,70,70,70,70,70,70,70,70,70,70,70,70,70,70,70,70,70,70,70,70,70,70,70,70,70,70,70,70,70,70,70,70,70,70,70,70,70,70,70,70,70,70],"card_choices":[{"not_picked":["Thinking Ahead","Poisoned Strike"],"picked":"HandOfGreed","floor":0},{"not_picked":["Dodge and Roll","PiercingWail"],"picked":"Underhanded Strike","floor":1},{"not_picked":["Dodge and Roll","Well Laid Plans"],"picked":"Deflect","floor":2},{"not_picked":["Dagger Throw","hubris:SlightOfHand"],"picked":"Hidden Blade","floor":3},{"not_picked":["PiercingWail","Hidden Blade"],"picked":"Deflect","floor":5},{"not_picked":["hubris:SlightOfHand","Hidden Blade"],"picked":"hubris:TrickCloak","floor":6},{"not_picked":["Catalyst","Draining Mist","Dodge and Roll"],"picked":"SKIP","floor":8},{"not_picked":["Footwork","Riddle With Holes"],"picked":"Slice","floor":11},{"not_picked":["Acrobatics","Hidden Blade"],"picked":"Underhanded Strike","floor":14},{"not_picked":["Storm of Steel","Burst"],"picked":"After Image","floor":16},{"not_picked":["Writhe","CurseOfTheBell"],"picked":"ReplayTheSpireMod:Doomed","floor":17},{"not_picked":["CurseOfTheBell","hubris:Sloth"],"picked":"Hallucinations","floor":17},{"not_picked":["Normality","Delirium"],"picked":"animator:Curse_Greed","floor":17},{"not_picked":["Poisoned Stab","Outmaneuver+1"],"picked":"Terror","floor":18},{"not_picked":["Fluid Movement","Riddle With Holes"],"picked":"Backflip","floor":19},{"not_picked":["Predator","Glass Knife"],"picked":"Prepared+1","floor":21},{"not_picked":["Sucker Punch","Expertise"],"picked":"Backstab","floor":22},{"not_picked":["Caltrops","ReplayTheSpireMod:Speed Training"],"picked":"Deflect+1","floor":24},{"not_picked":["ReplayTheSpireMod:Tripwire","hubris:TrickCloak"],"picked":"Deflect","floor":28},{"not_picked":["Backflip","Draining Mist"],"picked":"Eviscerate","floor":29},{"not_picked":["hubris:SlightOfHand","ReplayTheSpireMod:Speed Training"],"picked":"Dagger Throw","floor":31},{"not_picked":["ReplayTheSpireMod:From All Sides","Replay:Bag of Tricks"],"picked":"After Image","floor":33},{"not_picked":["Flying Knee+1","Bane"],"picked":"Slice+1","floor":35},{"not_picked":["Deadly Poison","Tools of the Trade"],"picked":"ReplayTheSpireMod:The Works+1","floor":37},{"not_picked":["Backflip","Finisher+1"],"picked":"Reflex","floor":38},{"not_picked":["Dash","ReplayTheSpireMod:The Works+1","Sucker Punch"],"picked":"SKIP","floor":39},{"not_picked":["ReplayTheSpireMod:Shiv Toss","hubris:Sniper+1","Poisoned Stab+1"],"picked":"SKIP","floor":41},{"not_picked":["Cloak And Dagger+1","PiercingWail+1"],"picked":"Burst","floor":42},{"not_picked":["Underhanded Strike","Predator+1"],"picked":"Blur+1","floor":44},{"not_picked":["Acrobatics","Dagger Spray+1"],"picked":"ReplayTheSpireMod:Scrap Shanks+1","floor":46},{"not_picked":["Sneak Up+1","Quick Slash+1"],"picked":"Blade Dance+1","floor":54}],"player_experience":506553,"relics_obtained":[{"floor":6,"key":"Vampiric Spirits"},{"floor":9,"key":"Ornamental Fan"},{"floor":26,"key":"ReplayTheSpireMod:Lightbulb"},{"floor":29,"key":"CaptainsWheel"},{"floor":31,"key":"Replay:Arrowhead"},{"floor":41,"key":"PreservedInsect"},{"floor":46,"key":"Incense Burner"},{"floor":54,"key":"Whetstone"}],"event_choices":[{"damage_healed":0,"gold_gain":75,"player_choice":"Gather Gold","damage_taken":11,"max_hp_gain":0,"max_hp_loss":0,"event_name":"World of Goop","floor":10,"gold_loss":0}],"is_beta":false,"boss_relics":[{"not_picked":["Astrolabe","hubris:GrandSneckoEye"],"picked":"Replay:Ancient Bell"},{"not_picked":["Gremlin Food","Dream Catcher"],"picked":"Happy Flower"},{"not_picked":["hubris:DisguiseKit","conspire:DeflatedDodgeball"],"picked":"hubris:Metronome"},{"not_picked":["hubris:GlazedTorus","Counterbalance"],"picked":"Basket Of Snakes"},{"not_picked":["Snecko Eye","conspire:RunicOctahedron"],"picked":"HoveringKite"}],"items_purged_floors":[4,4,4,4,4,4,4,20,20,20,20,36,53],"is_endless":false,"potions_floor_spawned":[2,6,8,14,19,22,24,33,37,39,42,46],"ascension_level":0}}