{"host":"nnt34ungdh9fkcmy","time":1608431078,"event":{"mods":["BaseMod","Downfall","Minty Spire (QoL Compilation)","StSLib","SuperFastMode"],"gold_per_floor":[99,125,125,125,125,125,149,176,202,248,273,304,23,8,24,24,24],"floor_reached":16,"playtime":890,"items_purged":[],"score":143,"play_id":"7ab829a2-7339-426b-b71e-e4243aa58930","local_time":"20201219192438","is_ascension_mode":false,"campfire_choices":[{"data":"champ:Taunt","floor":1,"key":"SMITH"},{"data":"champ:Execute","floor":5,"key":"SMITH"}],"circlet_count":0,"master_deck":["champ:Strike","champ:Strike","champ:Strike","champ:Strike","champ:Defend","champ:Defend","champ:Defend","champ:Defend","champ:Execute+1","champ:Taunt+1","champ:BerserkersShout","champ:IronFortress","champ:Encircle","champ:CrookedStrike","champ:Encircle","champ:ShieldWall","champ:Backstep","champ:GladiatorStyle","champ:IgnorePain","champ:BringItOn","champ:AdrenalArmor"],"relics":["champ:ChampionCrown","downfall:HeartsMalice","Incense Burner","Oddly Smooth Stone","MawBank","Mummified Hand","Frozen Egg 2"],"acts_visited":["Exordium"],"potions_floor_usage":[8],"damage_taken":[{"damage":0,"enemies":"Lagavulin","floor":2,"turns":1},{"damage":0,"enemies":"Jaw Worm","floor":3,"turns":1},{"damage":0,"enemies":"Cultist","floor":6,"turns":1},{"damage":40,"enemies":"Gremlin Nob","floor":8,"turns":4},{"damage":7,"enemies":"2 Louse","floor":9,"turns":3},{"damage":33,"enemies":"3 Sentries","floor":10,"turns":7},{"damage":37,"enemies":"Exordium Wildlife","floor":11,"turns":6},{"damage":15,"enemies":"Large Slime","floor":12,"turns":6},{"damage":24,"enemies":"downfall:FleeingMerchant","floor":13,"turns":4},{"damage":16,"enemies":"downfall:FleeingMerchant","floor":14,"turns":4},{"damage":14,"enemies":"Blue Slaver","floor":15,"turns":3},{"damage":29,"enemies":"downfall:Defect","floor":16,"turns":6}],"seed_played":"1300303061007910003","potions_obtained":[{"floor":4,"key":"sneckomod:MuddlingPotion"},{"floor":4,"key":"Weak Potion"},{"floor":4,"key":"Dexterity Potion"},{"floor":8,"key":"Energy Potion"},{"floor":12,"key":"Block Potion"},{"floor":15,"key":"Fruit Juice"}],"is_trial":false,"path_per_floor":["R","E","M","?","R","M","T","E","M","E","M","M","$","$","M","B"],"character_chosen":"THE_CHAMP","items_purchased":["Frozen Egg 2","champ:BringItOn"],"campfire_rested":0,"item_purchase_floors":[13,13],"current_hp_per_floor":[90,90,90,90,90,90,90,66,66,51,30,29,29,33,28,0,0],"gold":24,"neow_bonus":"THREE_ENEMY_KILL","is_daily":false,"chose_seed":false,"campfire_upgraded":2,"win_rate":0.0,"timestamp":1608431078,"path_taken":["R","E","M","?","R","M","T","E","M","E","M","M","?","$","M","BOSS"],"items_purchased_type":["Relic","Card"],"build_version":"2020-12-13","purchased_purges":0,"victory":false,"max_hp_per_floor":[90,90,90,90,90,90,90,90,90,90,90,90,90,90,90,90,90],"card_choices":[{"not_picked":["champ:FlashCut","champ:DefensiveShout"],"picked":"champ:BerserkersShout","floor":2},{"not_picked":["champ:PerfectedStrike","champ:DefensiveShout"],"picked":"champ:IronFortress","floor":3},{"not_picked":["champ:EndlessRage","champ:Backstep"],"picked":"champ:Encircle","floor":6},{"not_picked":["champ:EnGarde","champ:ShieldSlam"],"picked":"champ:CrookedStrike","floor":8},{"not_picked":["champ:Shatter","champ:FocusedDefense"],"picked":"champ:Encircle","floor":9},{"not_picked":["champ:Shatter","champ:EndlessRage"],"picked":"champ:ShieldWall","floor":10},{"not_picked":["champ:HeartStrike","champ:TornadoPunch"],"picked":"champ:Backstep","floor":11},{"not_picked":["champ:StanceDance","champ:FlashCut"],"picked":"champ:GladiatorStyle","floor":12},{"not_picked":["champ:Shatter","champ:FanOfKnives"],"picked":"champ:IgnorePain","floor":13},{"not_picked":["champ:PerfectedStrike","champ:DeathBlow"],"picked":"champ:AdrenalArmor","floor":14},{"not_picked":["champ:BladeFlurry","champ:StanceDance","champ:GladiatorsShout"],"picked":"SKIP","floor":15}],"player_experience":190605,"relics_obtained":[{"floor":2,"key":"Incense Burner"},{"floor":7,"key":"Oddly Smooth Stone"},{"floor":8,"key":"MawBank"},{"floor":10,"key":"Mummified Hand"}],"event_choices":[{"damage_healed":0,"gold_gain":0,"player_choice":"Got Potions","damage_taken":0,"max_hp_gain":0,"max_hp_loss":0,"event_name":"Lab","floor":4,"gold_loss":0}],"is_beta":false,"boss_relics":[],"items_purged_floors":[],"is_endless":false,"potions_floor_spawned":[8,11,12,15],"killed_by":"downfall:Defect","ascension_level":0}}