{"host":"h5acbxt0wmjo1kpm","time":1608453133,"event":{"mods":["2.2 Compatiblity","Act Like it!","AlwaysNeverKeys","Aspiration","Bartender","BaseMod","Better Third Choice","Colored Map","Downfall","Elementarium","Gensokyo","GifTheSpireLib","Hallownest","Marisa????????","Minty Spire (QoL Compilation)","Permanent Neow","Potionbrewer","Relic Filter","Replay The Spire","Robot Space Explorer","RumiaBox-????????","Shade Mod","Spicy Shops","StSLib","The Blackbeard","The Dragon Tamer","The Forsaken","The Gatherer","The Problem Sleuth","The Servant 0.9.4","Wandering Minibosses","vexMod"],"gold_per_floor":[99,199,228,48,148,148,225,225,225,257,257,249,300,319,335,426,426,426,426,455,467,417,417,417],"floor_reached":23,"playtime":1732,"items_purged":[],"score":237,"play_id":"a75073e9-97ab-4382-b2f6-5706a66d4524","local_time":"20201220003213","is_ascension_mode":true,"campfire_choices":[{"data":"champ:Taunt","floor":1,"key":"SMITH"},{"floor":9,"key":"REST"},{"data":"Injury","floor":18,"key":"PURGE"},{"data":"champ:CheapShot","floor":23,"key":"SMITH"}],"circlet_count":0,"master_deck":["champ:Strike","champ:Strike","champ:Defend","champ:Defend","champ:Defend","champ:Defend","champ:Execute","champ:Taunt+1","champ:CheapShot","champ:Control+1","champ:Backstep","champ:TornadoPunch","champ:DefensiveShout","champ:FocusedDefense","Parasite","champ:IronFortress","champ:FlashCut","champ:BringItOn","champ:ArenaPreparation","champ:DancingMaster+1","champ:CheapShot+1","champ:MurderStrike","champ:PerfectedStrike","champ:Riposte"],"relics":["champ:ChampionCrown","MealTicket","Replay:Wax Seal","Replay:Multitool","MagicDraw3","Lantern","Frozen Egg 2","Akabeko","Honey Jar","Bronze Scales"],"acts_visited":["Exordium","TheCity"],"potions_floor_usage":[5,16,16],"damage_taken":[{"damage":85,"enemies":"Lagavulin","floor":3,"turns":10},{"damage":27,"enemies":"downfall:FleeingMerchant","floor":4,"turns":5},{"damage":40,"enemies":"downfall:Heads","floor":5,"turns":7},{"damage":18,"enemies":"3 Sentries","floor":10,"turns":4},{"damage":12,"enemies":"Cultist","floor":12,"turns":5},{"damage":0,"enemies":"2 Louse","floor":14,"turns":1},{"damage":0,"enemies":"Small Slimes","floor":15,"turns":1},{"damage":52,"enemies":"downfall:Silent","floor":16,"turns":9},{"damage":65,"enemies":"Gremlin Leader","floor":20,"turns":10},{"damage":10,"enemies":"3 Byrds","floor":21,"turns":2},{"damage":14,"enemies":"Chosen","floor":22,"turns":6}],"seed_played":"5994911723355583951","potions_obtained":[{"floor":3,"key":"CultistPotion"},{"floor":10,"key":"ColorlessPotion"},{"floor":12,"key":"Swift Potion"},{"floor":13,"key":"AttackPotion"}],"is_trial":false,"path_per_floor":["R","?","E","$","?","?","T","?","R","E","?","M","?","M","M","B",null,"R","?","E","M","M","R"],"character_chosen":"THE_CHAMP","items_purchased":["champ:TornadoPunch","Replay:Wax Seal","Replay:Multitool"],"campfire_rested":1,"item_purchase_floors":[4,4,4],"current_hp_per_floor":[90,90,28,38,3,3,3,25,52,50,50,49,27,27,27,10,90,90,90,32,32,30,30,30],"gold":417,"neow_bonus":"ONE_RANDOM_RARE_CARD","is_daily":false,"chose_seed":false,"campfire_upgraded":2,"win_rate":0.0,"timestamp":1608453133,"path_taken":["R","?","E","$","?","?","T","?","R","E","?","?","?","?","M","BOSS","R","?","E","M","?","R"],"items_purchased_type":["Card","Relic","Relic"],"build_version":"2020-12-13","purchased_purges":0,"victory":false,"max_hp_per_floor":[90,90,90,90,90,90,90,90,90,90,90,90,90,90,90,90,90,90,90,90,90,90,90,90],"card_choices":[{"not_picked":["champ:DeathBlow","champ:SwordSigil"],"picked":"champ:Control","floor":3},{"not_picked":["champ:RageSigil","champ:Encircle"],"picked":"champ:Backstep","floor":4},{"not_picked":["champ:FocusedGladiator","champ:Backstep"],"picked":"champ:DefensiveShout","floor":5},{"not_picked":["champ:CrookedStrike","champ:SwordSigil"],"picked":"champ:IronFortress","floor":10},{"not_picked":["champ:Haymaker","champ:BerserkerStyle+1"],"picked":"champ:FlashCut","floor":12},{"not_picked":["champ:Backstep","champ:SwordSigil"],"picked":"champ:BringItOn","floor":13},{"not_picked":["champ:BerserkerStyle+1","champ:FlashCut"],"picked":"champ:ArenaPreparation","floor":14},{"not_picked":["champ:FanOfKnives","champ:RapidStrikes","champ:Backstep"],"picked":"SKIP","floor":15},{"not_picked":["champ:CheapShot","champ:CrownThrow"],"picked":"champ:DancingMaster+1","floor":16},{"not_picked":["champ:EnGarde+1","champ:ViciousMockery","champ:BerserkersShout"],"picked":"champ:MurderStrike","floor":20},{"not_picked":["champ:FlashCut","champ:BringItOn","champ:StanceDance"],"picked":"champ:PerfectedStrike","floor":21},{"not_picked":["champ:BerserkersShout","champ:Haymaker","champ:DeathBlow"],"picked":"champ:Riposte","floor":22}],"player_experience":2287021,"relics_obtained":[{"floor":3,"key":"MealTicket"},{"floor":7,"key":"MagicDraw3"},{"floor":10,"key":"Lantern"},{"floor":13,"key":"Akabeko"},{"floor":20,"key":"Bronze Scales"}],"event_choices":[{"damage_healed":22,"gold_gain":0,"player_choice":"Healed and dodged fight","damage_taken":0,"max_hp_gain":0,"max_hp_loss":0,"event_name":"Mushrooms","floor":8,"gold_loss":0,"cards_obtained":["Parasite"]},{"damage_healed":0,"gold_gain":0,"player_choice":"Copied","damage_taken":0,"max_hp_gain":0,"max_hp_loss":0,"event_name":"Duplicator","floor":19,"gold_loss":0,"cards_obtained":["champ:CheapShot"]}],"is_beta":false,"boss_relics":[{"not_picked":["Velvet Choker","Replay:Ancient Bell"],"picked":"Honey Jar"}],"items_purged_floors":[],"is_endless":false,"potions_floor_spawned":[3,10,12,14],"ascension_level":2}}