{"host":"xb2tau8pgi8aflss","time":1608454104,"event":{"mods":["AchievementEnabler","BaseMod","Hermit","Minty Spire (QoL Compilation)","StSLib","SuperFastMode"],"gold_per_floor":[119,119,119,119,131,163,163,197,265,298,6,22,53,53,53,155,155,172,172,186,4,24,24,52,52,52,52,84,96,129,149,149,149,149],"floor_reached":33,"playtime":1183,"items_purged":["Strike_B"],"score":476,"play_id":"360256ba-bb61-47b2-8ba4-c4f79a6cf187","local_time":"20201220174824","is_ascension_mode":true,"campfire_choices":[{"data":"Dualcast","floor":7,"key":"SMITH"},{"data":"Buffer","floor":15,"key":"SMITH"},{"data":"Creative AI","floor":23,"key":"SMITH"},{"data":"Loop","floor":25,"key":"SMITH"},{"data":"Self Repair","floor":27,"key":"SMITH"},{"floor":32,"key":"REST"}],"circlet_count":0,"master_deck":["Strike_B","Strike_B","Defend_B","Defend_B","Defend_B","Defend_B+1","Zap","Dualcast+1","Compile Driver","Rainbow+1","Rebound","Self Repair+1","Buffer+1","Skim","Sunder","Defragment","Auto Shields","Creative AI+1","Force Field+1","Heatsinks","Loop+1","Compile Driver","Chill","Meteor Strike","Doom and Gloom","Coolheaded","Aggregate"],"relics":["Cracked Core","NeowsBlessing","Akabeko","Nunchaku","Happy Flower","Bottled Flame","Omamori","MealTicket","Mango","Nuclear Battery","Membership Card","PreservedInsect","HornCleat","Frozen Egg 2","Cables"],"acts_visited":["Exordium","TheCity"],"potions_floor_usage":[8,13,16,24,30],"damage_taken":[{"damage":0.0,"enemies":"Jaw Worm","floor":1.0,"turns":1.0},{"damage":0,"enemies":"2 Louse","floor":5,"turns":1},{"damage":0,"enemies":"Lagavulin","floor":6,"turns":1},{"damage":28,"enemies":"3 Sentries","floor":8,"turns":5},{"damage":13,"enemies":"Lagavulin","floor":10,"turns":6},{"damage":8,"enemies":"Small Slimes","floor":12,"turns":2},{"damage":0,"enemies":"Gremlin Nob","floor":13,"turns":3},{"damage":3,"enemies":"Slime Boss","floor":16,"turns":7},{"damage":0,"enemies":"Spheric Guardian","floor":18,"turns":4},{"damage":13,"enemies":"2 Thieves","floor":20,"turns":4},{"damage":17,"enemies":"3 Cultists","floor":22,"turns":5},{"damage":40,"enemies":"Book of Stabbing","floor":24,"turns":7},{"damage":18,"enemies":"Gremlin Leader","floor":28,"turns":6},{"damage":0,"enemies":"Snecko","floor":29,"turns":4},{"damage":35,"enemies":"Book of Stabbing","floor":30,"turns":5},{"damage":8,"enemies":"Chosen and Byrds","floor":31,"turns":7},{"damage":51,"enemies":"Champ","floor":33,"turns":9}],"seed_played":"-793020609760403146","potions_obtained":[{"floor":1.0,"key":"BlessingOfTheForge"},{"floor":8,"key":"Explosive Potion"},{"floor":13,"key":"ColorlessPotion"},{"floor":20,"key":"SpeedPotion"},{"floor":22,"key":"FearPotion"},{"floor":24,"key":"PowerPotion"}],"is_trial":false,"path_per_floor":["M","?","?","?","M","E","R","E","T","E","$","M","E","?","R","B",null,"M","?","M","$","M","R","E","R","T","R","E","M","E","M","R","B"],"character_chosen":"DEFECT","items_purchased":["MealTicket","Sunder","Membership Card","Loop"],"campfire_rested":1,"item_purchase_floors":[11,11,21,21],"current_hp_per_floor":[75,75,60,53,53,53,53,32,32,26,26,18,32,32,32,36,76,83,83,77,89,79,79,46,46,46,46,38,48,23,25,51,0,0],"gold":149,"neow_bonus":"THREE_ENEMY_KILL","is_daily":false,"chose_seed":false,"campfire_upgraded":5,"win_rate":0.0,"timestamp":1608454104,"path_taken":["M","?","?","?","M","E","R","E","T","E","?","M","E","?","R","BOSS","M","?","?","$","M","R","E","R","T","R","E","M","E","M","R","BOSS"],"items_purchased_type":["Relic","Card","Relic","Card"],"build_version":"2020-12-13","purchased_purges":1,"victory":false,"max_hp_per_floor":[75,75,75,75,75,75,75,75,75,75,75,75,89,89,89,89,89,89,89,89,89,89,89,89,89,89,89,89,89,89,89,89,89,89],"card_choices":[{"not_picked":["Storm","Cold Snap"],"picked":"Compile Driver","floor":1.0},{"not_picked":["Cold Snap","Beam Cell"],"picked":"Rebound","floor":5},{"not_picked":["Conserve Battery","Stack"],"picked":"Self Repair","floor":6},{"not_picked":["Beam Cell","Rebound"],"picked":"Buffer","floor":8},{"not_picked":["Steam","Redo"],"picked":"Skim","floor":10},{"not_picked":["Steam Power","Sweeping Beam"],"picked":"Defragment","floor":12},{"not_picked":["Beam Cell","Force Field"],"picked":"Auto Shields","floor":13},{"not_picked":["Buffer","Multi-Cast"],"picked":"Creative AI","floor":16},{"not_picked":["Gash","Undo"],"picked":"Force Field+1","floor":18},{"not_picked":["Reprogram","Redo"],"picked":"Heatsinks","floor":20},{"not_picked":["Gash","Steam"],"picked":"Compile Driver","floor":22},{"not_picked":["Barrage","Leap"],"picked":"Chill","floor":24},{"not_picked":["Defragment+1","Aggregate"],"picked":"Meteor Strike","floor":28},{"not_picked":["Streamline","Steam"],"picked":"Doom and Gloom","floor":29},{"not_picked":["Ball Lightning","Chaos"],"picked":"Coolheaded","floor":30},{"not_picked":["Steam","Cold Snap"],"picked":"Aggregate","floor":31}],"player_experience":748070,"relics_obtained":[{"floor":6,"key":"Nunchaku"},{"floor":8,"key":"Happy Flower"},{"floor":9,"key":"Bottled Flame"},{"floor":10,"key":"Omamori"},{"floor":13,"key":"Mango"},{"floor":24,"key":"PreservedInsect"},{"floor":26,"key":"HornCleat"},{"floor":28,"key":"Frozen Egg 2"},{"floor":30,"key":"Cables"}],"event_choices":[{"damage_healed":0,"gold_gain":0,"cards_transformed":["Strike_B"],"player_choice":"Change","damage_taken":0,"max_hp_gain":0,"max_hp_loss":0,"event_name":"Living Wall","floor":2,"gold_loss":0,"cards_obtained":["Rainbow"]},{"damage_healed":0,"gold_gain":0,"player_choice":"Entered Light","damage_taken":15,"max_hp_gain":0,"max_hp_loss":0,"event_name":"Shining Light","floor":3,"gold_loss":0,"cards_upgraded":["Defend_B","Rainbow"]},{"damage_healed":0,"gold_gain":0,"player_choice":"Success","damage_taken":7,"relics_obtained":["Akabeko"],"max_hp_gain":0,"max_hp_loss":0,"event_name":"Scrap Ooze","floor":4,"gold_loss":0},{"damage_healed":0,"gold_gain":0,"player_choice":"Ignored","damage_taken":0,"max_hp_gain":0,"max_hp_loss":0,"event_name":"Liars Game","floor":14,"gold_loss":0},{"damage_healed":0,"gold_gain":0,"player_choice":"Cursed","damage_taken":0,"max_hp_gain":0,"max_hp_loss":0,"event_name":"Wheel of Change","floor":19,"gold_loss":0,"cards_obtained":["Decay"]}],"is_beta":false,"boss_relics":[{"not_picked":["Black Star","Sozu"],"picked":"Nuclear Battery"}],"items_purged_floors":[11],"is_endless":false,"potions_floor_spawned":[1,8,13,20,22,24],"killed_by":"Champ","ascension_level":5}}