{"host":"cz3p2o9n3b1gdmkz","time":1608485666,"event":{"mods":["AchievementEnabler","BaseMod","CapriCore","GungeonMod","Hermit","Lobotomy","Minty Spire (QoL Compilation)","Replay The Spire","Shop Mod","StSLib","SuperFastMode","The Cursed","The Dragon Tamer","The Gatherer","The Jungle","The Poker Player","The Runesmith"],"gold_per_floor":[117,167,183,12,24,24,24,50,77,158,158,215,215,246,246,323,323,336,355,355,355],"floor_reached":20,"playtime":829,"items_purged":[],"score":400,"play_id":"9b814ba5-32f8-472b-9e56-550a3a47e63c","local_time":"20201221023426","is_ascension_mode":true,"campfire_choices":[{"data":"hermit:Maintenance","floor":6,"key":"SMITH"},{"data":"Dramatic Entrance","floor":11,"key":"SMITH"},{"floor":13,"key":"REST"},{"data":"hermit:Strike_Hermit","floor":15,"key":"SMITH"}],"circlet_count":0,"master_deck":["AscendersBane","hermit:Strike_Hermit+1","hermit:Strike_Hermit","hermit:Strike_Hermit","hermit:Strike_Hermit","hermit:Defend_Hermit","hermit:Defend_Hermit","hermit:Defend_Hermit","hermit:Defend_Hermit","hermit:Snapshot","hermit:Covet","Dramatic Entrance+1","hermit:Maintenance+1","TheCursedMod:Dregs","Mayhem"],"relics":["hermit:Momento","Replay:Mystery Machine","PrismaticShard","Boot","Potion Belt","Singing Bowl","DemoMod:ClearGuonStone","Replay:Accelerometer","Snecko Eye"],"acts_visited":["Exordium","TheCity"],"potions_floor_usage":[8,8,14,16,20],"damage_taken":[{"damage":4.0,"enemies":"Jaw Worm","floor":1.0,"turns":3.0},{"damage":0,"enemies":"Cultist","floor":3,"turns":3},{"damage":0,"enemies":"Small Slimes","floor":5,"turns":2},{"damage":0,"enemies":"Lagavulin","floor":8,"turns":8},{"damage":24,"enemies":"Lagavulin Event","floor":12,"turns":6},{"damage":8,"enemies":"3 Sentries","floor":14,"turns":6},{"damage":15,"enemies":"Fading Forest","floor":16,"turns":13},{"damage":23,"enemies":"3 Byrds","floor":18,"turns":7},{"damage":24,"enemies":"Chosen","floor":19,"turns":6},{"damage":21,"enemies":"Snake Plant","floor":20,"turns":2}],"seed_played":"-3850610481766661261","potions_obtained":[{"floor":3,"key":"Languid Potion"},{"floor":5,"key":"PowerPotion"},{"floor":8,"key":"BlessingOfTheForge"},{"floor":12,"key":"LifebloodPotion"},{"floor":18,"key":"Energy Potion"}],"is_trial":false,"path_per_floor":["M","?","M","$","M","R","?","E","T","T","R","?","R","E","R","B",null,"M","M","M"],"character_chosen":"HERMIT","items_purchased":["Replay:Mystery Machine"],"campfire_rested":1,"item_purchase_floors":[4],"current_hp_per_floor":[60,53,53,53,53,53,53,53,53,53,53,31,52,46,46,31,64,43,21,0,0],"gold":355,"neow_bonus":"RANDOM_COLORLESS","is_daily":false,"chose_seed":false,"campfire_upgraded":3,"win_rate":0.0,"timestamp":1608485666,"path_taken":["M","?","M","$","?","R","?","E","T","?","R","?","R","E","R","BOSS","M","M","M"],"items_purchased_type":["Relic"],"build_version":"2020-12-13","purchased_purges":0,"victory":false,"max_hp_per_floor":[71,71,71,71,71,71,71,71,71,71,71,73,73,75,75,75,75,77,79,79,79],"card_choices":[{"not_picked":["Good Instincts","Blind"],"picked":"Dramatic Entrance","floor":0.0},{"not_picked":["hermit:LowProfile","hermit:BigShot","hermit:BodyArmor"],"picked":"SKIP","floor":1.0},{"not_picked":["hermit:WideOpen","hermit:Horror"],"picked":"hermit:Maintenance","floor":3},{"not_picked":["hermit:Cheat","hermit:Glare","hermit:Ricochet"],"picked":"SKIP","floor":5},{"not_picked":["DTMod:Cover","SashWhip","Prepared"],"picked":"SKIP","floor":8},{"not_picked":["All Out Attack","Runesmith:CraftProtectio","CherryBlossom"],"picked":"Singing Bowl","floor":12},{"not_picked":["Runesmith:DoubleUp","Caltrops","Gatherer:SealedBomb"],"picked":"Singing Bowl","floor":14},{"not_picked":["Malaise","Blasphemy"],"picked":"Mayhem","floor":16},{"not_picked":["Gatherer:TacticalStrike+1","DemoMod:GunstockTap","Shrug It Off"],"picked":"Singing Bowl","floor":18},{"not_picked":["SignatureMove","Gatherer:Misfortune+1","DemoMod:StickyCrossBow"],"picked":"Singing Bowl","floor":19}],"player_experience":1001197,"relics_obtained":[{"floor":8,"key":"Boot"},{"floor":9,"key":"Potion Belt"},{"floor":10,"key":"Singing Bowl"},{"floor":12,"key":"DemoMod:ClearGuonStone"},{"floor":14,"key":"Replay:Accelerometer"}],"event_choices":[{"damage_healed":0,"gold_gain":50,"player_choice":"Touch","damage_taken":7,"max_hp_gain":0,"max_hp_loss":0,"event_name":"FaceTrader","floor":2,"gold_loss":0},{"damage_healed":0,"gold_gain":30,"player_choice":"Searched \u00272\u0027 times","damage_taken":0,"max_hp_gain":0,"max_hp_loss":0,"event_name":"Dead Adventurer","floor":12,"gold_loss":0}],"is_beta":false,"boss_relics":[{"not_picked":["Snecko Heart","Astrolabe"],"picked":"Snecko Eye"}],"items_purged_floors":[],"is_endless":false,"potions_floor_spawned":[3,5,8,12,18],"killed_by":"Snake Plant","ascension_level":19}}