{"host":"69rply1jf2d1wbmp","time":1608481668,"event":{"mods":["BaseMod","Minty Spire (QoL Compilation)","Quick Restart"],"gold_per_floor":[112,37,37,2,2,33,52,81,81,97,9,38,38,38,38,138,138,150,167,185,185,110,110,137,64,110,57,67,79,79,106,106,207,207,219,274,274,274,23,23,34,68,68,0,0,33,33,46,46,46,46,46,46,71,71,71],"floor_reached":55,"playtime":2112,"items_purged":["Defend_R"],"score":754,"play_id":"46596217-767b-48f2-84ce-1fa246f91fbe","local_time":"20201220112748","is_ascension_mode":false,"campfire_choices":[{"data":"Armaments","floor":13,"key":"SMITH"},{"data":"Strike_R","floor":15,"key":"PURGE"},{"data":"Strike_R","floor":23,"key":"PURGE"},{"floor":30,"key":"REST"},{"floor":32,"key":"RECALL"},{"floor":40,"key":"REST"},{"floor":47,"key":"REST"},{"floor":49,"key":"REST"},{"floor":52,"key":"REST"}],"circlet_count":0,"master_deck":["Defend_R+1","Defend_R","Defend_R+1","Bash","Feed+1","Armaments+1","Twin Strike","Shrug It Off","Pommel Strike","Swift Strike","Cleave","Impervious+1","Demon Form","Spot Weakness","Anger","Inflame+1","Sword Boomerang+1","Ghostly Armor"],"relics":["Burning Blood","White Beast Statue","Peace Pipe","Paper Frog","Ornamental Fan","Unceasing Top","Fusion Hammer","Pear","Thread and Needle","Empty Cage","Torii","War Paint","Mercury Hourglass","Pantograph","Red Mask","Mummified Hand","Orichalcum"],"acts_visited":["Exordium","TheCity","TheBeyond","TheEnding"],"potions_floor_usage":[8,24,31,36,36,36,36,37,41,41,50,54,55,55],"damage_taken":[{"damage":7,"enemies":"2 Louse","floor":1,"turns":4},{"damage":24,"enemies":"Gremlin Nob","floor":6,"turns":5},{"damage":7,"enemies":"Small Slimes","floor":7,"turns":3},{"damage":30,"enemies":"Lagavulin","floor":8,"turns":7},{"damage":0,"enemies":"Cultist","floor":10,"turns":3},{"damage":6,"enemies":"Gremlin Nob","floor":12,"turns":3},{"damage":54,"enemies":"The Guardian","floor":16,"turns":10},{"damage":1,"enemies":"Chosen","floor":18,"turns":3},{"damage":9,"enemies":"Spheric Guardian","floor":19,"turns":4},{"damage":11,"enemies":"Cultist and Chosen","floor":20,"turns":6},{"damage":17,"enemies":"Slavers","floor":24,"turns":7},{"damage":14,"enemies":"Snake Plant","floor":28,"turns":5},{"damage":23,"enemies":"Centurion and Healer","floor":29,"turns":5},{"damage":31,"enemies":"Gremlin Leader","floor":31,"turns":6},{"damage":27,"enemies":"Automaton","floor":33,"turns":8},{"damage":3,"enemies":"Orb Walker","floor":35,"turns":4},{"damage":71,"enemies":"2 Orb Walkers","floor":36,"turns":6},{"damage":0,"enemies":"3 Darklings","floor":37,"turns":1},{"damage":8,"enemies":"Spire Growth","floor":41,"turns":5},{"damage":27,"enemies":"Nemesis","floor":42,"turns":9},{"damage":13,"enemies":"Giant Head","floor":46,"turns":7},{"damage":16,"enemies":"Jaw Worm Horde","floor":48,"turns":5},{"damage":88,"enemies":"Donu and Deca","floor":50,"turns":9},{"damage":26,"enemies":"Shield and Spear","floor":54,"turns":6},{"damage":100,"enemies":"The Heart","floor":55,"turns":6}],"seed_played":"-382016452229711094","potions_obtained":[{"floor":1,"key":"Swift Potion"},{"floor":6,"key":"SpeedPotion"},{"floor":7,"key":"Regen Potion"},{"floor":8,"key":"Fire Potion"},{"floor":10,"key":"BloodPotion"},{"floor":24,"key":"EntropicBrew"},{"floor":28,"key":"SmokeBomb"},{"floor":31,"key":"ElixirPotion"},{"floor":36,"key":"Fire Potion"},{"floor":41,"key":"FearPotion"},{"floor":42,"key":"Weak Potion"},{"floor":46,"key":"PowerPotion"},{"floor":54,"key":"Strength Potion"}],"is_trial":false,"path_per_floor":["M","$","?","?","?","E","M","E","T","M","$","E","R","$","R","B",null,"M","M","M","?","?","R","E","$","T","$","M","M","R","E","R","B",null,"M","?","M","?","$","R","M","E","T","?","?","E","R","M","R","B",null,"R","$","E","B"],"character_chosen":"IRONCLAD","items_purchased":["Swift Strike","Spot Weakness","Anger","War Paint","Dexterity Potion","Fire Potion"],"campfire_rested":5,"item_purchase_floors":[11,25,27,39,39,39],"current_hp_per_floor":[74,74,59,75,75,57,60,55,55,61,61,61,61,61,61,13,83,83,84,83,83,83,83,86,86,86,86,78,61,92,88,88,67,105,105,40,46,92,92,92,90,73,73,73,73,66,94,88,100,18,100,100,100,80,0,0],"gold":71,"neow_bonus":"TRANSFORM_TWO_CARDS","is_daily":false,"chose_seed":false,"campfire_upgraded":1,"win_rate":0.0,"timestamp":1608481668,"path_taken":["M","$","?","?","?","E","?","E","T","M","$","E","R","?","R","BOSS","M","M","M","?","?","R","E","$","T","$","M","M","R","E","R","BOSS","M","?","M","?","$","R","M","E","T","?","?","E","R","M","R","BOSS","R","$","E","BOSS"],"items_purchased_type":["Card","Card","Card","Relic","Potion","Potion"],"build_version":"2020-12-13","purchased_purges":1,"victory":false,"max_hp_per_floor":[75,75,75,75,75,75,79,83,83,83,83,83,83,83,83,83,83,83,87,91,91,91,91,105,105,105,105,105,105,105,105,105,105,105,105,105,105,92,92,92,92,96,96,96,96,96,96,100,100,100,100,100,100,100,100,100],"card_choices":[{"not_picked":["Disarm","Anger"],"picked":"Armaments","floor":1},{"not_picked":["Combust","Armaments"],"picked":"Twin Strike","floor":6},{"not_picked":["Headbutt","Clothesline"],"picked":"Shrug It Off","floor":7},{"not_picked":["Fiend Fire","True Grit"],"picked":"Whirlwind","floor":8},{"not_picked":["Disarm","Perfected Strike"],"picked":"Pommel Strike","floor":10},{"not_picked":["Disarm","Flex"],"picked":"Cleave","floor":12},{"not_picked":["Bludgeon","Berserk"],"picked":"Impervious","floor":16},{"not_picked":["Sever Soul","Sword Boomerang","Evolve"],"picked":"SKIP","floor":18},{"not_picked":["Clothesline","Seeing Red"],"picked":"Armaments+1","floor":19},{"not_picked":["Cleave+1","Sentinel+1","Iron Wave"],"picked":"SKIP","floor":20},{"not_picked":["Thunderclap","Flame Barrier"],"picked":"Demon Form","floor":24},{"not_picked":["Whirlwind","Bloodletting","Clothesline"],"picked":"SKIP","floor":28},{"not_picked":["Iron Wave+1","Body Slam","Pummel"],"picked":"SKIP","floor":29},{"not_picked":["Infernal Blade+1","Sentinel+1"],"picked":"Inflame+1","floor":31},{"not_picked":["Wild Strike+1","Combust+1","Body Slam"],"picked":"SKIP","floor":35},{"not_picked":["Cleave","Clothesline","Flex+1"],"picked":"SKIP","floor":41},{"not_picked":["Dark Embrace","Whirlwind+1"],"picked":"Sword Boomerang+1","floor":42},{"not_picked":["Body Slam","Dropkick","Thunderclap+1"],"picked":"SKIP","floor":46},{"not_picked":["Iron Wave+1","Reckless Charge+1","Sever Soul+1"],"picked":"SKIP","floor":48},{"not_picked":["Blood for Blood","Wild Strike+1"],"picked":"Ghostly Armor","floor":54}],"player_experience":366815,"relics_obtained":[{"floor":5,"key":"White Beast Statue"},{"floor":6,"key":"Peace Pipe"},{"floor":8,"key":"Paper Frog"},{"floor":9,"key":"Ornamental Fan"},{"floor":12,"key":"Unceasing Top"},{"floor":24,"key":"Pear"},{"floor":31,"key":"Thread and Needle"},{"floor":36,"key":"Torii"},{"floor":42,"key":"Mercury Hourglass"},{"floor":43,"key":"Pantograph"},{"floor":46,"key":"Mummified Hand"},{"floor":54,"key":"Orichalcum"}],"event_choices":[{"damage_healed":0,"gold_gain":0,"player_choice":"Entered Light","damage_taken":15,"max_hp_gain":0,"max_hp_loss":0,"event_name":"Shining Light","floor":3,"gold_loss":0,"cards_upgraded":["Defend_R","Feed"]},{"damage_healed":18,"gold_gain":0,"player_choice":"Healed","damage_taken":0,"max_hp_gain":0,"max_hp_loss":0,"event_name":"The Cleric","floor":4,"gold_loss":35},{"damage_healed":0,"gold_gain":0,"player_choice":"Relic","damage_taken":0,"max_hp_gain":0,"max_hp_loss":0,"event_name":"Wheel of Change","floor":5,"gold_loss":0},{"damage_healed":0,"gold_gain":0,"player_choice":"Ignored","damage_taken":0,"max_hp_gain":0,"max_hp_loss":0,"event_name":"Ghosts","floor":21,"gold_loss":0},{"cards_removed":["Strike_R"],"damage_healed":0,"gold_gain":0,"player_choice":"Gave Gold","damage_taken":0,"max_hp_gain":0,"max_hp_loss":0,"event_name":"Beggar","floor":22,"gold_loss":75},{"damage_healed":0,"gold_gain":0,"player_choice":"Fight","damage_taken":0,"max_hp_gain":0,"max_hp_loss":0,"event_name":"Mysterious Sphere","floor":36,"gold_loss":0},{"damage_healed":92,"gold_gain":0,"player_choice":"Heal","damage_taken":0,"max_hp_gain":0,"max_hp_loss":13,"event_name":"The Moai Head","floor":38,"gold_loss":0},{"damage_healed":0,"gold_gain":0,"player_choice":"Paid","damage_taken":0,"relics_obtained":["Red Mask"],"max_hp_gain":0,"max_hp_loss":0,"event_name":"Tomb of Lord Red Mask","floor":44,"gold_loss":68},{"cards_removed":["Armaments"],"damage_healed":0,"gold_gain":0,"player_choice":"Removed Skill","damage_taken":0,"max_hp_gain":0,"max_hp_loss":0,"event_name":"Falling","floor":45,"gold_loss":0}],"is_beta":false,"boss_relics":[{"not_picked":["Busted Crown","Ectoplasm"],"picked":"Fusion Hammer"},{"not_picked":["Philosopher\u0027s Stone","Astrolabe"],"picked":"Empty Cage"}],"items_purged_floors":[2],"is_endless":false,"potions_floor_spawned":[1,6,7,8,10,12,16,18,19,20,24,28,29,31,33,35,36,37,41,42,46,48,54],"killed_by":"The Heart","ascension_level":0}}