{"host":"3c27c697js19kaoo","time":1608438205,"event":{"mods":["Aspiration","BaseMod","CapriCore","Dota2Spire","Hermit","Minty Spire (QoL Compilation)","Quick Restart","Remilia£®¿Ÿ√◊¿Ú—«£©","Replay The Spire","Robot Space Explorer","Spicy Shops","StSLib","The Alterego","The Cursed","The Runesmith","The Servant 0.9.4","vexMod","°æ“≈ŒÔø®≈∆°øREMEMod"],"gold_per_floor":[110,110,110,110,124,160,335,65,113,127,167,181,217,231,231,354,354,369,369,369,369,369,369,369,369],"floor_reached":24,"playtime":750,"items_purged":["Doubt"],"score":312,"play_id":"3a38f12a-d165-4d9b-b621-ef73e2fb2c15","local_time":"20201220122325","is_ascension_mode":false,"campfire_choices":[{"data":"TransientEternity","floor":15,"key":"SMITH"},{"data":"Runesmith:UnlimitedPower","floor":23,"key":"SMITH"}],"circlet_count":0,"master_deck":["Runesmith:Defend_RS+1","Runesmith:Defend_RS+1","Runesmith:Defend_RS+1","Runesmith:Defend_RS+1","Runesmith:CraftFirestone","Runesmith:Fortify","TransientEternity+1","Runesmith:Grindstone","Dash","Dagger Throw","Runesmith:EarthShield","Runesmith:Duplicate","REME_Flogging","Runesmith:ChiselStab","Runesmith:HammerThrow","Runesmith:GrandSlam","Runesmith:ReplicatingBarrier","Runesmith:Firestorm","Runesmith:ChiselStab+1","Bite","Bite","Bite","Bite","Bite","Runesmith:UnlimitedPower+1"],"relics":["Runesmith:BrokenRuby","REME_ComplimentaryCards","aspiration:Nostalgia","Burning Blood","Golden Idol","Anchor","Pen Nib","Vajra","Happy Flower","Dota2Spire:RefresherOrb"],"acts_visited":["Exordium","TheCity"],"potions_floor_usage":[18],"damage_taken":[{"damage":0,"enemies":"Jaw Worm","floor":1,"turns":4},{"damage":1,"enemies":"Small Slimes","floor":5,"turns":2},{"damage":47,"enemies":"Gremlin Nob","floor":6,"turns":6},{"damage":0,"enemies":"2 Louse","floor":10,"turns":2},{"damage":0,"enemies":"Lagavulin","floor":11,"turns":4},{"damage":0,"enemies":"Gremlin Gang","floor":12,"turns":3},{"damage":16,"enemies":"Gremlin Nob","floor":13,"turns":4},{"damage":0,"enemies":"2 Fungi Beasts","floor":14,"turns":3},{"damage":0,"enemies":"Slime Boss","floor":16,"turns":6},{"damage":0,"enemies":"2 Thieves","floor":18,"turns":4},{"damage":49,"enemies":"Gremlin Leader","floor":24,"turns":3}],"seed_played":"7748522275587491021","potions_obtained":[{"floor":6,"key":"Venom Potion"},{"floor":11,"key":"Weak Potion"},{"floor":12,"key":"Elixir"},{"floor":16,"key":"ColorlessPotion"}],"is_trial":false,"path_per_floor":["M","?","?","?","M","E","?","$","T","M","E","M","E","M","R","B",null,"M","?","?","?","?","R","E"],"character_chosen":"RUNESMITH_CLASS","items_purchased":["REME_Flogging"],"campfire_rested":0,"item_purchase_floors":[8],"current_hp_per_floor":[70,70,53,60,65,24,24,24,24,30,36,42,32,38,38,44,70,70,62,62,49,49,49,0,0],"gold":369,"neow_bonus":"NOSTALGIA","is_daily":false,"chose_seed":false,"campfire_upgraded":2,"win_rate":0.0,"timestamp":1608438205,"path_taken":["M","?","?","?","M","E","?","$","T","M","E","M","E","M","R","BOSS","M","?","?","?","?","R","E"],"items_purchased_type":["Card"],"build_version":"2020-12-13","purchased_purges":1,"victory":false,"max_hp_per_floor":[70,70,70,70,70,70,70,70,70,70,70,70,70,70,70,70,70,70,70,70,49,49,49,49,49],"card_choices":[{"not_picked":["Runesmith:Firewall","Runesmith:Prism"],"picked":"Runesmith:Grindstone","floor":1},{"not_picked":["Runesmith:ShiftingStrike","Runesmith:CraftProtectio"],"picked":"Runesmith:EarthShield","floor":5},{"not_picked":["Runesmith:Repurpose","Runesmith:CraftMagma"],"picked":"Runesmith:Duplicate","floor":6},{"not_picked":["Runesmith:StaticCage","Runesmith:Terraform","Runesmith:Grindstone"],"picked":"SKIP","floor":10},{"not_picked":["Runesmith:HeatExchange","Runesmith:Superposition"],"picked":"Runesmith:ChiselStab","floor":11},{"not_picked":["Runesmith:HeatedChisel","Runesmith:ShiftingStrike"],"picked":"Runesmith:HammerThrow","floor":12},{"not_picked":["Runesmith:FrozenChisel","Runesmith:Repurpose"],"picked":"Runesmith:GrandSlam","floor":13},{"not_picked":["Runesmith:Firestorm","Runesmith:CraftProtectio","Runesmith:NanitesCloud"],"picked":"SKIP","floor":14},{"not_picked":["Runesmith:Duplicate","Runesmith:Supernova"],"picked":"Runesmith:ReplicatingBarrier","floor":16},{"not_picked":["Runesmith:GoWithTheFlow+1","Runesmith:BackupBattery"],"picked":"Runesmith:Firestorm","floor":18},{"not_picked":["Runesmith:MakeshiftArmor+1","Runesmith:RuneHurl"],"picked":"Runesmith:ChiselStab+1","floor":19}],"player_experience":143746,"relics_obtained":[{"floor":6,"key":"Anchor"},{"floor":9,"key":"Pen Nib"},{"floor":11,"key":"Vajra"},{"floor":13,"key":"Happy Flower"}],"event_choices":[{"damage_healed":0,"gold_gain":0,"player_choice":"Take Damage","damage_taken":17,"relics_obtained":["Golden Idol"],"max_hp_gain":0,"max_hp_loss":0,"event_name":"Golden Idol","floor":3,"gold_loss":0},{"damage_healed":0,"gold_gain":175,"player_choice":"AGREE","damage_taken":0,"max_hp_gain":0,"max_hp_loss":0,"event_name":"Liars Game","floor":7,"gold_loss":0,"cards_obtained":["Doubt"]},{"damage_healed":0,"gold_gain":0,"player_choice":"Simplicity","damage_taken":0,"max_hp_gain":0,"max_hp_loss":0,"event_name":"Back to Basics","floor":20,"gold_loss":0,"cards_upgraded":["Runesmith:Strike_RS","Runesmith:Defend_RS","Runesmith:Defend_RS","Runesmith:Defend_RS","Runesmith:Defend_RS","Strike_G"]},{"damage_healed":0,"gold_gain":0,"player_choice":"Became a vampire","damage_taken":0,"max_hp_gain":0,"max_hp_loss":21,"event_name":"Vampires","floor":21,"gold_loss":0,"cards_obtained":["Bite","Bite","Bite","Bite","Bite"]},{"damage_healed":0,"gold_gain":0,"player_choice":"Read","damage_taken":0,"max_hp_gain":0,"max_hp_loss":0,"event_name":"The Library","floor":22,"gold_loss":0,"cards_obtained":["Runesmith:UnlimitedPower"]}],"is_beta":false,"boss_relics":[{"not_picked":["SlaversCollar","aspiration:RunicSpoon"],"picked":"Dota2Spire:RefresherOrb"}],"items_purged_floors":[8],"is_endless":false,"potions_floor_spawned":[6,11,12,16],"killed_by":"Gremlin Leader","ascension_level":0}}