{"host":"867cnhxguf2bzj4x","time":1608464209,"event":{"mods":["BaseMod","GifTheSpireLib","Minty Spire (QoL Compilation)","StSLib","The Bug Knight","The Cursed","The Hierophant","The Servant 0.9.4"],"gold_per_floor":[115,134,147,164,179,179,192,192,192],"floor_reached":8,"playtime":373,"items_purged":[],"score":55,"play_id":"80b75e54-082f-496a-a5b1-1825995f3f97","local_time":"20201220123649","is_ascension_mode":true,"campfire_choices":[{"floor":6,"key":"REST"}],"circlet_count":0,"master_deck":["Strike_G","Strike_G","Strike_G","Strike_G","Strike_G","Defend_G","Defend_G","Defend_G","Defend_G","Defend_G","Survivor","Neutralize","Panache","Expertise","Deflect","Infinite Blades","Accuracy","Cloak And Dagger","Reflex"],"relics":["Ring of the Snake"],"acts_visited":["Exordium"],"potions_floor_usage":[8,8],"damage_taken":[{"damage":0,"enemies":"Cultist","floor":1,"turns":4},{"damage":8,"enemies":"Small Slimes","floor":2,"turns":4},{"damage":4,"enemies":"2 Louse","floor":3,"turns":3},{"damage":15,"enemies":"Gremlin Gang","floor":4,"turns":5},{"damage":12,"enemies":"Large Slime","floor":5,"turns":7},{"damage":0,"enemies":"Looter","floor":7,"turns":3},{"damage":43,"enemies":"Gremlin Nob","floor":8,"turns":4}],"seed_played":"-1278235387613323273","potions_obtained":[{"floor":4,"key":"PowerPotion"},{"floor":5,"key":"BlessingOfTheForge"}],"is_trial":false,"path_per_floor":["M","M","M","M","M","R","M","E"],"character_chosen":"THE_SILENT","items_purchased":[],"campfire_rested":1,"item_purchase_floors":[],"current_hp_per_floor":[63,55,51,36,24,42,42,0,0],"gold":192,"neow_bonus":"RANDOM_COLORLESS_2","is_daily":false,"chose_seed":false,"campfire_upgraded":0,"win_rate":0.0,"timestamp":1608464209,"path_taken":["M","?","M","M","?","R","M","E"],"items_purchased_type":[],"build_version":"2020-12-13","purchased_purges":0,"victory":false,"max_hp_per_floor":[63,63,63,63,63,63,63,63,63],"card_choices":[{"not_picked":["Chrysalis","Mayhem"],"picked":"Panache","floor":0},{"not_picked":["PiercingWail","Dagger Spray"],"picked":"Expertise","floor":1},{"not_picked":["Riddle With Holes","Sucker Punch"],"picked":"Deflect","floor":2},{"not_picked":["Caltrops","Quick Slash"],"picked":"Infinite Blades","floor":3},{"not_picked":["Bane","Cloak And Dagger"],"picked":"Accuracy","floor":4},{"not_picked":["Outmaneuver","Backflip"],"picked":"Cloak And Dagger","floor":5},{"not_picked":["Well Laid Plans","Flying Knee"],"picked":"Reflex","floor":7}],"player_experience":76552,"relics_obtained":[],"event_choices":[],"is_beta":false,"boss_relics":[],"items_purged_floors":[],"is_endless":false,"potions_floor_spawned":[4,5],"killed_by":"Gremlin Nob","ascension_level":1}}