{"host":"xb2tau8pgi8aflss","time":1608459288,"event":{"mods":["AchievementEnabler","BaseMod","Minty Spire (QoL Compilation)","StSLib","SuperFastMode"],"gold_per_floor":[111,123,134,145,70,70,70,82,82,82,82,92,110,141,141,245,245,261,90,107,107,107,107],"floor_reached":22,"playtime":778,"items_purged":["Defend_B","Strike_B"],"score":188,"play_id":"50983b15-92bc-4802-9f27-41ef983694ee","local_time":"20201220191448","is_ascension_mode":false,"campfire_choices":[{"data":"Dualcast","floor":6,"key":"SMITH"},{"data":"Genetic Algorithm","floor":11,"key":"SMITH"},{"data":"Undo","floor":15,"key":"SMITH"}],"circlet_count":0,"master_deck":["Strike_B","Defend_B","Defend_B","Defend_B","Zap","Dualcast+1","Undo+1","Seek","Genetic Algorithm+1","Turbo","Meteor Strike","Redo","Loop"],"relics":["Cracked Core","Gremlin Horn","Matryoshka","Philosopher\u0027s Stone"],"acts_visited":["Exordium","TheCity"],"potions_floor_usage":[14,14,14,20],"damage_taken":[{"damage":1,"enemies":"Cultist","floor":1,"turns":3},{"damage":6,"enemies":"Jaw Worm","floor":2,"turns":3},{"damage":0,"enemies":"2 Louse","floor":3,"turns":1},{"damage":2,"enemies":"Blue Slaver","floor":4,"turns":3},{"damage":0,"enemies":"3 Louse","floor":8,"turns":2},{"damage":0,"enemies":"Looter","floor":12,"turns":4},{"damage":8,"enemies":"Exordium Wildlife","floor":13,"turns":5},{"damage":12,"enemies":"Lagavulin","floor":14,"turns":8},{"damage":41,"enemies":"The Guardian","floor":16,"turns":17},{"damage":25,"enemies":"Shell Parasite","floor":18,"turns":7},{"damage":8,"enemies":"3 Byrds","floor":20,"turns":4},{"damage":29,"enemies":"Centurion and Healer","floor":22,"turns":8}],"seed_played":"-1545244120620001017","potions_obtained":[{"floor":1,"key":"SkillPotion"},{"floor":3,"key":"LiquidMemories"},{"floor":12,"key":"EssenceOfSteel"},{"floor":16,"key":"LiquidBronze"}],"is_trial":false,"path_per_floor":["M","M","M","M","$","R","$","M","T","?","R","M","M","E","R","B",null,"M","$","M","?","M"],"character_chosen":"DEFECT","items_purchased":["Loop"],"campfire_rested":0,"item_purchase_floors":[19],"current_hp_per_floor":[74,68,68,66,66,66,66,66,66,66,66,66,58,46,46,5,75,50,50,42,28,0,0],"gold":107,"neow_bonus":"REMOVE_CARD","is_daily":false,"chose_seed":false,"campfire_upgraded":3,"win_rate":0.0,"timestamp":1608459288,"path_taken":["M","M","M","?","$","R","?","M","T","?","R","M","M","E","R","BOSS","M","$","?","?","M"],"items_purchased_type":["Card"],"build_version":"2020-12-13","purchased_purges":2,"victory":false,"max_hp_per_floor":[75,75,75,75,75,75,75,75,75,75,75,75,75,75,75,75,75,75,75,75,80,80,80],"card_choices":[{"not_picked":["Hologram","Turbo"],"picked":"Undo","floor":1},{"not_picked":["Ball Lightning","Aggregate","Go for the Eyes"],"picked":"SKIP","floor":2},{"not_picked":["Steam","Go for the Eyes"],"picked":"Seek","floor":3},{"not_picked":["Gash","Rebound","Cold Snap"],"picked":"SKIP","floor":4},{"not_picked":["Creative AI","Chill"],"picked":"Genetic Algorithm","floor":8},{"not_picked":["Leap","Barrage","Coolheaded"],"picked":"SKIP","floor":12},{"not_picked":["Loop","Self Repair","Beam Cell"],"picked":"SKIP","floor":13},{"not_picked":["Heatsinks","Redo"],"picked":"Turbo","floor":14},{"not_picked":["Amplify","Echo Form"],"picked":"Meteor Strike","floor":16},{"not_picked":["Hello World+1","Hologram"],"picked":"Redo","floor":18},{"not_picked":["Cold Snap+1","Go for the Eyes+1","Heatsinks"],"picked":"SKIP","floor":20}],"player_experience":717453,"relics_obtained":[{"floor":9,"key":"Gremlin Horn"},{"floor":14,"key":"Matryoshka"}],"event_choices":[{"cards_removed":["Strike_B"],"damage_healed":0,"gold_gain":0,"player_choice":"Purged","damage_taken":0,"max_hp_gain":0,"max_hp_loss":0,"event_name":"Purifier","floor":10,"gold_loss":0},{"damage_healed":0,"gold_gain":0,"player_choice":"Shed Blood","damage_taken":19,"max_hp_gain":5,"max_hp_loss":0,"event_name":"Forgotten Altar","floor":21,"gold_loss":0}],"is_beta":false,"boss_relics":[{"not_picked":["Busted Crown","Coffee Dripper"],"picked":"Philosopher\u0027s Stone"}],"items_purged_floors":[5,19],"is_endless":false,"potions_floor_spawned":[1,3,12,13,16],"killed_by":"Centurion and Healer","ascension_level":0}}