{"host":"5iqr6jnxsq1ojyp4","time":1608507876,"event":{"mods":["AchievementEnabler","BaseMod","Better Altar","Better Match","Better Note","Better Sensory Stone","Better Skull","Better Third Choice","BetterRewards","Block Reminder","CCEM","Colored Map","Colored Powertips","Downfall","Googly Eyes","Highlight Path","Minty Spire (QoL Compilation)","Permanent Neow","Quick Restart","Rare Cards Sparkle","Relic Stats","Replay The Spire","StSLib","Unceasing Turn Reminder"],"gold_per_floor":[99,99,125,125,225,225,295,295,311,344,363,383,398,415,435,435,435],"floor_reached":16,"playtime":1186,"items_purged":[],"score":137,"play_id":"d426f838-414d-499e-8d89-7eece877acb4","local_time":"20201220154436","is_ascension_mode":false,"campfire_choices":[{"data":"sneckomod:SnekBite","floor":1,"key":"SMITH"},{"data":"sneckomod:UnknownStrike","floor":6,"key":"SMITH"},{"data":"sneckomod:UnknownClassGUARDIAN","floor":8,"key":"SMITH"}],"circlet_count":0,"master_deck":["sneckomod:Strike","sneckomod:Strike","sneckomod:Strike","sneckomod:Defend","sneckomod:Defend","sneckomod:Defend","sneckomod:TailWhip","sneckomod:SnekBite+1","sneckomod:Unknown","sneckomod:Unknown","sneckomod:UnknownClassGUARDIAN+1","sneckomod:UnknownStrike+1","sneckomod:Unknown0Cost","sneckomod:Unknown1Cost","sneckomod:SnakeSap","sneckomod:UnknownVulnerable","sneckomod:SoulExchange","sneckomod:RainOfDice","sneckomod:UnknownBlock"],"relics":["sneckomod:SneckoSoul","downfall:HeartsMalice","CCEMRelics:Barrel","downfall:GremlinWheel","Bottled Lightning","Regal Pillow"],"acts_visited":["Exordium"],"potions_floor_usage":[],"damage_taken":[{"damage":0,"enemies":"Cultist","floor":2,"turns":1},{"damage":0,"enemies":"Lagavulin","floor":3,"turns":1},{"damage":0,"enemies":"Lagavulin","floor":5,"turns":1},{"damage":0,"enemies":"2 Louse","floor":9,"turns":2},{"damage":5,"enemies":"Gremlin Nob","floor":10,"turns":4},{"damage":8,"enemies":"Jaw Worm","floor":11,"turns":2},{"damage":8,"enemies":"2 Fungi Beasts","floor":12,"turns":3},{"damage":17,"enemies":"Gremlin Gang","floor":13,"turns":4},{"damage":25,"enemies":"Exordium Thugs","floor":14,"turns":4},{"damage":30,"enemies":"Blue Slaver","floor":15,"turns":5},{"damage":17,"enemies":"downfall:Defect","floor":16,"turns":4}],"seed_played":"6112658759575629111","potions_obtained":[{"floor":5,"key":"Elixir"},{"floor":9,"key":"sneckomod:MuddlingPotion"},{"floor":11,"key":"Milkshake"}],"is_trial":false,"path_per_floor":["R","M","E","?","?","R","T","R","M","E","M","M","M","M","M","B"],"character_chosen":"THE_SNECKO","items_purchased":[],"campfire_rested":0,"item_purchase_floors":[],"current_hp_per_floor":[90,91,92,97,97,97,97,97,98,94,86,79,62,37,8,0,0],"gold":435,"neow_bonus":"THREE_ENEMY_KILL","is_daily":false,"chose_seed":false,"campfire_upgraded":3,"win_rate":0.0,"timestamp":1608507876,"path_taken":["R","?","E","?","?","R","T","R","M","E","M","M","?","M","M","BOSS"],"items_purchased_type":[],"build_version":"2020-12-13","purchased_purges":0,"victory":false,"max_hp_per_floor":[90,91,92,97,97,97,97,97,98,99,99,100,100,100,101,101,101],"relic_stats":{"Regal Pillow":0,"counters":[11,28],"obtain_stats":[{"CCEMRelics:Barrel":3,"Regal Pillow":10,"downfall:GremlinWheel":5,"downfall:HeartsMalice":0,"Bottled Lightning":7,"sneckomod:SneckoSoul":0},{"CCEMRelics:Barrel":2,"Regal Pillow":5,"downfall:GremlinWheel":3,"downfall:HeartsMalice":0,"Bottled Lightning":3,"sneckomod:SneckoSoul":0},{"CCEMRelics:Barrel":0,"Regal Pillow":6,"downfall:GremlinWheel":0,"downfall:HeartsMalice":0,"Bottled Lightning":0,"sneckomod:SneckoSoul":0}]},"card_choices":[{"not_picked":["sneckomod:IronFang","sneckomod:SoulDraw"],"picked":"sneckomod:UnknownClassGUARDIAN","floor":2},{"not_picked":["sneckomod:UnknownCommonAttack","sneckomod:ImprovisedAttack"],"picked":"sneckomod:UnknownStrike","floor":3},{"not_picked":["sneckomod:UnknownStrike","sneckomod:IronFang"],"picked":"sneckomod:Unknown0Cost","floor":9},{"not_picked":["sneckomod:UnknownUncommonSkill","sneckomod:UnknownCommonSkill"],"picked":"sneckomod:Unknown1Cost","floor":10},{"not_picked":["sneckomod:UnknownCommonAttack","sneckomod:UnknownClassTHE_CHAMP_GRAY"],"picked":"sneckomod:SnakeSap","floor":11},{"not_picked":["sneckomod:UnknownClassEV_BLUE_COLOR","sneckomod:WideSting"],"picked":"sneckomod:UnknownVulnerable","floor":12},{"not_picked":["sneckomod:UnknownBlock","sneckomod:UnknownCommonSkill"],"picked":"sneckomod:SoulExchange","floor":13},{"not_picked":["sneckomod:Unknown1Cost","sneckomod:QuickMove"],"picked":"sneckomod:RainOfDice","floor":14},{"not_picked":["sneckomod:UnknownCommonSkill","sneckomod:UnknownUncommonPower"],"picked":"sneckomod:UnknownBlock","floor":15}],"player_experience":291102,"relics_obtained":[{"floor":3,"key":"CCEMRelics:Barrel"},{"floor":5,"key":"downfall:GremlinWheel"},{"floor":7,"key":"Bottled Lightning"},{"floor":10,"key":"Regal Pillow"}],"event_choices":[{"damage_healed":0,"gold_gain":0,"player_choice":"Donut","damage_taken":0,"max_hp_gain":5,"max_hp_loss":0,"event_name":"Big Fish","floor":4,"gold_loss":0}],"is_beta":false,"boss_relics":[],"items_purged_floors":[],"is_endless":false,"potions_floor_spawned":[5,9,11,12,14],"killed_by":"downfall:Defect","ascension_level":0}}