{"host":"7vidw0fny0glz923","time":1608465256,"event":{"mods":["Act Like it!","BaseMod","Challenge The Spire","Downfall","Friendly Minions","HololiveMod","KinomotoSakuraMod(木之本樱)","Kiyohime（清姬）","KomeijiMod","Lobotomy","Marisa（F雨　魔理沙）","Minty Spire (QoL Compilation)","MostiFishMod","Pale of the Ancients","READ ME - Guardian Mod","Reimu（博丽灵梦）","Remilia（蕾米莉亚）","Replay The Spire","RumiaBox-露米娅的神秘盒子","Shop Mod","StSLib","TestMod","The Cursed","The Jungle","The Poker Player","The Servant 0.9.4","Youmu（魂魄妖梦）","[地精首领爬塔]The Maniac","【东方二次创作】八云紫mod","【遗物卡牌】REMEMod"],"gold_per_floor":[116,116,116,40,57,57,89,103,103,103,103,120,45,45,45,116,116,126,126,46,56,56,56,86,86,86],"floor_reached":25,"playtime":704,"items_purged":["Strike_P","Defend_P"],"score":511,"play_id":"aa4b1233-8909-491b-a235-7fe088804126","local_time":"20201220115416","is_ascension_mode":true,"campfire_choices":[{"data":"BattleHymn","floor":6,"key":"SMITH"},{"data":"MostiFishMod:StarWish","floor":10,"key":"SMITH"},{"data":"Ragnarok","floor":15,"key":"SMITH"},{"floor":23,"key":"REST"}],"circlet_count":0,"master_deck":["AscendersBane","Strike_P","Strike_P","Defend_P","Defend_P","Defend_P","Eruption+1","Vigilance","MostiFishMod:Neurotoxin","BattleHymn+1","LongBird","VoidDream","GalaxyChild","Ragnarok+1","MHz","DevaForm","Consecrate+1","Evaluate","MostiFishMod:KamiSmash","SnowQueen","EmptyFist"],"relics":["PureWater","testmod-TestBox","DaveBox","REME_ComplimentaryCards","JellyFishMachine","CogitoBucket","Question Card","MagicDraw4","Bottled Lightning","Blue Doll","ImportantClient","SacredBark","BackwardClock","Ancient Tea Set"],"acts_visited":["Exordium","theJungle:Jungle"],"potions_floor_usage":[16,24],"damage_taken":[{"damage":4.0,"enemies":"Jaw Worm","floor":1.0,"turns":3.0},{"damage":0,"enemies":"2 Louse","floor":5,"turns":2},{"damage":19,"enemies":"Lagavulin","floor":7,"turns":8},{"damage":0,"enemies":"Cultist","floor":8,"turns":2},{"damage":1,"enemies":"Exordium Thugs","floor":12,"turns":3},{"damage":0,"enemies":"Slime Boss","floor":16,"turns":3},{"damage":3,"enemies":"theJungle:5_Spyders","floor":18,"turns":3},{"damage":43,"enemies":"theJungle:GiantWrat","floor":21,"turns":6},{"damage":0,"enemies":"theJungle:Cassacara","floor":24,"turns":3},{"damage":40,"enemies":"theJungle:Snecko_Cultist_And_Trap","floor":25,"turns":3}],"seed_played":"-7269901767015990904","potions_obtained":[{"floor":8,"key":"Adrenaline Potion"},{"floor":12,"key":"LiquidBronze"},{"floor":16,"key":"ZuzhouPotion:ReiMu"},{"floor":18,"key":"Fire Potion"},{"floor":21,"key":"Explosive Potion"}],"is_trial":false,"path_per_floor":["M","?","?","$","M","R","E","M","T","R","?","M","$","?","R","B",null,"M","?","$","M","?","R","E","M"],"character_chosen":"WATCHER","items_purchased":["BattleHymn"],"campfire_rested":1,"item_purchase_floors":[4],"current_hp_per_floor":[57,57,57,57,57,57,38,40,40,40,29,28,28,28,28,30,59,58,58,58,17,17,37,37,0,0],"gold":86,"neow_bonus":"","is_daily":false,"chose_seed":false,"campfire_upgraded":3,"win_rate":0.0,"timestamp":1608465256,"path_taken":["M","?","?","$","M","R","E","M","T","R","?","M","$","?","R","BOSS","M","?","?","?","?","R","E","M"],"items_purchased_type":["Card"],"build_version":"2020-12-13","purchased_purges":2,"victory":false,"max_hp_per_floor":[68,68,68,68,68,68,68,68,68,68,68,68,68,68,68,68,68,68,68,68,68,68,68,68,68,68],"card_choices":[{"not_picked":["NakedNest","BeautyBeast"],"picked":"Porccubus","floor":1.0},{"not_picked":["SashWhip","ReachHeaven","Replay:ManipulateFuture"],"picked":"SKIP","floor":1.0},{"not_picked":["BeautyBeast","LongBird","HeroicMonk"],"picked":"Singing Bowl","floor":5},{"not_picked":["LittleHelper","BigBird"],"picked":"LongBird","floor":5},{"not_picked":["ClearTheMind","Replay:Cycle","Replay:Battleflow","FlurryOfBlows"],"picked":"SKIP","floor":5},{"not_picked":["WallGazer","FieryBird","Rudolta"],"picked":"Singing Bowl","floor":7},{"not_picked":["Scorched","MeatLantern"],"picked":"VoidDream","floor":7},{"not_picked":["FlurryOfBlows","Replay:Hum","Replay:Vibes"],"picked":"MostiFishMod:StarWish","floor":7},{"not_picked":["Scorched","FairyFestival","CrumblingArmor"],"picked":"Singing Bowl","floor":8},{"not_picked":["FlyingSleeves","REME_Repentance","Halt","SandsOfTime"],"picked":"SKIP","floor":8},{"not_picked":["FieryBird","SingingMachine"],"picked":"GalaxyChild","floor":12},{"not_picked":["Replay:ManipulateFuture","SandsOfTime","Halt"],"picked":"Ragnarok","floor":12},{"not_picked":["Wellcheers","FieryBird","FairyFestival"],"picked":"Singing Bowl","floor":16},{"not_picked":["Murderer","FairyFestival"],"picked":"MHz","floor":16},{"not_picked":["LessonLearned","REME_WorshipGod","MostiFishMod:ScryFuture"],"picked":"DevaForm","floor":16},{"not_picked":["ShyLook","BlackSwan","Funeral"],"picked":"Singing Bowl","floor":18},{"not_picked":["Replay:Vibes","Pray","MostiFishMod:Speedup+1"],"picked":"Consecrate+1","floor":18},{"not_picked":["Wellcheers","CherryBlossoms","WallGazer"],"picked":"Singing Bowl","floor":21},{"not_picked":["BattleHymn+1","WindmillStrike","Conclude"],"picked":"Evaluate","floor":21},{"not_picked":["FairyFestival","FieryBird"],"picked":"SnowQueen","floor":24},{"not_picked":["Meditate","Replay:DivineShield","SignatureMove"],"picked":"EmptyFist","floor":24}],"player_experience":869706,"relics_obtained":[{"floor":1.0,"key":"Question Card"},{"floor":7,"key":"MagicDraw4"},{"floor":9,"key":"Bottled Lightning"},{"floor":16,"key":"ImportantClient"},{"floor":24,"key":"Ancient Tea Set"}],"event_choices":[{"damage_healed":0,"gold_gain":0,"player_choice":"Ignored","damage_taken":0,"max_hp_gain":0,"max_hp_loss":0,"event_name":"Shining Light","floor":2,"gold_loss":0},{"damage_healed":0,"gold_gain":0,"player_choice":"Grow","damage_taken":0,"max_hp_gain":0,"max_hp_loss":0,"event_name":"Living Wall","floor":3,"gold_loss":0,"cards_upgraded":["Eruption"]},{"damage_healed":0,"gold_gain":0,"player_choice":"Success","damage_taken":11,"relics_obtained":["Blue Doll"],"max_hp_gain":0,"max_hp_loss":0,"event_name":"Scrap Ooze","floor":11,"gold_loss":0},{"damage_healed":0,"gold_gain":0,"player_choice":"Ignored","damage_taken":0,"max_hp_gain":0,"max_hp_loss":0,"event_name":"给自己的盒子","floor":14,"gold_loss":0},{"damage_healed":0,"gold_gain":0,"player_choice":"0 cards matched","damage_taken":0,"max_hp_gain":0,"max_hp_loss":0,"event_name":"Match and Keep!","floor":19,"gold_loss":0,"cards_obtained":[]},{"damage_healed":0,"gold_gain":0,"cards_transformed":["Porccubus"],"player_choice":"Transformed","damage_taken":0,"max_hp_gain":0,"max_hp_loss":0,"event_name":"Transmorgrifier","floor":22,"gold_loss":0,"cards_obtained":["MostiFishMod:KamiSmash"]}],"is_beta":false,"boss_relics":[{"not_picked":["testmod-NegativeEmotionEnhancer","Tiny House"],"picked":"SacredBark"}],"items_purged_floors":[13,20],"is_endless":false,"potions_floor_spawned":[8,12,16,18,21],"killed_by":"theJungle:Snecko_Cultist_And_Trap","ascension_level":15}}