{"host":"t5h83eruwt5lxl3o","time":1608424438,"event":{"mods":["AchievementEnabler","Act Like it!","BaseMod","CapriCore","Colored Map","DeckTracker","Hermit","Highlight Path","Koishi","Marisa£¨Ùöéë¡¡Øª×âÞÞ£©","Minty Spire (QoL Compilation)","Permanent Neow","Quick Restart","StSLib","SuperFastMode","The Cursed","The Immortal","everything is the same but u backflip on backflip"],"gold_per_floor":[116,133,146,162,8,42,42,59,59,88,100,112,137,164,176,266,278,304,336,348,380,405,447,1,29,29,57,67,33,66,78,78,156,156,174,190,215,215,232,257,257,37,37,37,0,0,0,35,35,35,35],"floor_reached":50,"playtime":2197,"items_purged":["Strike_R"],"score":1074,"play_id":"df29df44-4da1-497c-bdd2-4c23ffee131b","local_time":"20201220093358","is_ascension_mode":true,"campfire_choices":[{"data":"Evolve","floor":7.0,"key":"SMITH"},{"data":"Feed","floor":11.0,"key":"SMITH"},{"data":"Whirlwind","floor":15.0,"key":"SMITH"},{"floor":32.0,"key":"REST"},{"data":"Dual Wield","floor":44.0,"key":"SMITH"},{"data":"Double Tap","floor":47.0,"key":"SMITH"},{"data":"Secret Weapon","floor":49.0,"key":"SMITH"}],"circlet_count":0,"master_deck":["AscendersBane","Strike_R","Strike_R","Strike_R","Defend_R","Defend_R","Defend_R","Bash","Wild Strike","Evolve+1","Cleave","Immolate","Feed+1","Fire Breathing","Whirlwind+1","Flame Barrier","Second Wind","Power Through","Offering","Headbutt","Shrug It Off","Feel No Pain","Secret Weapon+1","Ghostly Armor+1","Reckless Charge+1","Shockwave","Feel No Pain","Whirlwind","Sentinel","Double Tap+1","Dual Wield+1","Finesse"],"relics":["Burning Blood","Dream Catcher","Boot","MawBank","SlaversCollar","Pantograph","PreservedInsect","Chemical X","Tiny Chest","Toy Ornithopter","Oddly Smooth Stone","Mummified Hand","Bird Faced Urn","Bag of Marbles","Gremlin Horn","Medical Kit","Charon\u0027s Ashes","Red Mask","Meat on the Bone"],"acts_visited":["Exordium","TheCity","TheBeyond"],"potions_floor_usage":[50],"damage_taken":[{"damage":6.0,"enemies":"Cultist","floor":1.0,"turns":4.0},{"damage":7.0,"enemies":"Jaw Worm","floor":2.0,"turns":2.0},{"damage":0.0,"enemies":"Small Slimes","floor":3.0,"turns":4.0},{"damage":0.0,"enemies":"Gremlin Gang","floor":4.0,"turns":3.0},{"damage":32.0,"enemies":"Gremlin Nob","floor":6.0,"turns":4.0},{"damage":11.0,"enemies":"2 Fungi Beasts","floor":8.0,"turns":3.0},{"damage":15.0,"enemies":"3 Sentries","floor":10.0,"turns":4.0},{"damage":0.0,"enemies":"3 Louse","floor":13.0,"turns":1.0},{"damage":12.0,"enemies":"Looter","floor":14.0,"turns":3.0},{"damage":5.0,"enemies":"Slime Boss","floor":16.0,"turns":8.0},{"damage":28.0,"enemies":"Spheric Guardian","floor":18.0,"turns":4.0},{"damage":6.0,"enemies":"3 Byrds","floor":19.0,"turns":6.0},{"damage":19.0,"enemies":"Snecko","floor":21.0,"turns":5.0},{"damage":24.0,"enemies":"Chosen and Byrds","floor":22.0,"turns":5.0},{"damage":16.0,"enemies":"Gremlin Leader","floor":23.0,"turns":7.0},{"damage":0.0,"enemies":"Slavers","floor":25.0,"turns":1.0},{"damage":18.0,"enemies":"Gremlin Leader","floor":27.0,"turns":5.0},{"damage":6.0,"enemies":"Centurion and Healer","floor":28.0,"turns":2.0},{"damage":7.0,"enemies":"Book of Stabbing","floor":30.0,"turns":3.0},{"damage":27.0,"enemies":"Snake Plant","floor":31.0,"turns":4.0},{"damage":37.0,"enemies":"Champ","floor":33.0,"turns":14.0},{"damage":13.0,"enemies":"3 Darklings","floor":35.0,"turns":2.0},{"damage":6.0,"enemies":"Orb Walker","floor":36.0,"turns":3.0},{"damage":38.0,"enemies":"Mind Bloom Boss Battle","floor":37.0,"turns":7.0},{"damage":29.0,"enemies":"Spire Growth","floor":39.0,"turns":4.0},{"damage":28.0,"enemies":"Reptomancer","floor":40.0,"turns":4.0},{"damage":13.0,"enemies":"Giant Head","floor":48.0,"turns":5.0},{"damage":91,"enemies":"Awakened One","floor":50,"turns":6}],"seed_played":"3393468556625689479","potions_obtained":[{"floor":1.0,"key":"DistilledChaos"},{"floor":2.0,"key":"Fire Potion"},{"floor":10.0,"key":"FearPotion"},{"floor":13.0,"key":"Swift Potion"},{"floor":21.0,"key":"Energy Potion"},{"floor":22.0,"key":"SkillPotion"},{"floor":23.0,"key":"BlessingOfTheForge"},{"floor":27.0,"key":"Strength Potion"},{"floor":33.0,"key":"SkillPotion"},{"floor":37.0,"key":"SkillPotion"},{"floor":38.0,"key":"Fruit Juice"},{"floor":38.0,"key":"SkillPotion"},{"floor":40.0,"key":"SteroidPotion"}],"is_trial":false,"path_per_floor":["M","M","M","M","$","E","R","M","T","E","R","$","M","M","R","B",null,"M","M","$","M","M","E","$","E","T","E","M","$","E","M","R","B",null,"M","M","?","?","M","E","T","$","T","R","?","?","R","E","R","B"],"character_chosen":"IRONCLAD","items_purchased":["Feed","Fire Breathing","PreservedInsect","Chemical X","Secret Weapon","Shockwave","Medical Kit"],"campfire_rested":1,"item_purchase_floors":[5,5,24,24,24,29,42],"current_hp_per_floor":[50,49,55,61,61,35,35,33,33,27,27,27,33,31,31,36,76,58,58,58,45,31,21,21,27,27,15,20,20,28,7,37,31,84,77,77,74,84,70,53,53,53,53,53,53,53,53,54,54,0,0],"gold":35,"neow_bonus":"REMOVE_TWO","is_daily":false,"chose_seed":false,"campfire_upgraded":6,"win_rate":0.0,"timestamp":1608424438,"path_taken":["M","M","M","M","$","E","R","M","T","E","R","$","M","M","R","BOSS","M","M","?","M","M","E","$","E","T","E","M","$","E","M","R","BOSS","M","M","?","?","?","E","?","$","T","R","?","?","R","E","R","BOSS"],"items_purchased_type":["Card","Card","Relic","Relic","Card","Card","Relic"],"build_version":"2020-12-13","purchased_purges":1,"victory":false,"max_hp_per_floor":[75,75,75,75,75,75,75,78,78,81,81,81,81,85,85,89,89,93,93,93,93,97,97,97,97,97,97,97,97,101,101,101,101,101,101,101,101,106,106,106,106,106,106,106,106,106,106,106,106,106,106],"card_choices":[{"not_picked":["Intimidate","Flame Barrier"],"picked":"Wild Strike","floor":1.0},{"not_picked":["Clothesline","Burning Pact"],"picked":"Evolve","floor":2.0},{"not_picked":["Thunderclap","Metallicize"],"picked":"Cleave","floor":3.0},{"not_picked":["Body Slam","Heavy Blade"],"picked":"Immolate","floor":4.0},{"not_picked":["True Grit","Evolve"],"picked":"Whirlwind","floor":6.0},{"not_picked":["Flex","Armaments","Sword Boomerang"],"picked":"SKIP","floor":8.0},{"not_picked":["Spot Weakness","Limit Break"],"picked":"Flame Barrier","floor":10.0},{"not_picked":["Spot Weakness","Sentinel"],"picked":"Second Wind","floor":13.0},{"not_picked":["Flex","Hemokinesis"],"picked":"Power Through","floor":14.0},{"not_picked":["Limit Break","Corruption"],"picked":"Offering","floor":16.0},{"not_picked":["Anger","Sword Boomerang","Perfected Strike"],"picked":"SKIP","floor":18.0},{"not_picked":["Clothesline","True Grit","Evolve"],"picked":"SKIP","floor":19.0},{"not_picked":["Seeing Red","Thunderclap"],"picked":"Headbutt","floor":21.0},{"not_picked":["Warcry+1","Twin Strike"],"picked":"Shrug It Off","floor":22.0},{"not_picked":["Iron Wave","Rampage"],"picked":"Feel No Pain","floor":23.0},{"not_picked":["Wild Strike","Clash"],"picked":"Ghostly Armor+1","floor":25.0},{"not_picked":["Flex","Juggernaut","Cleave+1"],"picked":"SKIP","floor":27.0},{"not_picked":["Carnage","Perfected Strike"],"picked":"Reckless Charge+1","floor":28.0},{"not_picked":["Flex","Hemokinesis"],"picked":"Feel No Pain","floor":30.0},{"not_picked":["Armaments","Shrug It Off"],"picked":"Whirlwind","floor":31.0},{"not_picked":["Pommel Strike","Disarm"],"picked":"Sentinel","floor":32.0},{"not_picked":["Barricade","Brutality"],"picked":"Double Tap","floor":33.0},{"not_picked":["Havoc","Shockwave","Heavy Blade"],"picked":"SKIP","floor":35.0},{"not_picked":["Heavy Blade","Shrug It Off"],"picked":"Dual Wield","floor":36.0},{"not_picked":["Heavy Blade+1","Flex","Clash"],"picked":"SKIP","floor":39.0},{"not_picked":["Clash","Armaments","Uppercut"],"picked":"SKIP","floor":40.0},{"not_picked":["Sadistic Nature","Impatience"],"picked":"Finesse","floor":46.0},{"not_picked":["Ghostly Armor","Havoc","Blood for Blood"],"picked":"SKIP","floor":48.0}],"player_experience":618024,"relics_obtained":[{"floor":6.0,"key":"Dream Catcher"},{"floor":9.0,"key":"Boot"},{"floor":10.0,"key":"MawBank"},{"floor":23.0,"key":"Pantograph"},{"floor":25.0,"key":"Tiny Chest"},{"floor":26.0,"key":"Toy Ornithopter"},{"floor":27.0,"key":"Oddly Smooth Stone"},{"floor":30.0,"key":"Mummified Hand"},{"floor":37.0,"key":"Bird Faced Urn"},{"floor":40.0,"key":"Bag of Marbles"},{"floor":41.0,"key":"Gremlin Horn"},{"floor":43.0,"key":"Charon\u0027s Ashes"},{"floor":48.0,"key":"Meat on the Bone"}],"event_choices":[{"damage_healed":0.0,"max_hp_gain":0.0,"max_hp_loss":0.0,"gold_gain":0.0,"event_name":"MindBloom","player_choice":"Fight","floor":37.0,"gold_loss":0.0,"damage_taken":0.0},{"damage_healed":0.0,"max_hp_gain":0.0,"max_hp_loss":0.0,"gold_gain":0.0,"event_name":"Lab","player_choice":"Got Potions","floor":38.0,"gold_loss":0.0,"damage_taken":0.0},{"damage_healed":0.0,"max_hp_gain":0.0,"max_hp_loss":0.0,"gold_gain":0.0,"event_name":"Tomb of Lord Red Mask","player_choice":"Paid","floor":45.0,"gold_loss":37.0,"damage_taken":0.0,"relics_obtained":["Red Mask"]},{"damage_healed":0.0,"max_hp_gain":0.0,"max_hp_loss":0.0,"gold_gain":0.0,"event_name":"SensoryStone","player_choice":"Memory 1","floor":46.0,"gold_loss":0.0,"damage_taken":0.0}],"is_beta":false,"boss_relics":[{"not_picked":["Ectoplasm","Runic Pyramid"],"picked":"SlaversCollar"},{"not_picked":["Snecko Eye","Runic Dome","Coffee Dripper"]}],"items_purged_floors":[42],"is_endless":false,"potions_floor_spawned":[1,2,10,13,21,22,23,27,33,37,40],"killed_by":"Awakened One","ascension_level":14}}