{"host":"3c27c697js19kaoo","time":1608437441,"event":{"mods":["Aspiration","BaseMod","CapriCore","Dota2Spire","Hermit","Minty Spire (QoL Compilation)","Quick Restart","Remilia£®¿Ÿ√◊¿Ú—«£©","Replay The Spire","Robot Space Explorer","Spicy Shops","StSLib","The Alterego","The Cursed","The Runesmith","The Servant 0.9.4","vexMod","°æ“≈ŒÔø®≈∆°øREMEMod"],"gold_per_floor":[112,112,9,9,25,56,56,56,56,56,6,18,18,53,53,148,148,166,180,180,180],"floor_reached":20,"playtime":768,"items_purged":[],"score":180,"play_id":"935b45e9-9e19-48ec-9165-3fb371ff94be","local_time":"20201220121041","is_ascension_mode":false,"campfire_choices":[{"data":"RobotSpaceExplorer:Explosion","floor":7,"key":"SMITH"},{"data":"Runesmith:Firestorm","floor":10,"key":"SMITH"},{"data":"Runesmith:RunicBlueprint","floor":13,"key":"SMITH"},{"floor":15,"key":"REST"}],"circlet_count":0,"master_deck":["Runesmith:Strike_RS","Runesmith:Strike_RS","Runesmith:Strike_RS","Runesmith:Defend_RS","Runesmith:Defend_RS","Runesmith:Defend_RS","Runesmith:Defend_RS","Runesmith:CraftFirestone","Runesmith:Fortify","RobotSpaceExplorer:Explosion+1","Runesmith:ChaoticBlast","Runesmith:LithiumIon","Runesmith:RuneHurl","Pain","Runesmith:Firestorm+1","Runesmith:CraftMagma","Runesmith:ChiselStab","Runesmith:RunicBlueprint+1","Runesmith:FissionHammer"],"relics":["Runesmith:BrokenRuby","REME_ComplimentaryCards","NeowsBlessing","WarpedTongs","MealTicket","HornCleat","Incense Burner","ReplayTheSpireMod:Shallot","aspiration:SecretTechniqueScroll"],"acts_visited":["Exordium","TheCity"],"potions_floor_usage":[16,16],"damage_taken":[{"damage":0,"enemies":"2 Louse","floor":1,"turns":1},{"damage":0,"enemies":"Cultist","floor":5,"turns":1},{"damage":3,"enemies":"3 Sentries","floor":6,"turns":2},{"damage":3,"enemies":"Small Slimes","floor":12,"turns":3},{"damage":28,"enemies":"Lagavulin","floor":14,"turns":6},{"damage":41,"enemies":"The Guardian","floor":16,"turns":9},{"damage":42,"enemies":"Chosen","floor":18,"turns":5},{"damage":13,"enemies":"Shell Parasite","floor":19,"turns":5}],"seed_played":"6700064861587452825","potions_obtained":[{"floor":6,"key":"SneckoOil"},{"floor":12,"key":"Energy Potion"},{"floor":14,"key":"Adrenaline Potion"},{"floor":16,"key":"Cursed Concoction"}],"is_trial":false,"path_per_floor":["M","?","$","?","M","E","R","T","T","R","$","M","R","E","R","B",null,"M","M","?"],"character_chosen":"RUNESMITH_CLASS","items_purchased":["Runesmith:LithiumIon","Runesmith:RuneHurl","Runesmith:ChiselStab"],"campfire_rested":1,"item_purchase_floors":[3,3,11],"current_hp_per_floor":[70,70,70,70,70,67,67,67,67,67,70,67,67,39,60,19,70,28,15,0,0],"gold":180,"neow_bonus":"THREE_ENEMY_KILL","is_daily":false,"chose_seed":false,"campfire_upgraded":3,"win_rate":0.0,"timestamp":1608437441,"path_taken":["M","?","?","?","?","E","R","?","T","R","$","M","R","E","R","BOSS","M","M","?"],"items_purchased_type":["Card","Card","Card"],"build_version":"2020-12-13","purchased_purges":0,"victory":false,"max_hp_per_floor":[70,70,70,70,70,70,70,70,70,70,70,70,70,70,70,70,70,70,70,70,70],"card_choices":[{"not_picked":["Runesmith:MakeshiftArmor","Runesmith:Refine"],"picked":"Runesmith:ChaoticBlast","floor":1},{"not_picked":["Runesmith:Retool","Runesmith:Repurpose"],"picked":"Runesmith:Firestorm","floor":5},{"not_picked":["Runesmith:OneForEveryone","Runesmith:HammerTime"],"picked":"Runesmith:CraftMagma","floor":6},{"not_picked":["Runesmith:HeatedChisel","Runesmith:Superposition"],"picked":"Runesmith:RunicBlueprint","floor":12},{"not_picked":["Runesmith:Firewall","Runesmith:CraftReservo","Runesmith:Overpower"],"picked":"SKIP","floor":14},{"not_picked":["Runesmith:Supernova","Runesmith:LightningRod"],"picked":"Runesmith:FissionHammer","floor":16},{"not_picked":["Runesmith:Grindstone","Runesmith:Augment","Runesmith:Firestorm"],"picked":"SKIP","floor":18},{"not_picked":["Runesmith:HeatExchange","Runesmith:CraftMagma","Runesmith:Electrocute+1"],"picked":"SKIP","floor":19}],"player_experience":143746,"relics_obtained":[{"floor":6,"key":"MealTicket"},{"floor":8,"key":"HornCleat"},{"floor":9,"key":"Incense Burner"},{"floor":14,"key":"ReplayTheSpireMod:Shallot"}],"event_choices":[{"cards_removed":["Runesmith:Strike_RS"],"damage_healed":0,"gold_gain":0,"player_choice":"Purged","damage_taken":0,"max_hp_gain":0,"max_hp_loss":0,"event_name":"Purifier","floor":2,"gold_loss":0},{"damage_healed":0,"gold_gain":0,"player_choice":"Rummage","damage_taken":0,"relics_obtained":["WarpedTongs"],"max_hp_gain":0,"max_hp_loss":0,"event_name":"Accursed Blacksmith","floor":4,"gold_loss":0,"cards_obtained":["Pain"]}],"is_beta":false,"boss_relics":[{"not_picked":["Runic Dome","vexMod:FluxCapacitor"],"picked":"aspiration:SecretTechniqueScroll"}],"items_purged_floors":[],"is_endless":false,"potions_floor_spawned":[6,12,14,16],"ascension_level":0}}