{"host":"xb2tau8pgi8aflss","time":1608438170,"event":{"mods":["AchievementEnabler","BaseMod","Hermit","Minty Spire (QoL Compilation)","StSLib","SuperFastMode"],"gold_per_floor":[116,131,144,144,144,144,144,178,204,240,40,121,142,156,156,285,285,310,335,136,136,136],"floor_reached":21,"playtime":674,"items_purged":[],"score":236,"play_id":"1540b684-ada0-46fe-b6fb-73cb9ffde108","local_time":"20201220132250","is_ascension_mode":true,"campfire_choices":[{"data":"Double Energy","floor":6,"key":"SMITH"},{"floor":15,"key":"REST"}],"circlet_count":0,"master_deck":["Strike_B","Defend_B","Defend_B","Defend_B","Defend_B","Zap","Dualcast","Skim","Double Energy+1","Streamline","Rip and Tear","Buffer","Rebound","Gash","Beam Cell","Gash","Cold Snap","Electrodynamics","Double Energy","Conserve Battery","Buffer","Gash"],"relics":["Cracked Core","NeowsBlessing","Golden Idol","Art of War","Peace Pipe","Orichalcum","Blood Vial","Sling","Tiny Chest","Empty Cage","DollysMirror"],"acts_visited":["Exordium","TheCity"],"potions_floor_usage":[8,10,13,16,21],"damage_taken":[{"damage":0,"enemies":"2 Louse","floor":1,"turns":1},{"damage":0,"enemies":"Small Slimes","floor":2,"turns":1},{"damage":0,"enemies":"Jaw Worm","floor":3,"turns":1},{"damage":20,"enemies":"3 Sentries","floor":8,"turns":6},{"damage":14,"enemies":"Gremlin Nob","floor":10,"turns":4},{"damage":14,"enemies":"3 Sentries","floor":12,"turns":5},{"damage":6,"enemies":"Looter","floor":13,"turns":3},{"damage":1,"enemies":"3 Louse","floor":14,"turns":3},{"damage":7,"enemies":"Slime Boss","floor":16,"turns":9},{"damage":1,"enemies":"Spheric Guardian","floor":18,"turns":3},{"damage":20,"enemies":"Shell Parasite","floor":19,"turns":7},{"damage":51,"enemies":"3 Cultists","floor":21,"turns":4}],"seed_played":"5062358035410884448","potions_obtained":[{"floor":1,"key":"Block Potion"},{"floor":3,"key":"ColorlessPotion"},{"floor":12,"key":"Regen Potion"},{"floor":13,"key":"BlessingOfTheForge"},{"floor":14,"key":"DuplicationPotion"},{"floor":16,"key":"LiquidBronze"}],"is_trial":false,"path_per_floor":["M","M","M","?","?","R","?","E","T","E","$","?","M","M","R","B",null,"M","M","$","M"],"character_chosen":"DEFECT","items_purchased":["Gash","Sling","DollysMirror","Gash"],"campfire_rested":1,"item_purchase_floors":[11,11,20,20],"current_hp_per_floor":[75,75,75,75,57,57,50,30,30,16,16,4,5,6,28,23,62,63,45,45,0,0],"gold":136,"neow_bonus":"THREE_ENEMY_KILL","is_daily":false,"chose_seed":false,"campfire_upgraded":1,"win_rate":0.0,"timestamp":1608438170,"path_taken":["M","M","M","?","?","R","?","E","T","E","$","?","?","M","R","BOSS","M","M","$","M"],"items_purchased_type":["Card","Relic","Relic","Card"],"build_version":"2020-12-13","purchased_purges":0,"victory":false,"max_hp_per_floor":[75,75,75,75,75,75,75,75,75,75,75,75,75,75,75,75,75,75,75,75,75,75],"card_choices":[{"not_picked":["Undo","Redo"],"picked":"Skim","floor":1},{"not_picked":["Stack","Melter"],"picked":"Double Energy","floor":2},{"not_picked":["Ball Lightning","Hello World"],"picked":"Streamline","floor":3},{"not_picked":["Rebound","Stack"],"picked":"Buffer","floor":8},{"not_picked":["White Noise","Cold Snap"],"picked":"Rebound","floor":10},{"not_picked":["Steam Power","Force Field"],"picked":"Beam Cell","floor":12},{"not_picked":["Hologram","Reinforced Body"],"picked":"Gash","floor":13},{"not_picked":["Tempest","Coolheaded"],"picked":"Cold Snap","floor":14},{"not_picked":["Creative AI","Multi-Cast"],"picked":"Electrodynamics","floor":16},{"not_picked":["Compile Driver","Gash"],"picked":"Double Energy","floor":18},{"not_picked":["Stack","Recycle+1"],"picked":"Conserve Battery","floor":19}],"player_experience":745398,"relics_obtained":[{"floor":8,"key":"Peace Pipe"},{"floor":9,"key":"Orichalcum"},{"floor":10,"key":"Blood Vial"},{"floor":12,"key":"Tiny Chest"}],"event_choices":[{"damage_healed":0,"gold_gain":0,"cards_transformed":["Strike_B"],"player_choice":"Change","damage_taken":0,"max_hp_gain":0,"max_hp_loss":0,"event_name":"Living Wall","floor":4,"gold_loss":0,"cards_obtained":["Rip and Tear"]},{"damage_healed":0,"gold_gain":0,"player_choice":"Take Damage","damage_taken":18,"relics_obtained":["Golden Idol"],"max_hp_gain":0,"max_hp_loss":0,"event_name":"Golden Idol","floor":5,"gold_loss":0},{"damage_healed":0,"gold_gain":0,"player_choice":"Success","damage_taken":7,"relics_obtained":["Art of War"],"max_hp_gain":0,"max_hp_loss":0,"event_name":"Scrap Ooze","floor":7,"gold_loss":0},{"damage_healed":0,"gold_gain":0,"player_choice":"Searched \u00272\u0027 times","damage_taken":0,"max_hp_gain":0,"max_hp_loss":0,"event_name":"Dead Adventurer","floor":12,"gold_loss":0}],"is_beta":false,"boss_relics":[{"not_picked":["Coffee Dripper","Tiny House"],"picked":"Empty Cage"}],"items_purged_floors":[],"is_endless":false,"potions_floor_spawned":[1,3,12,13,14,16],"killed_by":"3 Cultists","ascension_level":5}}