{"host":"6pgtslebjnyv5xmi","time":1608462282,"event":{"mods":["AchievementEnabler","BaseMod","Colored Map","Minty Spire (QoL Compilation)","Rare Cards Sparkle","SuperFastMode","everything is the same but u backflip on backflip"],"gold_per_floor":[113,83,96,114,127,127,144,144,144,169,169,187,187,187,187,284,284,302,315,329,329,70,101,101,118,118,118,118,118,137,137,137,232,232,244,99,111,11,11,11,27,27,99,99,99,129,79,93,93,93],"floor_reached":51,"playtime":2260,"items_purged":["Defend_R","Strike_R","Defend_R"],"score":910,"play_id":"05d8f048-dd48-4b11-9a77-710b087baaa2","local_time":"20201220200442","is_ascension_mode":true,"campfire_choices":[{"data":"Searing Blow","floor":6,"key":"SMITH"},{"data":"Searing Blow+1","floor":8,"key":"SMITH"},{"data":"Searing Blow+2","floor":11,"key":"SMITH"},{"data":"Searing Blow+5","floor":15,"key":"SMITH"},{"data":"Apotheosis","floor":24,"key":"SMITH"},{"data":"Searing Blow+6","floor":27,"key":"SMITH"},{"data":"Searing Blow+7","floor":29,"key":"SMITH"},{"data":"Searing Blow+8","floor":32,"key":"SMITH"},{"data":"Searing Blow+9","floor":40,"key":"SMITH"},{"data":"Searing Blow+10","floor":42,"key":"SMITH"},{"data":"Searing Blow+11","floor":44,"key":"SMITH"},{"data":"Searing Blow+12","floor":45,"key":"SMITH"},{"data":"Searing Blow+13","floor":49,"key":"SMITH"}],"circlet_count":0,"master_deck":["Strike_R","Strike_R","Defend_R","Bash","Searing Blow+9","Thunderclap","Dual Wield","Warcry","Warcry","Thunderclap","Headbutt","Offering","Ghostly","Ghostly","Ghostly","Ghostly","Apotheosis+1","Corruption+1","Searing Blow+14"],"relics":["Burning Blood","Kunai","Oddly Smooth Stone","Empty Cage","Dead Branch","WingedGreaves","InkBottle","Paper Frog","SlaversCollar","DollysMirror","Bottled Tornado","Smiling Mask"],"acts_visited":["Exordium","TheCity","TheBeyond"],"potions_floor_usage":[10,18,18,23,23,33,48],"damage_taken":[{"damage":1,"enemies":"2 Louse","floor":1,"turns":3},{"damage":1,"enemies":"Cultist","floor":3,"turns":3},{"damage":1,"enemies":"Jaw Worm","floor":4,"turns":3},{"damage":13,"enemies":"Large Slime","floor":5,"turns":5},{"damage":21,"enemies":"Lots of Slimes","floor":7,"turns":5},{"damage":36,"enemies":"Lagavulin","floor":10,"turns":5},{"damage":10,"enemies":"2 Fungi Beasts","floor":12,"turns":4},{"damage":8,"enemies":"Slime Boss","floor":16,"turns":7},{"damage":17,"enemies":"Shell Parasite","floor":18,"turns":3},{"damage":21,"enemies":"3 Byrds","floor":19,"turns":5},{"damage":0,"enemies":"Snake Plant","floor":20,"turns":1},{"damage":10,"enemies":"Gremlin Leader","floor":23,"turns":5},{"damage":2,"enemies":"Centurion and Healer","floor":25,"turns":5},{"damage":0,"enemies":"Shelled Parasite and Fungi","floor":30,"turns":3},{"damage":0,"enemies":"Collector","floor":33,"turns":1},{"damage":1,"enemies":"3 Shapes","floor":35,"turns":4},{"damage":2,"enemies":"Orb Walker","floor":37,"turns":2},{"damage":3,"enemies":"Jaw Worm Horde","floor":41,"turns":3},{"damage":6,"enemies":"Reptomancer","floor":46,"turns":1},{"damage":2,"enemies":"Sphere and 2 Shapes","floor":48,"turns":3},{"damage":6,"enemies":"Time Eater","floor":50,"turns":2}],"seed_played":"8923146573322585791","potions_obtained":[{"floor":2,"key":"DistilledChaos"},{"floor":2,"key":"Strength Potion"},{"floor":5,"key":"Regen Potion"},{"floor":10,"key":"BlessingOfTheForge"},{"floor":23,"key":"Fruit Juice"},{"floor":25,"key":"DuplicationPotion"},{"floor":30,"key":"ColorlessPotion"},{"floor":35,"key":"GamblersBrew"},{"floor":46,"key":"BloodPotion"}],"is_trial":false,"path_per_floor":["M","?","M","M","M","R","M","R","T","E","R","M","?","?","R","B",null,"M","M","M","?","$","E","R","M","T","R","?","R","M","T","R","B",null,"M","$","M","$","?","R","M","R","T","R","R","E","$","M","R","B",null],"character_chosen":"IRONCLAD","items_purchased":["Apotheosis","DollysMirror"],"campfire_rested":0,"item_purchase_floors":[22,36],"current_hp_per_floor":[80,80,80,80,73,73,58,58,58,40,40,36,36,36,36,34,80,69,54,60,40,40,41,41,45,45,45,45,45,45,45,45,45,45,45,45,45,45,45,45,45,45,45,45,45,45,45,45,45,45],"gold":93,"neow_bonus":"TRANSFORM_CARD","is_daily":false,"chose_seed":false,"campfire_upgraded":13,"win_rate":0.0,"timestamp":1608462282,"path_taken":["M","?","M","M","M","R","M","R","T","E","R","?","?","?","R","BOSS","M","M","?","?","$","E","R","M","T","R","?","R","?","?","R","BOSS","M","?","M","$","?","R","M","R","T","R","R","E","$","M","R","BOSS"],"items_purchased_type":["Card","Relic"],"build_version":"2020-12-13","purchased_purges":3,"victory":true,"max_hp_per_floor":[80,80,80,80,80,80,80,80,80,80,80,80,80,80,80,80,80,80,80,80,40,40,45,45,45,45,45,45,45,45,45,45,45,45,45,45,45,45,45,45,45,45,45,45,45,45,45,45,45,45],"card_choices":[{"not_picked":["Flex","Body Slam"],"picked":"Thunderclap","floor":1},{"not_picked":["Rage","Searing Blow"],"picked":"Dual Wield","floor":3},{"not_picked":["Iron Wave","Thunderclap"],"picked":"Warcry","floor":4},{"not_picked":["Havoc","Rupture"],"picked":"Warcry","floor":5},{"not_picked":["Power Through","Uppercut"],"picked":"Thunderclap","floor":7},{"not_picked":["Entrench","Combust","Spot Weakness"],"picked":"SKIP","floor":10},{"not_picked":["Clothesline","Twin Strike"],"picked":"Headbutt","floor":12},{"not_picked":["Berserk","Limit Break"],"picked":"Offering","floor":16},{"not_picked":["Body Slam","Twin Strike","Rage"],"picked":"SKIP","floor":18},{"not_picked":["Headbutt","Whirlwind","Heavy Blade"],"picked":"SKIP","floor":19},{"not_picked":["Iron Wave","Thunderclap","Body Slam"],"picked":"SKIP","floor":20},{"not_picked":["Feed","Pommel Strike+1","Reckless Charge+1"],"picked":"SKIP","floor":23},{"not_picked":["Bloodletting","Uppercut+1","Warcry"],"picked":"SKIP","floor":25},{"not_picked":["Wild Strike+1","Uppercut","Thunderclap+1"],"picked":"SKIP","floor":30},{"not_picked":["Impervious","Barricade"],"picked":"Corruption","floor":33},{"not_picked":["Thunderclap","Headbutt","Perfected Strike+1"],"picked":"SKIP","floor":35},{"not_picked":["Cleave","Flex+1","Thunderclap+1"],"picked":"SKIP","floor":37},{"not_picked":["True Grit+1","Sever Soul","Evolve+1"],"picked":"SKIP","floor":41},{"not_picked":["Fire Breathing","Pummel+1","Pommel Strike"],"picked":"SKIP","floor":46},{"not_picked":["Flex","Heavy Blade","Rampage+1"],"picked":"SKIP","floor":48}],"player_experience":284990,"relics_obtained":[{"floor":9,"key":"Kunai"},{"floor":10,"key":"Oddly Smooth Stone"},{"floor":23,"key":"Dead Branch"},{"floor":26,"key":"WingedGreaves"},{"floor":31,"key":"Paper Frog"},{"floor":43,"key":"Bottled Tornado"},{"floor":46,"key":"Smiling Mask"}],"event_choices":[{"damage_healed":0,"gold_gain":0,"player_choice":"Bought 2 Potions","damage_taken":0,"max_hp_gain":0,"max_hp_loss":0,"event_name":"The Woman in Blue","floor":2,"gold_loss":0},{"damage_healed":0,"gold_gain":0,"player_choice":"Grow","damage_taken":0,"max_hp_gain":0,"max_hp_loss":0,"event_name":"Living Wall","floor":13,"gold_loss":0,"cards_upgraded":["Searing Blow"]},{"damage_healed":0,"gold_gain":0,"player_choice":"Upgraded","damage_taken":0,"max_hp_gain":0,"max_hp_loss":0,"event_name":"Upgrade Shrine","floor":14,"gold_loss":0,"cards_upgraded":["Searing Blow"]},{"damage_healed":0,"gold_gain":0,"player_choice":"Became a Ghost","damage_taken":0,"max_hp_gain":0,"max_hp_loss":40,"event_name":"Ghosts","floor":21,"gold_loss":0,"cards_obtained":["Ghostly","Ghostly","Ghostly","Ghostly","Ghostly"]},{"cards_removed":["Ghostly"],"damage_healed":0,"gold_gain":0,"player_choice":"Gave Card","damage_taken":0,"relics_obtained":["InkBottle"],"max_hp_gain":0,"max_hp_loss":0,"event_name":"WeMeetAgain","floor":28,"gold_loss":0},{"damage_healed":0,"gold_gain":0,"player_choice":"Forge","damage_taken":0,"max_hp_gain":0,"max_hp_loss":0,"event_name":"Accursed Blacksmith","floor":39,"gold_loss":0,"cards_upgraded":["Corruption"]}],"is_beta":false,"boss_relics":[{"not_picked":["Busted Crown","Fusion Hammer"],"picked":"Empty Cage"},{"not_picked":["Runic Dome","Runic Pyramid"],"picked":"SlaversCollar"}],"items_purged_floors":[22,38,47],"is_endless":false,"potions_floor_spawned":[5,10,23,25,30,35,46],"ascension_level":1}}