{"host":"1t0goru2vbnnqaq4","time":1608488900,"event":{"mods":["2.2 Compatiblity","Act Like it!","Alarm Clock","BaseMod","Better Altar","Better Match","Better Note","Better Sensory Stone","Better Skull","Better Vampires","BetterRewards","Disable Question Mark Monsters","Downfall","Marked Mod","Mimic Mod","Minty Spire (QoL Compilation)","Rare Cards Sparkle","Replay The Spire","Spicy Shops","StSLib","Wandering Minibosses"],"gold_per_floor":[164,614,464,499,499,499,499,516,529,554,30,48,48,108,124,229,229,154,167,167,167,201,201,201,51,65,93,23,123,0,29,29,130,130,130,164,213,213,31,31,31,67,67,102,160,268,301,319,347,347,347,399,24,24,24],"floor_reached":56,"playtime":6192,"items_purged":["Slimebound:Icky","Regret"],"score":1478,"play_id":"2116779f-006e-4626-a44b-d735f1c42428","local_time":"20201220132820","is_ascension_mode":false,"campfire_choices":[{"floor":18,"key":"RECALL"},{"floor":25,"key":"REST"},{"floor":35,"key":"DIG"},{"floor":40,"key":"REST"},{"floor":43,"key":"REST"},{"floor":54,"key":"DIG"}],"circlet_count":0,"master_deck":["hexamod:Strike","hexamod:Strike","hexamod:Strike","hexamod:Strike","hexamod:Defend","hexamod:Defend","hexamod:Defend","hexamod:Defend","hexamod:Sear+1","hexamod:Float","Slimebound:Icky","Slimebound:Icky","hexamod:AdvancingGuard","hexamod:GhostOfSpireFuture+1","hexamod:SpectersWail","hexamod:FourthSeal","hexamod:SoulSteal+1","hexamod:RainOfEmbers","hexamod:GhostOfSpirePresent","hexamod:ThermalTransfer","hexamod:ExtraCrispy","Sweeping Beam","ReplayTheSpireMod:Scrap Shanks","Amplify","Headbutt+1","sneckomod:UnknownStrength","expansioncontent:CaCaw","Replay:SS_fish_1","sneckomod:UnknownStrike","Consecrate+1","hexamod:SecondSeal","hexamod:SecondSeal","hexamod:AdvancingGuard+1","hexamod:CrushingStance","hexamod:RainOfEmbers","hexamod:BurningTouch+1","Thinking Ahead+1","Discovery+1","Prepared+1","Slimebound:MassFeed","Clumsy","hexamod:SecondSeal","hexamod:SwordOfDarkness+1","BootSequence+1","Apotheosis+1","Gash","hexamod:FlamesFromBeyond+1","expansioncontent:Collect","Fusion+1","hexamod:PhantomCloak","Poisoned Strike","hexamod:InspiringFlames+1","Steam+1","Parasite","Disarm+1","hexamod:RetreatToShadows+1","Acrobatics+1","hexamod:UnlimitedPower+1","hexamod:ThirdSeal","hexamod:NightmareGuise+1","Delirium","hexamod:Sear+1","expansioncontent:Collect","Go for the Eyes","Flying Knee","Gash","hexamod:SuperheatedStrike+1","hexamod:SpectersWail","Metamorphosis+1","expansioncontent:Corrupt+1","Replay:Bootleg Shield Generator+1"],"relics":["hexamod:SpiritBrand","downfall:HeartsMalice","War Paint","Counterbalance","ReplayTheSpireMod:Lightbulb","FossilizedHelix","Guide Book","PrismaticShard","Replay:WaspNest","SlaversCollar","downfall:HeartBlessingGreen","Nilry\u0027s Codex","Toxic Egg 2","downfall:HeartBlessingRed","downfall:HeartBlessingBlue","Simple Rune","BargainBundle","Shovel","Sling","Vajra","Iron Hammer","Dead Branch","Blue Candle","ReplayTheSpireMod:CursedCoin","Bag of Marbles","hexamod:IceCube","hexamod:SoulOfChaos","White Beast Statue","Mummified Hand","Gremlin Horn","Durian","downfall:GremlinSack","hexamod:MatchstickCase","ReplayTheSpireMod:ShopPack","Divine Protection"],"acts_visited":["Exordium","TheCity","TheBeyond","TheEnding"],"potions_floor_usage":[11,11,11,15,16,16,16,22,22,27,28,29,30,32,33,37,50,50,53,53,55],"damage_taken":[{"damage":0,"enemies":"Replay:BlueRogue","floor":4,"turns":1},{"damage":0,"enemies":"Small Slimes","floor":5,"turns":1},{"damage":0,"enemies":"Cultist","floor":6,"turns":1},{"damage":0,"enemies":"2 Louse","floor":8,"turns":2},{"damage":9,"enemies":"2 Fungi Beasts","floor":9,"turns":4},{"damage":13,"enemies":"Gremlin Nob","floor":10,"turns":6},{"damage":0,"enemies":"downfall:FleeingMerchant","floor":11,"turns":4},{"damage":0,"enemies":"Red Slaver","floor":12,"turns":3},{"damage":7,"enemies":"3 Louse","floor":15,"turns":3},{"damage":39,"enemies":"downfall:Defect","floor":16,"turns":6},{"damage":10,"enemies":"3 Byrds","floor":19,"turns":4},{"damage":9,"enemies":"Shelled Parasite and Fungi","floor":22,"turns":8},{"damage":21,"enemies":"Shelled Parasite and Fungi","floor":26,"turns":6},{"damage":34,"enemies":"Book of Stabbing","floor":27,"turns":5},{"damage":0,"enemies":"downfall:FleeingMerchant","floor":28,"turns":4},{"damage":0,"enemies":"Colosseum Nobs","floor":29,"turns":4},{"damage":0,"enemies":"downfall:FleeingMerchant","floor":30,"turns":5},{"damage":18,"enemies":"Centurion and Healer","floor":31,"turns":6},{"damage":0,"enemies":"Snecko","floor":32,"turns":1},{"damage":7,"enemies":"downfall:Silent","floor":33,"turns":7},{"damage":16,"enemies":"Orb Walker","floor":36,"turns":4},{"damage":68,"enemies":"Reptomancer","floor":37,"turns":7},{"damage":0,"enemies":"downfall:FleeingMerchant","floor":39,"turns":1},{"damage":0,"enemies":"3 Darklings","floor":42,"turns":4},{"damage":15,"enemies":"Writhing Mass","floor":44,"turns":5},{"damage":0,"enemies":"Mind Bloom Boss Battle","floor":45,"turns":6},{"damage":0,"enemies":"Mind Bloom Boss Battle","floor":46,"turns":2},{"damage":27,"enemies":"Spire Growth","floor":47,"turns":6},{"damage":11,"enemies":"Jaw Worm Horde","floor":48,"turns":3},{"damage":8,"enemies":"4 Shapes","floor":49,"turns":6},{"damage":5,"enemies":"downfall:Ironclad","floor":50,"turns":8},{"damage":28,"enemies":"downfall:CharBossMerchant","floor":52,"turns":6},{"damage":15,"enemies":"downfall:NeowBoss","floor":55,"turns":16}],"seed_played":"441360957321018433","potions_obtained":[{"floor":8,"key":"Fire Potion"},{"floor":9,"key":"DuplicationPotion"},{"floor":9,"key":"Ancient Potion"},{"floor":10,"key":"Regen Potion"},{"floor":11,"key":"Adrenaline Potion"},{"floor":12,"key":"Adrenaline Potion"},{"floor":14,"key":"SpeedPotion"},{"floor":15,"key":"DuplicationPotion"},{"floor":15,"key":"Fire Potion"},{"floor":16,"key":"FearPotion"},{"floor":16,"key":"AttackPotion"},{"floor":19,"key":"Fire Potion"},{"floor":19,"key":"Swift Potion"},{"floor":22,"key":"SmokeBomb"},{"floor":27,"key":"Reflective Coating"},{"floor":27,"key":"SneckoOil"},{"floor":29,"key":"Flashbang"},{"floor":30,"key":"SteroidPotion"},{"floor":31,"key":"hexamod:EctoCoolerPotion"},{"floor":33,"key":"ColorlessPotion"},{"floor":33,"key":"Strength Potion"},{"floor":37,"key":"EssenceOfSteel"},{"floor":39,"key":"hexamod:DoubleChargePotion"},{"floor":42,"key":"PowerPotion"},{"floor":52,"key":"Reflective Coating"}],"is_trial":false,"path_per_floor":["R","?","?","E","M","M","T","M","M","E","$","M","?","?","M","B",null,"R","M","?","?","MIM","?","T","R","M","E","$","?","$","M","M","B",null,"R","M","E","?","$","R","T","M","R","M","?","?","M","M","M","B",null,"E","$","R","B",null],"character_chosen":"THE_SPIRIT","items_purchased":["FossilizedHelix","Guide Book","hexamod:ThermalTransfer","BargainBundle","Shovel","Sling","Vajra","hexamod:SecondSeal","hexamod:AdvancingGuard+1","hexamod:CrushingStance","hexamod:RainOfEmbers","hexamod:BurningTouch+1","Thinking Ahead+1","Discovery+1","Iron Hammer","ReplayTheSpireMod:CursedCoin","Bag of Marbles","hexamod:SecondSeal","hexamod:SwordOfDarkness+1","Mummified Hand","hexamod:PhantomCloak","Poisoned Strike","hexamod:InspiringFlames+1","ReplayTheSpireMod:ShopPack","Fruit Juice","hexamod:SpectersWail"],"campfire_rested":3,"item_purchase_floors":[11,11,11,28,28,28,28,28,28,28,28,28,28,28,28,30,30,30,30,39,39,39,39,53,53,53],"current_hp_per_floor":[70,70,80,80,80,80,80,80,71,58,72,72,72,72,65,26,80,80,70,70,54,45,45,45,82,61,27,27,27,27,9,9,2,90,90,74,10,10,10,38,38,38,66,51,56,56,29,18,10,5,99,71,81,81,66],"gold":24,"neow_bonus":"THREE_ENEMY_KILL","is_daily":false,"chose_seed":false,"campfire_upgraded":0,"win_rate":0.0,"timestamp":1608488900,"path_taken":["R","?","?","E","M","M","T","M","?","E","?","M","?","?","M","BOSS","R","M","?","?","?","?","T","R","M","E","?","?","$","?","M","BOSS","R","M","E","?","$","R","T","M","R","M","?","?","M","?","M","BOSS","E","$","R","BOSS"],"items_purchased_type":["Relic","Relic","Card","Relic","Relic","Relic","Relic","Card","Card","Card","Card","Card","Card","Card","Relic","Relic","Relic","Card","Card","Relic","Card","Card","Card","Relic","Potion","Card"],"build_version":"2020-12-13","purchased_purges":2,"victory":true,"max_hp_per_floor":[70,70,80,80,80,80,80,80,80,80,80,80,80,80,80,80,80,80,80,80,80,80,80,80,90,90,90,90,90,90,90,90,90,90,90,90,94,94,94,94,94,94,94,94,99,99,99,99,99,99,99,99,109,109,109],"card_choices":[{"not_picked":["hexamod:RainOfEmbers","hexamod:GhostOfSpireFuture"],"picked":"hexamod:AdvancingGuard","floor":4},{"not_picked":["hexamod:BurningTouch","hexamod:RainOfEmbers"],"picked":"hexamod:GhostOfSpireFuture","floor":5},{"not_picked":["hexamod:PhantomCloak","hexamod:NightmareGuise"],"picked":"hexamod:SpectersWail","floor":6},{"not_picked":["hexamod:InspiringFlames","hexamod:BurningTouch"],"picked":"hexamod:FourthSeal","floor":8},{"not_picked":["hexamod:NightmareStrike","hexamod:GhostOfSpirePast"],"picked":"hexamod:SoulSteal","floor":9},{"not_picked":["hexamod:GhostShield","hexamod:BurningTouch"],"picked":"hexamod:RainOfEmbers","floor":10},{"not_picked":["hexamod:PowerFromBeyond","hexamod:PhantomCloak"],"picked":"hexamod:GhostOfSpirePresent","floor":11},{"not_picked":["hexamod:ChargedBarrage","hexamod:ParanormalForm"],"picked":"hexamod:ExtraCrispy","floor":12},{"not_picked":["Slimebound:SplitBruiser","Slimebound:LeechingTouch"],"picked":"Sweeping Beam","floor":14},{"not_picked":["Deflect","Guardian:Recover"],"picked":"ReplayTheSpireMod:Scrap Shanks","floor":15},{"not_picked":["Guardian:RevengeProtocol","Guardian:FierceBash"],"picked":"Amplify","floor":16},{"not_picked":["Slimebound:PressTheAttack+1","hexamod:ShieldOfDarkness"],"picked":"Headbutt+1","floor":19},{"not_picked":["sneckomod:UnknownCommonSkill","sneckomod:UnknownCommonAttack"],"picked":"sneckomod:UnknownStrength","floor":22},{"not_picked":["Madness","Metamorphosis"],"picked":"expansioncontent:CaCaw","floor":23},{"not_picked":["expansioncontent:LastStand","Deep Breath"],"picked":"Replay:SS_fish_1","floor":23},{"not_picked":["Forethought+1","Reflex+1"],"picked":"sneckomod:UnknownStrike","floor":26},{"not_picked":["hexamod:GhostOfSpirePresent","FlurryOfBlows"],"picked":"Consecrate+1","floor":27},{"not_picked":["champ:FalseCounter+1","champ:Encircle","hexamod:NightmareStrike"],"picked":"SKIP","floor":28},{"not_picked":["Dagger Throw","sneckomod:UnknownCommonSkill+1"],"picked":"Prepared+1","floor":29},{"not_picked":["sneckomod:MasterEye","MarkedMod:FirstStrike+1"],"picked":"Slimebound:MassFeed","floor":30},{"not_picked":["CrushJoints","WaveOfTheHand+1"],"picked":"BootSequence+1","floor":31},{"not_picked":["sneckomod:Transmogrify+1","champ:CrownThrow"],"picked":"Apotheosis+1","floor":33},{"not_picked":["Replay:AtTheReady+1","champ:AdrenalArmor+1"],"picked":"Gash","floor":36},{"not_picked":["champ:AdrenalArmor+1","sneckomod:DiceCrush+1"],"picked":"hexamod:FlamesFromBeyond+1","floor":37},{"not_picked":["expansioncontent:DonusPower+1","Replay:SS_hec_2"],"picked":"expansioncontent:Collect","floor":38},{"not_picked":["sneckomod:QuickMove+1","Perfected Strike+1"],"picked":"Fusion+1","floor":39},{"not_picked":["Slimebound:PressTheAttack+1","Sucker Punch+1"],"picked":"Steam+1","floor":42},{"not_picked":["Replay:Cycle+1","sneckomod:UnknownX+1"],"picked":"Disarm+1","floor":44},{"not_picked":["Replay:Sssssssssshield+1","Guardian:Emergency+1"],"picked":"hexamod:RetreatToShadows+1","floor":45},{"not_picked":["Replay:BluntJabs","ReplayTheSpireMod:Scrap Shanks"],"picked":"Acrobatics+1","floor":46},{"not_picked":["sneckomod:UnknownWeak+1","sneckomod:ImprovisedGuard+1"],"picked":"Go for the Eyes","floor":47},{"not_picked":["champ:Lariat+1","Abandon+1"],"picked":"Flying Knee","floor":48},{"not_picked":["FlyingSleeves","sneckomod:UnknownClassSLIMEBOUND+1"],"picked":"Gash","floor":48},{"not_picked":["Compile Driver+1","Clash+1","sneckomod:UnknownClassTHE_CHAMP_GRAY+1"],"picked":"SKIP","floor":49},{"not_picked":["champ:IgnorePain+1","Guardian:PrimingBeam","champ:Lariat+1"],"picked":"SKIP","floor":49},{"not_picked":["Guardian:Planning+1","sneckomod:UnknownCommonSkill+1"],"picked":"hexamod:SuperheatedStrike+1","floor":52},{"not_picked":["HandOfGreed","ReplayUltimateDefense"],"picked":"Metamorphosis","floor":53},{"not_picked":["Dark Shackles","expansioncontent:SuperHexaguard"],"picked":"expansioncontent:Corrupt","floor":53},{"not_picked":["expansioncontent:Chronoboost","Enlightenment"],"picked":"Replay:Bootleg Shield Generator","floor":53}],"player_experience":691714,"relics_obtained":[{"floor":4,"key":"War Paint"},{"floor":7,"key":"Counterbalance"},{"floor":10,"key":"ReplayTheSpireMod:Lightbulb"},{"floor":14,"key":"Replay:WaspNest"},{"floor":21,"key":"Nilry\u0027s Codex"},{"floor":24,"key":"Toxic Egg 2"},{"floor":27,"key":"Simple Rune"},{"floor":29,"key":"Dead Branch"},{"floor":29,"key":"Blue Candle"},{"floor":35,"key":"hexamod:SoulOfChaos"},{"floor":37,"key":"White Beast Statue"},{"floor":41,"key":"Gremlin Horn"},{"floor":45,"key":"Durian"},{"floor":46,"key":"downfall:GremlinSack"},{"floor":52,"key":"hexamod:MatchstickCase"},{"floor":54,"key":"Divine Protection"}],"event_choices":[{"cards_removed":["hexamod:GhostOfSpireFuture"],"damage_healed":0,"gold_gain":0,"player_choice":"Give","damage_taken":0,"max_hp_gain":0,"max_hp_loss":0,"event_name":"betterNote:BetterNote","floor":20,"gold_loss":0,"cards_obtained":["None"]},{"damage_healed":0,"gold_gain":2,"player_choice":"1","damage_taken":0,"max_hp_gain":0,"max_hp_loss":0,"event_name":"betterStone:BetterStone","floor":23,"gold_loss":0}],"is_beta":false,"boss_relics":[{"not_picked":["Sozu","Replay:Grab Bag"],"picked":"SlaversCollar"},{"not_picked":["Coffee Dripper","Runic Dome"],"picked":"hexamod:IceCube"}],"items_purged_floors":[28,30],"is_endless":false,"potions_floor_spawned":[8,9,12,15,16,19,29,31,32,33,39,42,44,45,46,47,48,49,52],"ascension_level":0}}