{"host":"9ndbo4kgsfoemf7y","time":1608449869,"event":{"mods":["AchievementEnabler","BaseMod","Colored Map","DeckTracker","Keyboard Shortcuts","Minty Spire (QoL Compilation)","Permanent Neow","Quick Restart","Relic Stats","StSLib","SuperFastMode"],"gold_per_floor":[116,40,40,40,40,40,65,65,111,111,127,52,72,97,97,174,174,187,206,206,206],"floor_reached":20,"playtime":642,"items_purged":["Strike_G"],"score":437,"play_id":"e1c0f852-252d-44f6-a098-fae5511495fa","local_time":"20201220163749","is_ascension_mode":true,"campfire_choices":[{"data":"Neutralize","floor":6,"key":"SMITH"},{"data":"Calculated Gamble","floor":8,"key":"SMITH"},{"data":"Cloak And Dagger","floor":10,"key":"SMITH"},{"data":"Prepared","floor":15,"key":"SMITH"}],"circlet_count":0,"master_deck":["AscendersBane","Strike_G","Strike_G","Strike_G","Defend_G","Defend_G","Defend_G","Defend_G","Defend_G","Survivor","Neutralize+1","Cloak And Dagger+1","Accuracy","Calculated Gamble+1","Choke","Prepared+1","Backstab","Envenom","Well Laid Plans"],"relics":["Ring of the Serpent","NeowsBlessing","InkBottle","Kunai","PreservedInsect","Regal Pillow"],"acts_visited":["Exordium","TheCity"],"potions_floor_usage":[14,18,20],"damage_taken":[{"damage":0,"enemies":"Jaw Worm","floor":1,"turns":1},{"damage":0,"enemies":"Lagavulin","floor":7,"turns":1},{"damage":0,"enemies":"Small Slimes","floor":11,"turns":1},{"damage":7,"enemies":"2 Louse","floor":13,"turns":3},{"damage":0,"enemies":"Gremlin Nob","floor":14,"turns":3},{"damage":4,"enemies":"The Guardian","floor":16,"turns":12},{"damage":8,"enemies":"2 Thieves","floor":18,"turns":4},{"damage":38,"enemies":"Shell Parasite","floor":19,"turns":6},{"damage":25,"enemies":"Chosen and Byrds","floor":20,"turns":7}],"seed_played":"1868396371230357583","potions_obtained":[{"floor":11,"key":"Fire Potion"},{"floor":14,"key":"GhostInAJar"},{"floor":16,"key":"DistilledChaos"},{"floor":19,"key":"Energy Potion"}],"is_trial":false,"path_per_floor":["M","$","?","?","?","R","E","R","T","R","M","$","M","E","R","B",null,"M","M","M"],"character_chosen":"THE_SILENT","items_purchased":["Accuracy"],"campfire_rested":0,"item_purchase_floors":[2],"current_hp_per_floor":[59,59,48,53,53,53,53,53,53,53,53,53,46,46,46,42,64,56,18,0,0],"gold":206,"neow_bonus":"THREE_ENEMY_KILL","is_daily":false,"chose_seed":false,"campfire_upgraded":4,"win_rate":0.0,"timestamp":1608449869,"path_taken":["M","$","?","?","?","R","E","R","T","R","?","?","M","E","R","BOSS","M","?","M"],"items_purchased_type":["Card"],"build_version":"2020-12-13","purchased_purges":1,"victory":false,"max_hp_per_floor":[66,66,66,71,71,71,71,71,71,71,71,71,71,71,71,71,71,71,71,71,71],"relic_stats":{"Regal Pillow":0,"counters":[9,38],"PreservedInsect":23,"Kunai":[18],"obtain_stats":[{"Regal Pillow":14,"NeowsBlessing":0,"PreservedInsect":9,"Kunai":7,"InkBottle":3,"Ring of the Serpent":17,"Ring of the Snake":0},{"Regal Pillow":5,"NeowsBlessing":0,"PreservedInsect":2,"Kunai":2,"InkBottle":1,"Ring of the Serpent":6,"Ring of the Snake":0},{"Regal Pillow":9,"NeowsBlessing":0,"PreservedInsect":2,"Kunai":2,"InkBottle":1,"Ring of the Serpent":21,"Ring of the Snake":0}],"InkBottle":[16]},"card_choices":[{"not_picked":["Deflect","Dodge and Roll"],"picked":"Cloak And Dagger","floor":1},{"not_picked":["Escape Plan","Terror"],"picked":"Calculated Gamble","floor":7},{"not_picked":["Masterful Stab","Distraction"],"picked":"Choke","floor":11},{"not_picked":["Poisoned Stab","Underhanded Strike"],"picked":"Prepared","floor":13},{"not_picked":["Eviscerate","Slice"],"picked":"Backstab","floor":14},{"not_picked":["A Thousand Cuts","Burst"],"picked":"Envenom","floor":16},{"not_picked":["Outmaneuver+1","Bane"],"picked":"Well Laid Plans","floor":18},{"not_picked":["Backstab","Well Laid Plans","Deflect+1"],"picked":"SKIP","floor":19}],"player_experience":717692,"relics_obtained":[{"floor":7,"key":"Kunai"},{"floor":9,"key":"PreservedInsect"},{"floor":14,"key":"Regal Pillow"}],"event_choices":[{"damage_healed":0,"gold_gain":0,"player_choice":"Success","damage_taken":11,"relics_obtained":["InkBottle"],"max_hp_gain":0,"max_hp_loss":0,"event_name":"Scrap Ooze","floor":3,"gold_loss":0},{"damage_healed":0,"gold_gain":0,"player_choice":"Donut","damage_taken":0,"max_hp_gain":5,"max_hp_loss":0,"event_name":"Big Fish","floor":4,"gold_loss":0},{"cards_removed":["Strike_G"],"damage_healed":0,"gold_gain":0,"player_choice":"Card Removal","damage_taken":0,"max_hp_gain":0,"max_hp_loss":0,"event_name":"Wheel of Change","floor":5,"gold_loss":0}],"is_beta":false,"boss_relics":[{"not_picked":["Runic Dome","SacredBark"],"picked":"Ring of the Serpent"}],"items_purged_floors":[12],"is_endless":false,"potions_floor_spawned":[11,14,16,19],"killed_by":"Chosen and Byrds","ascension_level":18}}