{"host":"egyxg9lnjq7g2hmw","time":1608444896,"event":{"mods":["AchievementEnabler","BaseMod","Block Reminder","Colored Map","Colored Powertips","Highlight Path","Minty Spire (QoL Compilation)","Rare Cards Sparkle","StSLib"],"gold_per_floor":[114,126,126,126,150,150,185,199,248,248,248,264,264,288,288,378,378,402,422,422,422,443,443,443],"floor_reached":23,"playtime":917,"items_purged":[],"score":386,"play_id":"8258e36f-6b30-4bbf-9a1b-446c911968df","local_time":"20201219221456","is_ascension_mode":true,"campfire_choices":[{"data":"Sucker Punch","floor":6.0,"key":"SMITH"},{"data":"Choke","floor":10.0,"key":"SMITH"},{"data":"Footwork","floor":13.0,"key":"SMITH"},{"floor":15.0,"key":"REST"}],"circlet_count":0,"master_deck":["AscendersBane","Strike_G","Strike_G","Strike_G","Strike_G","Strike_G","Defend_G","Defend_G","Defend_G","Defend_G","Defend_G","Survivor","Neutralize+1","Sucker Punch+1","Footwork+1","Cloak And Dagger+1","Choke+1","Backflip","Deflect","Storm of Steel","Prepared","Acrobatics","Terror"],"relics":["Ring of the Snake","Golden Idol","Ninja Scroll","Vajra","WristBlade"],"acts_visited":["Exordium","TheCity"],"potions_floor_usage":[23,23],"damage_taken":[{"damage":0.0,"enemies":"2 Louse","floor":1.0,"turns":4.0},{"damage":6.0,"enemies":"Cultist","floor":2.0,"turns":4.0},{"damage":1.0,"enemies":"Jaw Worm","floor":5.0,"turns":4.0},{"damage":27.0,"enemies":"3 Sentries","floor":7.0,"turns":16.0},{"damage":14.0,"enemies":"Exordium Wildlife","floor":8.0,"turns":7.0},{"damage":0.0,"enemies":"Blue Slaver","floor":12.0,"turns":2.0},{"damage":0.0,"enemies":"Exordium Thugs","floor":14.0,"turns":2.0},{"damage":5.0,"enemies":"The Guardian","floor":16.0,"turns":14.0},{"damage":0.0,"enemies":"Chosen","floor":18.0,"turns":2.0},{"damage":6.0,"enemies":"2 Thieves","floor":19.0,"turns":4.0},{"damage":8.0,"enemies":"Snecko","floor":22.0,"turns":4.0},{"damage":53,"enemies":"Book of Stabbing","floor":23,"turns":4}],"seed_played":"-3293551633844754072","potions_obtained":[{"floor":2.0,"key":"Block Potion"},{"floor":8.0,"key":"Block Potion"},{"floor":16.0,"key":"Strength Potion"}],"is_trial":false,"path_per_floor":["M","M","?","?","M","R","E","M","T","R","?","M","R","M","R","B",null,"M","M","?","?","M","E"],"character_chosen":"THE_SILENT","items_purchased":[],"campfire_rested":1,"item_purchase_floors":[],"current_hp_per_floor":[65,59,59,59,58,58,31,17,17,17,17,17,17,17,36,31,57,57,51,51,51,43,0,0],"gold":443,"neow_bonus":"TEN_PERCENT_HP_BONUS","is_daily":false,"chose_seed":false,"campfire_upgraded":3,"win_rate":0.0,"timestamp":1608444896,"path_taken":["M","M","?","?","M","R","E","M","T","R","?","?","R","M","R","BOSS","M","M","?","?","?","E"],"items_purchased_type":[],"build_version":"2020-12-13","purchased_purges":0,"victory":false,"max_hp_per_floor":[72,72,72,65,65,65,65,65,65,65,65,65,65,65,65,65,65,65,65,65,65,65,65,65],"card_choices":[{"not_picked":["Deflect","Tactician"],"picked":"Sucker Punch","floor":1.0},{"not_picked":["PiercingWail","Setup"],"picked":"Footwork","floor":2.0},{"not_picked":["Flying Knee","Concentrate"],"picked":"Cloak And Dagger","floor":5.0},{"not_picked":["All Out Attack","Blade Dance"],"picked":"Choke","floor":7.0},{"not_picked":["Leg Sweep","Bouncing Flask"],"picked":"Backflip","floor":8.0},{"not_picked":["Dash","Quick Slash"],"picked":"Deflect","floor":12.0},{"not_picked":["Outmaneuver","Cloak And Dagger","Crippling Poison"],"picked":"SKIP","floor":14.0},{"not_picked":["Corpse Explosion","A Thousand Cuts"],"picked":"Storm of Steel","floor":16.0},{"not_picked":["Dagger Throw","Sucker Punch+1"],"picked":"Prepared","floor":18.0},{"not_picked":["Riddle With Holes","Underhanded Strike","Bane+1"],"picked":"SKIP","floor":19.0},{"not_picked":["Flying Knee","Escape Plan"],"picked":"Terror","floor":22.0}],"player_experience":546690,"relics_obtained":[{"floor":7.0,"key":"Ninja Scroll"},{"floor":9.0,"key":"Vajra"}],"event_choices":[{"damage_healed":0.0,"max_hp_gain":0.0,"max_hp_loss":0.0,"gold_gain":0.0,"event_name":"Living Wall","player_choice":"Grow","floor":3.0,"gold_loss":0.0,"damage_taken":0.0,"cards_upgraded":["Neutralize"]},{"damage_healed":0.0,"max_hp_gain":0.0,"max_hp_loss":7.0,"gold_gain":0.0,"event_name":"Golden Idol","player_choice":"Lose Max HP","floor":4.0,"gold_loss":0.0,"damage_taken":0.0,"relics_obtained":["Golden Idol"]},{"damage_healed":0.0,"max_hp_gain":0.0,"max_hp_loss":0.0,"gold_gain":0.0,"event_name":"Accursed Blacksmith","player_choice":"Forge","floor":11.0,"gold_loss":0.0,"damage_taken":0.0,"cards_upgraded":["Cloak And Dagger"]},{"damage_healed":0.0,"max_hp_gain":0.0,"max_hp_loss":0.0,"gold_gain":0.0,"event_name":"Ghosts","player_choice":"Ignored","floor":20.0,"gold_loss":0.0,"damage_taken":0.0},{"damage_healed":0.0,"max_hp_gain":0.0,"max_hp_loss":0.0,"gold_gain":0.0,"event_name":"The Library","player_choice":"Read","floor":21.0,"gold_loss":0.0,"damage_taken":0.0,"cards_obtained":["Acrobatics"]}],"is_beta":false,"boss_relics":[{"not_picked":["Busted Crown","Empty Cage"],"picked":"WristBlade"}],"items_purged_floors":[],"is_endless":false,"potions_floor_spawned":[2,8,16],"killed_by":"Book of Stabbing","ascension_level":20}}