{"host":"7y3xcojbvgknqiob","time":1608460489,"event":{"mods":["Aspiration","BaseMod","Best Route Mod","Downfall","Hermit","Magitek Elite","Minty Spire (QoL Compilation)","Potionbrewer","Quick Restart","StSLib","The Bug Knight"],"gold_per_floor":[99,113,38,54,66,80,80,96,43,43,56,72,72,83,83,83,83],"floor_reached":16,"playtime":982,"items_purged":[],"score":98,"play_id":"9d3d7832-9a9e-41a8-a0fe-301efaf0506b","local_time":"20201220023449","is_ascension_mode":false,"campfire_choices":[{"floor":1,"key":"RECALL"},{"data":"champ:DefensiveShout","floor":3,"key":"SMITH"},{"data":"champ:PerfectForm","floor":10,"key":"SMITH"}],"circlet_count":0,"master_deck":["champ:Strike","champ:Strike","champ:Strike","champ:Defend","champ:Defend","champ:Defend","champ:Defend","champ:Execute","champ:Taunt","champ:FalseCounter","champ:DefensiveShout+1","champ:FlashCut","champ:Haymaker","champ:PerfectForm+1","champ:CalledShot","champ:IronFortress","champ:IronFortress","champ:Encircle","champ:PreciseThrust","champ:StanceDance"],"relics":["champ:ChampionCrown","downfall:HeartBlessingRed","Bottled Tornado"],"acts_visited":[],"potions_floor_usage":[9,12,14,15],"damage_taken":[{"damage":10,"enemies":"Small Slimes","floor":2,"turns":4},{"damage":15,"enemies":"Cultist","floor":4,"turns":4},{"damage":5,"enemies":"2 Louse","floor":5,"turns":3},{"damage":9,"enemies":"Lots of Slimes","floor":6,"turns":6},{"damage":22,"enemies":"3 Louse","floor":8,"turns":4},{"damage":5,"enemies":"downfall:FleeingMerchant","floor":9,"turns":4},{"damage":10,"enemies":"Red Slaver","floor":11,"turns":5},{"damage":13,"enemies":"Gremlin Gang","floor":12,"turns":5},{"damage":28,"enemies":"Exordium Thugs","floor":14,"turns":5},{"damage":0,"enemies":"3 Louse","floor":15,"turns":1},{"damage":9,"enemies":"downfall:Defect","floor":16,"turns":3}],"seed_played":"797734506802552753","potions_obtained":[{"floor":5,"key":"SpeedPotion"},{"floor":6,"key":"potionbrewer:SplittingPotion"},{"floor":12,"key":"Guardian:BlockOnCardUsePotion"},{"floor":14,"key":"SmokeBomb"}],"is_trial":false,"path_per_floor":["R","M","R","M","M","M","T","M","$","R","M","M","?","M","M","B"],"character_chosen":"THE_CHAMP","items_purchased":["champ:IronFortress"],"campfire_rested":0,"item_purchase_floors":[9],"current_hp_per_floor":[90,85,85,83,83,77,77,65,65,65,55,44,29,7,7,0,0],"gold":83,"neow_bonus":"TRANSFORM_CARD","is_daily":false,"chose_seed":false,"campfire_upgraded":2,"win_rate":0.0,"timestamp":1608460489,"path_taken":["R","M","R","M","M","M","T","M","$","R","M","M","?","?","M","BOSS"],"items_purchased_type":["Card"],"build_version":"2020-12-13","purchased_purges":0,"victory":false,"max_hp_per_floor":[90,90,90,90,90,90,90,90,90,90,90,90,90,90,90,90,90],"card_choices":[{"not_picked":["champ:TornadoPunch","champ:Duel"],"picked":"champ:DefensiveShout","floor":2},{"not_picked":["champ:Riposte","champ:Duel"],"picked":"champ:FlashCut","floor":4},{"not_picked":["champ:RecklessLeap","champ:Shatter"],"picked":"champ:Haymaker","floor":5},{"not_picked":["champ:FlashCut","champ:TornadoPunch"],"picked":"champ:PerfectForm","floor":6},{"not_picked":["champ:DefensiveShout","champ:GutPunch"],"picked":"champ:CalledShot","floor":8},{"not_picked":["champ:GladiatorStyle","champ:FanOfKnives"],"picked":"champ:IronFortress","floor":9},{"not_picked":["champ:BerserkerStyle","champ:BerserkersShout"],"picked":"champ:Encircle","floor":11},{"not_picked":["champ:BladeFlurry","champ:FaceSlap"],"picked":"champ:PreciseThrust","floor":12},{"not_picked":["champ:GladiatorStyle","champ:EndlessRage"],"picked":"champ:StanceDance","floor":14}],"player_experience":333910,"relics_obtained":[{"floor":7,"key":"Bottled Tornado"}],"event_choices":[],"is_beta":false,"boss_relics":[],"items_purged_floors":[],"is_endless":false,"potions_floor_spawned":[5,6,12,14,15],"killed_by":"downfall:Defect","ascension_level":0}}