{"host":"ymmeoa1x24ihslbm","time":1608498454,"event":{"mods":["AchievementEnabler","BaseMod","Colored Map","Colored Powertips","Defuse TimeMaze Blight","Highlight Path","Minty Spire (QoL Compilation)","Permanent Neow","Quick Restart","StSLib","Unceasing Turn Reminder"],"gold_per_floor":[17,292,60,10,10,10,10,10,35,46,78,78,96,110,110,212,212,223,223,223,138,138,166,166,177,177,210,229,229,243,256,256,358,358,377,377,208,208,227,227,261,261,286,286,286],"floor_reached":44,"playtime":2262,"items_purged":["Regret"],"score":522,"play_id":"85a37a96-fe35-4e19-8f92-3aa8dcaf6b18","local_time":"20201220220734","is_ascension_mode":false,"campfire_choices":[{"data":"Eruption","floor":6,"key":"SMITH"},{"data":"SignatureMove","floor":8,"key":"SMITH"},{"data":"ConjureBlade","floor":12,"key":"SMITH"},{"data":"Vigilance","floor":15,"key":"SMITH"},{"data":"SpiritShield","floor":24,"key":"SMITH"},{"data":"Evaluate","floor":29,"key":"SMITH"},{"data":"Sanctity","floor":32,"key":"SMITH"},{"data":"Secret Weapon","floor":40,"key":"SMITH"},{"data":"Vault","floor":42,"key":"SMITH"}],"circlet_count":0,"master_deck":["Strike_P+1","Strike_P+1","Defend_P+1","Defend_P+1","Defend_P+1","Eruption+1","Vigilance+1","ConjureBlade+1","SignatureMove+1","Evaluate+1","Vengeance","SpiritShield+1","Sanctity+1","MentalFortress+1","Vault+1","FlurryOfBlows+1","Secret Weapon+1","Pray+1","Vault"],"relics":["HolyWater","ClockworkSouvenir","Bag of Preparation","Singing Bowl","Empty Cage","InkBottle","Pocketwatch","Frozen Egg 2","Nunchaku","Darkstone Periapt","PreservedInsect"],"acts_visited":["Exordium","TheCity","TheBeyond"],"potions_floor_usage":[16,23,27,31,39,44],"damage_taken":[{"damage":6,"enemies":"Jaw Worm","floor":1,"turns":4},{"damage":0,"enemies":"Cultist","floor":10,"turns":2},{"damage":0,"enemies":"Lagavulin","floor":11,"turns":3},{"damage":0,"enemies":"2 Louse","floor":13,"turns":2},{"damage":1,"enemies":"Blue Slaver","floor":14,"turns":4},{"damage":4,"enemies":"The Guardian","floor":16,"turns":6},{"damage":0,"enemies":"Spheric Guardian","floor":18,"turns":3},{"damage":14,"enemies":"Book of Stabbing","floor":23,"turns":6},{"damage":0,"enemies":"Chosen","floor":25,"turns":3},{"damage":41,"enemies":"Gremlin Leader","floor":27,"turns":9},{"damage":2,"enemies":"Sentry and Sphere","floor":28,"turns":6},{"damage":12,"enemies":"Centurion and Healer","floor":30,"turns":3},{"damage":0,"enemies":"Snecko","floor":31,"turns":2},{"damage":15,"enemies":"Champ","floor":33,"turns":11},{"damage":1,"enemies":"3 Shapes","floor":35,"turns":7},{"damage":0,"enemies":"3 Darklings","floor":39,"turns":3},{"damage":33,"enemies":"Nemesis","floor":41,"turns":5},{"damage":33,"enemies":"Reptomancer","floor":44,"turns":7}],"seed_played":"-4237028525726226159","potions_obtained":[{"floor":1,"key":"Block Potion"},{"floor":13,"key":"Weak Potion"},{"floor":14,"key":"Dexterity Potion"},{"floor":18,"key":"Explosive Potion"},{"floor":28,"key":"Swift Potion"},{"floor":30,"key":"Ambrosia"},{"floor":33,"key":"Fire Potion"},{"floor":39,"key":"Strength Potion"}],"is_trial":false,"path_per_floor":["M","?","$","?","$","R","?","R","T","M","E","R","M","M","R","B",null,"M","?","?","?","T","E","R","M","T","E","M","R","M","M","R","B",null,"M","?","$","?","M","R","E","R","T","E"],"character_chosen":"WATCHER","items_purchased":["ClockworkSouvenir","Secret Weapon"],"campfire_rested":0,"item_purchase_floors":[3,37],"current_hp_per_floor":[66,66,66,66,66,66,71,71,71,71,73,73,73,74,74,70,81,83,83,83,83,83,69,69,71,71,32,32,32,22,24,24,9,93,92,88,88,88,88,88,55,55,55,22,22],"gold":286,"neow_bonus":"THREE_RARE_CARDS","is_daily":false,"chose_seed":false,"campfire_upgraded":9,"win_rate":0.0,"timestamp":1608498454,"path_taken":["M","?","?","?","?","R","?","R","T","M","E","R","M","M","R","BOSS","M","?","?","?","?","E","R","M","T","E","M","R","M","M","R","BOSS","M","?","$","?","M","R","E","R","T","E"],"items_purchased_type":["Relic","Card"],"build_version":"2020-12-13","purchased_purges":1,"victory":false,"max_hp_per_floor":[72,72,72,72,72,72,77,77,77,77,79,79,79,81,81,81,81,83,83,83,83,83,83,83,85,85,87,89,89,91,93,93,93,93,93,88,88,88,88,88,88,88,88,88,88],"card_choices":[{"not_picked":["DevaForm","Establishment"],"picked":"ConjureBlade","floor":0},{"not_picked":["Evaluate","WheelKick"],"picked":"SignatureMove","floor":1},{"not_picked":["Weave","Adaptation"],"picked":"Evaluate","floor":10},{"not_picked":["Worship","LessonLearned","TalkToTheHand"],"picked":"Singing Bowl","floor":11},{"not_picked":["EmptyFist","Study"],"picked":"Vengeance","floor":13},{"not_picked":["CutThroughFate","PathToVictory","Wireheading"],"picked":"Singing Bowl","floor":14},{"not_picked":["Brilliance","Blasphemy"],"picked":"SpiritShield","floor":16},{"not_picked":["CutThroughFate","BowlingBash","WreathOfFlame"],"picked":"Singing Bowl","floor":18},{"not_picked":["Wish","CarveReality+1"],"picked":"MentalFortress+1","floor":23},{"not_picked":["TalkToTheHand","FearNoEvil+1","Wireheading+1"],"picked":"Singing Bowl","floor":25},{"not_picked":["Evaluate+1","ReachHeaven","DeceiveReality"],"picked":"Singing Bowl","floor":27},{"not_picked":["Prostrate","JustLucky","Crescendo"],"picked":"Singing Bowl","floor":28},{"not_picked":["FlyingSleeves","Worship","ClearTheMind"],"picked":"Singing Bowl","floor":30},{"not_picked":["CarveReality+1","Adaptation+1","Wireheading+1"],"picked":"Singing Bowl","floor":31},{"not_picked":["Ragnarok","Blasphemy"],"picked":"Vault","floor":33},{"not_picked":["Evaluate","CutThroughFate+1"],"picked":"FlurryOfBlows+1","floor":35},{"not_picked":["CrushJoints","FearNoEvil"],"picked":"Pray+1","floor":39},{"not_picked":["ThirdEye+1","Weave"],"picked":"Vault","floor":41}],"player_experience":579242,"relics_obtained":[{"floor":9,"key":"Bag of Preparation"},{"floor":11,"key":"Singing Bowl"},{"floor":22,"key":"Pocketwatch"},{"floor":23,"key":"Frozen Egg 2"},{"floor":27,"key":"Nunchaku"},{"floor":41,"key":"Darkstone Periapt"},{"floor":43,"key":"PreservedInsect"}],"event_choices":[{"damage_healed":0,"gold_gain":275,"player_choice":"Desecrate","damage_taken":0,"max_hp_gain":0,"max_hp_loss":0,"event_name":"Golden Shrine","floor":2,"gold_loss":0,"cards_obtained":["Regret"]},{"cards_removed":["Strike_P"],"damage_healed":0,"gold_gain":0,"player_choice":"Card Removal","damage_taken":0,"max_hp_gain":0,"max_hp_loss":0,"event_name":"The Cleric","floor":4,"gold_loss":50},{"damage_healed":0,"gold_gain":0,"player_choice":"Donut","damage_taken":0,"max_hp_gain":5,"max_hp_loss":0,"event_name":"Big Fish","floor":7,"gold_loss":0},{"damage_healed":0,"gold_gain":0,"player_choice":"Read","damage_taken":0,"max_hp_gain":0,"max_hp_loss":0,"event_name":"The Library","floor":19,"gold_loss":0,"cards_obtained":["Sanctity"]},{"damage_healed":0,"gold_gain":0,"player_choice":"Simplicity","damage_taken":0,"max_hp_gain":0,"max_hp_loss":0,"event_name":"Back to Basics","floor":20,"gold_loss":0,"cards_upgraded":["Strike_P","Strike_P","Defend_P","Defend_P","Defend_P"]},{"damage_healed":0,"gold_gain":0,"player_choice":"Obtained Relic","damage_taken":0,"relics_obtained":["InkBottle"],"max_hp_gain":0,"max_hp_loss":0,"event_name":"Addict","floor":21,"gold_loss":85},{"damage_healed":0,"gold_gain":0,"player_choice":"Max HP","damage_taken":0,"max_hp_gain":0,"max_hp_loss":5,"event_name":"Winding Halls","floor":36,"gold_loss":0},{"damage_healed":0,"gold_gain":0,"player_choice":"Ignored","damage_taken":0,"max_hp_gain":0,"max_hp_loss":0,"event_name":"Tomb of Lord Red Mask","floor":38,"gold_loss":0}],"is_beta":false,"boss_relics":[{"not_picked":["Sozu","Tiny House"],"picked":"Empty Cage"},{"not_picked":["Fusion Hammer","Busted Crown"],"picked":"HolyWater"}],"items_purged_floors":[3],"is_endless":false,"potions_floor_spawned":[1,13,14,18,28,30,33,35,39],"killed_by":"Reptomancer","ascension_level":0}}