{"host":"fhq3k2nq5elnbks3","time":1608481868,"event":{"mods":["2.2 Compatiblity","AchievementEnabler","Act Like it!","AlwaysNeverKeys","BaseMod","Better Altar","Better Vampires","Better-Laid Plans","Block Reminder","CapriCore","Card Filter","CatGirl Mod","Chen","Colored Powertips","Displayed Cursed Tome","Eldritch Tears","Elementarium","Fiend Mod","Fireblade Mod","Friendly Minions","FutureSeer","GifTheSpireLib","Gremlin Skip","Hermit","JesterMod","Koishi","Marisa????????","Menagerie","Minty Spire (QoL Compilation)","Onozuka Komachi Mod","Permanent Neow","QueenMod","Quick Restart","Reimu??????","Relic Filter","Remilia??????","Ruin Mod","Shop Mod","StSLib","SuperFastMode","The Cursed","The Fake Hero","The Necromancer","The Servant 0.9.4","The Trickster","The Valiant","The Wild Card","Trackpad","Transform Curses","Uncapped","Unknown Chances","Wandering Minibosses","Yuri Mod","thorton","vexMod"],"gold_per_floor":[18,18,35,58,90,90,90,90,113,113,135,135,153,185,185,288,288,303,327,347,152,152,152,152,152,204,204,204,209,209],"floor_reached":29,"playtime":1496,"items_purged":["Elementarium:StickyTar"],"score":223,"play_id":"10e5083a-3929-4724-8c8f-cf665c178177","local_time":"20201220103108","is_ascension_mode":false,"campfire_choices":[{"data":"Chen:Frivolous","floor":6,"key":"SMITH"},{"data":"Chen:Sidestep","floor":8,"key":"SMITH"},{"data":"Menagerie:SteelWall","floor":12,"key":"SMITH"},{"data":"Chen:GlitterPoke","floor":15,"key":"SMITH"},{"data":"Chen:PounceTurnTail","floor":23,"key":"SMITH"},{"data":"Chen:Mixup","floor":25,"key":"SMITH"},{"data":"Chen:Strike","floor":27,"key":"SMITH"}],"circlet_count":0,"master_deck":["Chen:Strike","Chen:Strike","Chen:Strike+1","Chen:Strike","Chen:Defend","Chen:Defend","Chen:Defend","Chen:Defend","Chen:PounceTurnTail+1","Chen:GlitterPoke+1","Chen:Sidestep+1","Chen:Frivolous+1","Menagerie:SteelWall+1","Chen:Mixup+1"],"relics":["Chen:Catnip","StoneCalendar","Menagerie:HuntersKnife","trackpad:RapidFire","trackpad:Mousetrap","vexMod:FocusSash","MerchantsRug","Mastiff:ReiMu","trackpad:Compendium","vexMod:InvisibilityCloak"],"acts_visited":["Menagerie:Menagerie","Elementarium:Elementarium"],"potions_floor_usage":[],"damage_taken":[{"damage":2,"enemies":"Menagerie:MonstrousExperiment","floor":1,"turns":6},{"damage":0,"enemies":"Menagerie:StygianBoar","floor":3,"turns":3},{"damage":0,"enemies":"Menagerie:WhisperingWraith","floor":4,"turns":4},{"damage":5,"enemies":"Menagerie:MENAGERIE_WILDLIFE","floor":5,"turns":4},{"damage":2,"enemies":"Menagerie:RedMage","floor":11,"turns":3},{"damage":0,"enemies":"Menagerie:EntropyWarlock","floor":13,"turns":2},{"damage":11,"enemies":"Menagerie:VoidReaper","floor":14,"turns":4},{"damage":15,"enemies":"Menagerie:Suneater","floor":16,"turns":7},{"damage":0,"enemies":"Elementarium:VoidCorruption","floor":18,"turns":4},{"damage":0,"enemies":"Elementarium:MUD_AND_TAR_GOLEMS","floor":19,"turns":4},{"damage":0,"enemies":"Elementarium:RubyGolem","floor":20,"turns":4},{"damage":54,"enemies":"Elementarium:CYCLONE_AND_ORB_OF_FIRE","floor":29,"turns":6}],"seed_played":"-285176444117777536","potions_obtained":[{"floor":3,"key":"Strength Potion"},{"floor":5,"key":"SteroidPotion"},{"floor":13,"key":"Explosive Potion"}],"is_trial":false,"path_per_floor":["M","?","M","M","M","R","T","R","T","?","M","R","M","E","R","B",null,"M","M","M","$","?","R","?","R","T","R","T","M"],"character_chosen":"CHEN","items_purchased":["MerchantsRug","Mastiff:ReiMu"],"campfire_rested":0,"item_purchase_floors":[21,21],"current_hp_per_floor":[68,65,65,65,60,60,60,60,60,60,58,58,58,47,47,32,65,65,65,65,65,65,65,54,54,54,54,54,0,0],"gold":209,"neow_bonus":"ONE_RARE_RELIC","is_daily":false,"chose_seed":false,"campfire_upgraded":7,"win_rate":0.0,"timestamp":1608481868,"path_taken":["M","?","M","?","M","R","?","R","T","?","M","R","?","E","R","BOSS","M","M","M","$","?","R","?","R","T","R","?","M"],"items_purchased_type":["Relic","Relic"],"build_version":"2020-12-13","purchased_purges":1,"victory":false,"max_hp_per_floor":[70,65,65,65,65,65,65,65,65,65,65,65,65,65,65,65,65,65,65,65,65,65,65,70,70,70,70,70,70,70],"card_choices":[{"not_picked":["Chen:Copycat","Chen:Barrier"],"picked":"Chen:Sidestep","floor":1},{"not_picked":["Chen:Sweep","Chen:Catseye","Chen:ResistTemptation"],"picked":"SKIP","floor":3},{"not_picked":["Chen:Instinct","Chen:Sidestep","Chen:Sneak"],"picked":"SKIP","floor":4},{"not_picked":["Chen:GuardCounter","Chen:Scratch"],"picked":"Chen:Frivolous","floor":5},{"not_picked":["Chen:Spray","Chen:Impale"],"picked":"Chen:Mixup","floor":11},{"not_picked":["Chen:PentagramFlight","Chen:Copycat","Chen:SelfConfidence"],"picked":"SKIP","floor":13},{"not_picked":["Chen:Tear","Chen:EvasiveFireShift","Chen:Knockout"],"picked":"SKIP","floor":14},{"not_picked":["Chen:Adaptability","Chen:Spray","Chen:Shot"],"picked":"SKIP","floor":18},{"not_picked":["Chen:TauntHiss+1","Chen:Spray","Chen:Salvo"],"picked":"SKIP","floor":19},{"not_picked":["Chen:MisdirectSwipe+1","Chen:StudySharpen","Chen:Sneak+1"],"picked":"SKIP","floor":20}],"player_experience":287354,"relics_obtained":[{"floor":7,"key":"trackpad:RapidFire"},{"floor":9,"key":"trackpad:Mousetrap"},{"floor":14,"key":"vexMod:FocusSash"},{"floor":26,"key":"trackpad:Compendium"},{"floor":28,"key":"vexMod:InvisibilityCloak"}],"event_choices":[{"damage_healed":0,"gold_gain":0,"player_choice":"Take","damage_taken":0,"relics_obtained":["Menagerie:HuntersKnife"],"max_hp_gain":0,"max_hp_loss":5,"event_name":"Menagerie:BigGameHunter","floor":2,"gold_loss":0},{"damage_healed":0,"gold_gain":0,"cards_transformed":["Chen:Strike"],"player_choice":"Grasp","damage_taken":0,"max_hp_gain":0,"max_hp_loss":0,"event_name":"Menagerie:MagesHand","floor":10,"gold_loss":0,"cards_obtained":["Menagerie:SteelWall"]},{"damage_healed":0,"gold_gain":0,"player_choice":"Ignored","damage_taken":0,"max_hp_gain":0,"max_hp_loss":0,"event_name":"Elementarium:LostScrolls","floor":22,"gold_loss":0},{"damage_healed":0,"gold_gain":0,"player_choice":"Sacrifice","damage_taken":16,"max_hp_gain":5,"max_hp_loss":0,"event_name":"Elementarium:RadiantAltar","floor":24,"gold_loss":0}],"is_beta":false,"boss_relics":[{"not_picked":["vexMod:BigBerry","vexMod:DeviousBotling"],"picked":"trackpad:Trackpad"}],"items_purged_floors":[21],"is_endless":false,"potions_floor_spawned":[3,5,13,19],"killed_by":"Elementarium:CYCLONE_AND_ORB_OF_FIRE","ascension_level":0}}