{"host":"Nazu","time":1608480755,"event":{"mods":["BaseMod","Downfall","Minty Spire (QoL Compilation)","StSLib"],"gold_per_floor":[99,99,99,129,20,40,40,71,88,13,24,44,57,71,84,187,187,187,204,215,227,73,73,147,109,138,63,63,63,63,74,91,187,187,187,187,197,209,219,252,252,265,190,223,223,240,250,305,323,323,323,323,323],"floor_reached":52,"playtime":4643,"items_purged":["Guardian:CurlUp"],"score":973,"play_id":"4791bc7d-d617-4258-929b-03cd103fb3f7","local_time":"20201220131235","is_ascension_mode":false,"campfire_choices":[{"floor":1,"key":"RECALL"},{"data":"Guardian:SpikerProtocol","floor":10,"key":"SMITH"},{"data":"Guardian:DecasProtection","floor":18,"key":"SMITH"},{"data":"Guardian:ExploitGems","floor":23,"key":"SMITH"},{"data":"Guardian:ArmoredProtocol","floor":27,"key":"SMITH"},{"data":"Guardian:SpikerProtocol","floor":35,"key":"SMITH"},{"data":"Guardian:BronzeOrb","floor":43,"key":"SMITH"}],"circlet_count":0,"master_deck":["Guardian:Strike_Guardian+1","Guardian:Strike_Guardian+1","Guardian:Strike_Guardian+1","Guardian:Strike_Guardian+1","Guardian:Defend_Guardian+1","Guardian:Defend_Guardian+1","Guardian:Defend_Guardian+1","Guardian:Defend_Guardian+1","Guardian:TwinSlam+1","Guardian:PiercingHide","Guardian:ExploitGems+1","Guardian:SpikerProtocol+1","Guardian:GuardianWhirl","Guardian:ArmoredProtocol+1","Guardian:Preprogram","Guardian:BronzeOrb+1","Guardian:DecasProtection+1","Guardian:StasisField","Guardian:PiercingHide","Guardian:RollAttack","Guardian:SpikerProtocol+1","Guardian:BaubleBeam","Guardian:DonusPower+1","Guardian:SentryBeam+1","Guardian:Gem_White","Guardian:Gem_Cyan"],"relics":["Guardian:ModeShifter","downfall:HeartsMalice","Whetstone","Ornamental Fan","Incense Burner","downfall:HeartBlessingRed","Coffee Dripper","TungstenRod","downfall:HeartBlessingBlue","Black Star","Question Card","Mercury Hourglass","Bottled Lightning","downfall:HeartBlessingGreen","Turnip","Boot","Bag of Preparation"],"acts_visited":["Exordium","TheCity","TheBeyond","TheEnding"],"potions_floor_usage":[22,40,52],"damage_taken":[{"damage":0,"enemies":"2 Louse","floor":3,"turns":1},{"damage":0,"enemies":"Gremlin Nob","floor":4,"turns":1},{"damage":0,"enemies":"downfall:FleeingMerchant","floor":5,"turns":1},{"damage":1,"enemies":"Cultist","floor":6,"turns":3},{"damage":15,"enemies":"3 Sentries","floor":8,"turns":7},{"damage":0,"enemies":"Jaw Worm","floor":9,"turns":3},{"damage":0,"enemies":"Blue Slaver","floor":11,"turns":3},{"damage":0,"enemies":"3 Louse","floor":12,"turns":1},{"damage":2,"enemies":"Exordium Wildlife","floor":13,"turns":2},{"damage":0,"enemies":"Large Slime","floor":14,"turns":4},{"damage":0,"enemies":"Lots of Slimes","floor":15,"turns":1},{"damage":0,"enemies":"downfall:Watcher","floor":16,"turns":9},{"damage":0,"enemies":"3 Byrds","floor":19,"turns":2},{"damage":0,"enemies":"Shelled Parasite and Fungi","floor":20,"turns":4},{"damage":0,"enemies":"3 Cultists","floor":21,"turns":3},{"damage":0,"enemies":"downfall:FleeingMerchant","floor":22,"turns":4},{"damage":0,"enemies":"downfall:FleeingMerchant","floor":25,"turns":4},{"damage":0,"enemies":"Gremlin Leader","floor":26,"turns":6},{"damage":0,"enemies":"Chosen and Byrds","floor":31,"turns":4},{"damage":6,"enemies":"Snake Plant","floor":32,"turns":3},{"damage":0,"enemies":"downfall:Defect","floor":33,"turns":7},{"damage":0,"enemies":"3 Shapes","floor":37,"turns":5},{"damage":0,"enemies":"Orb Walker","floor":38,"turns":3},{"damage":5,"enemies":"Maw","floor":39,"turns":7},{"damage":49,"enemies":"Nemesis","floor":40,"turns":7},{"damage":0,"enemies":"Spire Growth","floor":42,"turns":4},{"damage":6,"enemies":"Giant Head","floor":44,"turns":7},{"damage":0,"enemies":"Jaw Worm Horde","floor":46,"turns":3},{"damage":0,"enemies":"3 Darklings","floor":47,"turns":2},{"damage":0,"enemies":"downfall:FleeingMerchant","floor":48,"turns":4},{"damage":0,"enemies":"Spire Growth","floor":49,"turns":4},{"damage":0,"enemies":"downfall:Ironclad","floor":50,"turns":11},{"damage":120,"enemies":"downfall:CharBossMerchant","floor":52,"turns":10}],"seed_played":"-4255309236967272071","potions_obtained":[{"floor":4,"key":"Guardian:StasisDiscoveryPotion"},{"floor":6,"key":"Fire Potion"},{"floor":8,"key":"SteroidPotion"},{"floor":11,"key":"Regen Potion"},{"floor":15,"key":"Guardian:DefensiveModePotion"},{"floor":26,"key":"Weak Potion"},{"floor":28,"key":"CultistPotion"},{"floor":44,"key":"FearPotion"}],"is_trial":false,"path_per_floor":["R","?","M","E","$","M","T","E","M","R","M","M","M","M","M","B",null,"R","M","M","M","$","R","T","$","E","R","?","?","?","M","M","B",null,"R","?","M","M","M","E","T","M","R","E","?","M","M","$","M","B",null,"E"],"character_chosen":"GUARDIAN","items_purchased":["Guardian:GuardianWhirl","Guardian:Gem_Purple","Guardian:Gem_Orange","Guardian:Gem_White","Guardian:RollAttack","Guardian:Gem_Cyan","Bag of Preparation"],"campfire_rested":0,"item_purchase_floors":[5,5,22,22,25,48,48],"current_hp_per_floor":[80,80,80,80,80,79,79,64,64,64,64,64,62,62,62,62,80,80,80,80,80,80,80,80,80,80,90,90,90,90,90,84,84,90,90,90,90,90,85,36,36,36,36,30,30,30,30,30,30,30,90,0,0],"gold":323,"neow_bonus":"THREE_ENEMY_KILL","is_daily":false,"chose_seed":false,"campfire_upgraded":6,"win_rate":0.0,"timestamp":1608480755,"path_taken":["R","?","M","E","?","M","T","E","M","R","M","M","?","M","M","BOSS","R","M","M","M","$","R","T","$","E","R","?","?","?","M","M","BOSS","R","?","M","M","M","E","T","M","R","E","?","M","M","?","M","BOSS","E"],"items_purchased_type":["Card","Card","Card","Card","Card","Card","Relic"],"build_version":"2020-12-18","purchased_purges":1,"victory":false,"max_hp_per_floor":[80,80,80,80,80,80,80,80,80,80,80,80,80,80,80,80,80,80,80,80,80,80,80,80,80,80,90,90,90,90,90,90,90,90,90,90,90,90,90,90,90,90,90,90,90,90,90,90,90,90,90,90,90],"card_choices":[{"not_picked":["Guardian:CrystalBeam","Guardian:Gem_Cyan"],"picked":"Guardian:PiercingHide","floor":3},{"not_picked":["Guardian:AncientConstruct","Guardian:Gem_Red"],"picked":"Guardian:ExploitGems","floor":4},{"not_picked":["Guardian:Recover","Guardian:ChargeCore"],"picked":"Guardian:SpikerProtocol","floor":5},{"not_picked":["Guardian:Suspension","Guardian:Gem_Fragmented","Guardian:TimeCapacitor"],"picked":"SKIP","floor":6},{"not_picked":["Guardian:Reroute","Guardian:RefractedBeam"],"picked":"Guardian:ArmoredProtocol","floor":8},{"not_picked":["Guardian:Repulse","Guardian:TemporalShield"],"picked":"Guardian:Preprogram","floor":9},{"not_picked":["Guardian:WalkerClaw","Guardian:FastForward"],"picked":"Guardian:Gem_Lightblue","floor":11},{"not_picked":["Guardian:WalkerClaw","Guardian:RefractedBeam","Guardian:FloatingOrbs"],"picked":"SKIP","floor":12},{"not_picked":["Guardian:WalkerClaw","Guardian:TemporalStrike"],"picked":"Guardian:Gem_Crimson","floor":13},{"not_picked":["Guardian:ChargeCore","Guardian:Gem_Cyan"],"picked":"Guardian:BronzeOrb","floor":14},{"not_picked":["Guardian:TemporalStrike","Guardian:Suspension"],"picked":"Guardian:DecasProtection","floor":15},{"not_picked":["Guardian:AncientConstruct","Guardian:ExploitGems"],"picked":"Guardian:StasisField","floor":16},{"not_picked":["Guardian:ShieldCharger","Guardian:Suspension"],"picked":"Guardian:Gem_Red","floor":19},{"not_picked":["Guardian:CrystalBeam+1","Guardian:RefractedBeam","Guardian:ChargeCore"],"picked":"SKIP","floor":20},{"not_picked":["Guardian:Incinerate","Guardian:DonusPower"],"picked":"Guardian:Gem_Fragmented","floor":21},{"not_picked":["Guardian:BronzeOrb","Guardian:Recover+1"],"picked":"Guardian:Gem_Green","floor":22},{"not_picked":["Guardian:BronzeArmor+1","Guardian:DonusPower+1"],"picked":"Guardian:PiercingHide","floor":25},{"not_picked":["Guardian:GuardianWhirl","Guardian:Gem_Blue"],"picked":"Guardian:SpikerProtocol","floor":26},{"not_picked":["Guardian:Suspension","Guardian:TimeBomb","Guardian:VentSteam"],"picked":"SKIP","floor":31},{"not_picked":["Guardian:Gem_Cyan","Guardian:TemporalStrike","Guardian:StasisStrike"],"picked":"SKIP","floor":32},{"not_picked":["Guardian:Gem_Synthetic","Guardian:AncientConstruct"],"picked":"Guardian:BaubleBeam","floor":33},{"not_picked":["Guardian:Reroute","Guardian:PrimingBeam","Guardian:Planning+1"],"picked":"SKIP","floor":37},{"not_picked":["Guardian:Reroute+1","Guardian:Planning"],"picked":"Guardian:DonusPower+1","floor":38},{"not_picked":["Guardian:TimeCapacitor","Guardian:Gem_Blue"],"picked":"Guardian:Gem_Red","floor":39},{"not_picked":["Guardian:Recover+1","Guardian:PrimingBeam"],"picked":"Guardian:StasisStrike","floor":40},{"not_picked":["Guardian:CrystalBeam+1","Guardian:RollAttack+1","Guardian:Preprogram","Guardian:SpikerProtocol+1"],"picked":"SKIP","floor":42},{"not_picked":["Guardian:RevengeProtocol","Guardian:Recover+1","Guardian:CrystalBeam+1","Guardian:ChargeCore"],"picked":"SKIP","floor":44},{"not_picked":["Guardian:TimeCapacitor+1","Guardian:ChargeCore","Guardian:Gem_Lightblue"],"picked":"Guardian:SentryBeam+1","floor":46},{"not_picked":["Guardian:RollAttack+1","Guardian:ArmoredProtocol","Guardian:Clone+1"],"picked":"Guardian:Gem_White","floor":47},{"not_picked":["Guardian:GuardianWhirl","Guardian:Planning+1","Guardian:TemporalShield+1","Guardian:RollAttack"],"picked":"SKIP","floor":48},{"not_picked":["Guardian:TemporalShield+1","Guardian:Gem_Green","Guardian:Suspension+1","Guardian:VentSteam+1"],"picked":"SKIP","floor":49}],"player_experience":698231,"relics_obtained":[{"floor":4,"key":"Whetstone"},{"floor":7,"key":"Ornamental Fan"},{"floor":8,"key":"Incense Burner"},{"floor":26,"key":"TungstenRod"},{"floor":40,"key":"Question Card"},{"floor":40,"key":"Mercury Hourglass"},{"floor":41,"key":"Bottled Lightning"},{"floor":44,"key":"Turnip"},{"floor":44,"key":"Boot"}],"event_choices":[{"damage_healed":0,"gold_gain":0,"player_choice":"Simplicity","damage_taken":0,"max_hp_gain":0,"max_hp_loss":0,"event_name":"Back to Basics","floor":29,"gold_loss":0,"cards_upgraded":["Guardian:Strike_Guardian","Guardian:Strike_Guardian","Guardian:Strike_Guardian","Guardian:Defend_Guardian","Guardian:Defend_Guardian","Guardian:Defend_Guardian","Guardian:Defend_Guardian"]},{"damage_healed":0,"gold_gain":0,"player_choice":"Ignored","damage_taken":0,"max_hp_gain":0,"max_hp_loss":0,"event_name":"Vampires","floor":30,"gold_loss":0},{"cards_removed":["Guardian:StasisStrike"],"damage_healed":0,"gold_gain":0,"player_choice":"Removed Attack","damage_taken":0,"max_hp_gain":0,"max_hp_loss":0,"event_name":"Falling","floor":45,"gold_loss":0}],"is_beta":true,"boss_relics":[{"not_picked":["Velvet Choker","Calling Bell"],"picked":"Coffee Dripper"},{"not_picked":["Runic Pyramid","Cursed Key"],"picked":"Black Star"}],"items_purged_floors":[48],"is_endless":false,"potions_floor_spawned":[4,6,8,11,14,15,20,26,31,32,37,39,44,47],"killed_by":"downfall:CharBossMerchant","ascension_level":0}}