{"host":"fhq3k2nq5elnbks3","time":1608423979,"event":{"mods":["2.2 Compatiblity","AchievementEnabler","Act Like it!","AlwaysNeverKeys","Astrologer","BaseMod","Better Altar","Better Skull","Better Vampires","Better-Laid Plans","Block Reminder","CapriCore","Card Filter","CatGirl Mod","Chen","Colored Powertips","Displayed Cursed Tome","Eldritch Tears","Fiend Mod","Fireblade Mod","Friendly Minions","FutureSeer","Gensokyo","GifTheSpireLib","Gremlin Skip","Hermit","JesterMod","Koishi","Marisa????????","Minty Spire (QoL Compilation)","Permanent Neow","QueenMod","Quick Restart","Relic Filter","Ruin Mod","Shop Mod","StSLib","SuperFastMode","The Administrix","The Cursed","The Fake Hero","The Forsaken","The Necromancer","Transform Curses","Uncapped","Unknown Chances","Wandering Minibosses"],"gold_per_floor":[111,111,111,111,111,111,130,130,130,130,160,160,160,174,174,273,273,291,84,94,109,109,109],"floor_reached":22,"playtime":1954,"items_purged":[],"score":182,"play_id":"ce7eabc4-d3c9-4b3f-879a-88ca5bb13d86","local_time":"20201219182619","daily_mods":["Heirloom","Time Dilation","Flight"],"is_ascension_mode":false,"campfire_choices":[{"data":"Koishi:ReleaseOfTheId","floor":6,"key":"SMITH"},{"data":"Koishi:HauntingSlash","floor":8,"key":"SMITH"},{"data":"Koishi:HeartStoppingHorror","floor":13,"key":"SMITH"},{"data":"Koishi:Provoke","floor":15,"key":"SMITH"}],"circlet_count":0,"master_deck":["Koishi:BasicStrike","Koishi:BasicStrike","Koishi:BasicStrike","Koishi:BasicStrike","Koishi:BasicDefend","Koishi:BasicDefend","Koishi:BasicDefend","Koishi:Provoke+1","Koishi:HauntingSlash+1","Koishi:HeartStoppingHorror+1","Koishi:JumpScare+1"],"relics":["Koishi:ImaginaryFriend","theForsaken:Kindling","Gensokyo:CelestialsFlawlessClothing","theForsaken:Lifeblossom","Gensokyo:OccultBall","Matryoshka","Busted Crown","MerchantsRug","Bag of Preparation"],"acts_visited":["Gensokyo:Gensokyo","Gensokyo:Gensokyoer"],"potions_floor_usage":[16,16],"damage_taken":[{"damage":13,"enemies":"Gensokyo:Gryphon","floor":1,"turns":5},{"damage":0,"enemies":"Gensokyo:2_Kodama","floor":7,"turns":3},{"damage":22,"enemies":"Gensokyo:Aya","floor":11,"turns":11},{"damage":1,"enemies":"Gensokyo:Python","floor":14,"turns":4},{"damage":66,"enemies":"Gensokyo:Kokoro","floor":16,"turns":17},{"damage":60,"enemies":"Gensokyo:3_Dogs","floor":18,"turns":7},{"damage":0,"enemies":"Gensokyo:AngelMirror","floor":20,"turns":4},{"damage":7,"enemies":"Gensokyo:Slime_Group","floor":21,"turns":7},{"damage":0,"enemies":"Gensokyo:Wraith","floor":22,"turns":1}],"seed_played":"978339108790233664","potions_obtained":[{"floor":7,"key":"Swift Potion"},{"floor":14,"key":"LiquidMemories"}],"is_trial":true,"path_per_floor":["M","?","?","?","?","R","M","R","T","?","E","?","R","M","R","B",null,"M","$","M","M","M"],"character_chosen":"KOISHI","items_purchased":["MerchantsRug","Bag of Preparation"],"campfire_rested":0,"item_purchase_floors":[19,19],"current_hp_per_floor":[49,46,30,30,30,30,31,31,31,31,25,12,12,19,19,45,67,16,16,28,31,31,31],"gold":109,"neow_bonus":"","is_daily":false,"chose_seed":false,"campfire_upgraded":4,"win_rate":0.0,"timestamp":1608423979,"path_taken":["M","?","?","?","?","R","?","R","T","?","E","?","R","?","R","BOSS","M","$","M","M","M"],"items_purchased_type":["Relic","Relic"],"build_version":"2020-12-13","purchased_purges":0,"victory":false,"max_hp_per_floor":[60,67,67,67,67,67,67,67,67,67,67,67,67,67,67,67,67,67,67,67,67,67,67],"card_choices":[{"not_picked":["Koishi:CatchAndRose","Koishi:SubconsciousSweep"],"picked":"Koishi:ReleaseOfTheId","floor":1},{"not_picked":["Koishi:HeartfeltFancy","Koishi:BloodcurdlingScream","Koishi:SubterraneanRose"],"picked":"SKIP","floor":7},{"not_picked":["Koishi:Prune","Koishi:EmbryosDream"],"picked":"Koishi:HeartStoppingHorror","floor":11},{"not_picked":["Koishi:SubterraneanRose+1","Koishi:HeartfeltFancy+1"],"picked":"Koishi:JumpScare+1","floor":14},{"not_picked":["Koishi:HeartAttack"],"picked":"SKIP","floor":18},{"not_picked":["Koishi:LastRemote"],"picked":"SKIP","floor":20},{"not_picked":["Koishi:UnansweredLove"],"picked":"SKIP","floor":21}],"player_experience":238759,"relics_obtained":[{"floor":9,"key":"theForsaken:Lifeblossom"},{"floor":11,"key":"Matryoshka"},{"floor":16,"key":"Gensokyo:OccultBall"},{"floor":18,"key":"Gensokyo:OccultBall"}],"event_choices":[],"is_beta":false,"boss_relics":[{"not_picked":["Sozu","Koishi:ColorfulDays"],"picked":"Busted Crown"}],"items_purged_floors":[],"is_endless":false,"potions_floor_spawned":[7,14],"killed_by":"Gensokyo:Wraith","ascension_level":0}}