{"host":"v54ek091sdz7ha6h","time":1608496055,"event":{"mods":["BaseMod","Better Vampires","Colored Map","Colored Powertips","DeckTracker","Highlight Path","KOR Keyword Fix","Minty Spire (QoL Compilation)","Rare Cards Sparkle","StSLib","SuperFastMode","The Awakened One except there are too many feathers","everything is the same but u backflip on backflip","slay the spire mod where everything is the same but ironclad has a cowboy hat"],"gold_per_floor":[110,124,199,214,57,89,89,89,112,126,146,146,162,178,178,178,178],"floor_reached":16,"playtime":305,"items_purged":["Strike_B"],"score":104,"play_id":"82feae86-f019-4c39-a042-d3568cdc070f","local_time":"20201221052735","is_ascension_mode":false,"campfire_choices":[{"data":"Coolheaded","floor":8,"key":"SMITH"},{"data":"Dualcast","floor":12,"key":"SMITH"},{"data":"Fusion","floor":15,"key":"SMITH"}],"circlet_count":0,"master_deck":["Strike_B","Strike_B","Strike_B","Defend_B","Defend_B","Defend_B","Zap","Dualcast+1","Ball Lightning","Melter","Coolheaded+1","Turbo","Machine Learning","Loop","Fusion+1","Coolheaded"],"relics":["Cracked Core","Ancient Tea Set","Meat on the Bone"],"acts_visited":["Exordium"],"potions_floor_usage":[11,11],"damage_taken":[{"damage":0,"enemies":"Small Slimes","floor":1,"turns":2},{"damage":0,"enemies":"2 Louse","floor":2,"turns":2},{"damage":1,"enemies":"Cultist","floor":4,"turns":3},{"damage":12,"enemies":"Lagavulin","floor":6,"turns":8},{"damage":7,"enemies":"2 Fungi Beasts","floor":10,"turns":2},{"damage":3,"enemies":"Lots of Slimes","floor":11,"turns":3},{"damage":16,"enemies":"Exordium Wildlife","floor":13,"turns":4},{"damage":15,"enemies":"Large Slime","floor":14,"turns":5},{"damage":34,"enemies":"Slime Boss","floor":16,"turns":6}],"seed_played":"3636358184174943225","potions_obtained":[{"floor":4,"key":"Fire Potion"},{"floor":10,"key":"Block Potion"}],"is_trial":false,"path_per_floor":["M","M","?","M","$","E","?","R","T","M","M","R","M","M","R","B"],"character_chosen":"DEFECT","items_purchased":["Auto Shields"],"campfire_rested":0,"item_purchase_floors":[5],"current_hp_per_floor":[75,75,64,63,63,51,51,51,51,44,41,41,37,34,34,0,0],"gold":178,"neow_bonus":"REMOVE_CARD","is_daily":false,"chose_seed":false,"campfire_upgraded":3,"win_rate":0.0,"timestamp":1608496055,"path_taken":["M","M","?","M","$","E","?","R","T","M","?","R","M","M","R","BOSS"],"items_purchased_type":["Card"],"build_version":"2020-12-13","purchased_purges":1,"victory":false,"max_hp_per_floor":[75,75,75,75,75,75,75,75,75,75,75,75,75,75,75,75,75],"card_choices":[{"not_picked":["Steam Power","Scrape"],"picked":"Ball Lightning","floor":1},{"not_picked":["Compile Driver","Leap"],"picked":"Melter","floor":2},{"not_picked":["Reprogram","Redo"],"picked":"Coolheaded","floor":4},{"not_picked":["Beam Cell","Gash"],"picked":"Turbo","floor":6},{"not_picked":["Steam Power","Beam Cell"],"picked":"Machine Learning","floor":10},{"not_picked":["Reinforced Body","Barrage"],"picked":"Loop","floor":11},{"not_picked":["BootSequence","Conserve Battery"],"picked":"Fusion","floor":13},{"not_picked":["Cold Snap","Reprogram"],"picked":"Coolheaded","floor":14}],"player_experience":1392223,"relics_obtained":[{"floor":6,"key":"Ancient Tea Set"}],"event_choices":[{"damage_healed":0,"gold_gain":75,"player_choice":"Gather Gold","damage_taken":11,"max_hp_gain":0,"max_hp_loss":0,"event_name":"World of Goop","floor":3,"gold_loss":0},{"cards_removed":["Auto Shields"],"damage_healed":0,"gold_gain":0,"player_choice":"Gave Card","damage_taken":0,"relics_obtained":["Meat on the Bone"],"max_hp_gain":0,"max_hp_loss":0,"event_name":"WeMeetAgain","floor":7,"gold_loss":0}],"is_beta":false,"boss_relics":[],"items_purged_floors":[5],"is_endless":false,"potions_floor_spawned":[4,10],"killed_by":"Slime Boss","ascension_level":0}}