{"host":"cz3p2o9n3b1gdmkz","time":1608442855,"event":{"mods":["AchievementEnabler","BaseMod","CapriCore","GungeonMod","Hermit","Lobotomy","Minty Spire (QoL Compilation)","Replay The Spire","Shop Mod","StSLib","SuperFastMode","The Cursed","The Dragon Tamer","The Gatherer","The Jungle","The Poker Player","The Runesmith"],"gold_per_floor":[111,123,123,142,155,183,183,183,183],"floor_reached":8,"playtime":192,"items_purged":[],"score":141,"play_id":"c8871918-a182-4e26-8b93-32901a426349","local_time":"20201220144055","is_ascension_mode":true,"campfire_choices":[{"data":"hermit:BlackWind","floor":7,"key":"SMITH"}],"circlet_count":0,"master_deck":["AscendersBane","hermit:Strike_Hermit","hermit:Strike_Hermit","hermit:Strike_Hermit","hermit:Strike_Hermit","hermit:Defend_Hermit","hermit:Defend_Hermit","hermit:Defend_Hermit","hermit:Snapshot","hermit:Covet","hermit:BlackWind+1","hermit:Quickdraw","hermit:Magnum"],"relics":["hermit:Momento","Smiling Mask"],"acts_visited":["Exordium"],"potions_floor_usage":[8],"damage_taken":[{"damage":1,"enemies":"Cultist","floor":1,"turns":3},{"damage":0,"enemies":"2 Louse","floor":2,"turns":2},{"damage":4,"enemies":"Small Slimes","floor":4,"turns":2},{"damage":22,"enemies":"3 Louse","floor":5,"turns":3},{"damage":0,"enemies":"Gremlin Nob","floor":6,"turns":2},{"damage":30,"enemies":"Lagavulin","floor":8,"turns":3}],"seed_played":"6031579205737089174","potions_obtained":[{"floor":2,"key":"SkillPotion"},{"floor":5,"key":"Ancient Potion"}],"is_trial":false,"path_per_floor":["M","M","?","M","M","E","R","E"],"character_chosen":"HERMIT","items_purchased":[],"campfire_rested":0,"item_purchase_floors":[],"current_hp_per_floor":[45,45,45,41,19,19,19,0,0],"gold":183,"neow_bonus":"THREE_RARE_CARDS","is_daily":false,"chose_seed":false,"campfire_upgraded":1,"win_rate":0.0,"timestamp":1608442855,"path_taken":["M","?","?","?","M","E","R","E"],"items_purchased_type":[],"build_version":"2020-12-13","purchased_purges":0,"victory":false,"max_hp_per_floor":[71,71,71,71,71,71,71,71,71],"card_choices":[{"not_picked":["hermit:HighNoon","hermit:FatalDesire"],"picked":"hermit:BlackWind","floor":0},{"not_picked":["hermit:HighCaliber","hermit:BodyArmor"],"picked":"hermit:Quickdraw","floor":1},{"not_picked":["hermit:LowProfile","hermit:Maintenance","hermit:Coalescence"],"picked":"SKIP","floor":2},{"not_picked":["hermit:Vantage","hermit:Manifest","hermit:LoneWolf"],"picked":"SKIP","floor":4},{"not_picked":["hermit:GhostlyPresence","hermit:Scavenge"],"picked":"hermit:Magnum","floor":5},{"not_picked":["hermit:Manifest","hermit:Roulette","hermit:SprayPray"],"picked":"SKIP","floor":6}],"player_experience":986356,"relics_obtained":[{"floor":6,"key":"Smiling Mask"}],"event_choices":[{"cards_removed":["hermit:Defend_Hermit"],"damage_healed":0,"gold_gain":0,"player_choice":"Card Removal","damage_taken":0,"max_hp_gain":0,"max_hp_loss":0,"event_name":"Wheel of Change","floor":3,"gold_loss":0}],"is_beta":false,"boss_relics":[],"items_purged_floors":[],"is_endless":false,"potions_floor_spawned":[2,5],"killed_by":"Lagavulin","ascension_level":14}}