{"host":"ic2t2jxz7s3jvs1m","time":1608474383,"event":{"mods":["AchievementEnabler","Aspiration","BaseMod","Better Third Choice","Block Reminder","Colored Map","Conspire","Curses Come First","Downfall","Energized Spire","Halation","Hubris","Jess\u0027s Bottle","Minty Spire (QoL Compilation)","Relic Stats","Replay The Spire","SacredBarkPlus","Small Relic Pack","StSLib","The Blue Laboratory","Trackpad","Transform Curses","Uncapped","vexMod"],"gold_per_floor":[99,116,134,148,22,49,49,49,34,59,9,20,5,180,198,302,302,252,269,286,286,303,303,303,303,317,349,362,337,93,93,108,207,257,182,214,6,56,106,106,157,12,25,25,43,60,79,89,100,100,100,100,100],"floor_reached":52,"playtime":6196,"items_purged":[],"score":779,"play_id":"bd398923-a805-4425-ac2e-009c4b8835c4","local_time":"20201220082623","is_ascension_mode":false,"campfire_choices":[{"floor":1.0,"key":"RECALL"},{"floor":21,"key":"REST"},{"floor":23,"key":"REST"},{"data":"hexamod:VolcanoVisage","floor":25,"key":"SMITH"},{"floor":44,"key":"REST"}],"circlet_count":0,"master_deck":["hexamod:Strike+1","hexamod:Strike","hexamod:Strike","hexamod:Strike","hexamod:Defend","hexamod:Defend","hexamod:Defend","hexamod:Defend","hexamod:Sear","hexamod:Float+1","hexamod:SwordOfDarkness","hexamod:PowerFromBeyond","hexamod:StepThrough","hexamod:GhostOfSpireFuture","hexamod:HeatMetal","hexamod:EmpoweredFlame","hexamod:FlamesFromBeyond","hexamod:UnleashSpirits","hexamod:Firestarter+1","hexamod:CrushingStance","hexamod:Incineration","hexamod:PhantomFireball+1","hexamod:Incineration","hexamod:AdvancingGuard","hexamod:VolcanoVisage+1","hexamod:HeatMetal","hexamod:ThermalTransfer+1","hexamod:FifthSeal","hexamod:SixthSeal","hexamod:GhostOfSpirePresent","hexamod:SkipABeat","hexamod:ThirdSeal","hexamod:GhostflameInferno","hexamod:RainOfEmbers","hexamod:Hexaguard","hexamod:Incineration+1","hexamod:StepThrough+1","hexamod:StepThrough","hexamod:CrushingStance","hexamod:NightmareGuise+1","hexamod:FirstSeal","hexamod:Toasty+1","hexamod:WildfireWeapon","hexamod:SpectersWail+1","hexamod:FirstSeal","hexamod:SecondSeal","hexamod:NightmareGuise+1","hexamod:ExtraCrispy","hexamod:ExtraCrispy","hexamod:Again+1","hexamod:GhostShield+1","hexamod:GhostShield+1","hexamod:NightmareGuise+1","hexamod:FastForward+1","hexamod:DynamicBlow","hexamod:ChargedBarrage+1","hexamod:GhostOfSpirePresent+1","hexamod:UnlimitedPower","hexamod:NightmareStrike+1","hexamod:PowerFromBeyond+1"],"relics":["hexamod:SpiritBrand","Unceasing Top","hubris:Towel","Nunchaku","Sozu","downfall:HeartBlessingRed","downfall:HeartBlessingBlue","hexamod:SoulConsumer","conspire:BottledYoYo","Lizard Tail","aspiration:ArtOfWarUpgrade","Mummified Hand","Thread and Needle","Tiny House","downfall:HeartBlessingGreen","Vajra","Chemical X","hubris:GlazedTorus","Calipers","Bronze Scales","hexamod:MatchstickCase"],"acts_visited":["TheCity","TheBeyond","TheEnding"],"potions_floor_usage":[18],"damage_taken":[{"damage":0.0,"enemies":"Cultist","floor":2.0,"turns":3.0},{"damage":0.0,"enemies":"Jaw Worm","floor":3.0,"turns":3.0},{"damage":8.0,"enemies":"2 Louse","floor":4.0,"turns":3.0},{"damage":0.0,"enemies":"downfall:FleeingMerchant","floor":5.0,"turns":4.0},{"damage":8.0,"enemies":"conspire:MimicChest","floor":6.0,"turns":6.0},{"damage":0.0,"enemies":"downfall:FleeingMerchant","floor":9.0,"turns":4.0},{"damage":16.0,"enemies":"Gremlin Nob","floor":10.0,"turns":5.0},{"damage":7.0,"enemies":"downfall:FleeingMerchant","floor":11.0,"turns":4.0},{"damage":1.0,"enemies":"Blue Slaver","floor":12.0,"turns":3.0},{"damage":19.0,"enemies":"downfall:FleeingMerchant","floor":13.0,"turns":4.0},{"damage":0.0,"enemies":"3 Louse","floor":15.0,"turns":3.0},{"damage":5.0,"enemies":"downfall:Silent","floor":16.0,"turns":8.0},{"damage":26,"enemies":"Colosseum Nobs","floor":18,"turns":4},{"damage":5,"enemies":"conspire:FuzzyDice","floor":19,"turns":6},{"damage":11,"enemies":"Snecko","floor":20,"turns":5},{"damage":14,"enemies":"Sentry and Sphere","floor":22,"turns":5},{"damage":10,"enemies":"conspire:HollyBat","floor":26,"turns":7},{"damage":9,"enemies":"conspire:SneckoGhost","floor":27,"turns":8},{"damage":11,"enemies":"Cultist and Chosen","floor":28,"turns":5},{"damage":16,"enemies":"downfall:FleeingMerchant","floor":30,"turns":3},{"damage":9,"enemies":"Snake Plant","floor":32,"turns":4},{"damage":25,"enemies":"downfall:Watcher","floor":33,"turns":6},{"damage":60,"enemies":"Giant Head","floor":36,"turns":8},{"damage":13,"enemies":"2 Orb Walkers","floor":38,"turns":5},{"damage":0,"enemies":"Mind Bloom Boss Battle","floor":39,"turns":5},{"damage":11,"enemies":"3 Darklings","floor":43,"turns":3},{"damage":0,"enemies":"Orb Walker","floor":45,"turns":3},{"damage":27,"enemies":"Jaw Worm Horde","floor":46,"turns":4},{"damage":0,"enemies":"Transient","floor":47,"turns":5},{"damage":0,"enemies":"3 Darklings","floor":48,"turns":4},{"damage":0,"enemies":"Sphere and 2 Shapes","floor":49,"turns":3},{"damage":38,"enemies":"downfall:Ironclad","floor":50,"turns":10},{"damage":103,"enemies":"downfall:CharBossMerchant","floor":52,"turns":7}],"seed_played":"-5755465619778285747","potions_obtained":[{"floor":3.0,"key":"blueLaboratory:BottleOfVodka"},{"floor":6.0,"key":"blueLaboratory:FrostheartPotion"},{"floor":10.0,"key":"DistilledChaos"},{"floor":16.0,"key":"hexamod:DoubleChargePotion"}],"is_trial":false,"path_per_floor":["R","M","M","M","$","?","T","?","$","E","$","M","$","?","M","B",null,"R_BF","M","M","R","M","R","T","R","M","E","M","?","$","?","M","B",null,"R_BF","E","$","?","?","R","T","$","M","R","M","M","M","M","M","B",null,"E"],"character_chosen":"THE_SPIRIT","items_purchased":["hexamod:HeatMetal","hexamod:EmpoweredFlame","hexamod:Incineration","Mummified Hand","Thread and Needle","hexamod:StepThrough","hexamod:ExtraCrispy","Chemical X","hexamod:MatchstickCase"],"campfire_rested":3,"item_purchase_floors":[5,5,11,30,30,30,37,37,42],"current_hp_per_floor":[70,70,70,62,62,54,54,54,54,38,31,30,11,11,11,6,70,54,49,38,62,48,72,72,72,62,53,42,42,26,26,17,40,85,85,32,32,33,47,47,47,47,43,68,75,62,69,76,83,59,85,0,0],"gold":100,"neow_bonus":"UPGRADE_CARD","is_daily":false,"chose_seed":false,"campfire_upgraded":1,"win_rate":0.0,"timestamp":1608474383,"path_taken":["R","?","M","M","?","?","T","?","$","E","?","?","$","?","M","BOSS","R_BF","M","M","R","M","R","T","R","M","E","M","?","$","?","M","BOSS","R_BF","E","$","?","?","R","T","?","M","R","M","M","M","M","M","BOSS","E"],"items_purchased_type":["Card","Card","Card","Relic","Relic","Card","Card","Relic","Relic"],"build_version":"2020-12-13","purchased_purges":0,"victory":false,"max_hp_per_floor":[70,70,70,70,70,70,70,70,70,70,70,70,70,70,70,70,70,80,80,80,80,80,80,80,80,80,80,80,80,80,80,80,80,85,85,85,85,85,85,85,85,85,85,85,85,85,85,85,85,85,85,85,85],"relic_stats":{"Sozu":8,"Nunchaku":[21],"Lizard Tail":40,"counters":[21,110],"Mummified Hand":[74],"Bronze Scales":[78],"Chemical X":[6],"obtain_stats":[{"Tiny House":34,"Calipers":39,"downfall:HeartBlessingRed":18,"Vajra":36,"Thread and Needle":30,"downfall:HeartBlessingGreen":35,"hubris:Towel":0,"hexamod:MatchstickCase":42,"Sozu":17,"Nunchaku":0,"Lizard Tail":24,"downfall:HeartBlessingBlue":18,"Mummified Hand":30,"Bronze Scales":41,"aspiration:ArtOfWarUpgrade":40,"conspire:BottledYoYo":18,"Art of War":27,"hexamod:SoulConsumer":18,"Chemical X":37,"hexamod:SpiritBrand":0,"Unceasing Top":0,"hubris:GlazedTorus":38},{"Tiny House":10,"Calipers":13,"downfall:HeartBlessingRed":0,"Vajra":11,"Thread and Needle":8,"downfall:HeartBlessingGreen":10,"hubris:Towel":0,"hexamod:MatchstickCase":13,"Sozu":0,"Nunchaku":0,"Lizard Tail":4,"downfall:HeartBlessingBlue":0,"Mummified Hand":8,"Bronze Scales":13,"aspiration:ArtOfWarUpgrade":13,"conspire:BottledYoYo":1,"Art of War":6,"hexamod:SoulConsumer":1,"Chemical X":11,"hexamod:SpiritBrand":0,"Unceasing Top":0,"hubris:GlazedTorus":12},{"Tiny House":53,"Calipers":71,"downfall:HeartBlessingRed":0,"Vajra":61,"Thread and Needle":43,"downfall:HeartBlessingGreen":53,"hubris:Towel":0,"hexamod:MatchstickCase":71,"Sozu":0,"Nunchaku":0,"Lizard Tail":20,"downfall:HeartBlessingBlue":0,"Mummified Hand":43,"Bronze Scales":71,"aspiration:ArtOfWarUpgrade":71,"conspire:BottledYoYo":4,"Art of War":35,"hexamod:SoulConsumer":4,"Chemical X":61,"hexamod:SpiritBrand":0,"Unceasing Top":0,"hubris:GlazedTorus":66}],"Unceasing Top":[26]},"card_choices":[{"not_picked":["hexamod:NightmareStrike","hexamod:GhostOfSpireFuture"],"picked":"hexamod:SwordOfDarkness","floor":2.0},{"not_picked":["hexamod:ExtraCrispy","hexamod:RainOfEmbers"],"picked":"hexamod:PowerFromBeyond","floor":3.0},{"not_picked":["hexamod:FastForward","hexamod:Hexaguard"],"picked":"hexamod:StepThrough","floor":4.0},{"not_picked":["hexamod:SecondSeal","hexamod:FourthSeal"],"picked":"hexamod:GhostOfSpireFuture","floor":5.0},{"not_picked":["hexamod:Again","hexamod:RainOfEmbers"],"picked":"hexamod:FlamesFromBeyond","floor":6.0},{"not_picked":["hexamod:CatchUp","hexamod:ShieldOfDarkness"],"picked":"hexamod:UnleashSpirits","floor":9.0},{"not_picked":["hexamod:GhostOfSpireFuture","hexamod:NecessarySacrifice"],"picked":"hexamod:Firestarter","floor":10.0},{"not_picked":["hexamod:GhostLash","hexamod:SoulSteal"],"picked":"hexamod:CrushingStance","floor":11.0},{"not_picked":["hexamod:RetreatToShadows","hexamod:HeatCrush"],"picked":"hexamod:PhantomFireball","floor":12.0},{"not_picked":["hexamod:GhostLash","hexamod:HeatShield"],"picked":"hexamod:Incineration","floor":13.0},{"not_picked":["hexamod:RetreatToShadows","hexamod:GhostOfSpirePast"],"picked":"hexamod:AdvancingGuard","floor":15.0},{"not_picked":["hexamod:SearingWound","hexamod:Toasty"],"picked":"hexamod:VolcanoVisage","floor":16.0},{"not_picked":["hexamod:RainOfEmbers","hexamod:PowerFromBeyond"],"picked":"hexamod:HeatMetal","floor":18},{"not_picked":["hexamod:ChargedBarrage","hexamod:NecessarySacrifice"],"picked":"hexamod:ThermalTransfer+1","floor":19},{"not_picked":["hexamod:Hexaguard","hexamod:AdvancingGuard"],"picked":"hexamod:FifthSeal","floor":20},{"not_picked":["hexamod:FourthSeal","hexamod:ThirdSeal"],"picked":"hexamod:SixthSeal","floor":22},{"not_picked":["hexamod:Firestarter+1","hexamod:SpectralSpark"],"picked":"hexamod:GhostOfSpirePresent","floor":22},{"not_picked":["hexamod:GhostOfSpireFuture+1","hexamod:NightmareStrike"],"picked":"hexamod:SkipABeat","floor":26},{"not_picked":["hexamod:SixthSeal","hexamod:SecondSeal"],"picked":"hexamod:ThirdSeal","floor":27},{"not_picked":["hexamod:PowerFromBeyond","hexamod:SpectersWail"],"picked":"hexamod:GhostflameInferno","floor":27},{"not_picked":["hexamod:Rewind","hexamod:SpectralAdrenaline"],"picked":"hexamod:RainOfEmbers","floor":28},{"not_picked":["hexamod:FourthSeal","hexamod:RainOfEmbers"],"picked":"hexamod:Hexaguard","floor":28},{"not_picked":["hexamod:Haunt","hexamod:AdvancingGuard"],"picked":"hexamod:Incineration","floor":30},{"not_picked":["hexamod:ThirdSeal","hexamod:GhostLash"],"picked":"hexamod:NightmareGuise+1","floor":32},{"not_picked":["hexamod:SecondSeal","hexamod:ThirdSeal"],"picked":"hexamod:FirstSeal","floor":33},{"not_picked":["hexamod:TurnItUp","hexamod:TimeOfNeed"],"picked":"hexamod:Toasty","floor":33},{"not_picked":["hexamod:SearingWound","hexamod:TimeWarp"],"picked":"hexamod:WildfireWeapon","floor":33},{"not_picked":["hexamod:FourthSeal","hexamod:PhantomFireball"],"picked":"hexamod:SpectersWail","floor":34},{"not_picked":["hexamod:SecondSeal","hexamod:FourthSeal"],"picked":"hexamod:FirstSeal","floor":36},{"not_picked":["hexamod:SwordOfDarkness","hexamod:NightmareGuise+1"],"picked":"hexamod:SecondSeal","floor":36},{"not_picked":["hexamod:BacktrackSmack","hexamod:FastForward"],"picked":"hexamod:NightmareGuise+1","floor":36},{"not_picked":["hexamod:GhostShield","hexamod:RainOfEmbers+1"],"picked":"hexamod:Again+1","floor":38},{"not_picked":["hexamod:RetreatToShadows","hexamod:ThermalTransfer+1"],"picked":"hexamod:GhostShield+1","floor":39},{"not_picked":["hexamod:Firestarter+1","hexamod:RetreatToShadows"],"picked":"hexamod:GhostShield+1","floor":39},{"not_picked":["hexamod:Rewind+1","hexamod:TimeWarp"],"picked":"hexamod:NightmareGuise+1","floor":43},{"not_picked":["hexamod:NightmareStrike","hexamod:Rewind"],"picked":"hexamod:FastForward+1","floor":45},{"not_picked":["hexamod:AdvancingGuard","hexamod:GhostLash+1"],"picked":"hexamod:DynamicBlow","floor":46},{"not_picked":["hexamod:Rewind","hexamod:GhostOfSpireFuture"],"picked":"hexamod:ChargedBarrage+1","floor":47},{"not_picked":["hexamod:ThirdSeal","hexamod:ThermalTransfer"],"picked":"hexamod:GhostOfSpirePresent+1","floor":48},{"not_picked":["hexamod:NightmareGuise+1","hexamod:NightmareStrike"],"picked":"hexamod:UnlimitedPower","floor":48},{"not_picked":["hexamod:GhostLash","hexamod:BacktrackSmack"],"picked":"hexamod:NightmareStrike+1","floor":49},{"not_picked":["hexamod:BacktrackSmack","hexamod:GhostLash+1"],"picked":"hexamod:PowerFromBeyond+1","floor":49}],"player_experience":216335,"relics_obtained":[{"floor":6.0,"key":"Unceasing Top"},{"floor":10.0,"key":"Nunchaku"},{"floor":18,"key":"hexamod:SoulConsumer"},{"floor":18,"key":"conspire:BottledYoYo"},{"floor":24,"key":"Lizard Tail"},{"floor":27,"key":"Art of War"},{"floor":36,"key":"Vajra"},{"floor":38,"key":"hubris:GlazedTorus"},{"floor":39,"key":"Calipers"},{"floor":41,"key":"Bronze Scales"}],"event_choices":[{"damage_healed":0,"gold_gain":0,"cards_transformed":["Doubt"],"player_choice":"Transformed","damage_taken":0,"max_hp_gain":0,"max_hp_loss":0,"event_name":"Transmorgrifier","floor":31,"gold_loss":0,"cards_obtained":["hexamod:CrushingStance"]},{"damage_healed":0,"gold_gain":0,"player_choice":"Fight","damage_taken":0,"max_hp_gain":0,"max_hp_loss":0,"event_name":"Mysterious Sphere","floor":38,"gold_loss":0}],"is_beta":false,"boss_relics":[{"not_picked":["Snecko Eye","Runic Pyramid"],"picked":"Sozu"},{"not_picked":["hubris:BlackHole","Runic Dome"],"picked":"Tiny House"}],"items_purged_floors":[],"is_endless":false,"potions_floor_spawned":[3,6,10,16,19,22,32,33,38,43,46],"killed_by":"downfall:CharBossMerchant","ascension_level":0}}