{"host":"xb2tau8pgi8aflss","time":1608455962,"event":{"mods":["AchievementEnabler","BaseMod","Hermit","Minty Spire (QoL Compilation)","StSLib","SuperFastMode"],"gold_per_floor":[111,111,111,121,71,103,103,134,160,192,217,228,0,10,10,112,112,131,131,131,146,146,146,146],"floor_reached":23,"playtime":603,"items_purged":[],"score":321,"play_id":"b2f3e947-125a-4f63-add2-f0da4a7d3ace","local_time":"20201220181922","is_ascension_mode":true,"campfire_choices":[{"data":"Genetic Algorithm","floor":15,"key":"SMITH"}],"circlet_count":0,"master_deck":["Zap","Dualcast","Compile Driver","Conserve Battery+1","Echo Form","Genetic Algorithm+1","Conserve Battery","Sunder","Compile Driver","Echo Form","Reinforced Body","Loop","Go for the Eyes","Redo","Heatsinks","Genetic Algorithm","Rebound+1","Sunder+1","Conserve Battery"],"relics":["Cracked Core","Lizard Tail","Turnip","Strawberry","Omamori","Art of War","Bag of Preparation","Membership Card","Dream Catcher","Pandora\u0027s Box","Molten Egg 2"],"acts_visited":["Exordium","TheCity"],"potions_floor_usage":[6,18,21,23,23],"damage_taken":[{"damage":2,"enemies":"Jaw Worm","floor":1,"turns":3},{"damage":0,"enemies":"2 Louse","floor":4,"turns":2},{"damage":35,"enemies":"Gremlin Nob","floor":6,"turns":4},{"damage":9,"enemies":"Lagavulin","floor":8,"turns":7},{"damage":30,"enemies":"Gremlin Nob","floor":10,"turns":4},{"damage":3,"enemies":"Small Slimes","floor":12,"turns":3},{"damage":2,"enemies":"Looter","floor":14,"turns":4},{"damage":0,"enemies":"Slime Boss","floor":16,"turns":7},{"damage":4,"enemies":"Chosen","floor":18,"turns":5},{"damage":28,"enemies":"2 Thieves","floor":21,"turns":4},{"damage":31,"enemies":"Gremlin Leader","floor":23,"turns":5}],"seed_played":"8636916770940628602","potions_obtained":[{"floor":1,"key":"Regen Potion"},{"floor":10,"key":"SkillPotion"},{"floor":12,"key":"FocusPotion"},{"floor":14,"key":"FocusPotion"},{"floor":18,"key":"GamblersBrew"},{"floor":21,"key":"DistilledChaos"}],"is_trial":false,"path_per_floor":["M","?","?","M","?","E","T","E","T","E","T","M","$","M","R","B",null,"M","?","?","M","?","E"],"character_chosen":"DEFECT","items_purchased":["Membership Card","Dream Catcher"],"campfire_rested":0,"item_purchase_floors":[13,13],"current_hp_per_floor":[73,58,51,51,51,28,28,26,26,41,41,38,38,36,36,36,71,67,67,67,39,23,0,0],"gold":146,"neow_bonus":"THREE_CARDS","is_daily":false,"chose_seed":false,"campfire_upgraded":1,"win_rate":0.0,"timestamp":1608455962,"path_taken":["M","?","?","M","?","E","?","E","T","E","?","M","$","M","R","BOSS","M","?","?","M","?","E"],"items_purchased_type":["Relic","Relic"],"build_version":"2020-12-13","purchased_purges":0,"victory":false,"max_hp_per_floor":[75,75,75,75,75,75,75,82,82,82,82,82,82,82,82,82,82,82,82,82,82,87,87,87],"card_choices":[{"not_picked":["Streamline","Tempest"],"picked":"Compile Driver","floor":0},{"not_picked":["Go for the Eyes","Steam"],"picked":"Conserve Battery","floor":1},{"not_picked":["White Noise","Stack","Leap"],"picked":"SKIP","floor":4},{"not_picked":["Go for the Eyes","Ball Lightning"],"picked":"Echo Form","floor":6},{"not_picked":["All For One","Static Discharge"],"picked":"Genetic Algorithm","floor":8},{"not_picked":["Redo","Lockon"],"picked":"Conserve Battery","floor":10},{"not_picked":["Recycle","Rebound"],"picked":"Sunder","floor":12},{"not_picked":["Sweeping Beam","Ball Lightning"],"picked":"Compile Driver","floor":14},{"not_picked":["All For One","Creative AI"],"picked":"Echo Form","floor":16},{"not_picked":["Stack","Leap"],"picked":"Rebound+1","floor":18},{"not_picked":["Leap+1","Blizzard+1"],"picked":"Conserve Battery","floor":21}],"player_experience":750470,"relics_obtained":[{"floor":6,"key":"Lizard Tail"},{"floor":7,"key":"Turnip"},{"floor":8,"key":"Strawberry"},{"floor":9,"key":"Omamori"},{"floor":10,"key":"Art of War"},{"floor":11,"key":"Bag of Preparation"}],"event_choices":[{"damage_healed":0,"gold_gain":0,"player_choice":"Entered Light","damage_taken":15,"max_hp_gain":0,"max_hp_loss":0,"event_name":"Shining Light","floor":2,"gold_loss":0,"cards_upgraded":["Defend_B","Conserve Battery"]},{"cards_removed":["Defend_B"],"damage_healed":0,"gold_gain":0,"player_choice":"Card Removal","damage_taken":7,"max_hp_gain":0,"max_hp_loss":0,"event_name":"Golden Wing","floor":3,"gold_loss":0},{"cards_removed":["Strike_B"],"damage_healed":0,"gold_gain":0,"player_choice":"Card Removal","damage_taken":0,"max_hp_gain":0,"max_hp_loss":0,"event_name":"The Cleric","floor":5,"gold_loss":50},{"damage_healed":0,"gold_gain":0,"player_choice":"Opened","damage_taken":0,"relics_obtained":["Molten Egg 2"],"max_hp_gain":0,"max_hp_loss":0,"event_name":"The Mausoleum","floor":19,"gold_loss":0},{"damage_healed":0,"gold_gain":0,"player_choice":"Read","damage_taken":0,"max_hp_gain":0,"max_hp_loss":0,"event_name":"The Library","floor":20,"gold_loss":0,"cards_obtained":["Sunder"]},{"damage_healed":0,"gold_gain":0,"player_choice":"Shed Blood","damage_taken":21,"max_hp_gain":5,"max_hp_loss":0,"event_name":"Forgotten Altar","floor":22,"gold_loss":0}],"is_beta":false,"boss_relics":[{"not_picked":["Runic Pyramid","Empty Cage"],"picked":"Pandora\u0027s Box"}],"items_purged_floors":[],"is_endless":false,"potions_floor_spawned":[1,10,12,14,18,21],"killed_by":"Gremlin Leader","ascension_level":5}}