{"host":"xb2tau8pgi8aflss","time":1608436782,"event":{"mods":["AchievementEnabler","BaseMod","Hermit","Minty Spire (QoL Compilation)","StSLib","SuperFastMode"],"gold_per_floor":[114,133,88,104,122,122,140,140,140,152,163,191,191,211,211,218,218],"floor_reached":16,"playtime":671,"items_purged":[],"score":122,"play_id":"2db729e6-d9a1-4201-aa6a-a681a4461c3a","local_time":"20201220125942","is_ascension_mode":true,"campfire_choices":[{"data":"hermit:Scavenge","floor":6,"key":"SMITH"},{"data":"hermit:FlashPowder","floor":8,"key":"SMITH"},{"data":"hermit:Coalescence","floor":15,"key":"SMITH"}],"circlet_count":0,"master_deck":["hermit:Strike_Hermit","hermit:Strike_Hermit","hermit:Strike_Hermit","hermit:Strike_Hermit","hermit:Defend_Hermit","hermit:Defend_Hermit","hermit:Defend_Hermit","hermit:Defend_Hermit","hermit:Snapshot","hermit:Covet","hermit:Glare","hermit:ItchyTrigger","hermit:ItchyTrigger","hermit:ItchyTrigger","hermit:Scavenge+1","hermit:FlashPowder+1","hermit:Vantage","hermit:GhostlyPresence","hermit:Coalescence+1","Parasite","hermit:Snipe"],"relics":["hermit:Momento","InkBottle","Kunai"],"acts_visited":[],"potions_floor_usage":[12,12],"damage_taken":[{"damage":0,"enemies":"Cultist","floor":1,"turns":3},{"damage":6,"enemies":"2 Louse","floor":2,"turns":4},{"damage":7,"enemies":"Jaw Worm","floor":4,"turns":3},{"damage":9,"enemies":"Blue Slaver","floor":5,"turns":2},{"damage":15,"enemies":"Lots of Slimes","floor":7,"turns":4},{"damage":5,"enemies":"2 Fungi Beasts","floor":10,"turns":4},{"damage":3,"enemies":"Blue Slaver","floor":11,"turns":3},{"damage":32,"enemies":"Gremlin Nob","floor":12,"turns":5},{"damage":3,"enemies":"Exordium Wildlife","floor":14,"turns":5},{"damage":61,"enemies":"Slime Boss","floor":16,"turns":13}],"seed_played":"8159776672252478401","potions_obtained":[{"floor":1,"key":"ColorlessPotion"},{"floor":7,"key":"SteroidPotion"},{"floor":10,"key":"hermit:Tonic"},{"floor":12,"key":"FairyPotion"}],"is_trial":false,"path_per_floor":["M","M","$","M","M","R","M","R","T","M","M","E","?","M","R","B"],"character_chosen":"HERMIT","items_purchased":["hermit:ItchyTrigger"],"campfire_rested":0,"item_purchase_floors":[3],"current_hp_per_floor":[82,76,76,69,60,60,45,45,45,40,37,5,25,22,22,0,0],"gold":218,"neow_bonus":"TEN_PERCENT_HP_BONUS","is_daily":false,"chose_seed":false,"campfire_upgraded":3,"win_rate":0.0,"timestamp":1608436782,"path_taken":["M","M","$","?","M","R","M","R","T","M","M","E","?","M","R","BOSS"],"items_purchased_type":["Card"],"build_version":"2020-12-13","purchased_purges":0,"victory":false,"max_hp_per_floor":[82,82,82,82,82,82,82,82,82,82,82,82,82,82,82,82,82],"card_choices":[{"not_picked":["hermit:Midnight","hermit:Feint"],"picked":"hermit:Glare","floor":1},{"not_picked":["hermit:PistolWhip","hermit:HoleUp"],"picked":"hermit:ItchyTrigger","floor":2},{"not_picked":["hermit:Desperado","hermit:Feint"],"picked":"hermit:ItchyTrigger","floor":4},{"not_picked":["hermit:Grudge","hermit:ShadowCloak"],"picked":"hermit:Scavenge","floor":5},{"not_picked":["hermit:Showdown","hermit:Manifest"],"picked":"hermit:FlashPowder","floor":7},{"not_picked":["hermit:Feint","hermit:BodyArmor"],"picked":"hermit:Vantage","floor":10},{"not_picked":["hermit:EyeOfTheStorm","hermit:DeadMansHand"],"picked":"hermit:GhostlyPresence","floor":11},{"not_picked":["hermit:Glare","hermit:Spite"],"picked":"hermit:Coalescence","floor":12},{"not_picked":["hermit:Roulette","hermit:Glare"],"picked":"hermit:Snipe","floor":14}],"player_experience":744627,"relics_obtained":[{"floor":9,"key":"InkBottle"},{"floor":12,"key":"Kunai"}],"event_choices":[{"damage_healed":20,"gold_gain":0,"player_choice":"Healed and dodged fight","damage_taken":0,"max_hp_gain":0,"max_hp_loss":0,"event_name":"Mushrooms","floor":13,"gold_loss":0,"cards_obtained":["Parasite"]}],"is_beta":false,"boss_relics":[],"items_purged_floors":[],"is_endless":false,"potions_floor_spawned":[1,7,10,12],"killed_by":"Slime Boss","ascension_level":3}}