{"host":"5z7rhcocprldured","time":1608490475,"event":{"mods":["2.2 Compatiblity","AchievementEnabler","BaseMod","Best Route Mod","Better Altar","Better Match","Better Note","Better Sensory Stone","Better Skull","Better Third Choice","BetterRewards","Block Reminder","Colored Map","Colored Powertips","Emptier Cage","Googly Eyes","Hermit","Minty Spire (QoL Compilation)","Permanent Neow","Potionbrewer","Rare Cards Sparkle","StSLib","Synergy Search","The Hierophant","The Runesmith","Unceasing Turn Reminder"],"gold_per_floor":[111,186,186,196,196,196,196,196],"floor_reached":7,"playtime":327,"items_purged":[],"score":39,"play_id":"87ba0e45-5313-4b94-a9b8-7f27d99f68d4","local_time":"20201220185435","is_ascension_mode":false,"campfire_choices":[{"data":"Dualcast","floor":6,"key":"SMITH"}],"circlet_count":0,"master_deck":["Strike_B","Defend_B","Defend_B","Defend_B","Zap","Dualcast+1","Coolheaded","Redo"],"relics":["Empty Cage"],"acts_visited":["Exordium"],"potions_floor_usage":[],"damage_taken":[{"damage":7,"enemies":"Jaw Worm","floor":1,"turns":5},{"damage":2,"enemies":"Cultist","floor":4,"turns":4},{"damage":33,"enemies":"3 Sentries","floor":7,"turns":9}],"seed_played":"2539248287666577348","potions_obtained":[{"floor":4,"key":"potionbrewer:EndurancePotion"}],"is_trial":false,"path_per_floor":["M","?","?","M","$","R","E"],"character_chosen":"DEFECT","items_purchased":[],"campfire_rested":0,"item_purchase_floors":[],"current_hp_per_floor":[68,57,50,48,48,48,15,15],"gold":196,"neow_bonus":"BOSS_RELIC","is_daily":false,"chose_seed":false,"campfire_upgraded":1,"win_rate":0.0,"timestamp":1608490475,"path_taken":["M","?","?","M","?","R","E"],"items_purchased_type":[],"build_version":"2020-12-13","purchased_purges":0,"victory":false,"max_hp_per_floor":[75,75,75,75,75,75,75,75],"card_choices":[{"not_picked":["Rebound","Barrage"],"picked":"Coolheaded","floor":1},{"not_picked":["Steam","Barrage"],"picked":"Redo","floor":4}],"player_experience":145317,"relics_obtained":[],"event_choices":[{"damage_healed":0,"gold_gain":75,"player_choice":"Gold","damage_taken":11,"max_hp_gain":0,"max_hp_loss":0,"event_name":"betterThird:BetterGoop","floor":2,"gold_loss":0},{"cards_removed":["Strike_B"],"damage_healed":0,"gold_gain":0,"player_choice":"Card Removal","damage_taken":7,"max_hp_gain":0,"max_hp_loss":0,"event_name":"Golden Wing","floor":3,"gold_loss":0}],"is_beta":false,"boss_relics":[],"items_purged_floors":[],"is_endless":false,"potions_floor_spawned":[4],"killed_by":"3 Sentries","ascension_level":0}}