{"host":"sst22apzgpn07t8v","time":1608439647,"event":{"mods":["Act Like it!","BaseMod","Downfall","Hallownest","HololiveMod","Lobotomy","LobotomyExtend","Minty Spire (QoL Compilation)","Prisma Mod","Quick Restart","Replay The Spire","Shop Mod","StSLib","[IsaacMod]à»éTêÎìÉ"],"gold_per_floor":[99,99,131,131,131,107,130,147,161,161,261,47,61,61,78,181,181,181,181,197,197],"floor_reached":20,"playtime":1341,"items_purged":["PrismaMod:ChloeCommonDefend","PrismaMod:ChloeExhaustTwo","PrismaMod:ChloeEyeOfTheEuryale"],"score":195,"play_id":"1c76747b-5c7b-4085-840c-af47a88c7d0e","local_time":"20201220124727","is_ascension_mode":false,"campfire_choices":[{"data":"DoctorFetus","floor":1,"key":"SMITH"},{"data":"PrismaMod:ChloeCheapDefend","floor":4,"key":"SMITH"},{"data":"PrismaMod:ChloeCheapDefendTwo","floor":10,"key":"SMITH"},{"data":"PrismaMod:ChloeCheapDefend","floor":18,"key":"SMITH"}],"circlet_count":0,"master_deck":["PrismaMod:ChloeCommonAttack","PrismaMod:ChloeCommonAttack","PrismaMod:ChloeCommonAttack","PrismaMod:ChloeCommonAttack","PrismaMod:ChloeCommonDefend","PrismaMod:ChloeCommonDefend","PrismaMod:ChloeCommonDefend","PrismaMod:ChloeCommonDefend","PrismaMod:ChloeCheapAttack","PrismaMod:ChloeCheapDefend+1","DoctorFetus+1","PrismaMod:ChloeExhaustOne","PrismaMod:ChloeExhaustOne","PrismaMod:ChloeCheapAttackTwo","PrismaMod:ChloeCheapAttackTwo","PrismaMod:ChloeEyeOfTheEuryale","PrismaMod:ChloeCheapDefendTwo+1","PrismaMod:ChloeExhaustTwo","PrismaMod:ChloeCheapDefendTwo","PrismaMod:ChloeExcalibur+1","PrismaMod:ChloeCheapDefend+1","PrismaMod:ChloeCarnivalDefend","PrismaMod:ChloeCheapAttackTwo","PrismaMod:ChloeAnyPowerTrace","PrismaMod:ChloeCheapAttack","expansioncontent:DonusPower","Crow Ritual"],"relics":["PrismaMod:PrismaTraceOn","HushsDoor","downfall:HeartsMalice","Counterbalance","Smiling Mask","Leech","Honey Jar","MegaBlast"],"acts_visited":["Exordium","TheCity"],"potions_floor_usage":[],"damage_taken":[{"damage":0,"enemies":"3 Sentries","floor":3,"turns":1},{"damage":0,"enemies":"downfall:FleeingMerchant","floor":5,"turns":1},{"damage":0,"enemies":"downfall:FleeingMerchant","floor":6,"turns":1},{"damage":0,"enemies":"Jaw Worm","floor":8,"turns":3},{"damage":1,"enemies":"2 Louse","floor":9,"turns":2},{"damage":4,"enemies":"downfall:FleeingMerchant","floor":12,"turns":5},{"damage":0,"enemies":"Cultist","floor":13,"turns":2},{"damage":2,"enemies":"Gremlin Gang","floor":15,"turns":4},{"damage":35,"enemies":"downfall:Silent","floor":16,"turns":5},{"damage":0,"enemies":"Chosen","floor":20,"turns":4}],"seed_played":"-2771626749520880615","potions_obtained":[{"floor":8,"key":"Cursed Concoction"},{"floor":13,"key":"BlessingOfTheForge"},{"floor":15,"key":"Adrenaline Potion"},{"floor":20,"key":"Slimebound:ThreeZeroPotion"}],"is_trial":false,"path_per_floor":["R","?","E","R","$","$","T","M","M","R","?","$","M","?","M","B",null,"R","?","M"],"character_chosen":"CHLOE","items_purchased":["PrismaMod:ChloeCheapAttackTwo","PrismaMod:ChloeExcalibur+1","MegaBlast","PrismaMod:ChloeCheapAttack","expansioncontent:DonusPower","Crow Ritual"],"campfire_rested":0,"item_purchase_floors":[6,12,17,17,17,17],"current_hp_per_floor":[75,75,75,75,75,75,75,75,77,77,77,73,73,73,74,43,31,31,31,31,31],"gold":197,"neow_bonus":"THREE_ENEMY_KILL","is_daily":false,"chose_seed":false,"campfire_upgraded":4,"win_rate":0.0,"timestamp":1608439647,"path_taken":["R","?","E","R","$","$","T","?","?","R","?","$","?","?","M","BOSS","R","?","M"],"items_purchased_type":["Card","Card","Relic","Card","Card","Card"],"build_version":"2020-12-13","purchased_purges":3,"victory":false,"max_hp_per_floor":[75,75,75,75,75,75,75,75,78,78,78,78,78,78,78,78,31,31,31,31,31],"card_choices":[{"not_picked":[],"picked":"DoctorFetus","floor":0},{"not_picked":["PrismaMod:ChloeCheapDefend","PrismaMod:ChloeDiscardRecovery"],"picked":"PrismaMod:ChloeExhaustOne","floor":3},{"not_picked":["PrismaMod:ChloeAnyAttackTrace","PrismaMod:ChloeRitsuka"],"picked":"PrismaMod:ChloeExhaustOne","floor":5},{"not_picked":["Bomb","PrismaMod:ChloeCommonAOEAttack"],"picked":"PrismaMod:ChloeCheapAttackTwo","floor":6},{"not_picked":["PrismaMod:ChloeRhongomyniad","PrismaMod:ChloeMordred"],"picked":"PrismaMod:ChloeEyeOfTheEuryale","floor":8},{"not_picked":["PrismaMod:ChloeCheapAttack","PrismaMod:ChloeGaeBolg"],"picked":"PrismaMod:ChloeCheapDefendTwo","floor":9},{"not_picked":["PrismaMod:ChloeDemonicTutor","PrismaMod:ChloeRuleBreaker"],"picked":"PrismaMod:ChloeExhaustTwo","floor":11},{"not_picked":["Bomb","PrismaMod:ChloeUncommonAttack"],"picked":"PrismaMod:ChloeCheapDefendTwo","floor":12},{"not_picked":["PrismaMod:ChloeRhongomyniad","PrismaMod:ChloeCheapAttack"],"picked":"PrismaMod:ChloeCheapDefend","floor":13},{"not_picked":["PrismaMod:ChloeCommonAOEAttack","PrismaMod:ChloeBetterTracePools"],"picked":"PrismaMod:ChloeCheapAttackTwo","floor":15},{"not_picked":["PrismaMod:ChloeHalloween","PrismaMod:ChloeAnySkillTrace"],"picked":"PrismaMod:ChloeAnyPowerTrace","floor":16}],"player_experience":183052,"relics_obtained":[{"floor":3,"key":"Counterbalance"},{"floor":7,"key":"Smiling Mask"}],"event_choices":[{"damage_healed":0,"gold_gain":0,"cards_transformed":["PrismaMod:ChloeCommonDefend"],"player_choice":"Transformed","damage_taken":0,"max_hp_gain":0,"max_hp_loss":0,"event_name":"Transmorgrifier","floor":14,"gold_loss":0,"cards_obtained":["PrismaMod:ChloeCarnivalDefend"]}],"is_beta":false,"boss_relics":[{"not_picked":["Runic Dome","SacredBark"],"picked":"Honey Jar"},{"not_picked":[]}],"items_purged_floors":[12,12,12],"is_endless":false,"potions_floor_spawned":[8,13,15,20],"killed_by":"Chosen","ascension_level":0}}