{"host":"2wytbkhub5k7dnm7","time":1608471040,"event":{"mods":["BaseMod","Keyboard Shortcuts","Minty Spire (QoL Compilation)"],"gold_per_floor":[115,128,177,177,194,224,224,255,337,370,370,390,390,402,402,402,402],"floor_reached":16,"playtime":611,"items_purged":[],"score":150,"play_id":"fc0a5633-a310-46d0-bf41-563605956222","local_time":"20201220133040","is_ascension_mode":true,"campfire_choices":[{"data":"Bash","floor":7,"key":"SMITH"},{"data":"Hemokinesis","floor":15,"key":"SMITH"}],"circlet_count":0,"master_deck":["Strike_R","Strike_R","Strike_R","Defend_R","Defend_R","Defend_R","Defend_R","Bash+1","Hemokinesis+1","Evolve","Headbutt","Fiend Fire","Whirlwind","Exhume","Power Through","Infernal Blade"],"relics":["Burning Blood","Red Skull","Bag of Preparation","InkBottle","Ornamental Fan","Eternal Feather","Pen Nib","Lantern"],"acts_visited":["Exordium"],"potions_floor_usage":[6,16],"damage_taken":[{"damage":6,"enemies":"Cultist","floor":1,"turns":3},{"damage":7,"enemies":"Small Slimes","floor":2,"turns":4},{"damage":5,"enemies":"Jaw Worm","floor":5,"turns":4},{"damage":37,"enemies":"3 Sentries","floor":6,"turns":5},{"damage":18,"enemies":"Gremlin Nob","floor":8,"turns":3},{"damage":18,"enemies":"Lagavulin","floor":10,"turns":3},{"damage":3,"enemies":"Blue Slaver","floor":12,"turns":2},{"damage":0,"enemies":"Exordium Thugs","floor":14,"turns":3},{"damage":44,"enemies":"The Guardian","floor":16,"turns":9}],"seed_played":"4191712405456227522","potions_obtained":[{"floor":2,"key":"PowerPotion"},{"floor":8,"key":"SmokeBomb"},{"floor":12,"key":"Dexterity Potion"}],"is_trial":false,"path_per_floor":["M","M","T","?","M","E","R","E","T","E","?","M","T","M","R","B"],"character_chosen":"IRONCLAD","items_purchased":[],"campfire_rested":0,"item_purchase_floors":[],"current_hp_per_floor":[80,79,79,79,80,49,49,37,37,25,25,28,28,34,43,0,0],"gold":402,"neow_bonus":"RANDOM_COMMON_RELIC","is_daily":false,"chose_seed":false,"campfire_upgraded":2,"win_rate":0.0,"timestamp":1608471040,"path_taken":["M","M","?","?","?","E","R","E","T","E","?","M","?","M","R","BOSS"],"items_purchased_type":[],"build_version":"2020-12-13","purchased_purges":0,"victory":false,"max_hp_per_floor":[80,80,80,80,80,80,80,80,80,80,80,80,80,80,80,80,80],"card_choices":[{"not_picked":["Cleave","True Grit","Rupture"],"picked":"SKIP","floor":1},{"not_picked":["Combust","Dropkick"],"picked":"Hemokinesis","floor":2},{"not_picked":["Clash","Flex"],"picked":"Headbutt","floor":5},{"not_picked":["Thunderclap","Feel No Pain"],"picked":"Fiend Fire","floor":6},{"not_picked":["Bloodletting","Flex"],"picked":"Whirlwind","floor":8},{"not_picked":["Warcry","Second Wind"],"picked":"Exhume","floor":10},{"not_picked":["Clothesline","Wild Strike"],"picked":"Infernal Blade","floor":12},{"not_picked":["Flex","Iron Wave","Dropkick"],"picked":"SKIP","floor":14}],"player_experience":158869,"relics_obtained":[{"floor":3,"key":"Bag of Preparation"},{"floor":6,"key":"InkBottle"},{"floor":8,"key":"Ornamental Fan"},{"floor":9,"key":"Eternal Feather"},{"floor":10,"key":"Pen Nib"},{"floor":13,"key":"Lantern"}],"event_choices":[{"damage_healed":0,"gold_gain":0,"cards_transformed":["Strike_R"],"player_choice":"Transformed","damage_taken":0,"max_hp_gain":0,"max_hp_loss":0,"event_name":"Transmorgrifier","floor":4,"gold_loss":0,"cards_obtained":["Evolve"]},{"damage_healed":0,"gold_gain":0,"cards_transformed":["Strike_R"],"player_choice":"Change","damage_taken":0,"max_hp_gain":0,"max_hp_loss":0,"event_name":"Living Wall","floor":11,"gold_loss":0,"cards_obtained":["Power Through"]}],"is_beta":false,"boss_relics":[],"items_purged_floors":[],"is_endless":false,"potions_floor_spawned":[2,8,12],"killed_by":"The Guardian","ascension_level":5}}