{"host":"mi0eibewekhugwl1","time":1608482561,"event":{"mods":["AchievementEnabler","BaseMod","Colored Map","Colored Powertips","DeckTracker","Keyboard Shortcuts","Minty Spire (QoL Compilation)","Quick Restart","Rare Cards Sparkle","Relic Stats","StSLib","SuperFastMode","everything is the same but u backflip on backflip"],"gold_per_floor":[110,110,2,2,20,57,57,84,107,107,124,124,152,163,163,246,246,266,181,181,210,210,210],"floor_reached":22,"playtime":349,"items_purged":["Strike_B"],"score":447,"play_id":"486bc911-5831-4553-b655-a17a8f09ecbf","local_time":"20201221014241","is_ascension_mode":true,"campfire_choices":[{"data":"Zap","floor":7.0,"key":"SMITH"},{"data":"Chaos","floor":10.0,"key":"SMITH"},{"data":"Beam Cell","floor":15.0,"key":"SMITH"}],"circlet_count":0,"master_deck":["AscendersBane","Strike_B","Strike_B","Strike_B","Defend_B","Defend_B","Defend_B","Defend_B","Zap+1","Dualcast","Chaos+1","Gash","Hologram+1","Beam Cell+1","Electrodynamics","Chill","Go for the Eyes"],"relics":["Cracked Core","NeowsBlessing","CeramicFish","FaceOfCleric","Pear","Blood Vial","Inserter","Nloth\u0027s Gift"],"acts_visited":["Exordium","TheCity"],"potions_floor_usage":[16,22],"damage_taken":[{"damage":0.0,"enemies":"2 Louse","floor":1.0,"turns":1.0},{"damage":0.0,"enemies":"Jaw Worm","floor":5.0,"turns":1.0},{"damage":0.0,"enemies":"3 Sentries","floor":6.0,"turns":1.0},{"damage":1.0,"enemies":"Cultist","floor":8.0,"turns":4.0},{"damage":18.0,"enemies":"Large Slime","floor":11.0,"turns":5.0},{"damage":1.0,"enemies":"Looter","floor":13.0,"turns":2.0},{"damage":9.0,"enemies":"Red Slaver","floor":14.0,"turns":3.0},{"damage":29,"enemies":"Hexaghost","floor":16,"turns":10},{"damage":19,"enemies":"Spheric Guardian","floor":18,"turns":5},{"damage":23,"enemies":"Chosen","floor":21,"turns":8},{"damage":37,"enemies":"Snake Plant","floor":22,"turns":5}],"seed_played":"4075793346688225556","potions_obtained":[{"floor":6.0,"key":"Block Potion"},{"floor":11.0,"key":"FocusPotion"}],"is_trial":false,"path_per_floor":["M","?","$","?","M","E","R","M","T","R","M","?","M","M","R","B",null,"M","?","?","M","M"],"character_chosen":"DEFECT","items_purchased":["Chaos"],"campfire_rested":0,"item_purchase_floors":[3],"current_hp_per_floor":[64,38,38,38,39,50,50,50,50,50,35,35,37,31,31,5,67,51,51,51,31,0,0],"gold":210,"neow_bonus":"THREE_ENEMY_KILL","is_daily":false,"chose_seed":false,"campfire_upgraded":3,"win_rate":0.0,"timestamp":1608482561,"path_taken":["M","?","$","?","?","E","R","M","T","R","M","?","M","M","R","BOSS","M","?","?","M","M"],"items_purchased_type":["Card"],"build_version":"2020-12-13","purchased_purges":1,"victory":false,"max_hp_per_floor":[71,71,71,71,72,83,83,84,84,84,85,85,86,87,87,88,88,89,89,89,90,90,90],"relic_stats":{"Blood Vial":14,"Inserter":[9],"FaceOfCleric":9,"counters":[11,45],"CeramicFish":63,"Nloth\u0027s Gift":0,"obtain_stats":[{"Blood Vial":9,"Pear":6,"Inserter":17,"NeowsBlessing":0,"FaceOfCleric":4,"CeramicFish":2,"Vajra":19,"Nloth\u0027s Gift":20,"Cracked Core":0},{"Blood Vial":4,"Pear":3,"Inserter":8,"NeowsBlessing":0,"FaceOfCleric":1,"CeramicFish":1,"Vajra":9,"Nloth\u0027s Gift":9,"Cracked Core":0},{"Blood Vial":7,"Pear":3,"Inserter":27,"NeowsBlessing":0,"FaceOfCleric":1,"CeramicFish":1,"Vajra":32,"Nloth\u0027s Gift":32,"Cracked Core":0}]},"card_choices":[{"not_picked":["Rebound","Fusion","Scrape"],"picked":"SKIP","floor":1.0},{"not_picked":["Scrape","Leap","Stack"],"picked":"SKIP","floor":5.0},{"not_picked":["Coolheaded","Go for the Eyes"],"picked":"Gash","floor":6.0},{"not_picked":["Turbo","Buffer"],"picked":"Hologram","floor":8.0},{"not_picked":["Hologram","Hello World","Rebound"],"picked":"SKIP","floor":11.0},{"not_picked":["Melter","Coolheaded"],"picked":"Beam Cell","floor":13.0},{"not_picked":["Barrage","Hologram","Blizzard"],"picked":"SKIP","floor":14.0},{"not_picked":["Seek","Biased Cognition"],"picked":"Electrodynamics","floor":16},{"not_picked":["Recycle","Compile Driver"],"picked":"Chill","floor":18},{"not_picked":["Leap","Stack"],"picked":"Go for the Eyes","floor":21}],"player_experience":1695172,"relics_obtained":[{"floor":6.0,"key":"Pear"},{"floor":9.0,"key":"Blood Vial"}],"event_choices":[{"damage_healed":0.0,"max_hp_gain":0.0,"max_hp_loss":0.0,"gold_gain":0.0,"event_name":"Scrap Ooze","player_choice":"Success","floor":2.0,"gold_loss":0.0,"damage_taken":26.0,"relics_obtained":["CeramicFish"]},{"damage_healed":0.0,"max_hp_gain":0.0,"max_hp_loss":0.0,"gold_gain":0.0,"event_name":"FaceTrader","player_choice":"Trade","floor":4.0,"gold_loss":0.0,"damage_taken":0.0,"relics_obtained":["FaceOfCleric"]},{"damage_healed":0.0,"max_hp_gain":0.0,"max_hp_loss":0.0,"gold_gain":0.0,"event_name":"Living Wall","player_choice":"Grow","floor":12.0,"gold_loss":0.0,"damage_taken":0.0,"cards_upgraded":["Hologram"]},{"damage_healed":0,"gold_gain":0,"player_choice":"Obtained Relic","damage_taken":0,"relics_obtained":["Vajra"],"max_hp_gain":0,"max_hp_loss":0,"event_name":"Addict","floor":19,"gold_loss":85},{"damage_healed":0,"gold_gain":0,"player_choice":"Traded Relic","damage_taken":0,"relics_obtained":["Nloth\u0027s Gift"],"max_hp_gain":0,"max_hp_loss":0,"event_name":"N\u0027loth","floor":20,"relics_lost":["Vajra"],"gold_loss":0}],"is_beta":false,"boss_relics":[{"not_picked":["Coffee Dripper","SacredBark"],"picked":"Inserter"}],"items_purged_floors":[3],"is_endless":false,"potions_floor_spawned":[6,11,14],"killed_by":"Snake Plant","ascension_level":20}}