{"host":"kdt6w7ix8lwe69i9","time":1608474194,"event":{"mods":["Bartender","BaseMod","Downfall","Fiend Mod","Jorbs\u0027s Wanderer Trilogy","Minty Spire (QoL Compilation)","Reimu（博丽灵梦）","Robot Space Explorer","StSLib","The Cursed","The Disciple","The Dragon Tamer","The Druid","The Elementalist","The Forsaken","The Gatherer","The Judge","TheBandit"],"gold_per_floor":[114,124,144,144,156,187,187,202,277,277,290,307,357,375,375,470,470,484,484,86,86,104,104,132,132,132,132,144,144,144,164,164,164,164,164],"floor_reached":33,"playtime":3768,"items_purged":[],"score":269,"play_id":"8bb736b9-7964-4eb6-9fda-264dab086b5a","local_time":"20201220092314","is_ascension_mode":false,"metric_token":1171,"campfire_choices":[{"floor":7,"key":"REST"},{"floor":10,"key":"REST"},{"data":"DTMod:PurifyingFlame","floor":15,"key":"SMITH"},{"floor":23,"key":"REST"},{"floor":25,"key":"REST"},{"floor":27,"key":"REST"},{"floor":32,"key":"REST"}],"dtmod_dragon_data":[0,50,2,-1,4,0],"circlet_count":0,"master_deck":["DTMod:Strike","DTMod:DoubleHit","DTMod:TargetDefense","DTMod:SwitchingTactic","DTMod:DeepFocus+1","DTMod:CrossStep+1","DTMod:RunningTactic+1","DTMod:BalancedStrike","DTMod:InvisibleFlame","DTMod:WarmUp","DTMod:Threaten","DTMod:CalculatedDefense","DTMod:ForkedFire","DTMod:Cover","DTMod:Feint","DTMod:PurifyingFlame+1","DTMod:Multitask","DTMod:Coolant","DTMod:DragonDance","DTMod:CleansingStrike","DTMod:QuickFly","expansioncontent:DefensiveMode","Writhe","DTMod:FlameSlash+1","DTMod:Dissolve","DTMod:ComboAttack","DTMod:DeepFocus","DTMod:RecklessFlurry","DTMod:DarkBreath"],"relics":["Astrolabe","Eternal Feather","CrazyTorch:ReiMu","Sozu","Bronze Scales","Lizard Tail","Orichalcum","Thread and Needle","Enchiridion"],"acts_visited":["Exordium","TheCity"],"potions_floor_usage":[3,6,8,12,14],"damage_taken":[{"damage":0,"enemies":"Small Slimes","floor":1,"turns":6},{"damage":0,"enemies":"Cultist","floor":2,"turns":4},{"damage":0,"enemies":"2 Louse","floor":3,"turns":2},{"damage":3,"enemies":"2 Fungi Beasts","floor":5,"turns":3},{"damage":36,"enemies":"Gremlin Nob","floor":6,"turns":6},{"damage":8,"enemies":"Large Slime","floor":8,"turns":6},{"damage":0,"enemies":"3 Louse","floor":11,"turns":2},{"damage":1,"enemies":"Blue Slaver","floor":12,"turns":4},{"damage":0,"enemies":"2 Fungi Beasts","floor":14,"turns":4},{"damage":1,"enemies":"Slime Boss","floor":16,"turns":8},{"damage":14,"enemies":"2 Thieves","floor":18,"turns":4},{"damage":10,"enemies":"Shell Parasite","floor":22,"turns":6},{"damage":42,"enemies":"Slavers","floor":24,"turns":8},{"damage":0,"enemies":"Cultist and Chosen","floor":28,"turns":4},{"damage":0,"enemies":"Centurion and Healer","floor":31,"turns":6},{"damage":91,"enemies":"Collector","floor":33,"turns":10}],"seed_played":"-7915076945436145293","potions_obtained":[{"floor":1,"key":"ColorlessPotion"},{"floor":3,"key":"Regen Potion"},{"floor":6,"key":"ZuzhouPotion:ReiMu"},{"floor":11,"key":"LiquidMemories"},{"floor":12,"key":"FearPotion"}],"is_trial":false,"path_per_floor":["M","M","M","?","M","E","R","M","T","R","M","M","?","M","R","B",null,"M","?","$","?","M","R","E","R","T","R","M","?","?","M","R","B"],"character_chosen":"THE_DT","items_purchased":["Bronze Scales","DTMod:DragonDance","DTMod:CleansingStrike","DTMod:QuickFly","expansioncontent:DefensiveMode"],"campfire_rested":6,"item_purchase_floors":[20,20,20,20,20],"current_hp_per_floor":[45,45,45,45,42,6,25,17,17,39,39,38,38,38,45,44,45,31,25,25,25,15,45,3,33,33,50,50,50,34,34,50,0,0,0],"gold":164,"neow_bonus":"BOSS_RELIC","is_daily":false,"chose_seed":false,"campfire_upgraded":1,"win_rate":0.0,"timestamp":1608474194,"path_taken":["M","M","M","?","M","E","R","M","T","R","?","M","?","M","R","BOSS","M","?","$","?","M","R","E","R","T","R","M","?","?","M","R","BOSS"],"items_purchased_type":["Relic","Card","Card","Card","Card"],"build_version":"2020-12-13","purchased_purges":0,"victory":false,"max_hp_per_floor":[45,45,45,45,45,45,45,45,45,45,45,45,45,45,45,45,45,45,50,50,50,50,50,50,50,50,50,50,50,50,50,50,50,50,50],"card_choices":[{"not_picked":["DTMod:Threaten","DTMod:TauntingStrike"],"picked":"DTMod:BalancedStrike","floor":1},{"not_picked":["DTMod:BreakAttack","DTMod:BizarreTactic"],"picked":"DTMod:InvisibleFlame","floor":2},{"not_picked":["DTMod:MasterPlan","DTMod:TauntingStrike"],"picked":"DTMod:WarmUp","floor":3},{"not_picked":["DTMod:LastStand","DTMod:BurningForce"],"picked":"DTMod:Threaten","floor":5},{"not_picked":["DTMod:BlazingStrike","DTMod:WarmUp"],"picked":"DTMod:CalculatedDefense","floor":6},{"not_picked":["DTMod:Overwhelm","DTMod:MasterPlan"],"picked":"DTMod:ForkedFire","floor":8},{"not_picked":["DTMod:MasterPlan","DTMod:Weaken"],"picked":"DTMod:Cover","floor":11},{"not_picked":["DTMod:StunTrap","DTMod:Hide"],"picked":"DTMod:Feint","floor":12},{"not_picked":["DTMod:Threaten","DTMod:CalculatedDefense"],"picked":"DTMod:PurifyingFlame","floor":14},{"not_picked":["DTMod:GearUp","DTMod:Prediction"],"picked":"DTMod:Multitask","floor":16},{"not_picked":["DTMod:BlazingStrike+1","DTMod:ForkedFire"],"picked":"DTMod:Coolant","floor":18},{"not_picked":["DTMod:Threaten","DTMod:Weaken+1"],"picked":"DTMod:FlameSlash+1","floor":22},{"not_picked":["DTMod:MasterPlan","DTMod:MagicField"],"picked":"DTMod:Dissolve","floor":24},{"not_picked":["DTMod:MagicField","DTMod:Overwhelm"],"picked":"DTMod:ComboAttack","floor":28},{"not_picked":["DTMod:Hide","DTMod:DeepFocus"],"picked":"DTMod:DarkBreath","floor":31}],"player_experience":1550143,"relics_obtained":[{"floor":6,"key":"Eternal Feather"},{"floor":9,"key":"CrazyTorch:ReiMu"},{"floor":24,"key":"Orichalcum"},{"floor":26,"key":"Thread and Needle"},{"floor":30,"key":"Enchiridion"}],"event_choices":[{"cards_removed":["DTMod:TargetDefense"],"damage_healed":0,"gold_gain":0,"player_choice":"Purged","damage_taken":0,"max_hp_gain":0,"max_hp_loss":0,"event_name":"Purifier","floor":4,"gold_loss":0},{"damage_healed":0,"gold_gain":0,"player_choice":"Shed Blood","damage_taken":11,"max_hp_gain":5,"max_hp_loss":0,"event_name":"Forgotten Altar","floor":19,"gold_loss":0},{"damage_healed":0,"gold_gain":0,"player_choice":"Opened","damage_taken":0,"relics_obtained":["Lizard Tail"],"max_hp_gain":0,"max_hp_loss":0,"event_name":"The Mausoleum","floor":21,"gold_loss":0,"cards_obtained":["Writhe"]},{"damage_healed":0,"gold_gain":0,"cards_transformed":["DTMod:TargetDefense","DTMod:TargetDefense"],"player_choice":"Became Test Subject","damage_taken":0,"max_hp_gain":0,"max_hp_loss":0,"event_name":"Drug Dealer","floor":29,"gold_loss":0,"cards_obtained":["DTMod:DeepFocus","DTMod:RecklessFlurry"]},{"damage_healed":0,"gold_gain":0,"player_choice":"Obtained Book","damage_taken":16,"max_hp_gain":0,"max_hp_loss":0,"event_name":"Cursed Tome","floor":30,"gold_loss":0}],"is_beta":false,"boss_relics":[{"not_picked":["Ectoplasm","Fiend:Scarf"],"picked":"Sozu"}],"items_purged_floors":[],"is_endless":false,"potions_floor_spawned":[1,3,6,11,12,22,28],"killed_by":"Collector","ascension_level":0}}