{"host":"hione0pk5ff35p8e","time":1608459762,"event":{"mods":["AchievementEnabler","Aspiration","Bard","BaseMod","Beaked The Cultist","Better Altar","Better Match","Better Note","Better Sensory Stone","Better Skull","Better Third Choice","BetterRewards","CCEM","Clawfect","Colored Map","Conspire","Downfall","GifTheSpireLib","Googly Eyes","Halation","Hermit","Highlight Path","Hubris","Hunter ??","Infinite Spire","Jedi Mod","Jorbs\u0027s Wanderer Trilogy","Mad Scientist","Marisa????????","Mimic Mod","Minty Spire (QoL Compilation)","Permanent Neow","Rare Cards Sparkle","Replay The Spire","Shade Mod","Shop Mod","Spicy Shops","StSLib","Stuff the Spire","Td1madao Mod","The Administrix","The Blackbeard","The Bug Knight","The Construct","The Cursed","The Disciple","The Gatherer","The Hierophant","The IronCluck","The Jungle","The Mystic","The Necromancer","The Problem Sleuth","The Runesmith","The Servant 0.9.4","The Spell Scribe","The Wild Card","The Witch","Unceasing Turn Reminder","everything is the same but u backflip on backflip","slay the spire mod where everything is the same but ironclad has a cowboy hat"],"gold_per_floor":[20,30,44,62,74,100,115,149,174,174,174,174,174,184,194,194,194,298,298,312,362,373,153,153,153,164,199,199,214,214,230,242,256,256,355,355,366,366,384,60,110,138,153,153,153,153,252,277,291,316,316,421,421,421],"floor_reached":53,"playtime":4666,"items_purged":["Defend_S","Strike_S","Starlight"],"score":758,"play_id":"b8623483-8ac1-4ed7-b489-9e719a019d2e","local_time":"20201220112242","is_ascension_mode":false,"campfire_choices":[{"floor":10.0,"key":"REST"},{"floor":17.0,"key":"DIG"},{"floor":25.0,"key":"REST"},{"floor":34.0,"key":"DIG"}],"circlet_count":0,"master_deck":["Strike_S+1","Strike_S+1","Defend_S","Defend_S","Defend_S","KidneyShot","Exchange","Ricochet","SurpressingFire","Barrier","BottledTime","Dilation","Sabotage","FlawlessForm","Rearm","DoubleEdge+1","Moonlight+1","Defy+1","BottledTime","MurderousAura","Spin+1","WasteNot+1","MoonPhase","Luminosity","Unruled","TheWorld","infinitespire:DeathsTouch","Revamp+1","Read","MurderousAura","SoulSculpture"],"relics":["Uniform","aspiration:HatOfInfinitePower","Vajra","StuffTheSpire:CocoNut","Strawberry","Durian","Fusion Hammer","Whetstone","hubris:HerbalPaste","infinitespire:Eraser","Iron Hammer","Blood Vial","conspire:RoyalGoblet","hubris:HerbalPaste","Replay:Multitool","ReplayFunnel","jedi:Pinwheel","hubris:MedicalManual","Calipers","conspire:RunicOctahedron"],"acts_visited":["Exordium","TheCity","TheBeyond","Exordium"],"potions_floor_usage":[42,43,48,48,48,50],"damage_taken":[{"damage":17.0,"enemies":"infinitespire:Voidling","floor":1.0,"turns":5.0},{"damage":3.0,"enemies":"conspire:RoseBush","floor":2.0,"turns":3.0},{"damage":4.0,"enemies":"Cultist","floor":3.0,"turns":4.0},{"damage":6.0,"enemies":"Looter","floor":4.0,"turns":4.0},{"damage":4.0,"enemies":"3 Louse","floor":5.0,"turns":4.0},{"damage":12.0,"enemies":"Replay:BlueRogue","floor":6.0,"turns":1.0},{"damage":0.0,"enemies":"Blue Slaver","floor":7.0,"turns":5.0},{"damage":8.0,"enemies":"3 Sentries","floor":8.0,"turns":5.0},{"damage":8.0,"enemies":"Exordium Thugs","floor":14.0,"turns":4.0},{"damage":0.0,"enemies":"Exordium Wildlife","floor":15.0,"turns":4.0},{"damage":46.0,"enemies":"Slime Boss","floor":18.0,"turns":15.0},{"damage":0.0,"enemies":"conspire:FuzzyDice","floor":20.0,"turns":4.0},{"damage":0.0,"enemies":"2 Thieves","floor":22.0,"turns":4.0},{"damage":0.0,"enemies":"3 Cultists","floor":26.0,"turns":4.0},{"damage":2.0,"enemies":"Replay:Snechameleon","floor":27.0,"turns":5.0},{"damage":9.0,"enemies":"Centurion and Healer","floor":29.0,"turns":4.0},{"damage":0.0,"enemies":"conspire:HollyBat","floor":31.0,"turns":5.0},{"damage":0.0,"enemies":"Snake Plant","floor":32.0,"turns":3.0},{"damage":0.0,"enemies":"Snecko","floor":33.0,"turns":3.0},{"damage":5.0,"enemies":"hubris:MusketHawk","floor":35.0,"turns":6.0},{"damage":9.0,"enemies":"3 Shapes","floor":37.0,"turns":3.0},{"damage":0,"enemies":"Orb Walker","floor":39,"turns":3},{"damage":23,"enemies":"Mind Bloom Boss Battle","floor":41,"turns":6},{"damage":18,"enemies":"Nightmare","floor":42,"turns":7},{"damage":17,"enemies":"3 Darklings","floor":43,"turns":5},{"damage":0,"enemies":"Nemesis","floor":48,"turns":7},{"damage":14,"enemies":"Transient","floor":49,"turns":5},{"damage":0,"enemies":"Giant Head","floor":50,"turns":5},{"damage":6,"enemies":"Replay:Hell Engine","floor":52,"turns":10}],"seed_played":"-3408280353448209240","potions_obtained":[{"floor":1.0,"key":"Death Potion"},{"floor":2.0,"key":"BlessingOfTheForge"},{"floor":6.0,"key":"Guardian:BlockOnCardUsePotion"},{"floor":7.0,"key":"Fire Potion"},{"floor":18.0,"key":"Toxic Potion"},{"floor":22.0,"key":"PowerPotion"},{"floor":27.0,"key":"Explosive Potion"},{"floor":31.0,"key":"champ:CounterPotion"},{"floor":37.0,"key":"jedi:wingpotion"},{"floor":41,"key":"GamblersBrew"},{"floor":43,"key":"Dexterity Potion"},{"floor":46,"key":"Energy Potion"},{"floor":46,"key":"champ:CounterPotion"},{"floor":48,"key":"Swift Potion"},{"floor":52,"key":"SpeedPotion"}],"is_trial":false,"path_per_floor":["M","M","M","M","M","E","M","E","T","R","PTL","PTL","?","M","M","?","R_BF","B",null,"M","?","M","$","AVR","R","M","E","T","M","?","M","M","M","R_BF","B",null,"M","?","M","$","?","NM","M","?","T","?","R","E","M","E","R","B",null],"character_chosen":"THE_SERVANT","items_purchased":["Whetstone","hubris:HerbalPaste","MoonPhase"],"campfire_rested":2,"item_purchase_floors":[23,40,40],"current_hp_per_floor":[61,58,54,48,44,32,32,31,38,61,61,61,66,58,58,58,63,17,84,84,84,84,84,84,84,84,84,84,78,78,84,84,84,84,82,84,80,80,84,84,70,69,72,52,52,52,52,83,72,84,84,84,84,84],"gold":421,"neow_bonus":"ONE_RARE_RELIC","is_daily":false,"chose_seed":false,"campfire_upgraded":0,"win_rate":0.0,"timestamp":1608459762,"path_taken":["M","M","?","M","?","E","M","E","T","R","PTL","PTL","?","?","M","?","R_BF","BOSS","M","?","M","?","AVR","R","M","E","T","?","?","M","M","M","R_BF","BOSS","M","?","M","$","?","NM","M","?","T","?","R","E","M","E","R","BOSS"],"items_purchased_type":["Relic","Relic","Card"],"build_version":"2020-12-13","purchased_purges":3,"victory":false,"max_hp_per_floor":[65,65,65,65,65,65,65,72,79,79,79,79,79,79,79,79,84,84,84,84,84,84,84,84,84,84,84,84,84,84,84,84,84,84,84,84,84,84,84,84,84,84,84,84,84,84,84,84,84,84,84,84,84,84],"card_choices":[{"not_picked":["Defy","Revamp"],"picked":"Alleviate","floor":1.0},{"not_picked":["RealityMarble","BestPractice"],"picked":"Ricochet","floor":2.0},{"not_picked":["Desolation","Solidify"],"picked":"SurpressingFire","floor":3.0},{"not_picked":["Starlight","Snipe"],"picked":"Barrier","floor":4.0},{"not_picked":["Rearm","FastForward"],"picked":"BottledTime","floor":5.0},{"not_picked":["Defy","ShiftingGears","SpecialFormula"],"picked":"SKIP","floor":6.0},{"not_picked":["Rearm","Unruled"],"picked":"Starlight","floor":7.0},{"not_picked":["Moonlight","Ricochet"],"picked":"Dilation","floor":8.0},{"not_picked":["Contraction","ShatteredReality","TimeWarp"],"picked":"SKIP","floor":14.0},{"not_picked":["Potential","SurpressingFire"],"picked":"Sabotage","floor":15.0},{"not_picked":["LightFlow","ForgedInTime"],"picked":"FlawlessForm","floor":18.0},{"not_picked":["GearUp","Replace+1"],"picked":"Rearm","floor":20.0},{"not_picked":["Rewind+1","ShatteredReality"],"picked":"DoubleEdge+1","floor":22.0},{"not_picked":["FastForward+1","Collapse"],"picked":"Moonlight+1","floor":26.0},{"not_picked":["Unruled","Spin"],"picked":"Defy+1","floor":27.0},{"not_picked":["SurpressingFire","Replace","PendulumOfEternity"],"picked":"SKIP","floor":29.0},{"not_picked":["Rewind","Sabotage","Potential"],"picked":"SKIP","floor":31.0},{"not_picked":["TimeWarp+1","ReturningBlade+1","Comet"],"picked":"SKIP","floor":32.0},{"not_picked":["ShiftingGears","Unruled"],"picked":"BottledTime","floor":33.0},{"not_picked":["Duplication","SoulSculpture"],"picked":"MurderousAura","floor":35.0},{"not_picked":["Hightail","Comet"],"picked":"Spin+1","floor":37.0},{"not_picked":["ShatteredReality","DualDimension"],"picked":"WasteNot+1","floor":39},{"not_picked":["DoubleEdge+1","Ricochet"],"picked":"Luminosity","floor":41},{"not_picked":["Rewind+1","Hightail+1"],"picked":"Unruled","floor":42},{"not_picked":["Rearm","Revamp+1"],"picked":"TheWorld","floor":43},{"not_picked":["ReplayTheSpireMod:Chaos Vortex","infinitespire:SevenWalls"],"picked":"infinitespire:DeathsTouch","floor":44},{"not_picked":["DualDimension","Comet"],"picked":"Revamp+1","floor":48},{"not_picked":["Replace","Spin+1"],"picked":"Read","floor":49},{"not_picked":["Defy+1","Spin+1","Moonlight"],"picked":"SKIP","floor":50},{"not_picked":["PendulumOfEternity","FlawlessForm"],"picked":"SoulSculpture","floor":52}],"player_experience":1122,"relics_obtained":[{"floor":6.0,"key":"Vajra"},{"floor":8.0,"key":"StuffTheSpire:CocoNut"},{"floor":9.0,"key":"Strawberry"},{"floor":17.0,"key":"Durian"},{"floor":27.0,"key":"infinitespire:Eraser"},{"floor":28.0,"key":"Iron Hammer"},{"floor":34.0,"key":"Blood Vial"},{"floor":41,"key":"Replay:Multitool"},{"floor":42,"key":"ReplayFunnel"},{"floor":45,"key":"jedi:Pinwheel"},{"floor":48,"key":"hubris:MedicalManual"},{"floor":50,"key":"Calipers"}],"event_choices":[{"cards_removed":["Alleviate"],"damage_healed":5.0,"max_hp_gain":0.0,"max_hp_loss":0.0,"gold_gain":0.0,"event_name":"Bonfire Elementals","player_choice":"Offered Common","floor":13.0,"gold_loss":0.0,"damage_taken":0.0},{"cards_removed":["Alleviate"],"damage_healed":5.0,"max_hp_gain":0.0,"max_hp_loss":0.0,"gold_gain":0.0,"event_name":"Bonfire Elementals","player_choice":"Offered Special","floor":13.0,"gold_loss":0.0,"damage_taken":0.0},{"damage_healed":0.0,"max_hp_gain":0.0,"max_hp_loss":0.0,"gold_gain":100.0,"event_name":"The Joust","player_choice":"Bet on Murderer","floor":21.0,"gold_loss":50.0,"damage_taken":0.0},{"cards_removed":["Exchange"],"damage_healed":0.0,"max_hp_gain":0.0,"max_hp_loss":0.0,"gold_gain":0.0,"event_name":"betterNote:BetterNote","player_choice":"Give","floor":30.0,"gold_loss":0.0,"damage_taken":0.0,"cards_obtained":["None"]},{"damage_healed":0,"gold_gain":0,"player_choice":"Ignored","damage_taken":0,"max_hp_gain":0,"max_hp_loss":0,"event_name":"Tomb of Lord Red Mask","floor":38,"gold_loss":0},{"damage_healed":0,"gold_gain":0,"player_choice":"Fight","damage_taken":0,"max_hp_gain":0,"max_hp_loss":0,"event_name":"MindBloom","floor":41,"gold_loss":0},{"damage_healed":0,"gold_gain":0,"player_choice":"Got Potions","damage_taken":0,"max_hp_gain":0,"max_hp_loss":0,"event_name":"Lab","floor":46,"gold_loss":0}],"is_beta":false,"boss_relics":[{"not_picked":["StuffTheSpire:RunicConfusion","halation:ForbiddenBikini"],"picked":"Fusion Hammer"},{"not_picked":["aspiration:RunicSpoon","hubris:BlackHole"],"picked":"conspire:RoyalGoblet"},{"not_picked":["Replay:Bronze Core","Kintsugi"],"picked":"conspire:RunicOctahedron"}],"items_purged_floors":[23,24,40],"is_endless":true,"potions_floor_spawned":[1,2,6,7,18,22,27,31,37,41,43,48,52],"ascension_level":0}}