{"host":"m1ntkrf87179kmo6","time":1608493655,"event":{"mods":["BaseMod","Better Third Choice","Minty Spire (QoL Compilation)","Shade Mod","StSLib"],"gold_per_floor":[117,117,93,93,103,133,133,159,159,172,183,196,196,216,216,320,320,333,346,346,346,326,326,336,348,374,374,392,410,427,427,427,427,427],"floor_reached":33,"playtime":2352,"items_purged":[],"score":261,"play_id":"8c367fdd-7da9-475d-b9b8-7a7cc87b336c","local_time":"20201220144735","is_ascension_mode":false,"campfire_choices":[{"data":"Shade:TouchOfTheGrave","floor":7,"key":"SMITH"},{"floor":13,"key":"REST"},{"floor":15,"key":"RECALL"},{"data":"Shade:AnimateDead","floor":23,"key":"SMITH"},{"floor":27,"key":"REST"},{"floor":32,"key":"REST"}],"circlet_count":0,"master_deck":["Shade:Strike_Shade","Shade:Strike_Shade+1","Shade:Strike_Shade","Shade:Defend_Shade","Shade:Defend_Shade","Shade:Defend_Shade","Shade:Defend_Shade","Shade:AnimateDead+1","Shade:CarefulCut+1","Shade:AncientSpear","Shade:AncientSpear","Shade:TouchOfTheGrave+1","Shade:FuneraryArmor","Shade:GreyBargain","Shade:ExtraLimbs","Shade:ClawBack","Shade:Carnophage+1","Shade:GreyBargain+1","Shade:FleshToFlesh+1","Shade:GreyBargain+1","Shade:Bite_Shade+1"],"relics":["Shade:YorickSkull","Bronze Scales","Bottled Flame","Whetstone","Oddly Smooth Stone"],"acts_visited":["Exordium","TheCity"],"potions_floor_usage":[0,6,6,8,16,16,30,31,31],"damage_taken":[{"damage":0,"enemies":"Jaw Worm","floor":1,"turns":3},{"damage":0,"enemies":"Small Slimes","floor":5,"turns":3},{"damage":5,"enemies":"3 Sentries","floor":6,"turns":5},{"damage":14,"enemies":"Lagavulin","floor":8,"turns":4},{"damage":0,"enemies":"2 Louse","floor":10,"turns":2},{"damage":2,"enemies":"Large Slime","floor":11,"turns":3},{"damage":0,"enemies":"2 Fungi Beasts","floor":12,"turns":2},{"damage":0,"enemies":"Red Slaver","floor":14,"turns":4},{"damage":30,"enemies":"Hexaghost","floor":16,"turns":6},{"damage":11,"enemies":"2 Thieves","floor":18,"turns":3},{"damage":3,"enemies":"Shell Parasite","floor":19,"turns":5},{"damage":16,"enemies":"Snake Plant","floor":24,"turns":4},{"damage":24,"enemies":"Shelled Parasite and Fungi","floor":25,"turns":7},{"damage":0,"enemies":"Chosen and Byrds","floor":28,"turns":4},{"damage":1,"enemies":"Sentry and Sphere","floor":29,"turns":5},{"damage":0,"enemies":"Snecko","floor":30,"turns":4},{"damage":6,"enemies":"Colosseum Slavers","floor":31,"turns":6},{"damage":109,"enemies":"Collector","floor":33,"turns":15}],"seed_played":"8553170384464343793","potions_obtained":[{"floor":0,"key":"LiquidBronze"},{"floor":0,"key":"Fruit Juice"},{"floor":0,"key":"Block Potion"},{"floor":1,"key":"EssenceOfSteel"},{"floor":12,"key":"CultistPotion"},{"floor":14,"key":"Regen Potion"},{"floor":18,"key":"Ancient Potion"},{"floor":19,"key":"LiquidBronze"},{"floor":22,"key":"FairyPotion"},{"floor":30,"key":"GamblersBrew"}],"is_trial":false,"path_per_floor":["M","?","$","?","M","E","R","E","T","M","M","M","R","M","R","B",null,"M","M","?","?","?","R","M","M","T","R","M","M","M","?","R","B"],"character_chosen":"SHADE","items_purchased":["Shade:AncientSpear"],"campfire_rested":3,"item_purchase_floors":[3],"current_hp_per_floor":[70,63,63,56,56,51,51,37,37,37,35,35,56,56,56,41,70,59,56,43,68,68,68,52,28,28,50,50,49,49,46,68,0,0],"gold":427,"neow_bonus":"THREE_SMALL_POTIONS","is_daily":false,"chose_seed":false,"campfire_upgraded":2,"win_rate":0.0,"timestamp":1608493655,"path_taken":["M","?","$","?","M","E","R","E","T","M","M","M","R","M","R","BOSS","M","M","?","?","?","R","?","M","T","R","M","M","M","?","R","BOSS"],"items_purchased_type":["Card"],"build_version":"2020-12-13","purchased_purges":0,"victory":false,"max_hp_per_floor":[70,70,70,70,70,70,70,70,70,70,70,70,70,70,70,70,70,70,70,75,75,75,75,75,75,75,75,75,75,75,75,75,75,75],"card_choices":[{"not_picked":["Shade:CoffinDance","Shade:FingerOfDeath"],"picked":"Shade:AncientSpear","floor":1},{"not_picked":["Shade:Haruspicy","Shade:Brains"],"picked":"Shade:TouchOfTheGrave","floor":5},{"not_picked":["Shade:TouchOfTheGrave","Shade:CommandSoldier","Shade:DarkOfNight"],"picked":"SKIP","floor":6},{"not_picked":["Shade:TouchOfTheGrave","Shade:CallWraith"],"picked":"Shade:FuneraryArmor","floor":8},{"not_picked":["Shade:Brains","Shade:SkeletonArmy"],"picked":"Shade:GreyBargain","floor":10},{"not_picked":["Shade:GreyBargain","Shade:SanguineRitual"],"picked":"Shade:ExtraLimbs","floor":11},{"not_picked":["Shade:Frenzy","Shade:RitualOffering"],"picked":"Shade:ClawBack","floor":12},{"not_picked":["Shade:GraveStillness","Shade:FreshBones","Shade:Frenzy"],"picked":"SKIP","floor":14},{"not_picked":["Shade:CallOfTheGrave","Shade:BoneShards"],"picked":"Shade:Carnophage+1","floor":18},{"not_picked":["Shade:Patience","Shade:Frenzy","Shade:SkeletonHug"],"picked":"SKIP","floor":19},{"not_picked":["Shade:SanguineRitual","Shade:SpontaneousRitual"],"picked":"Shade:GreyBargain+1","floor":24},{"not_picked":["Shade:PotionOfRestlessness","Shade:CoffinDance","Shade:FeralStrike"],"picked":"SKIP","floor":25},{"not_picked":["Shade:Trample","Shade:Carnophage"],"picked":"Shade:FleshToFlesh+1","floor":28},{"not_picked":["Shade:Brains","Shade:Trample"],"picked":"Shade:GreyBargain+1","floor":29},{"not_picked":["Shade:Asphyxiate","Shade:Brains"],"picked":"Shade:Bite_Shade+1","floor":30}],"player_experience":1089981,"relics_obtained":[{"floor":6,"key":"Bottled Flame"},{"floor":8,"key":"Whetstone"},{"floor":26,"key":"Oddly Smooth Stone"}],"event_choices":[{"cards_removed":["Shade:Strike_Shade"],"damage_healed":0,"gold_gain":0,"player_choice":"Card Removal","damage_taken":7,"max_hp_gain":0,"max_hp_loss":0,"event_name":"Golden Wing","floor":2,"gold_loss":0},{"damage_healed":0,"gold_gain":0,"player_choice":"Relic ","damage_taken":7,"max_hp_gain":0,"max_hp_loss":0,"event_name":"betterThird:BetterScrap","floor":4,"gold_loss":0,"cards_obtained":["Double Energy"]},{"damage_healed":0,"gold_gain":0,"player_choice":"Shed Blood","damage_taken":18,"max_hp_gain":5,"max_hp_loss":0,"event_name":"Forgotten Altar","floor":20,"gold_loss":0},{"damage_healed":25,"gold_gain":0,"player_choice":"Heal","damage_taken":0,"max_hp_gain":0,"max_hp_loss":0,"event_name":"The Library","floor":21,"gold_loss":0},{"damage_healed":0,"gold_gain":0,"player_choice":"Bought 1 Potion","damage_taken":0,"max_hp_gain":0,"max_hp_loss":0,"event_name":"The Woman in Blue","floor":22,"gold_loss":0},{"damage_healed":0,"gold_gain":0,"player_choice":"Fight","damage_taken":0,"max_hp_gain":0,"max_hp_loss":0,"event_name":"Colosseum","floor":31,"gold_loss":0},{"damage_healed":0,"gold_gain":0,"player_choice":"Fled From Nobs","damage_taken":0,"max_hp_gain":0,"max_hp_loss":0,"event_name":"Colosseum","floor":31,"gold_loss":0}],"is_beta":false,"boss_relics":[{"not_picked":["Velvet Choker","Fusion Hammer","Sozu"]}],"items_purged_floors":[],"is_endless":false,"potions_floor_spawned":[1,5,12,14,18,19,30,31],"killed_by":"Collector","ascension_level":0}}