{"host":"cb9xh4d0ss8ax8yb","time":1608459670,"event":{"mods":["BaseMod","Minty Spire (QoL Compilation)","StSLib","The Alterego","The Dragon Tamer","The Gatherer"],"gold_per_floor":[111,186,186,203,218,250,2,2,2,66,66,97,97,109,109,109,109,109],"floor_reached":16,"playtime":684,"items_purged":[],"score":119,"play_id":"54bed710-5043-451a-87aa-28e475aefbcf","local_time":"20201220192110","is_ascension_mode":true,"metric_token":413,"campfire_choices":[{"data":"Gatherer:FinishingStrike","floor":8,"key":"SMITH"},{"data":"Gatherer:RecoveryHerb","floor":11,"key":"SMITH"},{"data":"Gatherer:Centralize","floor":13,"key":"SMITH"},{"data":"Gatherer:FlowerBeam+1","floor":15,"key":"SMITH"}],"circlet_count":0,"master_deck":["Gatherer:Strike_Gatherer","Gatherer:Strike_Gatherer","Gatherer:Strike_Gatherer","Gatherer:Strike_Gatherer","Gatherer:Strike_Gatherer","Gatherer:Defend_Gatherer","Gatherer:Defend_Gatherer","Gatherer:Defend_Gatherer","Gatherer:Defend_Gatherer","Gatherer:Defend_Gatherer","Gatherer:Centralize+1","Gatherer:FlowerWhip+1","Gatherer:FlowerFalling+1","Gatherer:GlowingPlant","Gatherer:Shadow","Gatherer:Light","Gatherer:FlowerFalling+1","Gatherer:FinishingStrike+1","Gatherer:RecoveryHerb+1","Gatherer:FlowerBeam+2"],"relics":["Gatherer:AlchemyBag","Vajra","Gatherer:FloralEgg","Kunai","Gremlin Horn","Orichalcum","PreservedInsect"],"acts_visited":["Exordium"],"potions_floor_usage":[6,10,16],"damage_taken":[{"damage":0,"enemies":"2 Louse","floor":1,"turns":2},{"damage":0,"enemies":"Small Slimes","floor":4,"turns":2},{"damage":0,"enemies":"Cultist","floor":5,"turns":3},{"damage":26,"enemies":"Gremlin Nob","floor":6,"turns":4},{"damage":0,"enemies":"3 Sentries","floor":10,"turns":4},{"damage":22,"enemies":"Lagavulin","floor":12,"turns":4},{"damage":0,"enemies":"3 Louse","floor":14,"turns":1},{"damage":28,"enemies":"Slime Boss","floor":16,"turns":3}],"seed_played":"303533085875939497","potions_obtained":[{"floor":1,"key":"SkillPotion"},{"floor":5,"key":"Energy Potion"},{"floor":10,"key":"LiquidBronze"}],"is_trial":false,"path_per_floor":["M","?","?","M","M","E","$","R","T","?","R","E","R","M","R","B"],"character_chosen":"THE_GATHERER","items_purchased":["Kunai"],"campfire_rested":0,"item_purchase_floors":[7],"current_hp_per_floor":[72,61,61,61,61,35,35,35,35,35,35,21,21,21,21,0,0,0],"gold":109,"neow_bonus":"RANDOM_COMMON_RELIC","is_daily":false,"chose_seed":false,"campfire_upgraded":4,"win_rate":0.0,"timestamp":1608459670,"path_taken":["M","?","?","M","?","E","$","R","T","?","R","E","R","M","R","BOSS"],"items_purchased_type":["Relic"],"build_version":"2020-12-13","purchased_purges":0,"victory":false,"max_hp_per_floor":[72,72,72,72,72,72,72,72,72,72,72,72,72,72,72,72,72,72],"card_choices":[{"not_picked":["Gatherer:ScrollOfWall","Gatherer:AromaProtection"],"picked":"Gatherer:FlowerFalling","floor":1},{"not_picked":["Gatherer:Snatch","Gatherer:SealedBomb"],"picked":"Gatherer:GlowingPlant","floor":4},{"not_picked":["Gatherer:CarefulStrike","Gatherer:ScherryThrow"],"picked":"Gatherer:FlowerFalling","floor":5},{"not_picked":["Gatherer:AlchemyTrial","Gatherer:EnergyBasket"],"picked":"Gatherer:FinishingStrike","floor":6},{"not_picked":["Gatherer:Snatch","Gatherer:Convert"],"picked":"Gatherer:RecoveryHerb","floor":10},{"not_picked":["Gatherer:PotentialSlash","Gatherer:TreeGrowth","Gatherer:MiningStrike"],"picked":"SKIP","floor":12},{"not_picked":["Gatherer:FragileHammer","Gatherer:Uplift"],"picked":"Gatherer:FlowerBeam","floor":14}],"player_experience":437816,"relics_obtained":[{"floor":6,"key":"Gatherer:FloralEgg"},{"floor":9,"key":"Gremlin Horn"},{"floor":10,"key":"Orichalcum"},{"floor":12,"key":"PreservedInsect"}],"event_choices":[{"damage_healed":0,"gold_gain":75,"player_choice":"Gather Gold","damage_taken":11,"max_hp_gain":0,"max_hp_loss":0,"event_name":"World of Goop","floor":2,"gold_loss":0},{"damage_healed":0,"gold_gain":0,"player_choice":"Bought 0 Potions","damage_taken":0,"max_hp_gain":0,"max_hp_loss":0,"event_name":"The Woman in Blue","floor":3,"gold_loss":0},{"damage_healed":0,"gold_gain":30,"player_choice":"Searched \u00272\u0027 times","damage_taken":0,"max_hp_gain":0,"max_hp_loss":0,"event_name":"Dead Adventurer","floor":10,"gold_loss":0}],"is_beta":false,"boss_relics":[],"items_purged_floors":[],"is_endless":false,"potions_floor_spawned":[1,5,10],"killed_by":"Slime Boss","ascension_level":2}}