{"host":"utqe55yv0jihe4d6","time":1608501705,"event":{"mods":["2.2 Compatiblity","AchievementEnabler","BaseMod","Block Reminder","Colored Map","Colored Powertips","Minty Spire (QoL Compilation)","Quick Restart","Rare Cards Sparkle","Relic Stats","SuperFastMode"],"gold_per_floor":[160,172,172,183,200,200,210,210,210],"floor_reached":8,"playtime":208,"items_purged":[],"score":100,"play_id":"af4c6a1b-6f54-4aba-b16e-bf551c343f3f","local_time":"20201220170145","is_ascension_mode":true,"campfire_choices":[{"data":"Immolate","floor":6,"key":"SMITH"}],"circlet_count":0,"master_deck":["AscendersBane","Strike_R","Strike_R+1","Strike_R","Strike_R","Defend_R","Defend_R","Defend_R","Defend_R","Bash","Spot Weakness","Cleave","Immolate+1","Armaments","Blood for Blood"],"relics":["Tiny House"],"acts_visited":["Exordium"],"potions_floor_usage":[],"damage_taken":[{"damage":4.0,"enemies":"Jaw Worm","floor":1.0,"turns":4.0},{"damage":12.0,"enemies":"Cultist","floor":2.0,"turns":4.0},{"damage":0.0,"enemies":"2 Louse","floor":4.0,"turns":1.0},{"damage":0,"enemies":"Lots of Slimes","floor":5,"turns":1},{"damage":38,"enemies":"Gremlin Gang","floor":7,"turns":3},{"damage":35,"enemies":"Lagavulin","floor":8,"turns":4}],"seed_played":"3612451512698002633","potions_obtained":[{"floor":0.0,"key":"ElixirPotion"},{"floor":2.0,"key":"BlessingOfTheForge"},{"floor":7,"key":"LiquidBronze"}],"is_trial":false,"path_per_floor":["M","M","?","M","M","R","M","E"],"character_chosen":"IRONCLAD","items_purchased":[],"campfire_rested":0,"item_purchase_floors":[],"current_hp_per_floor":[69,57,57,57,57,57,19,0,0],"gold":210,"neow_bonus":"BOSS_RELIC","is_daily":false,"chose_seed":false,"campfire_upgraded":1,"win_rate":0.0,"timestamp":1608501705,"path_taken":["M","M","?","M","?","R","M","E"],"items_purchased_type":[],"build_version":"2020-12-13","purchased_purges":0,"victory":false,"max_hp_per_floor":[80,80,80,80,80,80,80,80,80],"relic_stats":{"counters":[6,17],"obtain_stats":[{"Tiny House":0,"Burning Blood":0},{"Tiny House":0,"Burning Blood":0},{"Tiny House":0,"Burning Blood":0}]},"card_choices":[{"not_picked":["Warcry","Body Slam"],"picked":"Spot Weakness","floor":0.0},{"not_picked":["Heavy Blade","Havoc"],"picked":"Cleave","floor":1.0},{"not_picked":["Shrug It Off","Flame Barrier"],"picked":"Immolate","floor":2.0},{"not_picked":["Heavy Blade","Warcry"],"picked":"Armaments","floor":4.0},{"not_picked":["Body Slam","Seeing Red"],"picked":"Blood for Blood","floor":5},{"not_picked":["Bloodletting","Dropkick","Sever Soul"],"picked":"SKIP","floor":7}],"player_experience":2816397,"relics_obtained":[],"event_choices":[{"cards_removed":["Strike_R"],"damage_healed":0.0,"max_hp_gain":0.0,"max_hp_loss":0.0,"gold_gain":0.0,"event_name":"Bonfire Elementals","player_choice":"Offered Basic","floor":3.0,"gold_loss":0.0,"damage_taken":0.0}],"is_beta":false,"boss_relics":[],"items_purged_floors":[],"is_endless":false,"potions_floor_spawned":[2,7],"killed_by":"Lagavulin","ascension_level":20}}