{"host":"thn8o1tmql8xszd5","time":1608442040,"event":{"mods":["AchievementEnabler","BaseMod","Block Reminder","Colored Map","DeckTracker","Highlight Path","Minty Spire (QoL Compilation)","Permanent Neow","Quick Restart","Relic Stats","Robot Space Explorer","StSLib","The Blue Laboratory"],"gold_per_floor":[114,114,126,139,139,139,167,167,167,185,218,237,270,282,282,387,687,715,630,630,639,667,667,134,159,186,212,254,265,374,399,399,508,508,526,117,135,154,163,195,212,212,289,304,334,334,355,371,371,371],"floor_reached":51,"playtime":2956,"items_purged":["Strike_R","Strike_R"],"score":987,"play_id":"5e7475f1-f92e-4ba0-946d-44c65c0d4457","local_time":"20201220002720","is_ascension_mode":true,"campfire_choices":[{"data":"Reaper","floor":6,"key":"SMITH"},{"data":"Bash","floor":8,"key":"SMITH"},{"data":"Anger","floor":15,"key":"SMITH"},{"data":"Bludgeon","floor":23,"key":"SMITH"},{"data":"RobotSpaceExplorer:MetalStrike","floor":32,"key":"SMITH"},{"data":"Thunderclap","floor":42,"key":"SMITH"},{"floor":46,"key":"RECALL"},{"data":"Strike_R","floor":49,"key":"SMITH"}],"circlet_count":0,"master_deck":["Strike_R+1","Strike_R","Strike_R","Defend_R","Defend_R","Defend_R","Defend_R","Bash+1","Twin Strike+1","Reaper+1","True Grit+1","Anger+1","Thunderclap+1","Dual Wield+1","Warcry+1","Seeing Red+1","Bludgeon+1","CurseOfTheBell","Pommel Strike+1","J.A.X.+1","Pummel+1","Battle Trance+1","Havoc+1","Crescendo+1","RobotSpaceExplorer:MetalStrike+1","RobotSpaceExplorer:SurgingStrike+1","Secret Weapon+1","Madness+1","Madness+1","Reaper+1","Parasite","Impervious+1","RobotSpaceExplorer:SurgingShield+1"],"relics":["Sozu","Toxic Egg 2","Strawberry","Vajra","Ice Cream","Calling Bell","CeramicFish","White Beast Statue","Old Coin","Bronze Scales","Mercury Hourglass","PrismaticShard","Orichalcum","Anchor","TungstenRod","Thread and Needle","Kunai","Runic Cube","Pen Nib","HandDrill","Pantograph","Meat on the Bone"],"acts_visited":["Exordium","TheCity","TheBeyond"],"potions_floor_usage":[],"damage_taken":[{"damage":13,"enemies":"Small Slimes","floor":1,"turns":4},{"damage":0,"enemies":"Cultist","floor":3,"turns":2},{"damage":8,"enemies":"2 Louse","floor":4,"turns":2},{"damage":20,"enemies":"Lagavulin","floor":7,"turns":7},{"damage":8,"enemies":"Blue Slaver","floor":10,"turns":3},{"damage":36,"enemies":"Gremlin Nob","floor":11,"turns":4},{"damage":1,"enemies":"Looter","floor":12,"turns":2},{"damage":26,"enemies":"3 Sentries","floor":13,"turns":6},{"damage":3,"enemies":"3 Louse","floor":14,"turns":4},{"damage":55,"enemies":"Hexaghost","floor":16,"turns":10},{"damage":39,"enemies":"3 Byrds","floor":18,"turns":5},{"damage":9,"enemies":"2 Thieves","floor":22,"turns":3},{"damage":3,"enemies":"Snake Plant","floor":25,"turns":2},{"damage":18,"enemies":"Gremlin Leader","floor":28,"turns":5},{"damage":2,"enemies":"Centurion and Healer","floor":29,"turns":4},{"damage":2,"enemies":"Colosseum Slavers","floor":30,"turns":2},{"damage":13,"enemies":"Colosseum Nobs","floor":30,"turns":3},{"damage":0,"enemies":"Snecko","floor":31,"turns":3},{"damage":8,"enemies":"Collector","floor":33,"turns":6},{"damage":12,"enemies":"3 Shapes","floor":35,"turns":2},{"damage":0,"enemies":"Orb Walker","floor":38,"turns":2},{"damage":2,"enemies":"Giant Head","floor":40,"turns":5},{"damage":2,"enemies":"Spire Growth","floor":41,"turns":3},{"damage":4,"enemies":"3 Darklings","floor":44,"turns":4},{"damage":6,"enemies":"Writhing Mass","floor":45,"turns":4},{"damage":2,"enemies":"Spire Growth","floor":47,"turns":4},{"damage":17,"enemies":"3 Darklings","floor":48,"turns":3},{"damage":107,"enemies":"Time Eater","floor":50,"turns":7}],"seed_played":"5435951870422992648","potions_obtained":[],"is_trial":false,"path_per_floor":["M","?","M","M","?","R","E","R","T","M","E","M","E","M","R","B",null,"M","?","?","?","M","R","$","M","T","T","E","M","?","M","R","B",null,"M","$","?","M","?","E","M","R","T","M","M","R","M","M","R","B",null],"character_chosen":"IRONCLAD","items_purchased":["Mercury Hourglass","Battle Trance+1","PrismaticShard","Pen Nib","HandDrill"],"campfire_rested":0,"item_purchase_floors":[24,24,24,36,36],"current_hp_per_floor":[59,59,59,59,80,80,60,60,67,59,28,34,44,59,59,31,73,49,49,78,78,69,69,69,66,66,66,75,82,69,69,69,82,86,74,74,64,64,64,87,85,85,85,83,77,77,87,70,70,34],"gold":371,"neow_bonus":"BOSS_RELIC","is_daily":false,"chose_seed":false,"campfire_upgraded":7,"win_rate":0.0,"timestamp":1608442040,"path_taken":["M","?","M","?","?","R","E","R","T","M","E","M","E","?","R","BOSS","M","?","?","?","M","R","$","M","T","?","E","M","?","M","R","BOSS","M","$","?","M","?","E","?","R","T","M","M","R","M","M","R","BOSS"],"items_purchased_type":["Relic","Card","Relic","Relic","Relic"],"build_version":"2020-12-13","purchased_purges":2,"victory":true,"max_hp_per_floor":[80,80,80,80,80,80,80,80,87,87,87,87,87,87,87,87,87,87,87,87,87,87,87,87,87,87,87,87,87,87,87,87,87,87,87,87,87,87,87,87,87,87,87,87,87,87,87,87,87,87],"relic_stats":{"counters":[28,111],"CeramicFish":135,"Pen Nib":[8],"Orichalcum":[120],"Mercury Hourglass":[243],"Sozu":20,"Bronze Scales":[126],"Pantograph":17,"HandDrill":[24],"Kunai":[28],"obtain_stats":[{"Ice Cream":13,"CeramicFish":17,"Vajra":11,"Thread and Needle":30,"Pen Nib":36,"Orichalcum":26,"PrismaticShard":24,"Burning Blood":0,"White Beast Statue":17,"Old Coin":17,"Mercury Hourglass":24,"Sozu":0,"Calling Bell":17,"Anchor":27,"Strawberry":9,"Bronze Scales":19,"Pantograph":40,"HandDrill":36,"Kunai":30,"Toxic Egg 2":7,"TungstenRod":28,"Runic Cube":34,"Meat on the Bone":43},{"Ice Cream":8,"CeramicFish":10,"Vajra":6,"Thread and Needle":17,"Pen Nib":20,"Orichalcum":13,"PrismaticShard":12,"Burning Blood":0,"White Beast Statue":10,"Old Coin":10,"Mercury Hourglass":12,"Sozu":0,"Calling Bell":10,"Anchor":13,"Strawberry":4,"Bronze Scales":11,"Pantograph":22,"HandDrill":20,"Kunai":17,"Toxic Egg 2":4,"TungstenRod":14,"Runic Cube":19,"Meat on the Bone":23},{"Ice Cream":30,"CeramicFish":44,"Vajra":22,"Thread and Needle":68,"Pen Nib":79,"Orichalcum":54,"PrismaticShard":52,"Burning Blood":0,"White Beast Statue":44,"Old Coin":44,"Mercury Hourglass":52,"Sozu":0,"Calling Bell":44,"Anchor":54,"Strawberry":15,"Bronze Scales":49,"Pantograph":86,"HandDrill":79,"Kunai":68,"Toxic Egg 2":15,"TungstenRod":59,"Runic Cube":77,"Meat on the Bone":89}],"TungstenRod":29,"Runic Cube":[18],"Meat on the Bone":12},"card_choices":[{"not_picked":["Body Slam","Sever Soul"],"picked":"Twin Strike","floor":1},{"not_picked":["Warcry","Shrug It Off"],"picked":"Reaper","floor":3},{"not_picked":["Rampage","Perfected Strike"],"picked":"Spot Weakness","floor":4},{"not_picked":["Shrug It Off+1","Dark Embrace"],"picked":"True Grit+1","floor":7},{"not_picked":["Body Slam","Havoc+1"],"picked":"Anger","floor":10},{"not_picked":["Body Slam","Perfected Strike"],"picked":"Thunderclap","floor":11},{"not_picked":["Brutality","Havoc+1"],"picked":"Dual Wield+1","floor":12},{"not_picked":["Fire Breathing","Power Through+1"],"picked":"Warcry+1","floor":13},{"not_picked":["Havoc+1","Cleave"],"picked":"Seeing Red+1","floor":14},{"not_picked":["Corruption","Juggernaut"],"picked":"Bludgeon","floor":16},{"not_picked":["Power Through+1","Iron Wave+1"],"picked":"Pommel Strike+1","floor":18},{"not_picked":["Sentinel+1","Iron Wave"],"picked":"Pummel+1","floor":22},{"not_picked":["RobotSpaceExplorer:SwiftStep+1","Deadly Poison+1"],"picked":"Havoc+1","floor":25},{"not_picked":["Poisoned Stab","RobotSpaceExplorer:ExhaustFan"],"picked":"Crescendo+1","floor":28},{"not_picked":["RobotSpaceExplorer:PowerGlove","Sanctity+1","Prostrate+1"],"picked":"SKIP","floor":29},{"not_picked":["Steam Power+1","Evaluate+1"],"picked":"RobotSpaceExplorer:MetalStrike","floor":30},{"not_picked":["Finisher","Prepared+1"],"picked":"RobotSpaceExplorer:SurgingStrike+1","floor":31},{"not_picked":["Amplify+1","Electrodynamics"],"picked":"Secret Weapon+1","floor":33},{"not_picked":["Sucker Punch+1","ThirdEye+1","Conclude"],"picked":"SKIP","floor":35},{"not_picked":["Bandage Up+1","Consecrate","Catalyst+1"],"picked":"SKIP","floor":38},{"not_picked":["BowlingBash","Backflip+1","Trip+1"],"picked":"SKIP","floor":40},{"not_picked":["Self Repair","FlyingSleeves","RobotSpaceExplorer:ExhaustFan"],"picked":"SKIP","floor":41},{"not_picked":["Thunderclap+1","Entrench+1","Anger"],"picked":"SKIP","floor":44},{"not_picked":["Conserve Battery+1","RobotSpaceExplorer:SlimeMissile+1"],"picked":"Impervious+1","floor":45},{"not_picked":["Sentinel+1","Blur+1"],"picked":"RobotSpaceExplorer:SurgingShield+1","floor":47},{"not_picked":["FlurryOfBlows+1","RobotSpaceExplorer:ScrapMissile+1","RobotSpaceExplorer:PowerGlove"],"picked":"SKIP","floor":48}],"player_experience":499377,"relics_obtained":[{"floor":7,"key":"Toxic Egg 2"},{"floor":9,"key":"Strawberry"},{"floor":11,"key":"Vajra"},{"floor":13,"key":"Ice Cream"},{"floor":17,"key":"CeramicFish"},{"floor":17,"key":"White Beast Statue"},{"floor":17,"key":"Old Coin"},{"floor":26,"key":"Orichalcum"},{"floor":27,"key":"Anchor"},{"floor":28,"key":"TungstenRod"},{"floor":30,"key":"Thread and Needle"},{"floor":30,"key":"Kunai"},{"floor":40,"key":"Pantograph"},{"floor":43,"key":"Meat on the Bone"}],"event_choices":[{"damage_healed":0,"gold_gain":0,"player_choice":"Upgraded","damage_taken":0,"max_hp_gain":0,"max_hp_loss":0,"event_name":"Upgrade Shrine","floor":2,"gold_loss":0,"cards_upgraded":["Twin Strike"]},{"cards_removed":["Spot Weakness"],"damage_healed":21,"gold_gain":0,"player_choice":"Offered Uncommon","damage_taken":0,"max_hp_gain":0,"max_hp_loss":0,"event_name":"Bonfire Elementals","floor":5,"gold_loss":0},{"damage_healed":0,"gold_gain":0,"player_choice":"Obtained Relic","damage_taken":0,"relics_obtained":["Bronze Scales"],"max_hp_gain":0,"max_hp_loss":0,"event_name":"Addict","floor":19,"gold_loss":85},{"damage_healed":29,"gold_gain":0,"player_choice":"Heal","damage_taken":0,"max_hp_gain":0,"max_hp_loss":0,"event_name":"The Library","floor":20,"gold_loss":0},{"damage_healed":0,"gold_gain":0,"player_choice":"Obtain J.A.X.","damage_taken":0,"max_hp_gain":0,"max_hp_loss":0,"event_name":"Drug Dealer","floor":21,"gold_loss":0,"cards_obtained":["J.A.X."]},{"damage_healed":0,"gold_gain":0,"player_choice":"Fight","damage_taken":0,"max_hp_gain":0,"max_hp_loss":0,"event_name":"Colosseum","floor":30,"gold_loss":0},{"damage_healed":0,"gold_gain":0,"player_choice":"Fought Nobs","damage_taken":0,"max_hp_gain":0,"max_hp_loss":0,"event_name":"Colosseum","floor":30,"gold_loss":0},{"damage_healed":0,"gold_gain":0,"player_choice":"Embrace Madness","damage_taken":11,"max_hp_gain":0,"max_hp_loss":0,"event_name":"Winding Halls","floor":37,"gold_loss":0,"cards_obtained":["Madness","Madness"]},{"damage_healed":0,"gold_gain":0,"player_choice":"Copied","damage_taken":0,"max_hp_gain":0,"max_hp_loss":0,"event_name":"Duplicator","floor":39,"gold_loss":0,"cards_obtained":["Reaper"]}],"is_beta":false,"boss_relics":[{"not_picked":["Busted Crown","SacredBark"],"picked":"Calling Bell"},{"not_picked":["Tiny House","Runic Pyramid"],"picked":"Runic Cube"}],"items_purged_floors":[24,36],"is_endless":false,"potions_floor_spawned":[7,11,12,13,18,22,25,28,29,30,30,31,33,35,38,40,41,44,45,47,48],"ascension_level":6}}