{"host":"cz3p2o9n3b1gdmkz","time":1608484788,"event":{"mods":["AchievementEnabler","BaseMod","CapriCore","GungeonMod","Hermit","Lobotomy","Minty Spire (QoL Compilation)","Replay The Spire","Shop Mod","StSLib","SuperFastMode","The Cursed","The Dragon Tamer","The Gatherer","The Jungle","The Poker Player","The Runesmith"],"gold_per_floor":[116,116,136,186,111,111,549,549,549],"floor_reached":8,"playtime":177,"items_purged":[],"score":336,"play_id":"00e38375-729a-4d0b-a38d-883e26d21308","local_time":"20201221021948","is_ascension_mode":true,"campfire_choices":[{"data":"hermit:Snapshot","floor":6,"key":"SMITH"}],"circlet_count":0,"master_deck":["AscendersBane","hermit:Strike_Hermit","hermit:Strike_Hermit+1","hermit:Strike_Hermit","hermit:Strike_Hermit+1","hermit:Defend_Hermit","hermit:Defend_Hermit","hermit:Defend_Hermit","hermit:Defend_Hermit","hermit:Snapshot+1","hermit:Covet","ReplayTheSpireMod:IOU","Decay","Pot Of Greed+1","Pot Of Greed+1","ReplayTheSpireMod:IOU","ReplayTheSpireMod:IOU","ReplayTheSpireMod:IOU","ReplayTheSpireMod:IOU","ReplayTheSpireMod:IOU","Replay:Hysterical Blindness","ReplayTheSpireMod:IOU","TheCursedMod:Dregs","ReplayTheSpireMod:IOU","ReplayTheSpireMod:IOU","Decay","ReplayTheSpireMod:IOU","Doubt","ReplayTheSpireMod:IOU","ReplayTheSpireMod:IOU","Pot Of Greed+1","ReplayTheSpireMod:Restless Dread","ReplayTheSpireMod:IOU","Clumsy","ReplayTheSpireMod:IOU","ReplayTheSpireMod:IOU","hermit:ImpendingDoom","ReplayTheSpireMod:IOU","CommonCold","ReplayTheSpireMod:IOU","Regret","Pot Of Greed+1","Amnesia","Chrysalis+1","ReplayTheSpireMod:IOU","ReplayTheSpireMod:IOU","ReplayTheSpireMod:IOU","ReplayTheSpireMod:IOU","Impatience+1","Doubt","Sickly","hermit:GoldenBullet+1","hermit:HighCaliber+1","Pot Of Greed+1","hermit:LowProfile+1","hermit:TakeCover+1","hermit:Combo+1"],"relics":["hermit:Momento","Ring of Greed","Golden Egg","Replay:Wax Seal","Grinning Jar","DemoMod:PartiallyEatenCheese","Frozen Eye","DemoMod:GnawedKey","MerchantsRug"],"acts_visited":["Exordium"],"potions_floor_usage":[],"damage_taken":[{"damage":1.0,"enemies":"2 Louse","floor":1.0,"turns":3.0},{"damage":2.0,"enemies":"Jaw Worm","floor":3.0,"turns":3.0},{"damage":0,"enemies":"Lagavulin","floor":8,"turns":3}],"seed_played":"8128000333818700082","potions_obtained":[],"is_trial":false,"path_per_floor":["M","$","M","?","?","R","$","E"],"character_chosen":"HERMIT","items_purchased":["Grinning Jar","DemoMod:PartiallyEatenCheese","Frozen Eye","DemoMod:GnawedKey","Explosive Potion","PowerPotion","Chrysalis","Impatience","hermit:GoldenBullet","hermit:HighCaliber","hermit:LowProfile","hermit:TakeCover","hermit:Combo","MerchantsRug"],"campfire_rested":0,"item_purchase_floors":[7,7,7,7,7,7,7,7,7,7,7,7,7,7],"current_hp_per_floor":[63,63,61,61,61,61,61,61,61],"gold":549,"neow_bonus":"RANDOM_COMMON_RELIC","is_daily":false,"chose_seed":false,"campfire_upgraded":1,"win_rate":0.0,"timestamp":1608484788,"path_taken":["M","$","M","?","?","R","$","E"],"items_purchased_type":["Relic","Relic","Relic","Relic","Potion","Potion","Card","Card","Card","Card","Card","Card","Card","Relic"],"build_version":"2020-12-13","purchased_purges":0,"victory":false,"max_hp_per_floor":[71,71,71,71,71,71,71,71,71],"card_choices":[{"not_picked":["hermit:Feint","hermit:WideOpen","hermit:Desperado"],"picked":"SKIP","floor":1.0},{"not_picked":["hermit:Scavenge","hermit:GoldenBullet","hermit:Desperado"],"picked":"SKIP","floor":3.0}],"player_experience":1001014,"relics_obtained":[{"floor":4,"key":"Ring of Greed"},{"floor":4,"key":"Golden Egg"},{"floor":4,"key":"Replay:Wax Seal"}],"event_choices":[{"cards_removed":["Hallucinations"],"damage_healed":0,"gold_gain":0,"player_choice":"Card Removal","damage_taken":0,"max_hp_gain":0,"max_hp_loss":0,"event_name":"The Cleric","floor":5,"gold_loss":75}],"is_beta":false,"boss_relics":[],"items_purged_floors":[],"is_endless":false,"potions_floor_spawned":[],"killed_by":"Lagavulin","ascension_level":19}}