{"host":"7tvb1em0d2fx72q7","time":1608439742,"event":{"mods":["BaseMod","Challenge The Spire","Minty Spire (QoL Compilation)","StSLib","everything is the same but u backflip on backflip"],"gold_per_floor":[129,162,30,85,144,144,177,177,177,177,240,294,22,39,39,141,141,152,163,179,179,179,179,209,266,314,314,333,378,393,418,418,494,494,511,511,51,91,101,101,101],"floor_reached":40,"playtime":4754,"items_purged":["Strike_R","Writhe"],"score":980,"play_id":"efd20ca5-1893-4133-b3bf-33bf0dc08947","local_time":"20201219234902","is_ascension_mode":true,"campfire_choices":[{"data":"HandOfGreed","floor":6,"key":"SMITH"},{"data":"Rampage","floor":10,"key":"SMITH"},{"data":"Fiend Fire","floor":15,"key":"SMITH"},{"data":"True Grit","floor":23,"key":"SMITH"},{"floor":27,"key":"REST"},{"floor":32,"key":"REST"}],"circlet_count":0,"master_deck":["AscendersBane","Strike_R","Strike_R","Strike_R","Defend_R","Defend_R","Defend_R","Defend_R","Bash","HandOfGreed+1","Shrug It Off","Battle Trance","Rampage+1","Twin Strike","Headbutt","Fiend Fire+1","Metallicize","Ghostly Armor","Clothesline","Combust","Shockwave","Demon Form","True Grit+1","Sentinel","Feel No Pain","Dark Embrace","Juggernaut","Limit Break","Feel No Pain","Bandage Up","Trip","Bandage Up"],"relics":["Burning Blood","Nunchaku","The Courier","Gremlin Horn","Runic Pyramid","Nilry\u0027s Codex","Kunai","Centennial Puzzle","Red Mask","Happy Flower","Omamori","Busted Crown","Oddly Smooth Stone"],"acts_visited":["Exordium","TheCity","TheBeyond"],"potions_floor_usage":[12,20,24,33,40],"damage_taken":[{"damage":7,"enemies":"Jaw Worm","floor":1,"turns":2},{"damage":0,"enemies":"Cultist","floor":2,"turns":2},{"damage":0,"enemies":"2 Louse","floor":4,"turns":4},{"damage":1,"enemies":"2 Fungi Beasts","floor":5,"turns":3},{"damage":30,"enemies":"Lagavulin","floor":7,"turns":6},{"damage":6,"enemies":"Exordium Thugs","floor":11,"turns":5},{"damage":8,"enemies":"Gremlin Nob","floor":12,"turns":3},{"damage":4,"enemies":"3 Louse","floor":14,"turns":3},{"damage":6,"enemies":"Slime Boss","floor":16,"turns":6},{"damage":6,"enemies":"Spheric Guardian","floor":18,"turns":3},{"damage":0,"enemies":"Chosen","floor":19,"turns":3},{"damage":2,"enemies":"Snake Plant","floor":20,"turns":4},{"damage":16,"enemies":"Book of Stabbing","floor":24,"turns":4},{"damage":21,"enemies":"Masked Bandits","floor":25,"turns":4},{"damage":33,"enemies":"Sentry and Sphere","floor":28,"turns":6},{"damage":10,"enemies":"Shelled Parasite and Fungi","floor":29,"turns":3},{"damage":24,"enemies":"Snecko","floor":30,"turns":7},{"damage":22,"enemies":"Gremlin Leader","floor":31,"turns":4},{"damage":11,"enemies":"Champ","floor":33,"turns":12},{"damage":0,"enemies":"Orb Walker","floor":35,"turns":3},{"damage":0,"enemies":"3 Shapes","floor":38,"turns":4},{"damage":28,"enemies":"Spire Growth","floor":39,"turns":8},{"damage":79,"enemies":"Reptomancer","floor":40,"turns":3}],"seed_played":"817970730981451307","potions_obtained":[{"floor":2,"key":"Swift Potion"},{"floor":4,"key":"SpeedPotion"},{"floor":12,"key":"SteroidPotion"},{"floor":20,"key":"FairyPotion"},{"floor":25,"key":"SmokeBomb"},{"floor":29,"key":"GamblersBrew"},{"floor":33,"key":"FearPotion"},{"floor":35,"key":"ColorlessPotion"}],"is_trial":false,"path_per_floor":["M","M","$","M","M","R","E","?","T","R","M","E","$","M","R","B",null,"M","M","M","?","?","R","E","?","T","R","M","M","M","E","R","B",null,"M","?","$","M","M","E"],"character_chosen":"IRONCLAD","items_purchased":["Explosive Potion","Rampage","Ghostly Armor","Clothesline","Combust","Shockwave","Feel No Pain","Bandage Up","Trip","Oddly Smooth Stone","Bandage Up"],"campfire_rested":2,"item_purchase_floors":[3,3,13,13,13,13,37,37,37,37,37],"current_hp_per_floor":[49,55,55,61,66,66,42,42,42,42,42,40,40,42,42,42,67,67,73,75,54,54,54,44,29,29,51,24,20,27,11,33,28,63,69,69,69,75,57,0,0],"gold":101,"neow_bonus":"RANDOM_COLORLESS_2","is_daily":false,"chose_seed":false,"campfire_upgraded":4,"win_rate":0.0,"timestamp":1608439742,"path_taken":["M","M","$","M","M","R","E","?","T","R","M","E","$","M","R","BOSS","M","M","?","?","?","R","E","?","T","R","M","M","?","E","R","BOSS","M","?","$","M","M","E"],"items_purchased_type":["Potion","Card","Card","Card","Card","Card","Card","Card","Card","Relic","Card"],"build_version":"2020-12-13","purchased_purges":2,"victory":false,"max_hp_per_floor":[75,75,75,75,75,75,75,75,75,75,75,75,75,75,75,75,75,75,75,75,75,75,75,75,75,75,75,75,75,75,75,75,75,75,75,75,75,75,75,75,75],"card_choices":[{"not_picked":["Transmutation","Apotheosis"],"picked":"HandOfGreed","floor":0},{"not_picked":["Havoc","Entrench"],"picked":"Shrug It Off","floor":1},{"not_picked":["Disarm","Havoc"],"picked":"Battle Trance","floor":2},{"not_picked":["Anger","Wild Strike"],"picked":"Twin Strike","floor":4},{"not_picked":["Clash","Armaments"],"picked":"Headbutt","floor":5},{"not_picked":["Body Slam","Hemokinesis","Heavy Blade"],"picked":"SKIP","floor":7},{"not_picked":["Anger","Perfected Strike"],"picked":"Fiend Fire","floor":11},{"not_picked":["Warcry","Twin Strike"],"picked":"Metallicize","floor":12},{"not_picked":["Body Slam","Perfected Strike","Cleave"],"picked":"SKIP","floor":14},{"not_picked":["Bludgeon","Corruption"],"picked":"Demon Form","floor":16},{"not_picked":["Shrug It Off+1","Flex"],"picked":"True Grit","floor":18},{"not_picked":["Flex","Twin Strike","Clothesline"],"picked":"SKIP","floor":19},{"not_picked":["Thunderclap","Cleave"],"picked":"Sentinel","floor":20},{"not_picked":["True Grit","Headbutt"],"picked":"Feel No Pain","floor":24},{"not_picked":["Berserk","True Grit+1"],"picked":"Dark Embrace","floor":25},{"not_picked":["Armaments","Perfected Strike+1","Anger"],"picked":"SKIP","floor":28},{"not_picked":["Dual Wield+1","Thunderclap+1","Ghostly Armor"],"picked":"SKIP","floor":29},{"not_picked":["Body Slam","Clothesline","Pommel Strike"],"picked":"SKIP","floor":30},{"not_picked":["Reckless Charge","Clothesline"],"picked":"Juggernaut","floor":31},{"not_picked":["Brutality","Impervious"],"picked":"Limit Break","floor":33},{"not_picked":["Sword Boomerang"],"picked":"SKIP","floor":35},{"not_picked":["Pommel Strike"],"picked":"SKIP","floor":38},{"not_picked":["Headbutt"],"picked":"SKIP","floor":39}],"player_experience":1865422,"relics_obtained":[{"floor":7,"key":"Nunchaku"},{"floor":9,"key":"The Courier"},{"floor":12,"key":"Gremlin Horn"},{"floor":21,"key":"Nilry\u0027s Codex"},{"floor":24,"key":"Centennial Puzzle"},{"floor":25,"key":"Red Mask"},{"floor":26,"key":"Happy Flower"},{"floor":31,"key":"Omamori"}],"event_choices":[{"cards_removed":["Strike_R"],"damage_healed":0,"gold_gain":0,"player_choice":"Offered Basic","damage_taken":0,"max_hp_gain":0,"max_hp_loss":0,"event_name":"Bonfire Elementals","floor":8,"gold_loss":0},{"damage_healed":0,"gold_gain":0,"player_choice":"Obtained Book","damage_taken":21,"max_hp_gain":0,"max_hp_loss":0,"event_name":"Cursed Tome","floor":21,"gold_loss":0},{"damage_healed":0,"gold_gain":0,"player_choice":"Opened","damage_taken":0,"relics_obtained":["Kunai"],"max_hp_gain":0,"max_hp_loss":0,"event_name":"The Mausoleum","floor":22,"gold_loss":0,"cards_obtained":["Writhe"]},{"damage_healed":0,"gold_gain":0,"player_choice":"Fought Bandits","damage_taken":0,"max_hp_gain":0,"max_hp_loss":0,"event_name":"Masked Bandits","floor":25,"gold_loss":0},{"damage_healed":0,"gold_gain":0,"player_choice":"Ignored","damage_taken":0,"max_hp_gain":0,"max_hp_loss":0,"event_name":"Mysterious Sphere","floor":36,"gold_loss":0}],"is_beta":false,"boss_relics":[{"not_picked":["Ectoplasm","Philosopher\u0027s Stone"],"picked":"Runic Pyramid"},{"not_picked":["Tiny House","Calling Bell"],"picked":"Busted Crown"}],"items_purged_floors":[13,37],"is_endless":false,"potions_floor_spawned":[2,4,12,14,20,25,29,33,35],"killed_by":"Reptomancer","ascension_level":20}}