{"host":"9tzam4717zt8ei1o","time":1608436104,"event":{"mods":["BaseMod","Colored Map","Keyboard Shortcuts","Minty Spire (QoL Compilation)","Quick Restart","StSLib","SuperFastMode"],"gold_per_floor":[118,131,147,222,222,252,266,266,266,280,205,218,228,66,66,138,138,150,150,163,62,62,62],"floor_reached":22,"playtime":537,"items_purged":["Strike_G"],"score":376,"play_id":"9b9ff7a1-cc43-4593-91b7-dae5af3c07ee","local_time":"20201220124824","is_ascension_mode":true,"campfire_choices":[{"floor":8,"key":"REST"},{"data":"Neutralize","floor":15,"key":"SMITH"}],"circlet_count":0,"master_deck":["AscendersBane","Strike_G","Strike_G","Strike_G","Defend_G","Defend_G","Defend_G","Defend_G","Survivor","Neutralize+1","Noxious Fumes+1","Blur","Backflip","Catalyst","Flying Knee","Noxious Fumes","Burst","Acrobatics"],"relics":["Ring of the Snake","Paper Crane","Mummified Hand","Lee\u0027s Waffle","Velvet Choker"],"acts_visited":["Exordium","TheCity"],"potions_floor_usage":[6,12,13,18],"damage_taken":[{"damage":6,"enemies":"Small Slimes","floor":1,"turns":5},{"damage":3,"enemies":"Cultist","floor":2,"turns":5},{"damage":7,"enemies":"Jaw Worm","floor":3,"turns":5},{"damage":18,"enemies":"Lagavulin","floor":6,"turns":9},{"damage":11,"enemies":"3 Louse","floor":7,"turns":4},{"damage":2,"enemies":"Blue Slaver","floor":10,"turns":5},{"damage":16,"enemies":"Large Slime","floor":12,"turns":7},{"damage":3,"enemies":"Exordium Thugs","floor":13,"turns":4},{"damage":7,"enemies":"The Guardian","floor":16,"turns":10},{"damage":12,"enemies":"3 Byrds","floor":18,"turns":5},{"damage":21,"enemies":"Spheric Guardian","floor":20,"turns":6},{"damage":50,"enemies":"Cultist and Chosen","floor":22,"turns":4}],"seed_played":"-6344109623023937027","potions_obtained":[{"floor":1,"key":"SteroidPotion"},{"floor":7,"key":"FearPotion"},{"floor":12,"key":"DistilledChaos"},{"floor":13,"key":"Dexterity Potion"}],"is_trial":false,"path_per_floor":["M","M","M","?","?","E","M","R","T","M","?","M","M","$","R","B",null,"M","?","M","$","M"],"character_chosen":"THE_SILENT","items_purchased":["Lee\u0027s Waffle","Acrobatics"],"campfire_rested":1,"item_purchase_floors":[14,21],"current_hp_per_floor":[53,50,43,32,32,14,3,22,22,20,20,4,1,73,73,66,71,59,59,38,38,0,0],"gold":62,"neow_bonus":"REMOVE_CARD","is_daily":false,"chose_seed":false,"campfire_upgraded":1,"win_rate":0.0,"timestamp":1608436104,"path_taken":["M","M","M","?","?","E","?","R","T","?","?","M","M","$","R","BOSS","M","?","M","$","M"],"items_purchased_type":["Relic","Card"],"build_version":"2020-12-13","purchased_purges":1,"victory":false,"max_hp_per_floor":[66,66,66,66,66,66,66,66,66,66,66,66,66,73,73,73,73,73,73,73,73,73,73],"card_choices":[{"not_picked":["Finisher","Terror","Quick Slash"],"picked":"SKIP","floor":1},{"not_picked":["Bane","Infinite Blades"],"picked":"Noxious Fumes","floor":2},{"not_picked":["Slice","Poisoned Stab"],"picked":"Blur","floor":3},{"not_picked":["Expertise","Accuracy"],"picked":"Backflip","floor":6},{"not_picked":["Terror","Deflect"],"picked":"Catalyst","floor":7},{"not_picked":["Bane","Underhanded Strike"],"picked":"Flying Knee","floor":10},{"not_picked":["Sucker Punch","Masterful Stab"],"picked":"Noxious Fumes","floor":12},{"not_picked":["Bullet Time","Eviscerate","Bane"],"picked":"SKIP","floor":13},{"not_picked":["Storm of Steel","Unload"],"picked":"Burst","floor":16},{"not_picked":["Deadly Poison","Underhanded Strike","Quick Slash"],"picked":"SKIP","floor":18},{"not_picked":["Deadly Poison","Dagger Throw+1","Underhanded Strike"],"picked":"SKIP","floor":20}],"player_experience":101638,"relics_obtained":[{"floor":6,"key":"Paper Crane"},{"floor":9,"key":"Mummified Hand"}],"event_choices":[{"damage_healed":0,"gold_gain":75,"player_choice":"Gather Gold","damage_taken":11,"max_hp_gain":0,"max_hp_loss":0,"event_name":"World of Goop","floor":4,"gold_loss":0},{"damage_healed":0,"gold_gain":0,"player_choice":"Upgraded","damage_taken":0,"max_hp_gain":0,"max_hp_loss":0,"event_name":"Upgrade Shrine","floor":5,"gold_loss":0,"cards_upgraded":["Noxious Fumes"]},{"cards_removed":["Strike_G"],"damage_healed":0,"gold_gain":0,"player_choice":"Card Removal","damage_taken":0,"max_hp_gain":0,"max_hp_loss":0,"event_name":"The Cleric","floor":11,"gold_loss":75},{"damage_healed":0,"gold_gain":0,"player_choice":"Ignored","damage_taken":0,"max_hp_gain":0,"max_hp_loss":0,"event_name":"Ghosts","floor":19,"gold_loss":0}],"is_beta":false,"boss_relics":[{"not_picked":["Tiny House","HoveringKite"],"picked":"Velvet Choker"}],"items_purged_floors":[21],"is_endless":false,"potions_floor_spawned":[1,7,12,13],"killed_by":"Cultist and Chosen","ascension_level":20}}