{"host":"7l2t4psy44vpcd9q","time":1608478272,"event":{"mods":["AchievementEnabler","BaseMod","DeckTracker","Minty Spire (QoL Compilation)","SuperFastMode"],"gold_per_floor":[19,39,39,53,53,53,88,103,103,103,117,117,117],"floor_reached":12,"playtime":345,"items_purged":[],"score":156,"play_id":"6196d07d-13a4-47fd-92df-ec81aa7c266e","local_time":"20201221003112","is_ascension_mode":true,"campfire_choices":[{"data":"Streamline","floor":6,"key":"SMITH"},{"floor":10,"key":"REST"}],"circlet_count":0,"master_deck":["AscendersBane","Strike_B","Strike_B","Defend_B","Defend_B","Defend_B","Zap","Dualcast","Buffer","Heatsinks","Defragment","Melter","Streamline+1","Hello World","Electrodynamics","Hologram"],"relics":["Cracked Core","Pantograph","Du-Vu Doll"],"acts_visited":["Exordium"],"potions_floor_usage":[12,12],"damage_taken":[{"damage":0,"enemies":"2 Louse","floor":1,"turns":2},{"damage":0,"enemies":"Small Slimes","floor":2,"turns":2},{"damage":1,"enemies":"Cultist","floor":4,"turns":3},{"damage":40,"enemies":"3 Sentries","floor":7,"turns":9},{"damage":2,"enemies":"Red Slaver","floor":8,"turns":4},{"damage":18,"enemies":"Large Slime","floor":11,"turns":3},{"damage":32,"enemies":"Lagavulin","floor":12,"turns":3}],"seed_played":"-4638330685645273019","potions_obtained":[{"floor":1,"key":"PotionOfCapacity"},{"floor":7,"key":"LiquidBronze"}],"is_trial":false,"path_per_floor":["M","M","$","M","?","R","E","M","T","R","M","E"],"character_chosen":"DEFECT","items_purchased":[],"campfire_rested":1,"item_purchase_floors":[],"current_hp_per_floor":[64,64,64,63,56,56,16,14,14,35,17,0,0],"gold":117,"neow_bonus":"TRANSFORM_TWO_CARDS","is_daily":false,"chose_seed":false,"campfire_upgraded":1,"win_rate":0.0,"timestamp":1608478272,"path_taken":["M","M","$","M","?","R","E","M","T","R","M","E"],"items_purchased_type":[],"build_version":"2020-12-13","purchased_purges":0,"victory":false,"max_hp_per_floor":[71,71,71,71,71,71,71,71,71,71,71,71,71],"card_choices":[{"not_picked":["Compile Driver","Stack"],"picked":"Defragment","floor":1},{"not_picked":["Hologram","Reprogram"],"picked":"Melter","floor":2},{"not_picked":["Go for the Eyes","Compile Driver"],"picked":"Streamline","floor":4},{"not_picked":["Streamline","Leap"],"picked":"Hello World","floor":7},{"not_picked":["Go for the Eyes","Gash"],"picked":"Electrodynamics","floor":8},{"not_picked":["Conserve Battery","Loop"],"picked":"Hologram","floor":11}],"player_experience":1112699,"relics_obtained":[{"floor":7,"key":"Pantograph"},{"floor":9,"key":"Du-Vu Doll"}],"event_choices":[{"cards_removed":["Strike_B"],"damage_healed":0,"gold_gain":0,"player_choice":"Card Removal","damage_taken":7,"max_hp_gain":0,"max_hp_loss":0,"event_name":"Golden Wing","floor":5,"gold_loss":0}],"is_beta":false,"boss_relics":[],"items_purged_floors":[],"is_endless":false,"potions_floor_spawned":[1,7],"killed_by":"Lagavulin","ascension_level":19}}