{"host":"jmdwsiegw2vwqzt1","time":1608441877,"event":{"mods":["2.2 Compatiblity","AchievementEnabler","BaseMod","Better Third Choice","Better Vampires","Colored Powertips","Custom Start","Dio Mod","Downfall","Hermit","Highlight Path","Jorbs\u0027s Wanderer Trilogy","Marisa????????","Minty Spire (QoL Compilation)","Permanent Neow","Quick Restart","Rare Cards Sparkle","Relic Stats","Spicy Shops","StSLib","SuperFastMode","The Bug Knight","The Cursed","The Disciple","The Hierophant","The Necromancer","The Servant 0.9.4","slay the spire mod where everything is the same but ironclad has a cowboy hat"],"gold_per_floor":[99,119,44,64,64,164,191,191,203,203,213,233,9,0,11,108,108,108,108,108,108,108,108,108,108,108,108,93,93,93,93,93,93,93,93,93,93,93,93,93,93,93,23,23,23,23,23,23,23,23],"floor_reached":51,"playtime":2321,"items_purged":[],"score":695,"play_id":"42d8456d-7d22-435b-9138-fbac214b6a90","local_time":"20201220002437","is_ascension_mode":false,"campfire_choices":[{"floor":1,"key":"RECALL"},{"data":"champ:AdrenalArmor","floor":3,"key":"SMITH"},{"data":"champ:Taunt","floor":8,"key":"SMITH"},{"data":"champ:Backstep","floor":10,"key":"SMITH"},{"data":"champ:VampiricStrike","floor":18,"key":"SMITH"},{"data":"champ:BerserkerStyle","floor":21,"key":"SMITH"},{"data":"champ:AdrenalArmor","floor":25,"key":"SMITH"},{"data":"champ:Encircle","floor":35,"key":"SMITH"},{"data":"champ:VampiricStrike","floor":38,"key":"SMITH"},{"data":"champ:Encircle","floor":40,"key":"SMITH"},{"data":"champ:EnragedBash","floor":44,"key":"SMITH"}],"circlet_count":0,"master_deck":["champ:Strike","champ:Strike","champ:Strike","champ:Strike","champ:Defend","champ:Defend","champ:Defend","champ:Defend","champ:Execute","Writhe","champ:AdrenalArmor+1","champ:BringItOn","champ:Backstep+1","champ:RecklessLeap","champ:CrookedStrike","champ:AdrenalArmor","champ:EnragedBash+1","champ:EndlessRage","champ:BerserkerStyle+1","champ:VampiricStrike+1","champ:BerserkersShout","champ:Encircle+1","champ:AdrenalArmor+1","champ:Encircle+1","champ:FaceSlap","champ:RapidStrikes+1","champ:VampiricStrike+1","champ:Encircle+1","champ:LastStand","champ:Backstep","champ:HeartStrike","champ:FanOfKnives","champ:Circumvent+1"],"relics":["champ:ChampionCrown","Mango","downfall:HeartBlessingRed","champ:LiftRelic","MealTicket","Ancient Tea Set","Ectoplasm","Boot","Unceasing Top","Mummified Hand","Omamori","Busted Crown","CatCart","HollowMod:PaleOreRelic","Pantograph","Ice Cream"],"acts_visited":["Exordium","TheCity","TheBeyond"],"potions_floor_usage":[16,39,39,48,49,49],"damage_taken":[{"damage":5,"enemies":"Cultist","floor":2,"turns":3},{"damage":17,"enemies":"Jaw Worm","floor":4,"turns":3},{"damage":5,"enemies":"Small Slimes","floor":9,"turns":2},{"damage":15,"enemies":"3 Louse","floor":11,"turns":4},{"damage":24,"enemies":"Large Slime","floor":12,"turns":6},{"damage":17,"enemies":"downfall:FleeingMerchant","floor":13,"turns":4},{"damage":19,"enemies":"downfall:FleeingMerchant","floor":14,"turns":4},{"damage":27,"enemies":"Blue Slaver","floor":15,"turns":3},{"damage":75,"enemies":"downfall:Ironclad","floor":16,"turns":8},{"damage":28,"enemies":"Shell Parasite","floor":19,"turns":3},{"damage":104,"enemies":"Book of Stabbing","floor":20,"turns":7},{"damage":103,"enemies":"HollowMod:Nosk","floor":22,"turns":11},{"damage":49,"enemies":"3 Byrds","floor":23,"turns":5},{"damage":64,"enemies":"Snake Plant","floor":26,"turns":4},{"damage":86,"enemies":"Slavers","floor":27,"turns":7},{"damage":44,"enemies":"downfall:FleeingMerchant","floor":28,"turns":4},{"damage":24,"enemies":"Centurion and Healer","floor":29,"turns":3},{"damage":16,"enemies":"downfall:FleeingMerchant","floor":31,"turns":3},{"damage":35,"enemies":"Snecko","floor":32,"turns":4},{"damage":66,"enemies":"downfall:Watcher","floor":33,"turns":4},{"damage":68,"enemies":"3 Shapes","floor":36,"turns":5},{"damage":36,"enemies":"3 Darklings","floor":37,"turns":4},{"damage":168,"enemies":"Orin","floor":39,"turns":10},{"damage":109,"enemies":"2 Orb Walkers","floor":46,"turns":5},{"damage":71,"enemies":"Jaw Worm Horde","floor":48,"turns":4},{"damage":47,"enemies":"4 Shapes","floor":49,"turns":3},{"damage":66,"enemies":"downfall:Defect","floor":50,"turns":6}],"seed_played":"-769830262281294776","potions_obtained":[{"floor":2,"key":"PowerPotion"},{"floor":9,"key":"DuplicationPotion"},{"floor":15,"key":"PowerPotion"},{"floor":16,"key":"SneckoOil"},{"floor":19,"key":"SkillPotion"},{"floor":32,"key":"champ:CounterPotion"},{"floor":39,"key":"DistilledChaos"},{"floor":46,"key":"FearPotion"},{"floor":48,"key":"Dexterity Potion"}],"is_trial":false,"path_per_floor":["R","M","R","M","?","?","T","R","M","R","M","M","$","$","M","B",null,"R","M","E","R","E","M","T","R","M","E","$","M","?","$","M","B",null,"R","M","M","R","?","R","T","?","$","R","?","?","?","M","M","B",null],"character_chosen":"THE_CHAMP","items_purchased":["Ancient Tea Set","champ:AdrenalArmor","champ:EnragedBash","champ:HeartStrike"],"campfire_rested":0,"item_purchase_floors":[13,13,13,43],"current_hp_per_floor":[104,104,104,97,97,97,97,97,97,97,89,89,104,104,104,101,104,104,104,93,93,97,104,104,104,99,80,104,104,104,104,104,104,104,104,102,104,104,66,66,66,66,81,81,81,56,56,31,9,104],"gold":23,"neow_bonus":"ONE_RARE_RELIC","is_daily":false,"chose_seed":false,"campfire_upgraded":10,"win_rate":0.0,"timestamp":1608441877,"path_taken":["R","M","R","M","?","?","T","R","M","R","?","M","$","$","M","BOSS","R","?","E","R","E","M","T","R","M","E","$","M","?","$","M","BOSS","R","M","M","R","?","R","T","?","$","R","?","?","?","M","M","BOSS"],"items_purchased_type":["Relic","Card","Card","Card"],"build_version":"2020-12-13","purchased_purges":0,"victory":true,"max_hp_per_floor":[104,104,104,104,104,104,104,104,104,104,104,104,104,104,104,104,104,104,104,104,104,104,104,104,104,104,104,104,104,104,104,104,104,104,104,104,104,104,104,104,104,104,104,104,104,104,104,104,104,104],"relic_stats":{"Busted Crown":12,"counters":[27,129],"Mummified Hand":[30],"Pantograph":25,"MealTicket":45,"Ectoplasm":914,"Boot":[22],"obtain_stats":[{"Ice Cream":46,"downfall:HeartBlessingRed":3,"champ:ChampionCrown":0,"Mango":0,"Omamori":27,"Ancient Tea Set":13,"Boot":20,"Busted Crown":34,"Mummified Hand":24,"champ:LiftRelic":5,"Pantograph":42,"MealTicket":7,"Ectoplasm":17,"HollowMod:PaleOreRelic":41,"CatCart":39,"Unceasing Top":22},{"Ice Cream":24,"downfall:HeartBlessingRed":1,"champ:ChampionCrown":0,"Mango":0,"Omamori":15,"Ancient Tea Set":6,"Boot":11,"Busted Crown":20,"Mummified Hand":13,"champ:LiftRelic":2,"Pantograph":23,"MealTicket":2,"Ectoplasm":9,"HollowMod:PaleOreRelic":23,"CatCart":23,"Unceasing Top":12},{"Ice Cream":116,"downfall:HeartBlessingRed":3,"champ:ChampionCrown":0,"Mango":0,"Omamori":74,"Ancient Tea Set":22,"Boot":47,"Busted Crown":92,"Mummified Hand":63,"champ:LiftRelic":6,"Pantograph":111,"MealTicket":6,"Ectoplasm":37,"HollowMod:PaleOreRelic":111,"CatCart":111,"Unceasing Top":58}],"Unceasing Top":[24]},"card_choices":[{"not_picked":["champ:Encircle","champ:SkillfulDodge"],"picked":"champ:AdrenalArmor","floor":2},{"not_picked":["champ:DefensiveShout","champ:PerfectedStrike"],"picked":"champ:BringItOn","floor":4},{"not_picked":["champ:FalseCounter","champ:DefensiveShout"],"picked":"champ:Backstep","floor":9},{"not_picked":["champ:FlashCut","champ:FaceSlap"],"picked":"champ:RecklessLeap","floor":11},{"not_picked":["champ:BladeFlurry","champ:Shatter"],"picked":"champ:CrookedStrike","floor":12},{"not_picked":["champ:ViciousMockery","champ:FalseCounter","champ:FanOfKnives"],"picked":"SKIP","floor":13},{"not_picked":["champ:PerfectForm","champ:Backstep"],"picked":"champ:EndlessRage","floor":14},{"not_picked":["champ:FlashCut","champ:GladiatorsShout"],"picked":"champ:BerserkerStyle","floor":15},{"not_picked":["champ:HeavySlash","champ:SteelEdge"],"picked":"champ:VampiricStrike","floor":16},{"not_picked":["champ:IronFortress","champ:Lariat"],"picked":"champ:BerserkersShout","floor":19},{"not_picked":["champ:FanOfKnives","champ:FlashCut","champ:Haymaker"],"picked":"SKIP","floor":20},{"not_picked":["champ:Circumvent","champ:PreciseThrust"],"picked":"champ:Encircle","floor":22},{"not_picked":["champ:CrookedStrike","champ:FanOfKnives+1"],"picked":"champ:AdrenalArmor","floor":23},{"not_picked":["champ:BringItOn+1","champ:Lariat"],"picked":"champ:Encircle+1","floor":26},{"not_picked":["champ:AdrenalArmor","champ:Riposte"],"picked":"champ:FaceSlap","floor":27},{"not_picked":["champ:AdrenalArmor","champ:ArenaPreparation+1"],"picked":"champ:RapidStrikes+1","floor":28},{"not_picked":["champ:Haymaker","champ:BerserkersShout"],"picked":"champ:VampiricStrike","floor":29},{"not_picked":["champ:BringItOn+1","champ:FocusedDefense","champ:DeathBlow"],"picked":"SKIP","floor":31},{"not_picked":["champ:Haymaker","champ:ViciousMockery"],"picked":"champ:Encircle","floor":32},{"not_picked":["champ:StrikeOfGenius","champ:DancingMaster"],"picked":"champ:LastStand","floor":33},{"not_picked":["champ:AdrenalArmor"],"picked":"SKIP","floor":36},{"not_picked":[],"picked":"champ:Backstep","floor":37},{"not_picked":[],"picked":"champ:FanOfKnives","floor":46},{"not_picked":["champ:BringItOn+1"],"picked":"SKIP","floor":48},{"not_picked":[],"picked":"champ:Circumvent+1","floor":49}],"player_experience":301700,"relics_obtained":[{"floor":7,"key":"MealTicket"},{"floor":20,"key":"Boot"},{"floor":22,"key":"Unceasing Top"},{"floor":24,"key":"Mummified Hand"},{"floor":27,"key":"Omamori"},{"floor":39,"key":"CatCart"},{"floor":41,"key":"HollowMod:PaleOreRelic"},{"floor":42,"key":"Pantograph"},{"floor":46,"key":"Ice Cream"}],"event_choices":[{"damage_healed":0,"gold_gain":0,"player_choice":"Fight","damage_taken":0,"max_hp_gain":0,"max_hp_loss":0,"event_name":"OrinTheCat","floor":39,"gold_loss":0},{"damage_healed":0,"gold_gain":0,"player_choice":"Fight","damage_taken":0,"max_hp_gain":0,"max_hp_loss":0,"event_name":"Mysterious Sphere","floor":46,"gold_loss":0},{"cards_removed":["champ:Taunt"],"damage_healed":0,"gold_gain":0,"player_choice":"Removed Skill","damage_taken":0,"max_hp_gain":0,"max_hp_loss":0,"event_name":"Falling","floor":47,"gold_loss":0}],"is_beta":false,"boss_relics":[{"not_picked":["SacredBark","Snecko Eye"],"picked":"Ectoplasm"},{"not_picked":["Fusion Hammer","Cursed Key"],"picked":"Busted Crown"}],"items_purged_floors":[],"is_endless":false,"potions_floor_spawned":[2,9,15,16,19,29,32,39,46,48],"ascension_level":0}}