{"host":"sv2o2io561l6x04h","time":1608431506,"event":{"mods":["BaseMod","Bestiary","Better Altar","Better Match","Better Note","Better Sensory Stone","Colored Map","Conspire","Custom Start","DeckTracker","Highlight Path","Hubris","Minty Spire (QoL Compilation)","Replay The Spire","Shop Mod","StSLib","The Runesmith"],"gold_per_floor":[369,544,544,340,355,355,355,355,355,355,375,403,403,417,417,516,516,527,527,437,337,347,347,358,358,358,372,390,265,265,265],"floor_reached":30,"playtime":2315,"items_purged":["Doubt","Runesmith:Strike_RS","Runesmith:Strike_RS"],"score":228,"play_id":"f66d21a3-0249-47f6-aa31-472c5de7a18c","local_time":"20201219213146","is_ascension_mode":false,"campfire_choices":[{"data":"Runesmith:LithiumIon","floor":6,"key":"SMITH"},{"data":"Runesmith:LithiumIon","floor":8,"key":"SMITH"},{"data":"Runesmith:Grindstone","floor":10,"key":"SMITH"},{"data":"Runesmith:Refine","floor":15,"key":"SMITH"},{"data":"Runesmith:UnlimitedPower","floor":23,"key":"SMITH"},{"floor":25,"key":"REST"}],"circlet_count":0,"master_deck":["Runesmith:Strike_RS+1","Runesmith:Defend_RS","Runesmith:Defend_RS+1","Runesmith:Defend_RS","Runesmith:Defend_RS","Runesmith:CraftFirestone","Runesmith:Fortify","Runesmith:LithiumIon+1","Runesmith:Grindstone+1","Runesmith:LithiumIon+1","Runesmith:Refine+1","Runesmith:ChiselStab+1","Runesmith:ChiselStab","Runesmith:UnlimitedPower+1","Runesmith:RunicBlueprint+1","Runesmith:Refine+1","Runesmith:ArcReactor","Runesmith:PoweredAnvil"],"relics":["Runesmith:CoreCrystal","hubris:ToyBattleship","Matryoshka","Ancient Tea Set","PreservedInsect","hubris:CuriousFeather","Whetstone"],"acts_visited":["Exordium","TheCity"],"potions_floor_usage":[14,16,18,18,18,24,24,28,30],"damage_taken":[{"damage":1,"enemies":"Small Slimes","floor":1,"turns":5},{"damage":6,"enemies":"Jaw Worm","floor":5,"turns":4},{"damage":3,"enemies":"Cultist","floor":11,"turns":4},{"damage":17,"enemies":"3 Sentries","floor":12,"turns":9},{"damage":0,"enemies":"conspire:2 RoseBushes","floor":14,"turns":3},{"damage":14,"enemies":"Fading Forest","floor":16,"turns":11},{"damage":16,"enemies":"conspire:FuzzyDice","floor":18,"turns":7},{"damage":27,"enemies":"Shell Parasite","floor":22,"turns":5},{"damage":14,"enemies":"Centurion and Healer","floor":24,"turns":5},{"damage":6,"enemies":"Snake Plant","floor":27,"turns":5},{"damage":16,"enemies":"conspire:HollyBat","floor":28,"turns":9},{"damage":3,"enemies":"3 Cultists","floor":30,"turns":3}],"seed_played":"4284961279340643590","potions_obtained":[{"floor":1,"key":"SteroidPotion"},{"floor":5,"key":"Reflective Coating"},{"floor":12,"key":"Block Potion"},{"floor":13,"key":"EntropicBrew"},{"floor":14,"key":"FearPotion"},{"floor":22,"key":"Strength Potion"},{"floor":24,"key":"CultistPotion"},{"floor":27,"key":"ColorlessPotion"}],"is_trial":false,"path_per_floor":["M","?","?","$","M","R","?","R","T","R","M","E","?","M","R","B",null,"M","?","?","$","M","R","M","R","T","M","M","$","M"],"character_chosen":"RUNESMITH_CLASS","items_purchased":["Runesmith:Grindstone","Runesmith:LithiumIon"],"campfire_rested":1,"item_purchase_floors":[4,4],"current_hp_per_floor":[62,62,62,62,56,56,56,56,56,56,53,36,36,36,36,22,63,47,47,47,47,20,20,6,24,24,18,2,2,0,0],"gold":265,"neow_bonus":"TWO_FIFTY_GOLD","is_daily":false,"chose_seed":false,"campfire_upgraded":5,"win_rate":0.0,"timestamp":1608431506,"path_taken":["M","?","?","$","?","R","?","R","T","R","M","E","?","M","R","BOSS","M","?","?","$","M","R","?","R","T","M","M","$","M"],"items_purchased_type":["Card","Card"],"build_version":"2020-12-13","purchased_purges":3,"victory":false,"max_hp_per_floor":[63,63,63,63,63,63,63,63,63,63,63,63,63,63,63,63,63,63,63,63,63,63,63,63,63,63,63,63,63,63,63],"card_choices":[{"not_picked":["Runesmith:HammerTime","Runesmith:Repurpose"],"picked":"Runesmith:LithiumIon","floor":1},{"not_picked":["Runesmith:NanitesCloud","Runesmith:OneForEveryone"],"picked":"Runesmith:Refine","floor":5},{"not_picked":["Runesmith:HammerThrow","Runesmith:HeatExchange"],"picked":"Runesmith:ChiselStab","floor":11},{"not_picked":["Runesmith:CraftPrismatica","Runesmith:HammerThrow"],"picked":"Runesmith:ChiselStab","floor":12},{"not_picked":["Runesmith:StaticCage","Runesmith:BackupBattery","Runesmith:PerfectChisel"],"picked":"SKIP","floor":14},{"not_picked":["Runesmith:CraftPrismatica","Runesmith:ReplicatingBarrier"],"picked":"Runesmith:UnlimitedPower","floor":16},{"not_picked":["Runesmith:HeatExchange+1","Runesmith:Firestorm"],"picked":"Runesmith:RunicBlueprint+1","floor":18},{"not_picked":["Runesmith:ChiselStab","Runesmith:HeatExchange","Runesmith:NegativeSpace+1"],"picked":"SKIP","floor":22},{"not_picked":["Runesmith:UnstableHammer+1","Runesmith:Repurpose"],"picked":"Runesmith:Refine+1","floor":24},{"not_picked":["Runesmith:EarthShield","Runesmith:OneForEveryone+1"],"picked":"Runesmith:ArcReactor","floor":27},{"not_picked":["Runesmith:Discharge","Runesmith:CraftIncendium"],"picked":"Runesmith:PoweredAnvil","floor":28}],"player_experience":214869,"relics_obtained":[{"floor":9,"key":"Ancient Tea Set"},{"floor":9,"key":"PreservedInsect"},{"floor":12,"key":"hubris:CuriousFeather"},{"floor":26,"key":"Whetstone"}],"event_choices":[{"damage_healed":0,"gold_gain":175,"player_choice":"AGREE","damage_taken":0,"max_hp_gain":0,"max_hp_loss":0,"event_name":"Liars Game","floor":2,"gold_loss":0,"cards_obtained":["Doubt"]},{"damage_healed":0,"gold_gain":0,"player_choice":"Gave Potion","damage_taken":0,"relics_obtained":["hubris:ToyBattleship"],"max_hp_gain":0,"max_hp_loss":0,"event_name":"WeMeetAgain","floor":3,"gold_loss":0},{"damage_healed":0,"gold_gain":0,"player_choice":"Searched \u00271\u0027 times","damage_taken":0,"relics_obtained":["Matryoshka"],"max_hp_gain":0,"max_hp_loss":0,"event_name":"Dead Adventurer","floor":7,"gold_loss":0},{"damage_healed":0,"gold_gain":0,"player_choice":"Got Potions","damage_taken":0,"max_hp_gain":0,"max_hp_loss":0,"event_name":"Lab","floor":13,"gold_loss":0},{"cards_removed":["Runesmith:Strike_RS"],"damage_healed":0,"gold_gain":0,"player_choice":"Give","damage_taken":0,"max_hp_gain":0,"max_hp_loss":0,"event_name":"betterNote:BetterNote","floor":19,"gold_loss":0,"cards_obtained":["Runesmith:Defend_RS"]},{"cards_removed":["Runesmith:Strike_RS"],"damage_healed":0,"gold_gain":0,"player_choice":"Upgrade and Remove","damage_taken":0,"max_hp_gain":0,"max_hp_loss":0,"event_name":"Designer","floor":20,"gold_loss":90,"cards_upgraded":["Runesmith:Defend_RS"]}],"is_beta":false,"boss_relics":[{"not_picked":["hubris:GrandSneckoEye","Abe\u0027s Treasure"],"picked":"Runesmith:CoreCrystal"}],"items_purged_floors":[4,21,29],"is_endless":false,"potions_floor_spawned":[1,5,12,14,22,24,27],"killed_by":"3 Cultists","ascension_level":0}}