{"host":"8l1xuphorofpdxlv","time":1608471520,"event":{"mods":["AchievementEnabler","BaseMod","DeckTracker","Minty Spire (QoL Compilation)","Quick Restart","SuperFastMode"],"gold_per_floor":[115,125,142,142,158,158,158,158,238,251,271,290,306,331,331,331,331],"floor_reached":16,"playtime":384,"items_purged":[],"score":110,"play_id":"c26ce36f-a96f-4744-ab5b-61f850ebd338","local_time":"20201220223840","is_ascension_mode":true,"campfire_choices":[{"data":"Doubt","floor":6.0,"key":"PURGE"},{"floor":15,"key":"REST"}],"circlet_count":0,"master_deck":["Strike_G","Strike_G","Strike_G","Strike_G","Strike_G","Defend_G","Defend_G","Defend_G","Defend_G","Defend_G","Survivor","Neutralize","Accuracy","Dagger Spray","Blur","Backflip","Escape Plan","Prepared"],"relics":["Ring of the Snake","Peace Pipe","Golden Idol","Meat on the Bone","Happy Flower"],"acts_visited":["Exordium"],"potions_floor_usage":[13,13],"damage_taken":[{"damage":6.0,"enemies":"2 Louse","floor":1.0,"turns":4.0},{"damage":11.0,"enemies":"Jaw Worm","floor":2.0,"turns":10.0},{"damage":11.0,"enemies":"Small Slimes","floor":3.0,"turns":4.0},{"damage":2.0,"enemies":"Exordium Wildlife","floor":5.0,"turns":4.0},{"damage":10.0,"enemies":"Lots of Slimes","floor":10.0,"turns":3.0},{"damage":0,"enemies":"3 Louse","floor":11,"turns":4},{"damage":9,"enemies":"Exordium Thugs","floor":12,"turns":8},{"damage":22,"enemies":"Exordium Wildlife","floor":13,"turns":7},{"damage":0,"enemies":"Slime Boss","floor":16,"turns":1}],"seed_played":"-5859444366217438954","potions_obtained":[{"floor":2.0,"key":"EntropicBrew"},{"floor":3.0,"key":"Explosive Potion"},{"floor":11,"key":"FearPotion"}],"is_trial":false,"path_per_floor":["M","M","M","?","M","R","?","?","T","M","M","M","M","T","R","B"],"character_chosen":"THE_SILENT","items_purchased":[],"campfire_rested":1,"item_purchase_floors":[],"current_hp_per_floor":[64,53,42,42,40,40,33,33,33,35,47,38,28,28,49,49,49],"gold":331,"neow_bonus":"ONE_RARE_RELIC","is_daily":false,"chose_seed":false,"campfire_upgraded":0,"win_rate":0.0,"timestamp":1608471520,"path_taken":["M","M","M","?","M","R","?","?","T","?","M","M","M","?","R","BOSS"],"items_purchased_type":[],"build_version":"2020-12-13","purchased_purges":0,"victory":false,"max_hp_per_floor":[70,70,70,70,70,70,70,70,70,70,70,70,70,70,70,70,70],"card_choices":[{"not_picked":["Expertise","Sucker Punch"],"picked":"Accuracy","floor":1.0},{"not_picked":["Prepared","Choke"],"picked":"Dagger Spray","floor":2.0},{"not_picked":["Flying Knee","Distraction","Deflect"],"picked":"SKIP","floor":3.0},{"not_picked":["Sucker Punch","Dodge and Roll"],"picked":"Blur","floor":5.0},{"not_picked":["Bane","Crippling Poison"],"picked":"Backflip","floor":10},{"not_picked":["Flying Knee","Terror"],"picked":"Escape Plan","floor":11},{"not_picked":["Endless Agony","Dagger Throw","Underhanded Strike"],"picked":"SKIP","floor":12},{"not_picked":["Crippling Poison","Slice"],"picked":"Prepared","floor":13}],"player_experience":71026,"relics_obtained":[{"floor":9.0,"key":"Meat on the Bone"},{"floor":14,"key":"Happy Flower"}],"event_choices":[{"damage_healed":0.0,"max_hp_gain":0.0,"max_hp_loss":0.0,"gold_gain":0.0,"event_name":"Golden Idol","player_choice":"Take Wound","floor":4.0,"gold_loss":0.0,"damage_taken":0.0,"relics_obtained":["Golden Idol"],"cards_obtained":["Injury"]},{"cards_removed":["Injury"],"damage_healed":0.0,"max_hp_gain":0.0,"max_hp_loss":0.0,"gold_gain":0.0,"event_name":"Golden Wing","player_choice":"Card Removal","floor":7.0,"gold_loss":0.0,"damage_taken":7.0},{"damage_healed":0.0,"max_hp_gain":0.0,"max_hp_loss":0.0,"gold_gain":0.0,"event_name":"FaceTrader","player_choice":"Leave","floor":8.0,"gold_loss":0.0,"damage_taken":0.0}],"is_beta":false,"boss_relics":[],"items_purged_floors":[],"is_endless":false,"potions_floor_spawned":[2,3,11],"killed_by":"Slime Boss","ascension_level":3}}