{"host":"zi8o4akxlgxypwgb","time":1608483871,"event":{"mods":["BaseMod","Minty Spire (QoL Compilation)","Replay The Spire","StSLib","SuperFastMode"],"gold_per_floor":[116,116,136,60,60,95,95,123,199,18,18,64,79,90,90,187,187,204,19,19,19,37,63,63,74,74,85,117,117,168,185,185,286,286,298,74,87,100,110,138,138,138,138,138,157,174,200,220,220,220],"floor_reached":51,"playtime":2709,"items_purged":["Strike_G","Defend_G"],"score":1327,"play_id":"5ceeacb3-9829-44e0-9940-710daa71c93b","local_time":"20201221010431","is_ascension_mode":true,"campfire_choices":[{"data":"Terror","floor":11.0,"key":"SMITH"},{"floor":15.0,"key":"DIG"},{"data":"Dash","floor":24.0,"key":"SMITH"}],"circlet_count":0,"master_deck":["Survivor","Neutralize","Acrobatics","Dagger Throw","Terror+1","Dagger Spray+1","Expertise","Quick Slash+1","ReplayTheSpireMod:Scrap Shanks","Dash+1","Choke","Hidden Blade","Doppelganger","Prepared+1","Deflect+1","Cloak And Dagger","Hidden Blade+1","PiercingWail","Dagger Throw","Shame","Sucker Punch","Underhanded Strike+1","Shame","Clumsy","Hidden Blade","Prepared","Atom Bomb","Tactician+1","Panache","Mind Blast","Jack Of All Trades","Bane+1","Quick Slash+1","Backstab+1","Slice+1","Bouncing Flask","Hallucinations","Predator","Blade Dance+1","Deadly Poison+1","Languid","Poisoned Stab+1","Eviscerate","Transmutation","Secret Weapon","Survey Options"],"relics":["Ring of the Snake","NeowsBlessing","MealTicket","Omamori","ReplayTheSpireMod:Ring of Collecting","Ring of Misfortune","Sundial","Mummified Hand","ReplayTheSpireMod:Ring of Challenge","Tiny Chest","Replay:Bottled Steam","Cursed Key","TheAbacus","Necronomicon","Replay:PocketPolymizer","Ring of Fury","Bottled Flame","Replay:Multitool","Pantograph","ReplayTheSpireMod:Ring of Addiction","Chameleon Ring","SacredBark","Replay:Mystery Machine","Coffee Dripper","ReplayTheSpireMod:ShopPack","Pen Nib","ReplayTheSpireMod:Ring of Exchange","Shuriken","Dream Catcher","Vampiric Spirits"],"acts_visited":["Exordium","TheCity","TheBeyond"],"potions_floor_usage":[50,50,50,50],"damage_taken":[{"damage":0.0,"enemies":"2 Louse","floor":1.0,"turns":1.0},{"damage":0.0,"enemies":"Small Slimes","floor":3.0,"turns":1.0},{"damage":0.0,"enemies":"3 Sentries","floor":6.0,"turns":1.0},{"damage":16.0,"enemies":"Gremlin Nob","floor":8.0,"turns":3.0},{"damage":9.0,"enemies":"Jaw Worm","floor":13.0,"turns":4.0},{"damage":9.0,"enemies":"2 Fungi Beasts","floor":14.0,"turns":2.0},{"damage":48.0,"enemies":"Fading Forest","floor":16.0,"turns":11.0},{"damage":17.0,"enemies":"Shell Parasite","floor":18.0,"turns":4.0},{"damage":0.0,"enemies":"Spheric Guardian","floor":22.0,"turns":3.0},{"damage":17.0,"enemies":"Replay:Snechameleon","floor":23.0,"turns":5.0},{"damage":0.0,"enemies":"3 Cultists","floor":25.0,"turns":4.0},{"damage":0.0,"enemies":"Cultist and Chosen","floor":27.0,"turns":3.0},{"damage":0.0,"enemies":"Slavers","floor":28.0,"turns":5.0},{"damage":0.0,"enemies":"Chosen and Byrds","floor":31.0,"turns":2.0},{"damage":16.0,"enemies":"Automaton","floor":33.0,"turns":6.0},{"damage":12.0,"enemies":"3 Darklings","floor":35.0,"turns":4.0},{"damage":0.0,"enemies":"Orb Walker","floor":37.0,"turns":1.0},{"damage":0.0,"enemies":"Jaw Worm Horde","floor":38.0,"turns":4.0},{"damage":12.0,"enemies":"Writhing Mass","floor":39.0,"turns":2.0},{"damage":0.0,"enemies":"Reptomancer","floor":40.0,"turns":2.0},{"damage":0,"enemies":"Transient","floor":45,"turns":5},{"damage":0,"enemies":"Spire Growth","floor":46,"turns":2},{"damage":18,"enemies":"Nemesis","floor":47,"turns":3},{"damage":22,"enemies":"Time Eater","floor":50,"turns":5}],"seed_played":"2683756340000791796","potions_obtained":[{"floor":3.0,"key":"DuplicationPotion"},{"floor":6.0,"key":"Poison Potion"},{"floor":8.0,"key":"Poison Potion"},{"floor":16.0,"key":"PowerPotion"},{"floor":23.0,"key":"Explosive Potion"},{"floor":25.0,"key":"AttackPotion"},{"floor":27.0,"key":"Toxic Potion"},{"floor":38.0,"key":"LiquidBronze"},{"floor":40.0,"key":"GamblersBrew"}],"is_trial":false,"path_per_floor":["M","?","M","$","?","E","?","E","T","$","R","T","M","M","R","B",null,"M","$","?","?","M","E","R","M","T","M","E","?","T","M","R","B",null,"M","$","M","M","M","E","?","R","T","R","M","M","E","?","R","B",null],"character_chosen":"THE_SILENT","items_purchased":["Terror","ReplayTheSpireMod:Scrap Shanks","Dash","TheAbacus","Deflect+1","ReplayTheSpireMod:ShopPack"],"campfire_rested":0,"item_purchase_floors":[4,10,10,19,19,36],"current_hp_per_floor":[63,56,56,70,70,70,70,54,54,69,69,69,60,51,51,7,54,37,52,36,36,36,19,19,19,19,19,19,19,19,19,40,49,65,53,68,68,68,56,56,56,66,64,64,64,64,44,44,34,38],"gold":220,"neow_bonus":"THREE_ENEMY_KILL","is_daily":false,"chose_seed":false,"campfire_upgraded":2,"win_rate":0.0,"timestamp":1608483871,"path_taken":["M","?","M","$","?","E","?","E","T","$","R","?","M","M","R","BOSS","M","$","?","?","M","E","R","M","T","M","E","?","?","M","R","BOSS","M","$","M","M","M","E","?","R","T","R","M","M","E","?","R","BOSS"],"items_purchased_type":["Card","Card","Card","Relic","Card","Relic"],"build_version":"2020-12-13","purchased_purges":2,"victory":true,"max_hp_per_floor":[70,70,70,70,70,70,70,70,70,70,70,70,70,70,70,70,70,70,70,70,70,70,70,70,70,70,70,70,70,70,70,70,70,70,70,70,68,68,68,66,66,66,64,64,64,64,62,62,62,60],"card_choices":[{"not_picked":["Outmaneuver","Dodge and Roll"],"picked":"Acrobatics","floor":1.0},{"not_picked":["Deadly Poison","Sucker Punch"],"picked":"Dagger Throw","floor":3.0},{"not_picked":["Quick Slash","Flechettes"],"picked":"Expertise","floor":6.0},{"not_picked":["Poisoned Stab","Concentrate"],"picked":"Quick Slash","floor":8.0},{"not_picked":["Quick Slash","Reflex"],"picked":"Choke","floor":13.0},{"not_picked":["Backflip","Underhanded Strike"],"picked":"Hidden Blade","floor":14.0},{"not_picked":["Night Terror","Atom Bomb"],"picked":"Doppelganger","floor":16.0},{"not_picked":["Hidden Blade","Footwork"],"picked":"Prepared+1","floor":18.0},{"not_picked":["Deflect","Slice"],"picked":"Cloak And Dagger","floor":22.0},{"not_picked":["Poison Darts","Dagger Spray"],"picked":"Hidden Blade+1","floor":23.0},{"not_picked":["Reflex","Quick Slash"],"picked":"Dagger Throw","floor":25.0},{"not_picked":["Quick Slash","Poisoned Stab"],"picked":"Sucker Punch","floor":27.0},{"not_picked":["Dodge and Roll+1","All Out Attack+1"],"picked":"Underhanded Strike+1","floor":28.0},{"not_picked":["PiercingWail+1","Bane"],"picked":"Hidden Blade","floor":31.0},{"not_picked":["Envenom","Replay:Bag of Tricks"],"picked":"Atom Bomb","floor":33.0},{"not_picked":["Dodge and Roll+1","ReplayTheSpireMod:Exploit Weakness+1"],"picked":"Tactician","floor":35.0},{"not_picked":["Secret Weapon","Master of Strategy"],"picked":"Panache","floor":36.0},{"not_picked":["Dark Shackles","Panache"],"picked":"Mind Blast","floor":36.0},{"not_picked":["Purity","Replay:Sssssssssstrike"],"picked":"Jack Of All Trades","floor":36.0},{"not_picked":["Glass Knife","Quick Slash"],"picked":"Bane+1","floor":37.0},{"not_picked":["Caltrops+1","Blade Dance"],"picked":"Quick Slash+1","floor":38.0},{"not_picked":["ReplayTheSpireMod:Tripwire","Escape Plan"],"picked":"Backstab+1","floor":39.0},{"not_picked":["Bane","Sucker Punch"],"picked":"Slice+1","floor":40.0},{"not_picked":["ReplayTheSpireMod:Necrosis","PiercingWail+1"],"picked":"Predator","floor":45},{"not_picked":["Acrobatics+1","Backflip"],"picked":"Blade Dance+1","floor":46},{"not_picked":["Skewer","PiercingWail"],"picked":"Deadly Poison+1","floor":47},{"not_picked":["Catalyst","Underhanded Strike"],"picked":"Poisoned Stab+1","floor":48},{"not_picked":["Specialist","Replay:Parry"],"picked":"Transmutation","floor":49},{"not_picked":["Jack Of All Trades","Enlightenment"],"picked":"Secret Weapon","floor":49},{"not_picked":["Violence","Forethought"],"picked":"Survey Options","floor":49}],"player_experience":359262,"relics_obtained":[{"floor":6.0,"key":"Omamori"},{"floor":7.0,"key":"ReplayTheSpireMod:Ring of Collecting"},{"floor":7.0,"key":"Ring of Misfortune"},{"floor":8.0,"key":"Sundial"},{"floor":9.0,"key":"Mummified Hand"},{"floor":9.0,"key":"ReplayTheSpireMod:Ring of Challenge"},{"floor":12.0,"key":"Tiny Chest"},{"floor":15.0,"key":"Replay:Bottled Steam"},{"floor":20.0,"key":"Necronomicon"},{"floor":23.0,"key":"Replay:PocketPolymizer"},{"floor":26.0,"key":"Ring of Fury"},{"floor":26.0,"key":"Bottled Flame"},{"floor":28.0,"key":"Replay:Multitool"},{"floor":30.0,"key":"ReplayTheSpireMod:Ring of Addiction"},{"floor":30.0,"key":"Chameleon Ring"},{"floor":30.0,"key":"SacredBark"},{"floor":30.0,"key":"Replay:Mystery Machine"},{"floor":40.0,"key":"Pen Nib"},{"floor":43.0,"key":"ReplayTheSpireMod:Ring of Exchange"},{"floor":43.0,"key":"Shuriken"},{"floor":47,"key":"Dream Catcher"},{"floor":48,"key":"Vampiric Spirits"}],"event_choices":[{"damage_healed":0.0,"max_hp_gain":0.0,"max_hp_loss":0.0,"gold_gain":0.0,"event_name":"Scrap Ooze","player_choice":"Success","floor":2.0,"gold_loss":0.0,"damage_taken":7.0,"relics_obtained":["MealTicket"]},{"damage_healed":0.0,"max_hp_gain":0.0,"max_hp_loss":0.0,"gold_gain":0.0,"event_name":"Cursed Tome","player_choice":"Obtained Book","floor":20.0,"gold_loss":0.0,"damage_taken":16.0},{"cards_removed":["Defend_G"],"damage_healed":0.0,"max_hp_gain":0.0,"max_hp_loss":0.0,"gold_gain":0.0,"event_name":"Back to Basics","player_choice":"Elegance","floor":21.0,"gold_loss":0.0,"damage_taken":0.0},{"damage_healed":0.0,"max_hp_gain":0.0,"max_hp_loss":0.0,"gold_gain":0.0,"event_name":"Addict","player_choice":"Stole Relic","floor":29.0,"gold_loss":0.0,"damage_taken":0.0,"relics_obtained":["Pantograph"],"cards_obtained":["Shame"]},{"cards_removed":["Defend_G"],"damage_healed":0.0,"max_hp_gain":0.0,"max_hp_loss":0.0,"gold_gain":0.0,"event_name":"Purifier","player_choice":"Purged","floor":41.0,"gold_loss":0.0,"damage_taken":0.0},{"cards_removed":["Strike_G"],"damage_healed":0,"gold_gain":0,"player_choice":"Purged","damage_taken":0,"max_hp_gain":0,"max_hp_loss":0,"event_name":"Purifier","floor":44,"gold_loss":0},{"damage_healed":0,"gold_gain":0,"player_choice":"Memory 3","damage_taken":10,"max_hp_gain":0,"max_hp_loss":0,"event_name":"SensoryStone","floor":49,"gold_loss":0}],"is_beta":false,"boss_relics":[{"not_picked":["Philosopher\u0027s Stone","Runic Dome"],"picked":"Cursed Key"},{"not_picked":["Fusion Hammer","Replay:Drink Me"],"picked":"Coffee Dripper"}],"items_purged_floors":[10,36],"is_endless":false,"potions_floor_spawned":[3,6,8,16,18,23,25,27,38,40,46],"ascension_level":8}}