{"host":"xyexbe31ku0ov20l","time":1608504660,"event":{"mods":["AchievementEnabler","AlwaysNeverKeys","BaseMod","Bestiary","Block Reminder","Colored Map","Colored Powertips","Curses Come First","Displayed Cursed Tome","Minty Spire (QoL Compilation)","Permanent Neow","Quick Restart","Random Character Button","Rare Cards Sparkle","Relic Stats","StSLib"],"gold_per_floor":[17,29,104,118,118,118,118],"floor_reached":6,"playtime":274,"items_purged":[],"score":72,"play_id":"0a439705-36d7-4733-9de4-a808325588f5","local_time":"20201220145100","is_ascension_mode":true,"campfire_choices":[],"circlet_count":0,"master_deck":["AscendersBane","Strike_G","Strike_G","Strike_G","Strike_G","Strike_G","Defend_G","Defend_G","Defend_G","Defend_G","Defend_G","Survivor","Neutralize","Venomology","Crippling Poison","Deadly Poison","Footwork"],"relics":["Ring of the Snake","Strawberry"],"acts_visited":["Exordium"],"potions_floor_usage":[1,4,6,6],"damage_taken":[{"damage":17,"enemies":"Cultist","floor":1,"turns":6},{"damage":0,"enemies":"Jaw Worm","floor":2,"turns":6},{"damage":0,"enemies":"2 Louse","floor":4,"turns":2},{"damage":46,"enemies":"Gremlin Nob","floor":6,"turns":4}],"seed_played":"-5271114261729169002","potions_obtained":[{"floor":1,"key":"Energy Potion"},{"floor":4,"key":"CultistPotion"}],"is_trial":false,"path_per_floor":["M","M","?","M","T","E"],"character_chosen":"THE_SILENT","items_purchased":[],"campfire_rested":0,"item_purchase_floors":[],"current_hp_per_floor":[42,42,31,31,38,0,0],"gold":118,"neow_bonus":"THREE_RARE_CARDS","is_daily":false,"chose_seed":false,"campfire_upgraded":0,"win_rate":0.0,"timestamp":1608504660,"path_taken":["M","?","?","M","?","E"],"items_purchased_type":[],"build_version":"2020-12-13","purchased_purges":0,"victory":false,"max_hp_per_floor":[66,66,66,66,73,73,73],"relic_stats":{"counters":[4,18],"obtain_stats":[{"Strawberry":5,"Ring of the Snake":0},{"Strawberry":3,"Ring of the Snake":0},{"Strawberry":14,"Ring of the Snake":0}],"Ring of the Snake":[8]},"card_choices":[{"not_picked":["Phantasmal Killer","Glass Knife"],"picked":"Venomology","floor":0},{"not_picked":["Prepared","Bane"],"picked":"Crippling Poison","floor":1},{"not_picked":["Calculated Gamble","Underhanded Strike"],"picked":"Deadly Poison","floor":2},{"not_picked":["Masterful Stab","Slice"],"picked":"Footwork","floor":4}],"player_experience":2240652,"relics_obtained":[{"floor":5,"key":"Strawberry"}],"event_choices":[{"damage_healed":0,"gold_gain":75,"player_choice":"Gather Gold","damage_taken":11,"max_hp_gain":0,"max_hp_loss":0,"event_name":"World of Goop","floor":3,"gold_loss":0}],"is_beta":false,"boss_relics":[],"items_purged_floors":[],"is_endless":false,"potions_floor_spawned":[1,4],"killed_by":"Gremlin Nob","ascension_level":20}}