{"host":"sav7uxregyirlf69","time":1608429937,"event":{"mods":["AchievementEnabler","BaseMod","Colored Map","DeckTracker","Keyboard Shortcuts","Minty Spire (QoL Compilation)","READ ME - Guardian Mod","StSLib","SuperFastMode"],"gold_per_floor":[112,122,133,149,249,249,267,282,282,293,293,321,336,346,346,346,346],"floor_reached":16,"playtime":268,"items_purged":[],"score":108,"play_id":"d1f05402-d2ea-4c50-8a8d-62a9fedb83a8","local_time":"20201220110537","is_ascension_mode":false,"campfire_choices":[{"data":"Fiend Fire","floor":6,"key":"SMITH"},{"floor":11,"key":"REST"},{"data":"Seeing Red","floor":15,"key":"SMITH"}],"circlet_count":0,"master_deck":["Strike_R","Strike_R","Strike_R","Strike_R","Defend_R","Defend_R","Defend_R","Defend_R","Bash","Fiend Fire+1","Shrug It Off","Offering","Power Through","Seeing Red+1"],"relics":["Burning Blood","Charon\u0027s Ashes","Strawberry"],"acts_visited":["Exordium"],"potions_floor_usage":[13],"damage_taken":[{"damage":1,"enemies":"Cultist","floor":1,"turns":4},{"damage":1,"enemies":"Jaw Worm","floor":2,"turns":3},{"damage":10,"enemies":"Small Slimes","floor":3,"turns":3},{"damage":29,"enemies":"Exordium Thugs","floor":4,"turns":6},{"damage":15,"enemies":"Exordium Wildlife","floor":7,"turns":5},{"damage":11,"enemies":"Looter","floor":8,"turns":2},{"damage":6,"enemies":"Gremlin Gang","floor":10,"turns":1},{"damage":16,"enemies":"3 Sentries","floor":12,"turns":6},{"damage":0,"enemies":"Lots of Slimes","floor":13,"turns":2},{"damage":6,"enemies":"3 Louse","floor":14,"turns":2},{"damage":18,"enemies":"The Guardian","floor":16,"turns":8}],"seed_played":"9052520932970647588","potions_obtained":[{"floor":1,"key":"Explosive Potion"},{"floor":8,"key":"GamblersBrew"},{"floor":13,"key":"Explosive Potion"},{"floor":14,"key":"LiquidMemories"}],"is_trial":false,"path_per_floor":["M","M","M","M","?","R","M","M","T","M","R","E","M","M","R","B"],"character_chosen":"IRONCLAD","items_purchased":[],"campfire_rested":1,"item_purchase_floors":[],"current_hp_per_floor":[80,80,76,53,53,53,44,39,39,39,63,60,66,66,66,48,48],"gold":346,"neow_bonus":"TRANSFORM_CARD","is_daily":false,"chose_seed":false,"campfire_upgraded":2,"win_rate":0.0,"timestamp":1608429937,"path_taken":["M","?","M","M","?","R","M","M","T","M","R","E","M","M","R","BOSS"],"items_purchased_type":[],"build_version":"2020-12-13","purchased_purges":0,"victory":false,"max_hp_per_floor":[80,80,80,80,80,80,80,80,80,80,80,87,87,87,87,87,87],"card_choices":[{"not_picked":["Intimidate","Headbutt","Flex"],"picked":"SKIP","floor":1},{"not_picked":["Cleave","Armaments","Pommel Strike"],"picked":"SKIP","floor":2},{"not_picked":["Perfected Strike","Wild Strike"],"picked":"Shrug It Off","floor":3},{"not_picked":["Rupture","Sword Boomerang"],"picked":"Offering","floor":4},{"not_picked":["Heavy Blade","Searing Blow","Pummel"],"picked":"SKIP","floor":7},{"not_picked":["Perfected Strike","Uppercut","Iron Wave"],"picked":"SKIP","floor":8},{"not_picked":["Havoc","Hemokinesis","Anger"],"picked":"SKIP","floor":10},{"not_picked":["Sever Soul","Body Slam","Rupture"],"picked":"SKIP","floor":12},{"not_picked":["Headbutt","Shrug It Off"],"picked":"Power Through","floor":13},{"not_picked":["Heavy Blade","Wild Strike"],"picked":"Seeing Red","floor":14}],"player_experience":960480,"relics_obtained":[{"floor":9,"key":"Charon\u0027s Ashes"},{"floor":12,"key":"Strawberry"}],"event_choices":[{"damage_healed":0,"gold_gain":100,"player_choice":"Pray","damage_taken":0,"max_hp_gain":0,"max_hp_loss":0,"event_name":"Golden Shrine","floor":5,"gold_loss":0}],"is_beta":false,"boss_relics":[],"items_purged_floors":[],"is_endless":false,"potions_floor_spawned":[1,8,13,14],"killed_by":"The Guardian","ascension_level":0}}