{"host":"f14d6hm2349s9jse","time":1608476356,"event":{"mods":["2.2 Compatiblity","BaseMod","Magitek Elite","Minty Spire (QoL Compilation)","StSLib"],"gold_per_floor":[114,78,78,96,106,137,137,98,153,153,170,170,0,33,33,157,157,169,169,169],"floor_reached":19,"playtime":896,"items_purged":[],"score":175,"play_id":"ee19e2aa-8e1f-4a87-8fb2-58e90061977d","local_time":"20201220095916","is_ascension_mode":false,"campfire_choices":[{"floor":7,"key":"REST"},{"data":"Tornado","floor":10,"key":"SMITH"},{"data":"Protect_M","floor":12,"key":"SMITH"},{"floor":15,"key":"REST"}],"circlet_count":0,"master_deck":["Strike_L","Strike_L","Strike_L","Strike_L","Defend_L","Defend_L","Defend_L","Defend_L","Defend_L","Fire2","Cure","Enhancer","Protect_M+1","Tornado+1","Mirage_Vest","Balance","Meteor","HandOfGreed","Shell","Stop"],"relics":["Pendant","NeowsBlessing","FaceOfCleric","Juzu Bracelet","Lantern","Darkstone Periapt","Fusion Hammer"],"acts_visited":["Exordium","TheCity"],"potions_floor_usage":[16],"damage_taken":[{"damage":0.0,"enemies":"Cultist","floor":1.0,"turns":1.0},{"damage":0.0,"enemies":"2 Louse","floor":4.0,"turns":2.0},{"damage":0.0,"enemies":"Jaw Worm","floor":5.0,"turns":1.0},{"damage":38,"enemies":"Lagavulin","floor":6,"turns":9},{"damage":0,"enemies":"Looter","floor":11,"turns":4},{"damage":42,"enemies":"Gremlin Nob","floor":14,"turns":5},{"damage":23,"enemies":"Slime Boss","floor":16,"turns":10},{"damage":31,"enemies":"Spheric Guardian","floor":18,"turns":8}],"seed_played":"-4750072491829576749","potions_obtained":[{"floor":4.0,"key":"Fire Potion"},{"floor":6,"key":"Dexterity Potion"},{"floor":18,"key":"SpeedPotion"}],"is_trial":false,"path_per_floor":["M","$","?","M","M","E","R","$","T","R","M","R","$","E","R","B",null,"M","$"],"character_chosen":"MAGITEKELITE","items_purchased":["Protect_M","Balance","HandOfGreed"],"campfire_rested":2,"item_purchase_floors":[2,8,13],"current_hp_per_floor":[63,63,63,64,65,34,53,53,53,53,54,54,54,13,33,17,69,45,45,45],"gold":169,"neow_bonus":"THREE_ENEMY_KILL","is_daily":false,"chose_seed":false,"campfire_upgraded":2,"win_rate":0.0,"timestamp":1608476356,"path_taken":["M","?","?","M","M","E","R","$","T","R","M","R","$","E","R","BOSS","M","$"],"items_purchased_type":["Card","Card","Card"],"build_version":"2020-12-13","purchased_purges":0,"victory":false,"max_hp_per_floor":[63,63,63,64,65,66,66,66,66,66,67,67,67,68,68,69,69,70,70,70],"card_choices":[{"not_picked":["Aero","Quake"],"picked":"Enhancer","floor":1.0},{"not_picked":["Flametongue","Esuna"],"picked":"Tornado","floor":4.0},{"not_picked":["Aero","Poisona","Flare"],"picked":"SKIP","floor":5.0},{"not_picked":["Meltdown","Water"],"picked":"Mirage_Vest","floor":6},{"not_picked":["Heavy_Shield","Thunder_P"],"picked":"Meteor","floor":11},{"not_picked":["Thunder_Blade","Blizzard_P"],"picked":"Shell","floor":14},{"not_picked":["Quick","Remember"],"picked":"Stop","floor":16},{"not_picked":["Gaia_Gear+1","Flametongue+1","Barrier"],"picked":"SKIP","floor":18}],"player_experience":2463875,"relics_obtained":[{"floor":6,"key":"Juzu Bracelet"},{"floor":9,"key":"Lantern"},{"floor":14,"key":"Darkstone Periapt"}],"event_choices":[{"damage_healed":0.0,"max_hp_gain":0.0,"max_hp_loss":0.0,"gold_gain":0.0,"event_name":"FaceTrader","player_choice":"Trade","floor":3.0,"gold_loss":0.0,"damage_taken":0.0,"relics_obtained":["FaceOfCleric"]}],"is_beta":false,"boss_relics":[{"not_picked":["SlaversCollar","Runic Pyramid"],"picked":"Fusion Hammer"}],"items_purged_floors":[],"is_endless":false,"potions_floor_spawned":[4,6,18],"ascension_level":0}}