{"host":"lw874zp3en0pz6a7","time":1608441317,"event":{"mods":["Act Like it!","BaseMod","Downfall","Key Reminder","KinomotoSakuraMod(木之本樱)","LagranYue(拉格朗・月)","Luminous","Marisa（F雨　魔理沙）","Minty Spire (QoL Compilation)","Quick Restart","READ ME - Guardian Mod","Reimu（博丽灵梦）","Remilia（蕾米莉亚）","Replay The Spire","SIMod","SOS（斯巴达之子）","Shop Mod","StSLib","Td1madao Mod","The Administrix","The Bladedancer","The Bug Knight","The Construct","The Cursed","The Gatherer","The Runesmith","The Servant 0.9.4","WarShipGirlsR/战舰少女R mod","Youmu（魂魄妖梦）","[地精首领爬塔]The Maniac","vexMod"],"gold_per_floor":[117,37,37,50,62,62,62,62],"floor_reached":7,"playtime":306,"items_purged":[],"score":55,"play_id":"cc01a7e6-c37d-4753-acb0-546034d2af13","local_time":"20201220131517","is_ascension_mode":true,"campfire_choices":[{"data":"KidneyShot","floor":6,"key":"SMITH"}],"circlet_count":0,"master_deck":["Strike_S","Strike_S","Strike_S","Strike_S","Defend_S","Defend_S","Defend_S","Defend_S","KidneyShot+1","Exchange+1","BottledTime","SilverBlades","Rearm"],"relics":["Uniform","LagranYue:RandomDrawCardRelic"],"acts_visited":["Exordium"],"potions_floor_usage":[5],"damage_taken":[{"damage":7,"enemies":"Jaw Worm","floor":1,"turns":4},{"damage":7,"enemies":"Small Slimes","floor":4,"turns":6},{"damage":0,"enemies":"2 Louse","floor":5,"turns":3},{"damage":39,"enemies":"3 Sentries","floor":7,"turns":8}],"seed_played":"5291928183219406865","potions_obtained":[{"floor":4,"key":"Explosive Potion"}],"is_trial":false,"path_per_floor":["M","?","$","M","M","R","E"],"character_chosen":"THE_SERVANT","items_purchased":[],"campfire_rested":0,"item_purchase_floors":[],"current_hp_per_floor":[52,52,52,45,45,45,6,6],"gold":62,"neow_bonus":"RANDOM_EVENT","is_daily":false,"chose_seed":false,"campfire_upgraded":1,"win_rate":0.0,"timestamp":1608441317,"path_taken":["M","?","$","M","?","R","E"],"items_purchased_type":[],"build_version":"2020-12-13","purchased_purges":0,"victory":false,"max_hp_per_floor":[65,65,65,65,65,65,65,65],"card_choices":[{"not_picked":["TimeWarp","ShatteredReality"],"picked":"BottledTime","floor":1},{"not_picked":[],"picked":"SilverBlades","floor":2},{"not_picked":["Replace","Alleviate","Rewind"],"picked":"SKIP","floor":4},{"not_picked":["ReturningBlade","Alleviate"],"picked":"Rearm","floor":5}],"player_experience":277909,"relics_obtained":[],"event_choices":[{"damage_healed":0,"gold_gain":0,"player_choice":"Grow","damage_taken":0,"max_hp_gain":0,"max_hp_loss":0,"event_name":"Living Wall","floor":0,"gold_loss":0,"cards_upgraded":["Exchange"]}],"is_beta":false,"boss_relics":[],"items_purged_floors":[],"is_endless":false,"potions_floor_spawned":[4],"killed_by":"3 Sentries","ascension_level":7}}