{"host":"l15sdf2mmi0nobpi","time":1608444809,"event":{"mods":["ATMod(°¢èªMod)","BaseMod","Highlight Path","Minty Spire (QoL Compilation)","Quick Restart","StSLib","¡¾¹¦ÄÜMod¡¿Neow½±Àø"],"gold_per_floor":[111,123,139,38,38,70,94,114,137,149,174,74,102,122,122,195,195,214,214,89,89,101,101,126,126,153,153,187,37,64,77,77,148,148,161,174,90,108,108,139,139,164,164,191,237,237,249,264,264,264,264,264,264,89,119,119],"floor_reached":57,"playtime":2425,"items_purged":["Strike_R","Strike_R","Writhe","Strike_R","Strike_R"],"score":3436,"play_id":"d51f0de7-427a-47ee-b0c8-da2685d48314","local_time":"20201220141329","is_ascension_mode":true,"campfire_choices":[{"data":"Armaments","floor":15,"key":"SMITH"},{"data":"Berserk","floor":23,"key":"SMITH"},{"data":"Entrench","floor":27,"key":"SMITH"},{"data":"AT_BodySlamDance","floor":32,"key":"SMITH"},{"data":"Offering","floor":46,"key":"SMITH"},{"floor":49,"key":"RECALL"},{"data":"Offering","floor":53,"key":"SMITH"}],"circlet_count":0,"master_deck":["AscendersBane","Defend_R","Defend_R","Defend_R","Defend_R","Bash","AT_ShrugMaster","Reaper","AT_BodySlamDance+1","Berserk+1","Entrench+1","Armaments+1","Fiend Fire","Offering+1","Second Wind","Offering+1","AT_Dispersion","CurseOfTheBell","Battle Trance","Burning Pact","Impatience","Finesse","Impervious","Burning Pact+1"],"relics":["Burning Blood","AT_ATBox","NeowsBlessing","Anchor","Odd Mushroom","Strawberry","Self Forming Clay","AT_TrinityForce","Mummified Hand","Nilry\u0027s Codex","AT_GuinsooRageblade","Juzu Bracelet","Mercury Hourglass","Letter Opener","Calling Bell","AT_SunfireAegis","Kunai","Torii","Ancient Tea Set","Shuriken","Bottled Lightning","HornCleat","Magic Flower","Lantern"],"acts_visited":["Exordium","TheCity","TheBeyond","TheEnding"],"potions_floor_usage":[24,56],"damage_taken":[{"damage":0.0,"enemies":"Cultist","floor":1.0,"turns":1.0},{"damage":0.0,"enemies":"2 Louse","floor":2.0,"turns":1.0},{"damage":0.0,"enemies":"Jaw Worm","floor":3.0,"turns":1.0},{"damage":7.0,"enemies":"Lagavulin","floor":6.0,"turns":5.0},{"damage":3.0,"enemies":"The Mushroom Lair","floor":7.0,"turns":3.0},{"damage":0.0,"enemies":"3 Louse","floor":8.0,"turns":3.0},{"damage":8.0,"enemies":"Large Slime","floor":10.0,"turns":3.0},{"damage":7.0,"enemies":"Gremlin Nob","floor":11.0,"turns":3.0},{"damage":4,"enemies":"Lagavulin","floor":13,"turns":5},{"damage":0,"enemies":"Lots of Slimes","floor":14,"turns":4},{"damage":24,"enemies":"The Guardian","floor":16,"turns":5},{"damage":6,"enemies":"3 Byrds","floor":18,"turns":5},{"damage":0,"enemies":"Shell Parasite","floor":22,"turns":1},{"damage":5,"enemies":"Slavers","floor":24,"turns":4},{"damage":15,"enemies":"Book of Stabbing","floor":28,"turns":4},{"damage":7,"enemies":"Slavers","floor":30,"turns":2},{"damage":0,"enemies":"Sentry and Sphere","floor":31,"turns":1},{"damage":12,"enemies":"Automaton","floor":33,"turns":5},{"damage":6,"enemies":"Orb Walker","floor":35,"turns":2},{"damage":12,"enemies":"3 Shapes","floor":36,"turns":1},{"damage":0,"enemies":"Spire Growth","floor":38,"turns":2},{"damage":12,"enemies":"Reptomancer","floor":40,"turns":2},{"damage":24,"enemies":"Giant Head","floor":42,"turns":5},{"damage":12,"enemies":"Reptomancer","floor":44,"turns":1},{"damage":12,"enemies":"2 Orb Walkers","floor":45,"turns":1},{"damage":12,"enemies":"Writhing Mass","floor":47,"turns":1},{"damage":6,"enemies":"Maw","floor":48,"turns":3},{"damage":12,"enemies":"Awakened One","floor":50,"turns":3},{"damage":12,"enemies":"Donu and Deca","floor":51,"turns":4},{"damage":6,"enemies":"Shield and Spear","floor":55,"turns":3},{"damage":26,"enemies":"The Heart","floor":56,"turns":7}],"seed_played":"2700147531431537432","potions_obtained":[{"floor":1.0,"key":"GamblersBrew"},{"floor":6.0,"key":"SpeedPotion"},{"floor":11.0,"key":"Energy Potion"},{"floor":22,"key":"DistilledChaos"},{"floor":33,"key":"SkillPotion"},{"floor":36,"key":"DuplicationPotion"},{"floor":40,"key":"GamblersBrew"}],"is_trial":false,"path_per_floor":["M","M","M","$","?","E","?","M","T","M","E","$","E","M","R","B",null,"M","?","$","?","M","R","E","?","T","R","E","$","E","M","R","B",null,"M","M","$","M","?","E","?","E","T","E","?","R","M","M","R","B","B",null,"R","$","E","B",null],"character_chosen":"IRONCLAD","items_purchased":["AT_BodySlamDance","Battle Trance"],"campfire_rested":0,"item_purchase_floors":[4,37],"current_hp_per_floor":[74,75,75,75,75,74,75,75,75,73,82,82,82,82,82,64,78,78,78,78,57,63,63,82,82,82,82,73,73,82,82,82,76,81,81,82,82,82,82,76,66,55,55,49,59,59,56,74,74,82,79,81,81,81,82,65],"gold":119,"neow_bonus":"THREE_ENEMY_KILL","is_daily":false,"chose_seed":false,"campfire_upgraded":6,"win_rate":0.0,"timestamp":1608444809,"path_taken":["M","M","?","$","?","E","?","M","T","M","E","$","E","M","R","BOSS","M","?","$","?","M","R","E","?","T","R","E","$","E","M","R","BOSS","M","M","$","M","?","E","?","E","T","E","?","R","M","M","R","BOSS","BOSS","R","$","E","BOSS"],"items_purchased_type":["Card","Card"],"build_version":"2020-12-13","purchased_purges":5,"victory":true,"max_hp_per_floor":[75,75,75,75,75,75,75,75,75,75,82,82,82,82,82,82,82,82,82,82,82,82,82,82,82,82,82,82,82,82,82,82,82,82,82,82,82,82,82,82,82,82,82,82,82,82,82,82,82,82,82,82,82,82,82,82],"card_choices":[{"not_picked":["Twin Strike","Intimidate"],"picked":"AT_ShrugMaster","floor":1.0},{"not_picked":["True Grit","Heavy Blade","Anger"],"picked":"SKIP","floor":2.0},{"not_picked":["Warcry","Clothesline"],"picked":"Reaper","floor":3.0},{"not_picked":["Sentinel","Heavy Blade"],"picked":"Berserk","floor":6.0},{"not_picked":["Sword Boomerang","Infernal Blade"],"picked":"Entrench","floor":7.0},{"not_picked":["Perfected Strike","Thunderclap","AT_IchimonjiDouble"],"picked":"SKIP","floor":8.0},{"not_picked":["Perfected Strike","Thunderclap","AT_IchimonjiDouble"],"picked":"SKIP","floor":8.0},{"not_picked":["Rampage","Thunderclap","Exhume"],"picked":"SKIP","floor":10.0},{"not_picked":["Reckless Charge","Havoc","Anger"],"picked":"SKIP","floor":11.0},{"not_picked":["Flex","Carnage","Sever Soul"],"picked":"SKIP","floor":13},{"not_picked":["Twin Strike","Dual Wield"],"picked":"Armaments","floor":14},{"not_picked":["Exhume","Limit Break"],"picked":"Fiend Fire","floor":16},{"not_picked":["Clash","Flex+1","Evolve"],"picked":"SKIP","floor":18},{"not_picked":["Sword Boomerang","Perfected Strike","Combust"],"picked":"SKIP","floor":22},{"not_picked":["Havoc","Warcry","Heavy Blade"],"picked":"SKIP","floor":24},{"not_picked":["Cleave","Whirlwind"],"picked":"Second Wind","floor":28},{"not_picked":["Whirlwind","Iron Wave","Intimidate+1"],"picked":"SKIP","floor":30},{"not_picked":["Flame Barrier","Clash"],"picked":"Offering","floor":31},{"not_picked":["Double Tap","Berserk"],"picked":"AT_Dispersion","floor":33},{"not_picked":["Havoc","Twin Strike+1","Flex"],"picked":"SKIP","floor":35},{"not_picked":["Havoc+1","True Grit","AT_CaressingTears"],"picked":"SKIP","floor":36},{"not_picked":["Havoc+1","True Grit","AT_CaressingTears"],"picked":"SKIP","floor":36},{"not_picked":["AT_GerminateFire","Infernal Blade"],"picked":"Burning Pact","floor":38},{"not_picked":["Armaments","Rage","Exhume"],"picked":"SKIP","floor":40},{"not_picked":["Violence","Magnetism"],"picked":"Impatience","floor":41},{"not_picked":["Swift Strike","Good Instincts"],"picked":"Finesse","floor":41},{"not_picked":["Clothesline","Twin Strike"],"picked":"Impervious","floor":42},{"not_picked":["Infernal Blade","AT_IchimonjiDouble","Clash"],"picked":"SKIP","floor":44},{"not_picked":["AT_IchimonjiDouble","Flex"],"picked":"Burning Pact+1","floor":47},{"not_picked":["Sever Soul","Headbutt","Pommel Strike"],"picked":"SKIP","floor":48},{"not_picked":["Uppercut","Reckless Charge","Flex+1"],"picked":"SKIP","floor":55}],"player_experience":422795,"relics_obtained":[{"floor":6.0,"key":"Anchor"},{"floor":7.0,"key":"Odd Mushroom"},{"floor":11.0,"key":"Strawberry"},{"floor":13,"key":"Self Forming Clay"},{"floor":21,"key":"Nilry\u0027s Codex"},{"floor":24,"key":"AT_GuinsooRageblade"},{"floor":26,"key":"Juzu Bracelet"},{"floor":28,"key":"Mercury Hourglass"},{"floor":30,"key":"Letter Opener"},{"floor":34,"key":"AT_SunfireAegis"},{"floor":34,"key":"Kunai"},{"floor":34,"key":"Torii"},{"floor":40,"key":"Ancient Tea Set"},{"floor":42,"key":"Shuriken"},{"floor":43,"key":"Bottled Lightning"},{"floor":44,"key":"HornCleat"},{"floor":45,"key":"Magic Flower"},{"floor":55,"key":"Lantern"}],"event_choices":[{"damage_healed":0.0,"max_hp_gain":0.0,"max_hp_loss":0.0,"gold_gain":0.0,"event_name":"Liars Game","player_choice":"Ignored","floor":5.0,"gold_loss":0.0,"damage_taken":0.0},{"damage_healed":0.0,"max_hp_gain":0.0,"max_hp_loss":0.0,"gold_gain":0.0,"event_name":"Mushrooms","player_choice":"Fought Mushrooms","floor":7.0,"gold_loss":0.0,"damage_taken":0.0},{"damage_healed":0,"gold_gain":0,"player_choice":"Opened","damage_taken":0,"relics_obtained":["Mummified Hand"],"max_hp_gain":0,"max_hp_loss":0,"event_name":"The Mausoleum","floor":19,"gold_loss":0,"cards_obtained":["Writhe"]},{"damage_healed":0,"gold_gain":0,"player_choice":"Obtained Book","damage_taken":21,"max_hp_gain":0,"max_hp_loss":0,"event_name":"Cursed Tome","floor":21,"gold_loss":0},{"damage_healed":0,"gold_gain":0,"player_choice":"Read","damage_taken":0,"max_hp_gain":0,"max_hp_loss":0,"event_name":"The Library","floor":25,"gold_loss":0,"cards_obtained":["Offering"]},{"cards_removed":["Strike_R"],"damage_healed":0,"gold_gain":0,"player_choice":"Offered Basic","damage_taken":0,"max_hp_gain":0,"max_hp_loss":0,"event_name":"Bonfire Elementals","floor":39,"gold_loss":0},{"damage_healed":0,"gold_gain":0,"player_choice":"Memory 3","damage_taken":10,"max_hp_gain":0,"max_hp_loss":0,"event_name":"SensoryStone","floor":41,"gold_loss":0},{"damage_healed":0,"gold_gain":0,"player_choice":"Fight","damage_taken":0,"max_hp_gain":0,"max_hp_loss":0,"event_name":"Mysterious Sphere","floor":45,"gold_loss":0}],"is_beta":false,"boss_relics":[{"not_picked":["Empty Cage","AT_MortalBlade"],"picked":"AT_TrinityForce"},{"not_picked":["Tiny House","Philosopher\u0027s Stone"],"picked":"Calling Bell"}],"items_purged_floors":[4,12,20,29,54],"is_endless":false,"potions_floor_spawned":[1,6,11,13,14,16,18,22,33,36,38,40,47,48,55],"ascension_level":20}}