{"host":"cccop0r9ue4xv1s4","time":1608506342,"event":{"mods":["AchievementEnabler","BaseMod","Downfall","Marisa¡]Ãú«B¡@Å]²z¨F¡^","Minty Spire (QoL Compilation)","Quick Restart","Shop Mod","StSLib","SuperFastMode","The Servant 0.9.4"],"gold_per_floor":[99,99,115,115,999999,1000018,1000041,999891,999891,999891,999903,999913,999932,999946,999964,1000065,1000065,1000065,1000076,1000076,1000090,1000102,1000102,1000102,1000116,999381,999381,998544,998559,998577,998594,998613,998715,998715,998715,998742,998298,998248,998259,998259,998259,998290,998301,998301,998351,998404,998404,998419,998433,998433],"floor_reached":51,"playtime":3028,"items_purged":["Guardian:Strike_Guardian","Guardian:Strike_Guardian"],"score":840,"play_id":"ec57fe09-aefa-423a-b5d1-47d26d32b043","local_time":"20201221071902","is_ascension_mode":true,"campfire_choices":[{"floor":1,"key":"RECALL"},{"data":"Guardian:RollAttack","floor":10,"key":"SMITH"},{"data":"Guardian:BaubleBeam","floor":18,"key":"SMITH"},{"data":"Guardian:Clone","floor":23,"key":"SMITH"},{"data":"Guardian:FierceBash","floor":27,"key":"SMITH"},{"data":"Guardian:TimeSifter","floor":35,"key":"SMITH"},{"floor":40,"key":"REST"},{"data":"Guardian:Emergency","floor":44,"key":"SMITH"}],"circlet_count":0,"master_deck":["Guardian:Strike_Guardian","Guardian:Defend_Guardian","Guardian:Defend_Guardian","Guardian:Defend_Guardian","Guardian:Defend_Guardian","Guardian:CurlUp","Guardian:TwinSlam","Guardian:EvasiveProtocol+1","Guardian:RollAttack+1","Guardian:Gem_Blue","Guardian:GatlingBeam","Guardian:BaubleBeam+1","Guardian:Clone+1","Guardian:FierceBash+1","Flash of Steel","Guardian:DonusPower","Guardian:Orbwalk","Guardian:BronzeArmor+1","Guardian:Emergency+1","Guardian:TimeSifter+1","CurseOfTheBell","Guardian:Gem_Fragmented","Guardian:SpikerProtocol+1","Guardian:SpikerProtocol+1","Guardian:ShieldSpikes+1"],"relics":["Guardian:ModeShifter","Smiling Mask","Guardian:PickAxe","downfall:HeartBlessingBlue","downfall:HeartBlessingRed","Philosopher\u0027s Stone","Pantograph","ClockworkSouvenir","Meat on the Bone","Shuriken","Dead Branch","Boot","Cauldron","MerchantsRug","Calling Bell","Ancient Tea Set","Frozen Egg 2","Ginger","Unceasing Top","Membership Card","Darkstone Periapt","Orichalcum","OrangePellets","Matryoshka","Juzu Bracelet","Art of War","Mercury Hourglass","Bag of Marbles","Shovel","Thread and Needle"],"acts_visited":["Exordium","TheCity","TheBeyond"],"potions_floor_usage":[16,21,30,30,32,36,37,46,50],"damage_taken":[{"damage":1,"enemies":"Small Slimes","floor":3,"turns":3},{"damage":0,"enemies":"Jaw Worm","floor":5,"turns":4},{"damage":0,"enemies":"2 Louse","floor":6,"turns":1},{"damage":6,"enemies":"Lots of Slimes","floor":11,"turns":2},{"damage":4,"enemies":"Exordium Thugs","floor":12,"turns":3},{"damage":0,"enemies":"Red Slaver","floor":13,"turns":2},{"damage":2,"enemies":"Lots of Slimes","floor":14,"turns":2},{"damage":13,"enemies":"Exordium Thugs","floor":15,"turns":3},{"damage":29,"enemies":"downfall:Defect","floor":16,"turns":7},{"damage":14,"enemies":"Shell Parasite","floor":19,"turns":4},{"damage":0,"enemies":"3 Byrds","floor":21,"turns":2},{"damage":19,"enemies":"Sentry and Sphere","floor":22,"turns":5},{"damage":20,"enemies":"Snake Plant","floor":25,"turns":5},{"damage":0,"enemies":"downfall:FleeingMerchant","floor":26,"turns":4},{"damage":9,"enemies":"downfall:FleeingMerchant","floor":28,"turns":4},{"damage":10,"enemies":"Shelled Parasite and Fungi","floor":29,"turns":7},{"damage":8,"enemies":"Centurion and Healer","floor":30,"turns":4},{"damage":7,"enemies":"3 Cultists","floor":31,"turns":4},{"damage":21,"enemies":"Shelled Parasite and Fungi","floor":32,"turns":5},{"damage":53,"enemies":"downfall:Ironclad","floor":33,"turns":7},{"damage":16,"enemies":"Giant Head","floor":36,"turns":7},{"damage":24,"enemies":"downfall:FleeingMerchant","floor":37,"turns":4},{"damage":33,"enemies":"downfall:FleeingMerchant","floor":38,"turns":3},{"damage":11,"enemies":"3 Darklings","floor":39,"turns":4},{"damage":4,"enemies":"Nemesis","floor":42,"turns":3},{"damage":22,"enemies":"3 Shapes","floor":43,"turns":4},{"damage":13,"enemies":"Mind Bloom Boss Battle","floor":45,"turns":5},{"damage":35,"enemies":"2 Orb Walkers","floor":46,"turns":3},{"damage":6,"enemies":"Writhing Mass","floor":48,"turns":6},{"damage":15,"enemies":"Spire Growth","floor":49,"turns":4},{"damage":0,"enemies":"downfall:Watcher","floor":50,"turns":5}],"seed_played":"6826608924854448826","potions_obtained":[{"floor":3,"key":"Fire Potion"},{"floor":6,"key":"Energy Potion"},{"floor":15,"key":"LiquidMemories"},{"floor":16,"key":"LiquidMemories"},{"floor":30,"key":"Regen Potion"},{"floor":32,"key":"Block Potion"},{"floor":36,"key":"champ:CounterPotion"},{"floor":46,"key":"FearPotion"}],"is_trial":false,"path_per_floor":["R","?","M","?","M","M","T","R","?","R","M","M","M","M","M","B",null,"R","M","?","M","M","R","T","M","$","R","$","M","M","M","M","B",null,"R","E","$","$","M","R","T","E","M","R","?","?","?","M","M","B",null],"character_chosen":"GUARDIAN","items_purchased":["ClockworkSouvenir","Meat on the Bone","Shuriken","Flash of Steel","FairyPotion","Dead Branch","Boot","Cauldron","MerchantsRug","Membership Card","Darkstone Periapt","Orichalcum","Fire Potion","OrangePellets","Matryoshka","Juzu Bracelet","Fire Potion","Guardian:Gem_White"],"campfire_rested":1,"item_purchase_floors":[26,26,26,26,28,28,28,28,28,37,37,37,37,38,38,38,38,38],"current_hp_per_floor":[80,80,79,79,79,79,79,89,89,89,83,79,79,77,64,35,90,90,76,76,76,57,57,57,37,37,37,40,42,46,51,54,38,90,90,74,50,29,30,57,57,53,43,43,55,32,79,73,58,79],"gold":998433,"neow_bonus":"RANDOM_COMMON_RELIC","is_daily":false,"chose_seed":false,"campfire_upgraded":6,"win_rate":0.0,"timestamp":1608506342,"path_taken":["R","?","M","?","M","M","T","R","?","R","M","?","M","M","M","BOSS","R","M","?","M","?","R","T","?","?","R","$","M","M","M","M","BOSS","R","E","$","$","M","R","T","E","M","R","?","?","?","M","M","BOSS"],"items_purchased_type":["Relic","Relic","Relic","Card","Potion","Relic","Relic","Relic","Relic","Relic","Relic","Relic","Potion","Relic","Relic","Relic","Potion","Card"],"build_version":"2020-12-13","purchased_purges":2,"victory":true,"max_hp_per_floor":[80,80,80,80,80,80,80,90,90,90,90,90,90,90,90,90,90,90,90,90,90,90,90,90,90,90,90,90,90,90,90,90,90,90,90,90,90,90,90,90,90,90,90,90,90,90,79,79,79,79],"card_choices":[{"not_picked":["Guardian:Gem_Green","Guardian:WalkerClaw"],"picked":"Guardian:EvasiveProtocol","floor":3},{"not_picked":["Guardian:WalkerClaw","Guardian:Planning"],"picked":"Guardian:RollAttack","floor":5},{"not_picked":["Guardian:PolyBeam","Guardian:Gem_Lightblue","Guardian:Planning"],"picked":"SKIP","floor":6},{"not_picked":["Guardian:Planning","Guardian:Incinerate","Guardian:Gem_Blue"],"picked":"SKIP","floor":11},{"not_picked":["Guardian:Reroute","Guardian:RollAttack","Guardian:Gem_Green"],"picked":"SKIP","floor":12},{"not_picked":["Guardian:Gem_Purple","Guardian:Gem_Cyan"],"picked":"Guardian:GatlingBeam","floor":13},{"not_picked":["Guardian:ChargeCore","Guardian:RollAttack","Guardian:Repulse"],"picked":"SKIP","floor":14},{"not_picked":["Guardian:Suspension","Guardian:Recover","Guardian:PrimingBeam"],"picked":"SKIP","floor":15},{"not_picked":["Guardian:GatlingBeam","Guardian:ConstructionForm"],"picked":"Guardian:BaubleBeam","floor":16},{"not_picked":["Guardian:PrimingBeam","Guardian:ChargeCore"],"picked":"Guardian:Clone","floor":19},{"not_picked":["Guardian:Recover+1","Guardian:TemporalShield","Guardian:Planning"],"picked":"SKIP","floor":21},{"not_picked":["Guardian:EvasiveProtocol","Guardian:Recover","Guardian:CrystalBeam"],"picked":"SKIP","floor":22},{"not_picked":["Guardian:TemporalStrike","Guardian:Reroute","Guardian:Gem_Blue"],"picked":"SKIP","floor":25},{"not_picked":["Guardian:ChargeCore+1","Guardian:Reroute+1"],"picked":"Guardian:FierceBash","floor":26},{"not_picked":["Guardian:Clone+1","Guardian:Recover"],"picked":"Guardian:DonusPower","floor":28},{"not_picked":["Guardian:ChargeCore","Guardian:CrystalBeam"],"picked":"Guardian:Orbwalk","floor":29},{"not_picked":["Guardian:Gem_Green","Guardian:PolyBeam","Guardian:Planning"],"picked":"SKIP","floor":30},{"not_picked":["Guardian:Gem_Lightblue","Guardian:VentSteam+1"],"picked":"Guardian:BronzeArmor+1","floor":31},{"not_picked":["Guardian:Preprogram","Guardian:FierceBash"],"picked":"Guardian:Emergency","floor":32},{"not_picked":["Guardian:SphericShield","Guardian:Gem_Synthetic"],"picked":"Guardian:TimeSifter","floor":33},{"not_picked":["Guardian:Harden+1","Guardian:Recover+1","Guardian:PiercingHide"],"picked":"SKIP","floor":36},{"not_picked":["Guardian:Gem_Lightblue","Guardian:Incinerate+1","Guardian:Reroute+1"],"picked":"SKIP","floor":37},{"not_picked":["Guardian:FastForward","Guardian:Gem_Lightblue"],"picked":"Guardian:Gem_Fragmented","floor":38},{"not_picked":["Guardian:Gem_Purple","Guardian:BronzeArmor","Guardian:Incinerate"],"picked":"SKIP","floor":39},{"not_picked":["Guardian:PrismaticBeam","Guardian:ChargeCore"],"picked":"Guardian:SpikerProtocol+1","floor":42},{"not_picked":["Guardian:ChargeCore","Guardian:TemporalShield","Guardian:TemporalStrike+1"],"picked":"SKIP","floor":43},{"not_picked":["Guardian:TimeBomb","Guardian:Gem_Fragmented"],"picked":"Guardian:SpikerProtocol+1","floor":45},{"not_picked":["Guardian:Gem_Purple","Guardian:ChargeCore"],"picked":"Guardian:ShieldSpikes+1","floor":46},{"not_picked":["Guardian:Gem_Lightblue","Guardian:DecasProtection+1","Guardian:Suspension+1"],"picked":"SKIP","floor":48},{"not_picked":["Guardian:BaubleBeam","Guardian:FloatingOrbs+1","Guardian:WalkerClaw"],"picked":"SKIP","floor":49}],"player_experience":289447,"relics_obtained":[{"floor":24,"key":"Pantograph"},{"floor":34,"key":"Ancient Tea Set"},{"floor":34,"key":"Frozen Egg 2"},{"floor":34,"key":"Ginger"},{"floor":36,"key":"Unceasing Top"},{"floor":41,"key":"Art of War"},{"floor":41,"key":"Mercury Hourglass"},{"floor":42,"key":"Bag of Marbles"},{"floor":45,"key":"Shovel"},{"floor":46,"key":"Thread and Needle"}],"event_choices":[{"damage_healed":0,"gold_gain":0,"player_choice":"Upgraded","damage_taken":0,"max_hp_gain":0,"max_hp_loss":0,"event_name":"Upgrade Shrine","floor":9,"gold_loss":0,"cards_upgraded":["Guardian:EvasiveProtocol"]},{"damage_healed":0,"gold_gain":0,"player_choice":"Fight","damage_taken":0,"max_hp_gain":0,"max_hp_loss":0,"event_name":"Mysterious Sphere","floor":46,"gold_loss":0}],"is_beta":false,"boss_relics":[{"not_picked":["Tiny House","Sozu"],"picked":"Philosopher\u0027s Stone"},{"not_picked":["Pandora\u0027s Box","Runic Dome"],"picked":"Calling Bell"}],"items_purged_floors":[37,38],"is_endless":false,"potions_floor_spawned":[3,6,15,16,29,30,31,32,36,39,43,46],"ascension_level":1}}