{"host":"o3dfslv1skaqjf2o","time":1608449176,"event":{"mods":["BaseMod","Downfall","Minty Spire (QoL Compilation)","StSLib","The Bug Knight"],"gold_per_floor":[99,126,51,64,83,31,111,125,300,225,500,519,519,194,213,308,308,308,308,322,422,422,422,474,504,504,537,557,3,19,19,35,35,35],"floor_reached":33,"playtime":3470,"items_purged":["Regret","Doubt"],"score":358,"play_id":"53a0fa9d-1c82-42df-9e4f-de62a6bbbf05","local_time":"20201220152616","is_ascension_mode":false,"campfire_choices":[{"floor":1,"key":"RECALL"},{"data":"hexamod:Sear","floor":3,"key":"SMITH"},{"data":"hexamod:Float","floor":10,"key":"SMITH"},{"data":"hexamod:ExtraCrispy","floor":18,"key":"SMITH"},{"data":"hexamod:NightmareGuise","floor":23,"key":"SMITH"},{"floor":26,"key":"REST"}],"circlet_count":0,"master_deck":["hexamod:Strike","hexamod:Strike","hexamod:Strike","hexamod:Strike","hexamod:Defend","hexamod:Defend","hexamod:Defend","hexamod:Defend","hexamod:Sear+1","hexamod:Float+1","hexamod:GhostLash","hexamod:GhostShield","hexamod:ThermalTransfer","hexamod:HauntingEcho","hexamod:EmpoweredFlame","hexamod:FastForward+1","hexamod:PhantomFireball","hexamod:ExtraCrispy+1","expansioncontent:Corrupt","hexamod:DynamicBlow","hexamod:NightmareGuise+1","hexamod:WildfireWeapon","hexamod:HeatMetal+1","hexamod:AdvancingGuard+1","hexamod:SoulSteal+1","hexamod:RetreatToShadows","hexamod:SpectersWail","hexamod:AdvancingGuard","hexamod:Hexaguard","Pain","hexamod:EmpoweredFlame+1"],"relics":["hexamod:SpiritBrand","Orichalcum","downfall:HeartBlessingRed","downfall:HeartBlessingBlue","Philosopher\u0027s Stone","Enchiridion","Blood Vial","hexamod:InflammatoryLetter","War Paint","OrangePellets","Gremlin Horn","Bottled Tornado"],"acts_visited":["Exordium","TheCity"],"potions_floor_usage":[25,28,30,33,33,33],"damage_taken":[{"damage":0,"enemies":"HollowMod:MossKnight","floor":2,"turns":9},{"damage":0,"enemies":"Cultist","floor":4,"turns":3},{"damage":0,"enemies":"Jaw Worm","floor":5,"turns":3},{"damage":0,"enemies":"downfall:FleeingMerchant","floor":6,"turns":4},{"damage":0,"enemies":"2 Louse","floor":8,"turns":2},{"damage":4,"enemies":"Lots of Slimes","floor":12,"turns":5},{"damage":2,"enemies":"downfall:FleeingMerchant","floor":14,"turns":4},{"damage":0,"enemies":"3 Louse","floor":15,"turns":1},{"damage":26,"enemies":"downfall:Watcher","floor":16,"turns":9},{"damage":1,"enemies":"Spheric Guardian","floor":20,"turns":3},{"damage":0,"enemies":"Chosen","floor":22,"turns":1},{"damage":23,"enemies":"Gremlin Leader","floor":25,"turns":5},{"damage":9,"enemies":"Book of Stabbing","floor":27,"turns":5},{"damage":5,"enemies":"3 Cultists","floor":28,"turns":5},{"damage":14,"enemies":"downfall:FleeingMerchant","floor":29,"turns":4},{"damage":12,"enemies":"Shelled Parasite and Fungi","floor":30,"turns":4},{"damage":5,"enemies":"Centurion and Healer","floor":32,"turns":5},{"damage":57,"enemies":"downfall:Silent","floor":33,"turns":8}],"seed_played":"-2803353655740075029","potions_obtained":[{"floor":8,"key":"ColorlessPotion"},{"floor":15,"key":"LiquidBronze"},{"floor":16,"key":"Ancient Potion"},{"floor":20,"key":"ColorlessPotion"},{"floor":27,"key":"DistilledChaos"},{"floor":28,"key":"Regen Potion"},{"floor":32,"key":"Guardian:BlockOnCardUsePotion"}],"is_trial":false,"path_per_floor":["R","E","R","M","M","$","T","M","?","R","?","M","?","$","M","B",null,"R","?","M","?","M","R","T","E","R","E","M","$","M","?","M","B"],"character_chosen":"THE_SPIRIT","items_purchased":["hexamod:EmpoweredFlame","expansioncontent:Corrupt","hexamod:DynamicBlow","OrangePellets","Gremlin Horn","hexamod:Hexaguard"],"campfire_rested":1,"item_purchase_floors":[6,14,14,29,29,29],"current_hp_per_floor":[77,77,77,77,77,77,77,77,77,87,87,83,83,81,81,55,87,87,71,70,70,70,70,70,49,75,68,65,53,57,57,54,0,0],"gold":35,"neow_bonus":"TEN_PERCENT_HP_BONUS","is_daily":false,"chose_seed":false,"campfire_upgraded":4,"win_rate":0.0,"timestamp":1608449176,"path_taken":["R","E","R","M","M","?","T","M","?","R","?","?","?","$","M","BOSS","R","?","M","?","?","R","T","E","R","E","M","$","M","?","M","BOSS"],"items_purchased_type":["Card","Card","Card","Relic","Relic","Card"],"build_version":"2020-12-13","purchased_purges":2,"victory":false,"max_hp_per_floor":[77,77,77,77,77,77,77,77,77,87,87,87,87,87,87,87,87,87,87,87,87,87,87,87,87,87,87,87,87,87,87,87,87,87],"card_choices":[{"not_picked":["hexamod:AdvancingGuard","hexamod:NecessarySacrifice"],"picked":"hexamod:GhostLash","floor":2},{"not_picked":["hexamod:Again","hexamod:SoulSteal"],"picked":"hexamod:GhostShield","floor":4},{"not_picked":["hexamod:GhostShield","hexamod:ShieldOfDarkness"],"picked":"hexamod:ThermalTransfer","floor":5},{"not_picked":["hexamod:Haunt","hexamod:NecessarySacrifice"],"picked":"hexamod:HauntingEcho","floor":6},{"not_picked":["hexamod:GhostLash","hexamod:HauntingEcho"],"picked":"hexamod:FastForward","floor":8},{"not_picked":["hexamod:Hexaguard","hexamod:InspiringFlames"],"picked":"hexamod:PhantomFireball","floor":12},{"not_picked":["hexamod:GhostShield","hexamod:RainOfEmbers"],"picked":"hexamod:ExtraCrispy","floor":14},{"not_picked":["hexamod:GhostOfSpireFuture","hexamod:GhostShield"],"picked":"hexamod:NightmareGuise","floor":15},{"not_picked":["hexamod:TimeOfNeed","hexamod:CrushingStance"],"picked":"hexamod:WildfireWeapon","floor":16},{"not_picked":["hexamod:ExtraCrispy","hexamod:NightmareStrike"],"picked":"hexamod:HeatMetal+1","floor":20},{"not_picked":["hexamod:SwordOfDarkness","hexamod:Firestarter"],"picked":"hexamod:AdvancingGuard","floor":22},{"not_picked":["hexamod:CatchUp","hexamod:InspiringFlames"],"picked":"hexamod:SoulSteal+1","floor":25},{"not_picked":["hexamod:ExtraCrispy+1","hexamod:InspiringFlames"],"picked":"hexamod:RetreatToShadows","floor":27},{"not_picked":["hexamod:Firestarter","hexamod:ShieldOfDarkness"],"picked":"hexamod:SpectersWail","floor":28},{"not_picked":["hexamod:EmpoweringStance","hexamod:SecondSeal"],"picked":"hexamod:AdvancingGuard","floor":29},{"not_picked":["hexamod:SwordOfDarkness","hexamod:ThermalTransfer","hexamod:Firestarter"],"picked":"SKIP","floor":30},{"not_picked":["hexamod:AdvancingGuard","hexamod:Firestarter"],"picked":"hexamod:EmpoweredFlame+1","floor":32}],"player_experience":79378,"relics_obtained":[{"floor":2,"key":"Orichalcum"},{"floor":19,"key":"Enchiridion"},{"floor":24,"key":"Blood Vial"},{"floor":25,"key":"hexamod:InflammatoryLetter"},{"floor":27,"key":"War Paint"}],"event_choices":[],"is_beta":false,"boss_relics":[{"not_picked":["Velvet Choker","Runic Dome"],"picked":"Philosopher\u0027s Stone"}],"items_purged_floors":[14,29],"is_endless":false,"potions_floor_spawned":[8,15,16,20,27,28,32],"killed_by":"downfall:Silent","ascension_level":0}}