{"host":"Kiriri","time":1608435276,"event":{"mods":["BaseMod","Block Reminder","Colored Map","Colored Powertips","GifTheSpireLib","Minty Spire (QoL Compilation)","Permanent Neow","Rare Cards Sparkle","StSLib","The Animator"],"gold_per_floor":[122,9,24,24,34,34,34,49,129,147,147,147],"floor_reached":11,"playtime":1404,"items_purged":["animator:Strike"],"score":65,"play_id":"2e6052d0-24d0-4c6f-bf2d-efaae4db0fe3","local_time":"20201219213436","is_ascension_mode":false,"campfire_choices":[{"data":"animator:Kazuma","floor":6,"key":"SMITH"}],"circlet_count":0,"master_deck":["animator:Strike_Konosuba","animator:Defend_Konosuba","animator:Strike","animator:Defend","animator:Defend","animator:Defend","animator:Kazuma","animator:Aqua","animator:Kazuma+1","animator:Vanir","animator:Darkness","animator:Ainz","animator:Vanir","animator:Alexander"],"relics":["animator:LivingPicture","animator:TheMissingPiece","animator:PurgingStone","Bottled Tornado"],"acts_visited":["Exordium"],"potions_floor_usage":[11],"damage_taken":[{"damage":5,"enemies":"Cultist","floor":1,"turns":7},{"damage":0,"enemies":"2 Louse","floor":3,"turns":3},{"damage":0,"enemies":"Jaw Worm","floor":5,"turns":6},{"damage":1,"enemies":"Looter","floor":8,"turns":4},{"damage":0,"enemies":"Lots of Slimes","floor":10,"turns":7},{"damage":90,"enemies":"Lagavulin","floor":11,"turns":16}],"seed_played":"8630788194151703337","potions_obtained":[{"floor":3,"key":"Block Potion"},{"floor":7,"key":"LiquidMemories"},{"floor":7,"key":"animator:GrowthPotion"},{"floor":10,"key":"FairyPotion"}],"is_trial":false,"path_per_floor":["M","$","M","?","M","R","?","M","T","M","E"],"character_chosen":"THE_ANIMATOR","items_purchased":["animator:Darkness"],"campfire_rested":0,"item_purchase_floors":[2],"current_hp_per_floor":[61,61,63,63,65,65,65,65,65,66,0,0],"gold":147,"neow_bonus":"THREE_CARDS","is_daily":false,"chose_seed":false,"campfire_upgraded":1,"win_rate":0.0,"timestamp":1608435276,"path_taken":["M","$","M","?","M","R","?","M","T","M","E"],"items_purchased_type":["Card"],"build_version":"2020-11-17","purchased_purges":1,"victory":false,"max_hp_per_floor":[66,66,66,66,66,66,66,66,66,66,66,66],"card_choices":[{"not_picked":["animator:WinryRockbell","animator:Shichika"],"picked":"animator:Kazuma","floor":0},{"not_picked":["animator:DolaRiku","animator:Assassin"],"picked":"animator:Vanir","floor":1},{"not_picked":["animator:Jibril","animator:Spearman","animator:Yoichi"],"picked":"SKIP","floor":3},{"not_picked":["animator:MaesHughes","animator:UneriGinkaku"],"picked":"animator:Ainz","floor":5},{"not_picked":["animator:Verdia","animator:Mitsurugi"],"picked":"animator:Vanir","floor":8},{"not_picked":["animator:Tatsumaki","animator:Cocytus"],"picked":"animator:Alexander","floor":10}],"player_experience":30895,"relics_obtained":[{"floor":9,"key":"Bottled Tornado"}],"event_choices":[{"cards_removed":["animator:Strike"],"damage_healed":0,"gold_gain":0,"player_choice":"Forget","damage_taken":0,"max_hp_gain":0,"max_hp_loss":0,"event_name":"Living Wall","floor":4,"gold_loss":0},{"damage_healed":0,"gold_gain":0,"player_choice":"Got Potions","damage_taken":0,"max_hp_gain":0,"max_hp_loss":0,"event_name":"Lab","floor":7,"gold_loss":0}],"is_beta":true,"boss_relics":[],"items_purged_floors":[2],"is_endless":false,"potions_floor_spawned":[3,8,10],"killed_by":"Lagavulin","ascension_level":0}}