{"host":"y3iy5gb13b300rns","time":1608433192,"event":{"mods":["BaseMod","Bestiary","Curses Come First","Minty Spire (QoL Compilation)","Replay The Spire","StSLib","The Runesmith"],"gold_per_floor":[114,114,42,62,78,103,103,122,122,137,312,42,42,42,42,147,147,165,165,105,115,42,73,92,92,168,194,213,162,162,180,180,278,278,288,288,288],"floor_reached":36,"playtime":3666,"items_purged":[],"score":407,"play_id":"b749e5af-d120-42f8-ab62-792bbccf99e4","local_time":"20201219205952","is_ascension_mode":false,"campfire_choices":[{"floor":7,"key":"REST"},{"floor":15,"key":"DIG"},{"floor":25,"key":"REST"},{"floor":30,"key":"REST"},{"floor":32,"key":"REST"}],"circlet_count":0,"master_deck":["Runesmith:Strike_RS","Runesmith:Strike_RS","Runesmith:Strike_RS","Runesmith:Strike_RS","Runesmith:Defend_RS","Runesmith:Defend_RS","Runesmith:Defend_RS","Runesmith:CraftFirestone","Runesmith:Fortify","Runesmith:GoWithTheFlow","Runesmith:CraftProtectio","Runesmith:LithiumIon+1","Runesmith:Reinforce","Runesmith:ChargedHammer","Runesmith:LithiumIon","Runesmith:CraftMagma","Runesmith:ShiftingStrike","Doubt","Chrysalis","Violence","Discovery","Runesmith:Duplicate","Runesmith:LithiumIon","Normality","Runesmith:CraftMagma","Runesmith:LithiumIon","Runesmith:BackupBattery+1","Runesmith:ArcReactor","Runesmith:RunicBlueprint","Amnesia","Runesmith:FrozenChisel+1","Runesmith:BackupBattery","Runesmith:UnlimitedPower","Runesmith:Augment+1"],"relics":["Runesmith:BrokenRuby","White Beast Statue","ReplayTheSpireMod:Ninjato","Anchor","ReplayTheSpireMod:ShopPack","Bottled Flame","Fusion Hammer","Ring of Hypnosis","Ring of Panic","Bird Faced Urn","Eternal Feather","Runesmith:MiniCore","ReplayTheSpireMod:CursedCoin","MealTicket","Replay:Bronze Core"],"acts_visited":["Exordium","TheCity","TheBeyond"],"potions_floor_usage":[6,16,16,21,23,23,24,28,33,33,36,36],"damage_taken":[{"damage":3,"enemies":"Small Slimes","floor":1,"turns":3},{"damage":0,"enemies":"Cultist","floor":4,"turns":4},{"damage":6,"enemies":"2 Louse","floor":5,"turns":2},{"damage":25,"enemies":"3 Sentries","floor":6,"turns":8},{"damage":6,"enemies":"Exordium Wildlife","floor":8,"turns":4},{"damage":6,"enemies":"Red Slaver","floor":10,"turns":4},{"damage":20,"enemies":"The Guardian","floor":16,"turns":11},{"damage":8,"enemies":"Chosen","floor":18,"turns":6},{"damage":19,"enemies":"Shell Parasite","floor":21,"turns":7},{"damage":11,"enemies":"Gremlin Leader","floor":23,"turns":8},{"damage":2,"enemies":"Centurion and Healer","floor":24,"turns":7},{"damage":24,"enemies":"Shelled Parasite and Fungi","floor":28,"turns":5},{"damage":4,"enemies":"Snake Plant","floor":31,"turns":3},{"damage":39,"enemies":"Automaton","floor":33,"turns":8},{"damage":68,"enemies":"3 Shapes","floor":35,"turns":3},{"damage":10,"enemies":"3 Darklings","floor":36,"turns":1}],"seed_played":"-1373466206181059115","potions_obtained":[{"floor":5,"key":"ColorlessPotion"},{"floor":8,"key":"Dexterity Potion"},{"floor":10,"key":"EssenceOfSteel"},{"floor":16,"key":"SneckoOil"},{"floor":18,"key":"EssenceOfSteel"},{"floor":21,"key":"Adrenaline Potion"},{"floor":23,"key":"Elixir"},{"floor":24,"key":"BlessingOfTheForge"},{"floor":28,"key":"Swift Potion"},{"floor":31,"key":"CultistPotion"},{"floor":33,"key":"DuplicationPotion"},{"floor":35,"key":"Dexterity Potion"}],"is_trial":false,"path_per_floor":["M","?","$","M","M","E","R","M","T","M","?","$","?","$","R","B",null,"M","?","?","M","$","E","M","R","T","T","M","$","R","M","R","B",null,"M","M"],"character_chosen":"RUNESMITH_CLASS","items_purchased":["Runesmith:LithiumIon","Anchor","ReplayTheSpireMod:ShopPack","Runesmith:LithiumIon","ReplayTheSpireMod:CursedCoin","Runesmith:FrozenChisel+1","MealTicket"],"campfire_rested":4,"item_purchase_floors":[3,12,12,22,29,29,29],"current_hp_per_floor":[67,67,67,67,61,36,57,51,51,45,45,45,45,45,45,25,70,62,62,62,43,43,32,38,59,59,59,45,45,70,66,70,37,70,6,0,0],"gold":288,"neow_bonus":"THREE_CARDS","is_daily":false,"chose_seed":false,"campfire_upgraded":0,"win_rate":0.0,"timestamp":1608433192,"path_taken":["M","?","$","M","?","E","R","M","T","M","?","$","?","?","R","BOSS","M","?","?","M","?","E","M","R","T","?","M","$","R","M","R","BOSS","M","M"],"items_purchased_type":["Card","Relic","Relic","Card","Relic","Card","Relic"],"build_version":"2020-12-13","purchased_purges":0,"victory":false,"max_hp_per_floor":[70,70,70,70,70,70,70,70,70,70,70,70,70,70,70,70,70,70,70,70,70,70,70,70,70,70,70,70,70,70,70,70,70,70,70,70,70],"card_choices":[{"not_picked":["Runesmith:ShiftingStrike","Runesmith:Malloc"],"picked":"Runesmith:GoWithTheFlow","floor":0},{"not_picked":["Runesmith:MakeshiftArmor","Runesmith:CraftObretio"],"picked":"Runesmith:CraftProtectio","floor":1},{"not_picked":["Runesmith:ShiftingStrike","Runesmith:FrozenChisel"],"picked":"Runesmith:Reinforce","floor":4},{"not_picked":["Runesmith:ShiftingStrike","Runesmith:HammerThrow"],"picked":"Runesmith:ChargedHammer","floor":5},{"not_picked":["Runesmith:HeatExchange","Runesmith:ReplicatingBarrier"],"picked":"Runesmith:LithiumIon","floor":6},{"not_picked":["Runesmith:CraftVitae","Runesmith:Malloc"],"picked":"Runesmith:CraftMagma","floor":8},{"not_picked":["Runesmith:Grindstone","Runesmith:Overpower"],"picked":"Runesmith:ShiftingStrike","floor":10},{"not_picked":["Crow Ritual","Transmutation"],"picked":"Chrysalis","floor":12},{"not_picked":["Chrysalis","Blind"],"picked":"Violence","floor":12},{"not_picked":["Apotheosis","Mind Blast"],"picked":"Discovery","floor":12},{"not_picked":["Runesmith:FissionHammer","Runesmith:LastStand"],"picked":"Runesmith:Duplicate","floor":16},{"not_picked":["Runesmith:Reinforce","Runesmith:UnstableHammer"],"picked":"Runesmith:LithiumIon","floor":18},{"not_picked":["Runesmith:WhiteBalance","Runesmith:Discharge+1"],"picked":"Runesmith:CraftMagma","floor":21},{"not_picked":["Runesmith:MakeshiftArmor","Runesmith:ShiftingStrike+1"],"picked":"Runesmith:BackupBattery+1","floor":23},{"not_picked":["Runesmith:MakeshiftArmor+1","Runesmith:CraftReservo+1"],"picked":"Runesmith:ArcReactor","floor":24},{"not_picked":["Runesmith:UnstableHammer","Runesmith:HammerThrow"],"picked":"Runesmith:RunicBlueprint","floor":28},{"not_picked":["Runesmith:HeatedChisel","Runesmith:EnergizedChisel"],"picked":"Runesmith:BackupBattery","floor":31},{"not_picked":["Runesmith:CraftIndustria","Runesmith:GenerateForcefield"],"picked":"Runesmith:UnlimitedPower","floor":33},{"not_picked":["Runesmith:EnergizedChisel","Runesmith:CraftProtectio"],"picked":"Runesmith:Augment+1","floor":35}],"player_experience":352376,"relics_obtained":[{"floor":6,"key":"White Beast Statue"},{"floor":9,"key":"ReplayTheSpireMod:Ninjato"},{"floor":15,"key":"Bottled Flame"},{"floor":19,"key":"Ring of Hypnosis"},{"floor":19,"key":"Ring of Panic"},{"floor":23,"key":"Bird Faced Urn"},{"floor":26,"key":"Eternal Feather"},{"floor":27,"key":"Runesmith:MiniCore"}],"event_choices":[{"cards_removed":["Runesmith:Defend_RS"],"damage_healed":0,"gold_gain":0,"player_choice":"Purged","damage_taken":0,"max_hp_gain":0,"max_hp_loss":0,"event_name":"Purifier","floor":2,"gold_loss":0},{"damage_healed":0,"gold_gain":175,"player_choice":"AGREE","damage_taken":0,"max_hp_gain":0,"max_hp_loss":0,"event_name":"Liars Game","floor":11,"gold_loss":0,"cards_obtained":["Doubt"]},{"damage_healed":0,"gold_gain":0,"player_choice":"Grow","damage_taken":0,"max_hp_gain":0,"max_hp_loss":0,"event_name":"Living Wall","floor":13,"gold_loss":0,"cards_upgraded":["Runesmith:LithiumIon"]}],"is_beta":false,"boss_relics":[{"not_picked":["Replay:Drink Me","ReplayTheSpireMod:DimensionalGlitch"],"picked":"Fusion Hammer"},{"not_picked":["Velvet Choker","Replay:Wanted Poster"],"picked":"Replay:Bronze Core"}],"items_purged_floors":[],"is_endless":false,"potions_floor_spawned":[5,8,10,16,18,21,23,24,28,31,33,35],"killed_by":"3 Darklings","ascension_level":0}}