{"host":"a5lz0e76zb3fcwkm","time":1608484961,"event":{"mods":["AchievementEnabler","BaseMod","Colored Map","Colored Powertips","Minty Spire (QoL Compilation)","StSLib","SuperFastMode"],"gold_per_floor":[112,112,131,151,116,116,191,223,223,223,223,223,223],"floor_reached":12,"playtime":156,"items_purged":[],"score":152,"play_id":"5857891c-a456-4a6f-8484-91667d91fb5d","local_time":"20201221022241","is_ascension_mode":true,"campfire_choices":[{"data":"Perfected Strike","floor":6,"key":"SMITH"},{"floor":11,"key":"REST"}],"circlet_count":0,"master_deck":["AscendersBane","Strike_R","Strike_R","Strike_R","Strike_R","Strike_R","Defend_R","Defend_R","Defend_R","Defend_R","Bash","Offering+1","Perfected Strike+1","Perfected Strike+1"],"relics":["Burning Blood","WingedGreaves","Pocketwatch"],"acts_visited":["Exordium"],"potions_floor_usage":[],"damage_taken":[{"damage":15.0,"enemies":"Jaw Worm","floor":1.0,"turns":4.0},{"damage":3.0,"enemies":"2 Louse","floor":3.0,"turns":2.0},{"damage":0.0,"enemies":"Cultist","floor":4.0,"turns":2.0},{"damage":31,"enemies":"3 Sentries","floor":8,"turns":8},{"damage":46,"enemies":"Lagavulin","floor":12,"turns":3}],"seed_played":"-326569771698376724","potions_obtained":[],"is_trial":false,"path_per_floor":["M","?","M","M","?","R","?","E","T","?","R","E"],"character_chosen":"IRONCLAD","items_purchased":[],"campfire_rested":1,"item_purchase_floors":[],"current_hp_per_floor":[41,18,21,27,45,45,34,9,9,9,31,0,0],"gold":223,"neow_bonus":"THREE_RARE_CARDS","is_daily":false,"chose_seed":false,"campfire_upgraded":1,"win_rate":0.0,"timestamp":1608484961,"path_taken":["M","?","M","M","?","R","?","E","T","?","R","E"],"items_purchased_type":[],"build_version":"2020-12-13","purchased_purges":0,"victory":false,"max_hp_per_floor":[75,75,75,75,75,75,75,75,75,75,75,75,75],"card_choices":[{"not_picked":["Exhume","Demon Form"],"picked":"Offering","floor":0.0},{"not_picked":["Heavy Blade","Clothesline"],"picked":"Perfected Strike","floor":1.0},{"not_picked":["Warcry","Carnage"],"picked":"Perfected Strike","floor":3.0},{"not_picked":["Sever Soul","Disarm","True Grit"],"picked":"SKIP","floor":4.0},{"not_picked":["Pummel","Heavy Blade","Berserk"],"picked":"SKIP","floor":8}],"player_experience":1627218,"relics_obtained":[{"floor":8,"key":"WingedGreaves"},{"floor":9,"key":"Pocketwatch"}],"event_choices":[{"damage_healed":0.0,"max_hp_gain":0.0,"max_hp_loss":0.0,"gold_gain":0.0,"event_name":"Shining Light","player_choice":"Entered Light","floor":2.0,"gold_loss":0.0,"damage_taken":23.0,"cards_upgraded":["Offering","Perfected Strike"]},{"damage_healed":18,"gold_gain":0,"player_choice":"Healed","damage_taken":0,"max_hp_gain":0,"max_hp_loss":0,"event_name":"The Cleric","floor":5,"gold_loss":35},{"damage_healed":0,"gold_gain":75,"player_choice":"Gather Gold","damage_taken":11,"max_hp_gain":0,"max_hp_loss":0,"event_name":"World of Goop","floor":7,"gold_loss":0},{"damage_healed":0,"gold_gain":0,"player_choice":"0 cards matched","damage_taken":0,"max_hp_gain":0,"max_hp_loss":0,"event_name":"Match and Keep!","floor":10,"gold_loss":0,"cards_obtained":[]}],"is_beta":false,"boss_relics":[],"items_purged_floors":[],"is_endless":false,"potions_floor_spawned":[],"killed_by":"Lagavulin","ascension_level":20}}