{"host":"o3b7ow6d1xe49css","time":1608458235,"event":{"mods":["2.2 Compatiblity","Act Like it!","Aspiration","BaseMod","Bestiary","Better Altar","Better Match","Better Note","Better Sensory Stone","Better Skull","Better Third Choice","Colored Powertips","Conspire","Elementarium","Energized Spire","Force Act Four","GifTheSpireLib","Halation","Hermit","Hubris","Infinite Spire","Lobotomy","Minty Spire (QoL Compilation)","Quick Restart","Replay The Spire","Spicy Shops","Spikes Relics","StSLib","Stuff the Spire","The Blue Laboratory","The Jungle","Wandering Minibosses","vexMod"],"gold_per_floor":[112,126,138,138,138,138,173,173,173,204,238,238,19,44,44,172,172,206,247,277,477,477,477,524,524,524,579,579,16,72,105,105,226,226,259,295,325,325,20,20,20,72,97,97,97,97,154,154,154,176,176,176,76,152,292],"floor_reached":56,"playtime":3128,"items_purged":["Regret","Shame","Strike_G","Decay"],"score":1763,"play_id":"6e149944-04cd-4af3-af03-85b55ec47958","local_time":"20201220005715","daily_mods":["Heirloom","Flight","Elite Swarm"],"is_ascension_mode":true,"campfire_choices":[{"data":"Neutralize","floor":6,"key":"SMITH"},{"data":"aspiration:Lunge","floor":8,"key":"SMITH"},{"floor":23,"key":"RECALL"},{"data":"Wraith Form v2","floor":25,"key":"SMITH"},{"data":"Storm of Steel","floor":28,"key":"SMITH"},{"data":"After Image","floor":40,"key":"SMITH"},{"data":"Adrenaline","floor":44,"key":"SMITH"},{"data":"infinitespire:Punishment","floor":46,"key":"SMITH"},{"data":"Wraith Form v2","floor":49,"key":"SMITH"},{"data":"Replay:Bag of Tricks","floor":52,"key":"SMITH"}],"circlet_count":0,"master_deck":["Strike_G","Strike_G","Strike_G","Strike_G","Defend_G","Defend_G","Defend_G","Defend_G+1","Defend_G","Survivor","Neutralize+1","Prepared","PiercingWail+1","aspiration:Lunge+1","Adrenaline+1","Replay:Bag of Tricks+1","After Image+1","Hidden Blade","Deflect+1","StuffTheSpire:DoubleShiv","infinitespire:Punishment+1","Wraith Form v2+1","Storm of Steel+1","Acrobatics+1","Accuracy+1","Backflip+1","Bullet Time+1","Prepared+1","Acrobatics+1","Blade Dance+1","Wraith Form v2+1","Wraith Form v2+1","Bullet Time+1"],"relics":["Ring of the Snake","Ring of Chaos","Tough Bandages","infinitespire:CheckeredPen","hubris:Towel","infinitespire:Bottled Soul","Snack Pack","infinitespire:Satchel","Blood Vial","Lee\u0027s Waffle","conspire:TreasureMap","Replay:Bandana","StuffTheSpire:Kangaroo","Orrery","ReplayTheSpireMod:Shallot","hubris:BottledRain","War Paint","Toxic Egg 2","RollingBoulder","Bronze Scales","Cursed Key","vexMod:Cooldron","DollysMirror","hubris:SlimyHat","hubris:Icosahedron","hubris:PeanutButter","halation:PinkSoulGem","aspiration:FetidBarrel","Pear"],"acts_visited":["Exordium","TheCity","TheBeyond","TheEnding"],"potions_floor_usage":[7,27,33,55,55,55,55,55,55,55],"damage_taken":[{"damage":4,"enemies":"Small Slimes","floor":1,"turns":4},{"damage":1,"enemies":"Jaw Worm","floor":2,"turns":6},{"damage":1,"enemies":"Cultist","floor":3,"turns":4},{"damage":34,"enemies":"3 Sentries","floor":7,"turns":9},{"damage":7,"enemies":"Gremlin Nob","floor":10,"turns":3},{"damage":20,"enemies":"Lagavulin","floor":11,"turns":6},{"damage":7,"enemies":"3 Sentries","floor":14,"turns":2},{"damage":37,"enemies":"Fading Forest","floor":16,"turns":11},{"damage":0,"enemies":"3 Byrds","floor":18,"turns":2},{"damage":11,"enemies":"Spheric Guardian","floor":19,"turns":5},{"damage":19,"enemies":"Snecko","floor":20,"turns":8},{"damage":6,"enemies":"conspire:Head Lice","floor":24,"turns":3},{"damage":0,"enemies":"Gremlin Leader","floor":27,"turns":4},{"damage":1,"enemies":"Slavers","floor":30,"turns":4},{"damage":0,"enemies":"Shelled Parasite and Fungi","floor":31,"turns":3},{"damage":26,"enemies":"conspire:MysteriousRune","floor":33,"turns":7},{"damage":0,"enemies":"3 Shapes","floor":35,"turns":4},{"damage":0,"enemies":"Orb Walker","floor":36,"turns":2},{"damage":0,"enemies":"Writhing Mass","floor":37,"turns":4},{"damage":0,"enemies":"Nightmare","floor":42,"turns":5},{"damage":0,"enemies":"Nemesis","floor":47,"turns":5},{"damage":0,"enemies":"conspire:OrnateMirror","floor":50,"turns":8},{"damage":0,"enemies":"Shield and Spear","floor":54,"turns":3},{"damage":1,"enemies":"The Heart","floor":55,"turns":9}],"seed_played":"7530304528453277798","potions_obtained":[{"floor":1,"key":"Fire Potion"},{"floor":11,"key":"blueLaboratory:BottleOfVodka"},{"floor":15,"key":"EssenceOfSteel"},{"floor":15,"key":"Flashbang"},{"floor":18,"key":"blueLaboratory:HorrorPotion"},{"floor":27,"key":"blueLaboratory:LouseDecoction"},{"floor":35,"key":"blueLaboratory:BottledHope"},{"floor":47,"key":"EntropicBrew"},{"floor":54,"key":"EntropicBrew"}],"is_trial":true,"path_per_floor":["M","M","M","?","?","R","E","R","T","E","E","$","$","E","R","B",null,"M","M","M","?","AVR","R","E","R","T","E","R","$","E","M","R","B",null,"M","M","M","AVR","$","R","?","NM","T","R","?","R","E","?","R","B",null,"R","$","E","B",null],"character_chosen":"THE_SILENT","items_purchased":["Lee\u0027s Waffle","conspire:TreasureMap","Toxic Egg 2","Acrobatics+1","Accuracy","RollingBoulder","DollysMirror","hubris:SlimyHat"],"campfire_rested":0,"item_purchase_floors":[13,13,29,29,29,29,39,39],"current_hp_per_floor":[66,65,64,64,64,64,30,30,30,25,5,5,77,70,70,41,68,72,67,54,54,54,54,50,50,50,54,54,54,63,67,77,55,72,77,77,77,77,77,77,77,77,77,77,77,77,77,77,77,77,77,77,77,87,87],"gold":292,"neow_bonus":"","is_daily":false,"chose_seed":false,"campfire_upgraded":9,"win_rate":0.0,"timestamp":1608458235,"path_taken":["M","M","M","?","?","R","E","R","T","E","E","?","$","E","R","BOSS","M","M","?","?","AVR","R","E","R","T","E","R","$","E","M","R","BOSS","M","M","?","AVR","$","R","?","NM","T","R","?","R","E","?","R","BOSS","R","$","E","BOSS"],"items_purchased_type":["Relic","Relic","Relic","Card","Card","Relic","Relic","Relic"],"build_version":"2020-12-13","purchased_purges":4,"victory":true,"max_hp_per_floor":[70,70,70,70,70,70,70,70,70,70,70,70,77,77,77,77,77,77,77,77,77,77,77,77,77,77,77,77,77,77,77,77,77,77,77,77,77,77,77,77,77,77,77,77,77,77,77,77,77,77,77,77,77,87,87],"card_choices":[{"not_picked":["Outmaneuver","Bane"],"picked":"Prepared","floor":1},{"not_picked":["Outmaneuver","ReplayTheSpireMod:Exploit Weakness","Dodge and Roll"],"picked":"SKIP","floor":2},{"not_picked":["ReplayTheSpireMod:The Works","Calculated Gamble"],"picked":"PiercingWail","floor":3},{"not_picked":["Venomology","Wraith Form v2"],"picked":"aspiration:Lunge","floor":7},{"not_picked":["Glass Knife","Doppelganger"],"picked":"Adrenaline","floor":10},{"not_picked":["Glass Knife","Envenom"],"picked":"Replay:Bag of Tricks","floor":11},{"not_picked":["Envenom","Phantasmal Killer","Die Die Die"],"picked":"SKIP","floor":14},{"not_picked":["infinitespire:Neurotoxin","Poison Darts"],"picked":"After Image","floor":16},{"not_picked":["Toxin Wave+1","Poisoned Stab","PiercingWail+1"],"picked":"SKIP","floor":18},{"not_picked":["ReplayTheSpireMod:Tripwire","Dagger Spray","Outmaneuver"],"picked":"SKIP","floor":19},{"not_picked":["Dagger Throw","StuffTheSpire:ClusterCrunch+1"],"picked":"Hidden Blade","floor":20},{"not_picked":["Dodge and Roll","Cloak And Dagger"],"picked":"Deflect+1","floor":22},{"not_picked":["Sucker Punch","ReplayTheSpireMod:From All Sides"],"picked":"StuffTheSpire:DoubleShiv","floor":22},{"not_picked":["Adrenaline","ReplayTheSpireMod:Necrosis"],"picked":"Wraith Form v2","floor":24},{"not_picked":["A Thousand Cuts","Malaise"],"picked":"Storm of Steel","floor":27},{"not_picked":["infinitespire:Neurotoxin+1","Doppelganger+1","Envenom"],"picked":"SKIP","floor":30},{"not_picked":["StuffTheSpire:ReptileScales+1","Deflect+1"],"picked":"Backflip+1","floor":31},{"not_picked":["infinitespire:Neurotoxin+1","StuffTheSpire:FinalStruggle"],"picked":"Bullet Time+1","floor":33},{"not_picked":["Reflex+1","StuffTheSpire:Python+1"],"picked":"Prepared+1","floor":35},{"not_picked":["Flying Knee","InfectiousVector+1"],"picked":"Acrobatics+1","floor":36},{"not_picked":["StuffTheSpire:BumpUp+1","Quick Slash+1"],"picked":"Blade Dance+1","floor":37},{"not_picked":["aspiration:Lunge","Unload","Phantasmal Killer+1"],"picked":"SKIP","floor":42},{"not_picked":["Unload","ReplayTheSpireMod:Necrosis+1"],"picked":"Wraith Form v2","floor":47},{"not_picked":["ReplayTheSpireMod:Necrosis+1","Storm of Steel+1"],"picked":"Bullet Time+1","floor":54}],"player_experience":1760872,"relics_obtained":[{"floor":7,"key":"infinitespire:Bottled Soul"},{"floor":9,"key":"Snack Pack"},{"floor":10,"key":"infinitespire:Satchel"},{"floor":11,"key":"Blood Vial"},{"floor":14,"key":"Replay:Bandana"},{"floor":24,"key":"ReplayTheSpireMod:Shallot"},{"floor":26,"key":"hubris:BottledRain"},{"floor":27,"key":"War Paint"},{"floor":30,"key":"Bronze Scales"},{"floor":42,"key":"hubris:PeanutButter"},{"floor":47,"key":"aspiration:FetidBarrel"},{"floor":54,"key":"Pear"}],"event_choices":[{"damage_healed":0,"gold_gain":0,"player_choice":"Box","damage_taken":0,"relics_obtained":["infinitespire:CheckeredPen"],"max_hp_gain":0,"max_hp_loss":0,"event_name":"Big Fish","floor":4,"gold_loss":0,"cards_obtained":["Regret"]},{"damage_healed":0,"gold_gain":0,"player_choice":"Got Potions","damage_taken":0,"max_hp_gain":0,"max_hp_loss":0,"event_name":"Lab","floor":15,"gold_loss":0},{"damage_healed":0,"gold_gain":200,"player_choice":"Gold","damage_taken":0,"max_hp_gain":0,"max_hp_loss":0,"event_name":"Wheel of Change","floor":21,"gold_loss":0},{"damage_healed":0,"gold_gain":0,"player_choice":"Cursed","damage_taken":0,"max_hp_gain":0,"max_hp_loss":0,"event_name":"Wheel of Change","floor":48,"gold_loss":0,"cards_obtained":["Decay"]}],"is_beta":false,"boss_relics":[{"not_picked":["hubris:TerracottaHorce","halation:Prosthetics"],"picked":"StuffTheSpire:Kangaroo"},{"not_picked":["hubris:RunicObelisk","Honey Jar"],"picked":"Cursed Key"}],"items_purged_floors":[22,29,38,53],"is_endless":true,"potions_floor_spawned":[1,11,16,18,24,27,35,47,54],"ascension_level":5}}