{"host":"fjnjuohsz43l8o15","time":1608489122,"event":{"mods":["2.2 Compatiblity","Act Like it!","BaseMod","Downfall","Friendly Minions","Minty Spire (QoL Compilation)","StSLib"],"gold_per_floor":[99,124,124,124,124,124,124,148,148,182,238,252,702,714,734,734,734],"floor_reached":16,"playtime":1160,"items_purged":[],"score":131,"play_id":"78fd633f-f53d-4da6-8abf-057655bf2018","local_time":"20201220183202","is_ascension_mode":false,"campfire_choices":[{"data":"champ:Taunt","floor":1,"key":"SMITH"},{"data":"champ:EndlessRage","floor":3,"key":"SMITH"}],"circlet_count":0,"master_deck":["champ:Strike","champ:Strike","champ:Strike","champ:Strike","champ:Defend","champ:Defend","champ:Defend","champ:Defend","champ:Execute","champ:Taunt+1","champ:EndlessRage+1","champ:Shatter","champ:Backstep","champ:MurderStrike","champ:Lariat","champ:RapidStrikes","Slimebound:Icky","Slimebound:Icky","Slimebound:Icky","champ:BerserkersShout","champ:ArenaPreparation"],"relics":["champ:ChampionCrown","downfall:HeartsMalice","Question Card","champ:LiftRelic","Smiling Mask","Boot","Eternal Feather"],"acts_visited":["Exordium"],"potions_floor_usage":[14,14,15],"damage_taken":[{"damage":0,"enemies":"Lagavulin","floor":2,"turns":1},{"damage":0,"enemies":"Cultist","floor":4,"turns":1},{"damage":0,"enemies":"2 Louse","floor":9,"turns":1},{"damage":35,"enemies":"3 Sentries","floor":10,"turns":8},{"damage":35,"enemies":"Lagavulin Event","floor":11,"turns":7},{"damage":5,"enemies":"Jaw Worm","floor":12,"turns":3},{"damage":17,"enemies":"Large Slime","floor":14,"turns":9},{"damage":34,"enemies":"Exordium Wildlife","floor":15,"turns":5},{"damage":17,"enemies":"downfall:Defect","floor":16,"turns":4}],"seed_played":"-3510460019339691815","potions_obtained":[{"floor":2,"key":"SkillPotion"},{"floor":11,"key":"ColorlessPotion"},{"floor":12,"key":"champ:TechniquePotion"}],"is_trial":false,"path_per_floor":["R","E","R","M","?","?","T","T","M","E","?","M","?","M","M","B"],"character_chosen":"THE_CHAMP","items_purchased":[],"campfire_rested":0,"item_purchase_floors":[],"current_hp_per_floor":[90,90,90,90,90,90,90,90,90,71,48,49,49,38,16,0,0],"gold":734,"neow_bonus":"THREE_ENEMY_KILL","is_daily":false,"chose_seed":false,"campfire_upgraded":2,"win_rate":0.0,"timestamp":1608489122,"path_taken":["R","E","R","M","?","?","T","?","M","E","?","M","?","?","M","BOSS"],"items_purchased_type":[],"build_version":"2020-12-13","purchased_purges":0,"victory":false,"max_hp_per_floor":[90,90,90,90,90,90,90,90,90,90,90,90,90,90,90,90,90],"card_choices":[{"not_picked":["champ:DeathBlow","champ:HeartStrike"],"picked":"champ:EndlessRage","floor":2},{"not_picked":["champ:TornadoPunch","champ:AdrenalArmor","champ:PerfectedStrike"],"picked":"champ:Shatter","floor":4},{"not_picked":["champ:StanceDance","champ:GladiatorsShout","champ:Circumvent"],"picked":"champ:Backstep","floor":9},{"not_picked":["champ:BringItOn","champ:TornadoPunch","champ:AdrenalArmor"],"picked":"champ:MurderStrike","floor":10},{"not_picked":["champ:TornadoPunch","champ:FalseCounter","champ:RisingSlash"],"picked":"champ:Lariat","floor":11},{"not_picked":["champ:FalseCounter","champ:Haymaker","champ:FanOfKnives"],"picked":"champ:RapidStrikes","floor":12},{"not_picked":["champ:GladiatorsShout","champ:AdrenalArmor","champ:Circumvent"],"picked":"champ:BerserkersShout","floor":14},{"not_picked":["champ:TornadoPunch","champ:StanceDance","champ:AdrenalArmor"],"picked":"champ:ArenaPreparation","floor":15}],"player_experience":119299,"relics_obtained":[{"floor":2,"key":"Question Card"},{"floor":8,"key":"Smiling Mask"},{"floor":10,"key":"Boot"}],"event_choices":[],"is_beta":false,"boss_relics":[],"items_purged_floors":[],"is_endless":false,"potions_floor_spawned":[2,11,12],"killed_by":"downfall:Defect","ascension_level":0}}