{"host":"5gc11emcm5chfr5t","time":1608494696,"event":{"mods":["2.2 Compatiblity","AchievementEnabler","BaseMod","Bestiary","Better Note","Colored Map","Colored Powertips","Downfall","Googly Eyes","Minty Spire (QoL Compilation)","Rare Cards Sparkle","StSLib"],"gold_per_floor":[99,99,124,124,124,134,134,59,94,19,29,49,149,160,175,175,175],"floor_reached":16,"playtime":379,"items_purged":[],"score":257,"play_id":"84bf7295-e192-4a66-912a-042c7188a6b8","local_time":"20201220150456","is_ascension_mode":true,"campfire_choices":[{"floor":1,"key":"RECALL"},{"data":"sneckomod:ImprovisedAttack","floor":8,"key":"SMITH"},{"data":"sneckomod:DangerNoodle","floor":10,"key":"SMITH"}],"circlet_count":0,"master_deck":["AscendersBane","sneckomod:Strike","sneckomod:Strike","sneckomod:Strike","sneckomod:Defend","sneckomod:Defend","sneckomod:Defend","sneckomod:TailWhip","sneckomod:SnekBite","sneckomod:Unknown","sneckomod:Unknown","sneckomod:SlitherStrike","sneckomod:TrashToTreasure","sneckomod:IronFang","sneckomod:ImprovisedAttack+1","sneckomod:UnknownStrike","sneckomod:DangerNoodle+1","sneckomod:QuickMove","sneckomod:WideSting","sneckomod:Cheat","sneckomod:UnknownClassGREEN","sneckomod:IronFang","Decay","SpiritShield","Slimebound:Icky","sneckomod:Nope","sneckomod:UnknownUncommonAttack","sneckomod:UnknownCommonSkill"],"relics":["sneckomod:SneckoSoul","downfall:HeartsMalice","Question Card","Kunai","downfall:HeartBlessingRed","Potion Belt","downfall:HeartBlessingGreen","downfall:GremlinSack"],"acts_visited":["Exordium"],"potions_floor_usage":[15,16,16,16],"damage_taken":[{"damage":0,"enemies":"downfall:FleeingMerchant","floor":2,"turns":1},{"damage":0,"enemies":"Lagavulin","floor":3,"turns":1},{"damage":0,"enemies":"Cultist","floor":5,"turns":1},{"damage":0,"enemies":"Small Slimes","floor":6,"turns":2},{"damage":4,"enemies":"Gremlin Nob","floor":9,"turns":3},{"damage":9,"enemies":"2 Louse","floor":11,"turns":2},{"damage":13,"enemies":"Exordium Thugs","floor":12,"turns":3},{"damage":30,"enemies":"Exordium Thugs","floor":13,"turns":4},{"damage":3,"enemies":"Lots of Slimes","floor":14,"turns":2},{"damage":0,"enemies":"2 Fungi Beasts","floor":15,"turns":2},{"damage":25,"enemies":"downfall:Silent","floor":16,"turns":2}],"seed_played":"7434994036902010857","potions_obtained":[{"floor":11,"key":"SpeedPotion"},{"floor":12,"key":"GamblersBrew"},{"floor":13,"key":"Swift Potion"},{"floor":14,"key":"sneckomod:MuddlingPotion"},{"floor":15,"key":"champ:CounterPotion"}],"is_trial":false,"path_per_floor":["R","$","E","?","M","M","T","R","E","R","M","M","?","M","M","B"],"character_chosen":"THE_SNECKO","items_purchased":[],"campfire_rested":0,"item_purchase_floors":[],"current_hp_per_floor":[75,75,75,75,75,76,76,76,72,72,63,50,21,19,20,0,0],"gold":175,"neow_bonus":"THREE_ENEMY_KILL","is_daily":false,"chose_seed":false,"campfire_upgraded":2,"win_rate":0.0,"timestamp":1608494696,"path_taken":["R","?","E","?","M","?","T","R","E","R","M","M","?","M","M","BOSS"],"items_purchased_type":[],"build_version":"2020-12-13","purchased_purges":0,"victory":false,"max_hp_per_floor":[83,83,83,83,83,84,84,84,84,84,84,84,85,86,87,87,87],"card_choices":[{"not_picked":["sneckomod:UnknownStrength","sneckomod:UnknownBlock"],"picked":"sneckomod:SlitherStrike","floor":2},{"not_picked":["sneckomod:SoulDraw","sneckomod:DiceCrush"],"picked":"sneckomod:TrashToTreasure","floor":3},{"not_picked":["sneckomod:UnknownClassGREEN","sneckomod:UnknownCommonAttack","sneckomod:UnknownVulnerable"],"picked":"sneckomod:IronFang","floor":5},{"not_picked":["sneckomod:SoulRoll","sneckomod:UnknownWeak","sneckomod:DefensiveFlair"],"picked":"sneckomod:ImprovisedAttack","floor":6},{"not_picked":["sneckomod:SoulDraw","sneckomod:RainOfDice","sneckomod:DiceCrush"],"picked":"sneckomod:UnknownStrike","floor":6},{"not_picked":["sneckomod:IronFang","sneckomod:RainOfDice","sneckomod:UnknownUncommonAttack"],"picked":"sneckomod:DangerNoodle","floor":9},{"not_picked":["sneckomod:SoulCleanse","sneckomod:UnknownClassRED","sneckomod:Unknown2Cost"],"picked":"sneckomod:QuickMove","floor":11},{"not_picked":["sneckomod:UnknownClassGREEN","sneckomod:MixItUp","sneckomod:UnknownCommonSkill"],"picked":"sneckomod:WideSting","floor":12},{"not_picked":["sneckomod:WideSting","sneckomod:UnknownClassHEXA_GHOST_PURPLE","sneckomod:UnknownCommonSkill"],"picked":"sneckomod:Nope","floor":13},{"not_picked":["sneckomod:UnknownVulnerable","sneckomod:Unknown2Cost","sneckomod:RainOfDice"],"picked":"sneckomod:UnknownUncommonAttack","floor":14},{"not_picked":["sneckomod:DiceBlock","sneckomod:DiceCrush","sneckomod:UnknownCommonAttack"],"picked":"sneckomod:UnknownCommonSkill","floor":15}],"player_experience":451951,"relics_obtained":[{"floor":3,"key":"Question Card"},{"floor":7,"key":"Kunai"},{"floor":9,"key":"Potion Belt"},{"floor":13,"key":"downfall:GremlinSack"}],"event_choices":[],"is_beta":false,"boss_relics":[],"items_purged_floors":[],"is_endless":false,"potions_floor_spawned":[11,12,13,14,15],"killed_by":"downfall:Silent","ascension_level":18}}