{"host":"f14d6hm2349s9jse","time":1608434279,"event":{"mods":["2.2 Compatiblity","BaseMod","Minty Spire (QoL Compilation)","StSLib","The Death Knight"],"gold_per_floor":[118,50,50,50,65,91,110,110,110,136,146,159,159,169,169,273,273,285,305,305,320,320,346,346,380,380,391,391,416,416,416,416,515,515,527,573,589,116,166,166,198,198,222,249,49,49,60,86,86,86,86,86,14,39,39,39],"floor_reached":55,"playtime":2886,"items_purged":[],"score":1017,"play_id":"3fdba5cc-7c81-4ebb-8eb9-279e7cf51934","local_time":"20201219221759","is_ascension_mode":true,"campfire_choices":[{"data":"DeathKnight:Simulacrum","floor":8,"key":"SMITH"},{"floor":15,"key":"REST"},{"floor":24,"key":"REST"},{"floor":28,"key":"REST"},{"floor":30,"key":"REST"},{"floor":32,"key":"REST"},{"floor":40,"key":"REST"},{"floor":42,"key":"REST"},{"floor":46,"key":"REST"},{"floor":49,"key":"RECALL"},{"data":"DeathKnight:BladedArmor","floor":52,"key":"SMITH"}],"circlet_count":0,"master_deck":["DeathKnight:Strike_DeathKnight","DeathKnight:Strike_DeathKnight","DeathKnight:Defend_DeathKnight","DeathKnight:Defend_DeathKnight","DeathKnight:Defend_DeathKnight","DeathKnight:Defend_DeathKnight+1","DeathKnight:RuneTap","DeathKnight:RuneStrike","DeathKnight:PlagueStrike","DeathKnight:Contagion","DeathKnight:Simulacrum+1","DeathKnight:BloodStrike","DeathKnight:Pestilence+1","DeathKnight:FoulBulwark","DeathKnight:BloodBoil","DeathKnight:DeathCoil","DeathKnight:HowlingBlast","DeathKnight:Defile+1","DeathKnight:Outbreak+1","CurseOfTheBell","DeathKnight:IcyTouch+1","DeathKnight:RaiseAlly","DeathKnight:BoneStorm+1","Necronomicurse","DeathKnight:DeathsAdvance+1","DeathKnight:FoulBulwark+1","DeathKnight:DarkSuccor+1","DeathKnight:Defile","DeathKnight:DancingRuneblade+1","DeathKnight:PlagueStrike+1","DeathKnight:MutagenicPlague+1","DeathKnight:PlagueStrike+1","DeathKnight:BladedArmor","DeathKnight:DeathAndDecay+1","DeathKnight:UnholyPresence+1","DeathKnight:BladedArmor+1","DeathKnight:WraithWalk","DeathKnight:ThirstingStrike+1"],"relics":["Cursed Key","InkBottle","Bottled Tornado","WingedGreaves","Spirit Poop","Calling Bell","Lantern","Molten Egg 2","CaptainsWheel","Necronomicon","Meat on the Bone","Happy Flower","Strawberry","Empty Cage","Incense Burner","Omamori","Question Card","Du-Vu Doll","Anchor","War Paint","DeathKnight:PutricidesVial","Regal Pillow","StrikeDummy","DeathKnight:TomeOfBloodSpecialization"],"acts_visited":["Exordium","TheCity","TheBeyond","TheEnding"],"potions_floor_usage":[10,18,23,25,25,44,44,54,55,55,55],"damage_taken":[{"damage":0,"enemies":"Small Slimes","floor":1,"turns":3},{"damage":0,"enemies":"Cultist","floor":5,"turns":2},{"damage":12,"enemies":"Lagavulin","floor":6,"turns":7},{"damage":0,"enemies":"2 Louse","floor":7,"turns":3},{"damage":4,"enemies":"3 Sentries","floor":10,"turns":7},{"damage":2,"enemies":"Large Slime","floor":11,"turns":5},{"damage":10,"enemies":"Blue Slaver","floor":12,"turns":3},{"damage":12,"enemies":"Exordium Thugs","floor":14,"turns":3},{"damage":0,"enemies":"Slime Boss","floor":16,"turns":5},{"damage":0,"enemies":"Shell Parasite","floor":18,"turns":4},{"damage":0,"enemies":"Spheric Guardian","floor":19,"turns":3},{"damage":17,"enemies":"3 Cultists","floor":21,"turns":5},{"damage":12,"enemies":"Book of Stabbing","floor":23,"turns":4},{"damage":11,"enemies":"Slavers","floor":25,"turns":2},{"damage":28,"enemies":"Snecko","floor":27,"turns":5},{"damage":31,"enemies":"Book of Stabbing","floor":29,"turns":5},{"damage":0,"enemies":"Champ","floor":33,"turns":6},{"damage":13,"enemies":"Orb Walker","floor":35,"turns":3},{"damage":45,"enemies":"2 Orb Walkers","floor":36,"turns":4},{"damage":17,"enemies":"3 Shapes","floor":37,"turns":2},{"damage":5,"enemies":"Mind Bloom Boss Battle","floor":39,"turns":5},{"damage":13,"enemies":"Giant Head","floor":41,"turns":5},{"damage":25,"enemies":"Nemesis","floor":44,"turns":5},{"damage":0,"enemies":"Transient","floor":47,"turns":5},{"damage":3,"enemies":"Giant Head","floor":48,"turns":4},{"damage":55,"enemies":"Awakened One","floor":50,"turns":6},{"damage":0,"enemies":"Shield and Spear","floor":54,"turns":5},{"damage":82,"enemies":"The Heart","floor":55,"turns":6}],"seed_played":"-3790966089681246831","potions_obtained":[{"floor":1,"key":"Explosive Potion"},{"floor":11,"key":"EssenceOfSteel"},{"floor":12,"key":"Swift Potion"},{"floor":18,"key":"SneckoOil"},{"floor":23,"key":"DeathKnight:RimePotion"},{"floor":29,"key":"GamblersBrew"},{"floor":33,"key":"Dexterity Potion"},{"floor":36,"key":"SneckoOil"},{"floor":41,"key":"Fire Potion"},{"floor":44,"key":"AttackPotion"},{"floor":47,"key":"PowerPotion"},{"floor":54,"key":"Strength Potion"}],"is_trial":false,"path_per_floor":["M","$","?","?","M","E","M","R","T","E","M","M","?","M","R","B",null,"M","M","?","M","?","E","R","E","T","M","R","E","R","?","R","B",null,"M","?","M","$","?","R","E","R","T","E","$","R","M","E","R","B",null,"R","$","E","B"],"character_chosen":"DEATH_KNIGHT","items_purchased":["DeathKnight:Contagion","Omamori","Question Card","DeathKnight:PlagueStrike+1","Regal Pillow","DeathKnight:DeathAndDecay+1","DeathKnight:WraithWalk"],"campfire_rested":8,"item_purchase_floors":[2,38,38,38,45,45,53],"current_hp_per_floor":[75,75,75,75,75,63,63,63,63,59,57,47,47,35,57,57,75,75,75,75,58,42,30,52,41,41,25,47,35,59,35,59,59,82,69,36,31,31,38,62,49,73,73,48,48,82,82,79,79,36,82,82,82,82,0,0],"gold":39,"neow_bonus":"BOSS_RELIC","is_daily":false,"chose_seed":false,"campfire_upgraded":2,"win_rate":0.0,"timestamp":1608434279,"path_taken":["M","$","?","?","M","E","M","R","T","E","M","?","?","?","R","BOSS","M","?","?","M","?","E","R","E","T","M","R","E","R","?","R","BOSS","M","?","M","$","?","R","E","R","T","E","?","R","?","E","R","BOSS","R","$","E","BOSS"],"items_purchased_type":["Card","Relic","Relic","Card","Relic","Card","Card"],"build_version":"2020-12-13","purchased_purges":0,"victory":false,"max_hp_per_floor":[75,75,75,75,75,75,75,75,75,75,75,75,75,75,75,75,75,75,75,75,75,75,75,75,75,75,75,75,82,82,82,82,82,82,82,82,82,82,82,82,82,82,82,82,82,82,82,82,82,82,82,82,82,82,82,82],"card_choices":[{"not_picked":["DeathKnight:BladedArmor","DeathKnight:Parry"],"picked":"DeathKnight:PlagueStrike","floor":1},{"not_picked":["DeathKnight:BloodEchoes","DeathKnight:Parry"],"picked":"DeathKnight:BloodStrike","floor":5},{"not_picked":["DeathKnight:MutagenicPlague","DeathKnight:BludPresence"],"picked":"DeathKnight:Pestilence","floor":6},{"not_picked":["DeathKnight:UnholyFrenzy","DeathKnight:Culling"],"picked":"DeathKnight:FoulBulwark","floor":7},{"not_picked":["DeathKnight:IcyTouch","DeathKnight:DreadStrike"],"picked":"DeathKnight:BloodBoil","floor":10},{"not_picked":["DeathKnight:BloodPact","DeathKnight:BludPresence"],"picked":"DeathKnight:DeathCoil","floor":11},{"not_picked":["DeathKnight:DeathAndDecay","DeathKnight:Parry"],"picked":"DeathKnight:HowlingBlast","floor":12},{"not_picked":["DeathKnight:FrosPresence","DeathKnight:Culling"],"picked":"DeathKnight:Defile","floor":14},{"not_picked":["DeathKnight:VampiricBlood","DeathKnight:Frostscythe"],"picked":"DeathKnight:Outbreak","floor":16},{"not_picked":["DeathKnight:GargoyleSkin","DeathKnight:ShatteringStrikes+1"],"picked":"DeathKnight:IcyTouch+1","floor":18},{"not_picked":["DeathKnight:RaiseAlly","DeathKnight:DeathGrip+1","DeathKnight:BloodPact"],"picked":"SKIP","floor":19},{"not_picked":["DeathKnight:Simulacrum","DeathKnight:MindFreeze+1","DeathKnight:HartStrike+1"],"picked":"SKIP","floor":21},{"not_picked":["DeathKnight:DeathRune","DeathKnight:FrosPresence"],"picked":"DeathKnight:DeathsAdvance+1","floor":23},{"not_picked":["DeathKnight:MindFreeze","DeathKnight:ShatteringStrikes+1","DeathKnight:Runeguard"],"picked":"SKIP","floor":25},{"not_picked":["DeathKnight:DeathGrip","DeathKnight:BladedArmor"],"picked":"DeathKnight:FoulBulwark+1","floor":27},{"not_picked":["DeathKnight:GargoyleSkin","DeathKnight:FrosPresence+1"],"picked":"DeathKnight:DarkSuccor","floor":29},{"not_picked":["DeathKnight:Simulacrum","DeathKnight:VampiricBlood"],"picked":"DeathKnight:Defile","floor":33},{"not_picked":["DeathKnight:ShatteringStrikes+1","DeathKnight:DeathRune","DeathKnight:DeathGrip"],"picked":"SKIP","floor":35},{"not_picked":["DeathKnight:IcyTouch+1","DeathKnight:Ossuary"],"picked":"DeathKnight:DancingRuneblade+1","floor":36},{"not_picked":["DeathKnight:ChainsOfIce","DeathKnight:BoneStorm+1","DeathKnight:ShatteringStrikes+1"],"picked":"SKIP","floor":37},{"not_picked":["DeathKnight:HartStrike+1","DeathKnight:BloodStrike+1","DeathKnight:DeathCoil+1"],"picked":"DeathKnight:MutagenicPlague+1","floor":39},{"not_picked":["DeathKnight:GargoyleSkin","DeathKnight:Marrowrend+1","DeathKnight:ThirstingStrike+1"],"picked":"DeathKnight:PlagueStrike+1","floor":41},{"not_picked":["DeathKnight:UnholyFrenzy","DeathKnight:DeathStrike+1","DeathKnight:ReapingStrike+1"],"picked":"DeathKnight:BladedArmor","floor":44},{"not_picked":["DeathKnight:Ossuary+1","DeathKnight:BoneSpear+1","DeathKnight:FrostStrike+1"],"picked":"DeathKnight:UnholyPresence+1","floor":47},{"not_picked":["DeathKnight:RuneShock+1","DeathKnight:DeathGrip","DeathKnight:BloodPact+1"],"picked":"DeathKnight:BladedArmor","floor":48},{"not_picked":["DeathKnight:DancingRuneblade+1","DeathKnight:HartStrike+1","DeathKnight:RunicCorruption+1"],"picked":"DeathKnight:ThirstingStrike+1","floor":54}],"player_experience":2477922,"relics_obtained":[{"floor":6,"key":"InkBottle"},{"floor":9,"key":"Bottled Tornado"},{"floor":10,"key":"WingedGreaves"},{"floor":17,"key":"Lantern"},{"floor":17,"key":"Molten Egg 2"},{"floor":17,"key":"CaptainsWheel"},{"floor":22,"key":"Necronomicon"},{"floor":23,"key":"Meat on the Bone"},{"floor":25,"key":"Happy Flower"},{"floor":29,"key":"Strawberry"},{"floor":36,"key":"Incense Burner"},{"floor":39,"key":"Du-Vu Doll"},{"floor":41,"key":"Anchor"},{"floor":43,"key":"War Paint"},{"floor":44,"key":"DeathKnight:PutricidesVial"},{"floor":48,"key":"StrikeDummy"},{"floor":54,"key":"DeathKnight:TomeOfBloodSpecialization"}],"event_choices":[{"damage_healed":0,"gold_gain":0,"cards_transformed":["DeathKnight:Strike_DeathKnight"],"player_choice":"Change","damage_taken":0,"max_hp_gain":0,"max_hp_loss":0,"event_name":"Living Wall","floor":3,"gold_loss":0,"cards_obtained":["DeathKnight:Simulacrum"]},{"damage_healed":0,"gold_gain":0,"player_choice":"Bought 0 Potions","damage_taken":0,"max_hp_gain":0,"max_hp_loss":0,"event_name":"The Woman in Blue","floor":4,"gold_loss":0},{"cards_removed":["Pain"],"damage_healed":0,"gold_gain":0,"player_choice":"Offered Curse","damage_taken":0,"relics_obtained":["Spirit Poop"],"max_hp_gain":0,"max_hp_loss":0,"event_name":"Bonfire Elementals","floor":13,"gold_loss":0},{"damage_healed":0,"gold_gain":0,"cards_transformed":["DeathKnight:Defend_DeathKnight","DeathKnight:Strike_DeathKnight"],"player_choice":"Became Test Subject","damage_taken":0,"max_hp_gain":0,"max_hp_loss":0,"event_name":"Drug Dealer","floor":20,"gold_loss":0,"cards_obtained":["DeathKnight:RaiseAlly","DeathKnight:BoneStorm"]},{"damage_healed":0,"gold_gain":0,"player_choice":"Obtained Book","damage_taken":16,"max_hp_gain":0,"max_hp_loss":0,"event_name":"Cursed Tome","floor":22,"gold_loss":0},{"damage_healed":0,"gold_gain":0,"player_choice":"Fight","damage_taken":0,"max_hp_gain":0,"max_hp_loss":0,"event_name":"Mysterious Sphere","floor":36,"gold_loss":0},{"damage_healed":0,"gold_gain":0,"player_choice":"Fight","damage_taken":0,"max_hp_gain":0,"max_hp_loss":0,"event_name":"MindBloom","floor":39,"gold_loss":0}],"is_beta":false,"boss_relics":[{"not_picked":["Coffee Dripper","Philosopher\u0027s Stone"],"picked":"Calling Bell"},{"not_picked":["SacredBark","SlaversCollar"],"picked":"Empty Cage"}],"items_purged_floors":[],"is_endless":false,"potions_floor_spawned":[1,11,12,18,23,29,33,36,41,44,47,54],"killed_by":"The Heart","ascension_level":1}}