{"host":"bxn2em57qlx5u4i0","time":1608485017,"event":{"mods":["BaseMod","Colored Map","Colored Powertips","Highlight Path","Minty Spire (QoL Compilation)","Random Character Button","Relic Sorter","Relic Stats","StSLib","SuperFastMode"],"gold_per_floor":[119,119,99,24,40,40,88,88,88,115,115,115,145,189,189,289,289,316,339,339,339,264,264,290,313,387,387,425,425,425,464,464,544,553,567,234,296,314,88,125,125,125,171,185,214,214,250,274,274,274,274,274,274,66,105,105,105],"floor_reached":56,"playtime":2037,"items_purged":["Strike_G","Strike_G+1"],"score":2034,"play_id":"3ad4cdd4-32ef-4193-b586-94fa8cf190a1","local_time":"20201220122337","is_ascension_mode":true,"campfire_choices":[{"data":"Dagger Throw","floor":6.0,"key":"SMITH"},{"data":"All Out Attack","floor":12.0,"key":"SMITH"},{"data":"Dagger Throw","floor":15.0,"key":"SMITH"},{"floor":23.0,"key":"REST"},{"data":"Dagger Spray","floor":27.0,"key":"SMITH"},{"data":"Blade Dance","floor":30.0,"key":"SMITH"},{"data":"Tactician","floor":32.0,"key":"SMITH"},{"data":"Apotheosis","floor":41.0,"key":"SMITH"},{"floor":46.0,"key":"RECALL"},{"floor":49.0,"key":"REST"},{"data":"Burst","floor":53.0,"key":"SMITH"}],"circlet_count":0,"master_deck":["AscendersBane","Strike_G+1","Defend_G+1","Defend_G+1","Defend_G+1","Defend_G+1","Survivor","Neutralize","Dagger Throw+1","Terror","Leg Sweep","All Out Attack+1","Dagger Throw+1","Bullet Time","After Image","Dagger Spray+1","All Out Attack+1","Infinite Blades","Blade Dance+1","Tactician+1","Burst+1","CurseOfTheBell","Calculated Gamble","PiercingWail","Flash of Steel","Apotheosis+1","Noxious Fumes","Blade Dance","Blade Dance+1","Prepared+1","Backflip","Backflip","Well Laid Plans"],"relics":["Ring of the Snake","NeowsBlessing","Bloody Idol","CeramicFish","Matryoshka","PreservedInsect","Sozu","Blue Candle","Kunai","Mercury Hourglass","Strawberry","Pocketwatch","Calling Bell","Pen Nib","Pear","Mango","MealTicket","Thread and Needle","TwistedFunnel","Mummified Hand","Anchor","Art of War","Nunchaku","Vajra"],"acts_visited":["Exordium","TheCity","TheBeyond","TheEnding"],"potions_floor_usage":[],"damage_taken":[{"damage":0.0,"enemies":"2 Louse","floor":1.0,"turns":1.0},{"damage":0.0,"enemies":"Jaw Worm","floor":5.0,"turns":1.0},{"damage":0.0,"enemies":"Gremlin Nob","floor":7.0,"turns":1.0},{"damage":0.0,"enemies":"Cultist","floor":10.0,"turns":3.0},{"damage":0.0,"enemies":"Large Slime","floor":13.0,"turns":4.0},{"damage":12.0,"enemies":"3 Sentries","floor":14.0,"turns":6.0},{"damage":39.0,"enemies":"The Guardian","floor":16.0,"turns":13.0},{"damage":27.0,"enemies":"Chosen","floor":18.0,"turns":6.0},{"damage":3.0,"enemies":"2 Thieves","floor":19.0,"turns":4.0},{"damage":8.0,"enemies":"Book of Stabbing","floor":24.0,"turns":6.0},{"damage":12.0,"enemies":"Sentry and Sphere","floor":25.0,"turns":8.0},{"damage":17.0,"enemies":"Slavers","floor":28.0,"turns":2.0},{"damage":17.0,"enemies":"Book of Stabbing","floor":31.0,"turns":6.0},{"damage":7.0,"enemies":"Automaton","floor":33.0,"turns":10.0},{"damage":32.0,"enemies":"3 Darklings","floor":35.0,"turns":4.0},{"damage":17.0,"enemies":"2 Orb Walkers","floor":37.0,"turns":6.0},{"damage":19.0,"enemies":"Nemesis","floor":40.0,"turns":6.0},{"damage":0.0,"enemies":"3 Shapes","floor":44.0,"turns":3.0},{"damage":0.0,"enemies":"3 Darklings","floor":45.0,"turns":3.0},{"damage":25.0,"enemies":"Giant Head","floor":47.0,"turns":5.0},{"damage":25.0,"enemies":"Spire Growth","floor":48.0,"turns":5.0},{"damage":40.0,"enemies":"Donu and Deca","floor":50.0,"turns":12.0},{"damage":6.0,"enemies":"Awakened One","floor":51.0,"turns":19.0},{"damage":70.0,"enemies":"Shield and Spear","floor":55.0,"turns":8.0},{"damage":32,"enemies":"The Heart","floor":56,"turns":2}],"seed_played":"-2622229548034948397","potions_obtained":[{"floor":3.0,"key":"DistilledChaos"},{"floor":5.0,"key":"Dexterity Potion"}],"is_trial":false,"path_per_floor":["M","?","?","$","M","R","E","?","T","M","?","R","M","E","R","B",null,"M","M","?","?","?","R","E","M","T","R","E","?","R","E","R","B",null,"M","$","?","?","$","E","R","?","T","M","M","R","E","M","R","B","B",null,"R","$","E","B"],"character_chosen":"THE_SILENT","items_purchased":["MealTicket","Calculated Gamble","TwistedFunnel","Noxious Fumes","Nunchaku","Backflip"],"campfire_rested":2,"item_purchase_floors":[36,36,39,39,54,54],"current_hp_per_floor":[59,59,59,59,59,59,59,59,59,59,59,59,59,47,47,8,47,20,17,17,17,17,35,32,30,35,35,35,35,35,28,28,31,83,56,61,54,54,74,65,65,65,70,75,85,85,70,55,82,42,36,77,77,91,31,0,0],"gold":105,"neow_bonus":"THREE_ENEMY_KILL","is_daily":false,"chose_seed":false,"campfire_upgraded":8,"win_rate":0.0,"timestamp":1608485017,"path_taken":["M","?","?","$","?","R","E","?","T","M","?","R","M","E","R","BOSS","M","M","?","?","?","R","E","M","T","R","E","?","R","E","R","BOSS","M","$","?","?","$","E","R","?","T","M","M","R","E","M","R","BOSS","BOSS","R","$","E","BOSS"],"items_purchased_type":["Relic","Card","Relic","Card","Relic","Card"],"build_version":"2020-12-13","purchased_purges":2,"victory":false,"max_hp_per_floor":[66,60,60,60,60,60,60,60,60,60,60,60,60,60,60,60,60,60,60,60,60,60,60,60,60,60,60,67,67,67,67,67,67,91,91,91,91,91,91,91,91,91,91,91,91,91,91,91,91,91,91,91,91,91,91,91,91],"relic_stats":{"counters":[25,143],"CeramicFish":207,"Blue Candle":[5],"PreservedInsect":383,"Pen Nib":[34],"Mercury Hourglass":[315],"Sozu":6,"Nunchaku":[5],"Mummified Hand":[20],"Bloody Idol":150,"MealTicket":29,"Art of War":[1],"Kunai":[102],"obtain_stats":[{"TwistedFunnel":39,"CeramicFish":7,"Vajra":55,"Mango":34,"Sozu":17,"Nunchaku":54,"Matryoshka":9,"Mummified Hand":40,"Strawberry":28,"MealTicket":36,"Kunai":26,"Ring of the Snake":0,"Pear":34,"NeowsBlessing":0,"Golden Idol":2,"Blue Candle":24,"Thread and Needle":37,"PreservedInsect":14,"Pen Nib":34,"Mercury Hourglass":26,"Calling Bell":34,"Anchor":43,"Bloody Idol":21,"Art of War":47,"Pocketwatch":31},{"TwistedFunnel":16,"CeramicFish":3,"Vajra":24,"Mango":14,"Sozu":7,"Nunchaku":23,"Matryoshka":3,"Mummified Hand":17,"Strawberry":12,"MealTicket":15,"Kunai":11,"Ring of the Snake":0,"Pear":14,"NeowsBlessing":0,"Golden Idol":1,"Blue Candle":10,"Thread and Needle":16,"PreservedInsect":6,"Pen Nib":14,"Mercury Hourglass":11,"Calling Bell":14,"Anchor":17,"Bloody Idol":9,"Art of War":20,"Pocketwatch":13},{"TwistedFunnel":81,"CeramicFish":3,"Vajra":141,"Mango":71,"Sozu":29,"Nunchaku":133,"Matryoshka":3,"Mummified Hand":87,"Strawberry":55,"MealTicket":75,"Kunai":53,"Ring of the Snake":0,"Pear":71,"NeowsBlessing":0,"Golden Idol":1,"Blue Candle":45,"Thread and Needle":81,"PreservedInsect":16,"Pen Nib":71,"Mercury Hourglass":53,"Calling Bell":71,"Anchor":87,"Bloody Idol":39,"Art of War":98,"Pocketwatch":61}],"Ring of the Snake":[50],"Pocketwatch":[18]},"card_choices":[{"not_picked":["Blade Dance","Deflect"],"picked":"Dagger Throw","floor":1.0},{"not_picked":["Flechettes","Escape Plan"],"picked":"Terror","floor":5.0},{"not_picked":["Slice","Underhanded Strike"],"picked":"Leg Sweep","floor":7.0},{"not_picked":["Quick Slash","Heel Hook"],"picked":"All Out Attack","floor":10.0},{"not_picked":["Catalyst","Backflip"],"picked":"Dagger Throw","floor":13.0},{"not_picked":["Deadly Poison","Distraction"],"picked":"Bullet Time","floor":14.0},{"not_picked":["Malaise","Storm of Steel"],"picked":"After Image","floor":16.0},{"not_picked":["Deflect","Acrobatics"],"picked":"Dagger Spray","floor":18.0},{"not_picked":["Masterful Stab","Cloak And Dagger"],"picked":"All Out Attack+1","floor":19.0},{"not_picked":["Riddle With Holes","Flechettes","Catalyst"],"picked":"SKIP","floor":24.0},{"not_picked":["Dodge and Roll","Underhanded Strike"],"picked":"Infinite Blades","floor":25.0},{"not_picked":["Crippling Poison","Dodge and Roll"],"picked":"Blade Dance","floor":28.0},{"not_picked":["Underhanded Strike+1","Escape Plan+1"],"picked":"Tactician","floor":31.0},{"not_picked":["Bullet Time","A Thousand Cuts"],"picked":"Burst","floor":33.0},{"not_picked":["PiercingWail","Deadly Poison+1","Bane"],"picked":"SKIP","floor":35.0},{"not_picked":["Slice+1","Quick Slash"],"picked":"PiercingWail","floor":37.0},{"not_picked":["Discovery","Mind Blast"],"picked":"Flash of Steel","floor":38.0},{"not_picked":["Dark Shackles","Dramatic Entrance"],"picked":"Apotheosis","floor":38.0},{"not_picked":["Slice","Calculated Gamble"],"picked":"Blade Dance","floor":40.0},{"not_picked":["Slice","Bane","Dodge and Roll"],"picked":"SKIP","floor":44.0},{"not_picked":["Prepared","Flying Knee"],"picked":"Blade Dance+1","floor":45.0},{"not_picked":["Phantasmal Killer","Expertise"],"picked":"Prepared+1","floor":47.0},{"not_picked":["Riddle With Holes","Prepared+1"],"picked":"Backflip","floor":48.0},{"not_picked":["Skewer","Backflip+1"],"picked":"Well Laid Plans","floor":55.0}],"player_experience":2826715,"relics_obtained":[{"floor":7.0,"key":"CeramicFish"},{"floor":9.0,"key":"Matryoshka"},{"floor":14.0,"key":"PreservedInsect"},{"floor":24.0,"key":"Blue Candle"},{"floor":26.0,"key":"Kunai"},{"floor":26.0,"key":"Mercury Hourglass"},{"floor":28.0,"key":"Strawberry"},{"floor":31.0,"key":"Pocketwatch"},{"floor":34.0,"key":"Pen Nib"},{"floor":34.0,"key":"Pear"},{"floor":34.0,"key":"Mango"},{"floor":37.0,"key":"Thread and Needle"},{"floor":40.0,"key":"Mummified Hand"},{"floor":43.0,"key":"Anchor"},{"floor":47.0,"key":"Art of War"},{"floor":55.0,"key":"Vajra"}],"event_choices":[{"damage_healed":0.0,"max_hp_gain":0.0,"max_hp_loss":6.0,"gold_gain":0.0,"event_name":"Golden Idol","player_choice":"Lose Max HP","floor":2.0,"gold_loss":0.0,"damage_taken":0.0,"relics_obtained":["Golden Idol"]},{"damage_healed":0.0,"max_hp_gain":0.0,"max_hp_loss":0.0,"gold_gain":0.0,"event_name":"The Woman in Blue","player_choice":"Bought 1 Potion","floor":3.0,"gold_loss":0.0,"damage_taken":0.0},{"damage_healed":0.0,"max_hp_gain":0.0,"max_hp_loss":0.0,"gold_gain":0.0,"event_name":"Liars Game","player_choice":"Ignored","floor":8.0,"gold_loss":0.0,"damage_taken":0.0},{"cards_removed":["Strike_G"],"damage_healed":0.0,"max_hp_gain":0.0,"max_hp_loss":0.0,"gold_gain":0.0,"event_name":"Bonfire Elementals","player_choice":"Offered Basic","floor":11.0,"gold_loss":0.0,"damage_taken":0.0},{"damage_healed":0.0,"max_hp_gain":0.0,"max_hp_loss":0.0,"gold_gain":0.0,"event_name":"Back to Basics","player_choice":"Simplicity","floor":20.0,"gold_loss":0.0,"damage_taken":0.0,"cards_upgraded":["Strike_G","Strike_G","Strike_G","Defend_G","Defend_G","Defend_G","Defend_G","Defend_G"]},{"damage_healed":0.0,"max_hp_gain":0.0,"max_hp_loss":0.0,"gold_gain":0.0,"event_name":"Forgotten Altar","player_choice":"Gave Idol","floor":21.0,"relics_lost":["Golden Idol"],"gold_loss":0.0,"damage_taken":0.0,"relics_obtained":["Bloody Idol"]},{"cards_removed":["Strike_G"],"damage_healed":0.0,"max_hp_gain":0.0,"max_hp_loss":0.0,"gold_gain":0.0,"event_name":"Beggar","player_choice":"Gave Gold","floor":22.0,"gold_loss":75.0,"damage_taken":0.0},{"damage_healed":0.0,"max_hp_gain":0.0,"max_hp_loss":0.0,"gold_gain":0.0,"event_name":"Ghosts","player_choice":"Ignored","floor":29.0,"gold_loss":0.0,"damage_taken":0.0},{"damage_healed":0.0,"max_hp_gain":0.0,"max_hp_loss":0.0,"gold_gain":0.0,"event_name":"Mysterious Sphere","player_choice":"Fight","floor":37.0,"gold_loss":0.0,"damage_taken":0.0},{"damage_healed":0.0,"max_hp_gain":0.0,"max_hp_loss":0.0,"gold_gain":0.0,"event_name":"SensoryStone","player_choice":"Memory 3","floor":38.0,"gold_loss":0.0,"damage_taken":10.0},{"cards_removed":["Defend_G"],"damage_healed":0.0,"max_hp_gain":0.0,"max_hp_loss":0.0,"gold_gain":0.0,"event_name":"Falling","player_choice":"Removed Skill","floor":42.0,"gold_loss":0.0,"damage_taken":0.0}],"is_beta":false,"boss_relics":[{"not_picked":["WristBlade","Empty Cage"],"picked":"Sozu"},{"not_picked":["Tiny House","Philosopher\u0027s Stone"],"picked":"Calling Bell"}],"items_purged_floors":[4,36],"is_endless":false,"potions_floor_spawned":[5,13,14,18,24,31,37,45,48],"killed_by":"The Heart","ascension_level":20}}