{"host":"ryuep8ewa00k39z9","time":1608483404,"event":{"mods":["AchievementEnabler","BaseMod","Best Route Mod","Colored Map","Colored Powertips","Displayed Cursed Tome","Highlight Path","Minty Spire (QoL Compilation)","Quick Restart","SuperFastMode"],"gold_per_floor":[111,111,36,54,54,54,82,102,102,133,146,55,83,8,8,84,84,101,376,395,295,305,305,319,319,319],"floor_reached":25,"playtime":761,"items_purged":["Strike_R","Regret"],"score":455,"play_id":"baf2ee5b-997f-46e5-9d80-db9b50f93836","local_time":"20201220105644","is_ascension_mode":true,"campfire_choices":[{"data":"Bash","floor":6.0,"key":"SMITH"},{"floor":15.0,"key":"REST"},{"floor":23.0,"key":"REST"}],"circlet_count":0,"master_deck":["AscendersBane","Strike_R","Strike_R","Strike_R","Defend_R","Defend_R","Defend_R","Bash+1","Heavy Blade","Heavy Blade","Rampage","Demon Form","Trip","Double Tap"],"relics":["Black Blood","NeowsBlessing","HornCleat","Pantograph","Singing Bowl","Frozen Egg 2"],"acts_visited":["Exordium","TheCity"],"potions_floor_usage":[25],"damage_taken":[{"damage":0.0,"enemies":"Jaw Worm","floor":1.0,"turns":1.0},{"damage":0.0,"enemies":"2 Louse","floor":4.0,"turns":1.0},{"damage":0.0,"enemies":"Gremlin Nob","floor":7.0,"turns":1.0},{"damage":0.0,"enemies":"Cultist","floor":8.0,"turns":3.0},{"damage":46.0,"enemies":"Lagavulin","floor":10.0,"turns":5.0},{"damage":0.0,"enemies":"3 Louse","floor":11.0,"turns":3.0},{"damage":2.0,"enemies":"Gremlin Nob","floor":13.0,"turns":3.0},{"damage":54.0,"enemies":"The Guardian","floor":16.0,"turns":9.0},{"damage":33.0,"enemies":"Shell Parasite","floor":18.0,"turns":4.0},{"damage":17.0,"enemies":"Chosen","floor":20.0,"turns":5.0},{"damage":36.0,"enemies":"Centurion and Healer","floor":22.0,"turns":6.0},{"damage":36.0,"enemies":"Chosen and Byrds","floor":24.0,"turns":5.0},{"damage":0,"enemies":"Cultist and Chosen","floor":25,"turns":3}],"seed_played":"-7332885019639329701","potions_obtained":[{"floor":8.0,"key":"LiquidBronze"},{"floor":10.0,"key":"Block Potion"},{"floor":11.0,"key":"EntropicBrew"},{"floor":13.0,"key":"Explosive Potion"},{"floor":16.0,"key":"BlessingOfTheForge"},{"floor":22.0,"key":"Dexterity Potion"},{"floor":24.0,"key":"ColorlessPotion"}],"is_trial":false,"path_per_floor":["M","?","?","M","?","R","E","M","T","E","M","$","E","$","R","B",null,"M","?","M","$","M","R","M","M"],"character_chosen":"IRONCLAD","items_purchased":["Trip"],"campfire_rested":2,"item_purchase_floors":[12],"current_hp_per_floor":[74,74,74,75,68,68,74,75,75,35,41,41,47,47,70,29,65,46,46,43,43,21,45,23,23,23],"gold":319,"neow_bonus":"THREE_ENEMY_KILL","is_daily":false,"chose_seed":false,"campfire_upgraded":1,"win_rate":0.0,"timestamp":1608483404,"path_taken":["M","?","?","?","?","R","E","M","T","E","M","$","E","$","R","BOSS","M","?","M","$","M","R","?","M"],"items_purchased_type":["Card"],"build_version":"2020-12-13","purchased_purges":2,"victory":false,"max_hp_per_floor":[75,75,75,75,75,75,75,75,75,75,75,75,77,77,77,77,77,79,79,81,81,83,83,85,85,85],"card_choices":[{"not_picked":["Warcry","Armaments","Twin Strike"],"picked":"SKIP","floor":1.0},{"not_picked":["Dual Wield","Entrench"],"picked":"Heavy Blade","floor":4.0},{"not_picked":["Evolve","Cleave"],"picked":"Heavy Blade","floor":7.0},{"not_picked":["Wild Strike","Carnage","Perfected Strike"],"picked":"SKIP","floor":8.0},{"not_picked":["Dropkick","Anger"],"picked":"Rampage","floor":10.0},{"not_picked":["Twin Strike","Heavy Blade"],"picked":"Demon Form","floor":11.0},{"not_picked":["Juggernaut","Anger","Sword Boomerang"],"picked":"Singing Bowl","floor":13.0},{"not_picked":["Offering","Immolate"],"picked":"Double Tap","floor":16.0},{"not_picked":["Body Slam","Uppercut","Twin Strike"],"picked":"Singing Bowl","floor":18.0},{"not_picked":["Burning Pact","Wild Strike","Shockwave"],"picked":"Singing Bowl","floor":20.0},{"not_picked":["Second Wind","Spot Weakness","Thunderclap"],"picked":"Singing Bowl","floor":22.0},{"not_picked":["Wild Strike","Inflame+1","Sword Boomerang"],"picked":"Singing Bowl","floor":24.0}],"player_experience":3365826,"relics_obtained":[{"floor":7.0,"key":"HornCleat"},{"floor":9.0,"key":"Pantograph"},{"floor":10.0,"key":"Singing Bowl"},{"floor":13.0,"key":"Frozen Egg 2"}],"event_choices":[{"damage_healed":0.0,"max_hp_gain":0.0,"max_hp_loss":0.0,"gold_gain":0.0,"event_name":"Liars Game","player_choice":"Ignored","floor":2.0,"gold_loss":0.0,"damage_taken":0.0},{"cards_removed":["Strike_R"],"damage_healed":0.0,"max_hp_gain":0.0,"max_hp_loss":0.0,"gold_gain":0.0,"event_name":"The Cleric","player_choice":"Card Removal","floor":3.0,"gold_loss":75.0,"damage_taken":0.0},{"cards_removed":["Defend_R"],"damage_healed":0.0,"max_hp_gain":0.0,"max_hp_loss":0.0,"gold_gain":0.0,"event_name":"Golden Wing","player_choice":"Card Removal","floor":5.0,"gold_loss":0.0,"damage_taken":7.0},{"damage_healed":0.0,"max_hp_gain":0.0,"max_hp_loss":0.0,"gold_gain":275.0,"event_name":"Golden Shrine","player_choice":"Desecrate","floor":19.0,"gold_loss":0.0,"damage_taken":0.0,"cards_obtained":["Regret"]}],"is_beta":false,"boss_relics":[{"not_picked":["Coffee Dripper","Calling Bell"],"picked":"Black Blood"}],"items_purged_floors":[14,21],"is_endless":false,"potions_floor_spawned":[8,10,11,13,16,22,24],"killed_by":"Cultist and Chosen","ascension_level":17}}