{"host":"6txiqg4kpf6cux77","time":1608485096,"event":{"mods":["AchievementEnabler","Act Like it!","BaseMod","Better Third Choice","BetterRewards","Colored Map","Colored Powertips","Friendly Minions","GifTheSpireLib","Infinite Spire","Minty Spire (QoL Compilation)","Permanent Neow","Shop Mod","StSLib","Stuff the Spire","The Servant 0.9.4","vexMod"],"gold_per_floor":[363,328,28,28,40,73,73,99,153,153,153,153],"floor_reached":11,"playtime":500,"items_purged":[],"score":83,"play_id":"cf56796b-c1f6-4d9f-ba3e-55296a3e541c","local_time":"20201220192456","is_ascension_mode":true,"campfire_choices":[{"floor":7,"key":"REST"},{"data":"StuffTheSpire:BloodClot","floor":10,"key":"SMITH"}],"circlet_count":0,"master_deck":["Strike_R","Strike_R","Strike_R","Strike_R","Strike_R","Defend_R","Defend_R","Defend_R","Defend_R","Bash+1","Bloodletting","StuffTheSpire:BloodClot+1"],"relics":["Burning Blood","betterThird:SlimedRelic","Chemical X","Omamori","Strawberry","Meat on the Bone","Lantern"],"acts_visited":["Exordium"],"potions_floor_usage":[6],"damage_taken":[{"damage":3,"enemies":"Small Slimes","floor":1,"turns":3},{"damage":6,"enemies":"Jaw Worm","floor":5,"turns":6},{"damage":32,"enemies":"3 Sentries","floor":6,"turns":12},{"damage":41,"enemies":"Gremlin Nob","floor":8,"turns":6},{"damage":39,"enemies":"Lagavulin","floor":11,"turns":5}],"seed_played":"-3572900756291831416","potions_obtained":[{"floor":1,"key":"Dexterity Potion"}],"is_trial":false,"path_per_floor":["M","?","$","?","M","E","R","E","T","R","E"],"character_chosen":"IRONCLAD","items_purchased":["Chemical X","Omamori"],"campfire_rested":1,"item_purchase_floors":[3,3],"current_hp_per_floor":[72,61,61,61,61,42,65,30,30,30,0,0],"gold":153,"neow_bonus":"TWO_FIFTY_GOLD","is_daily":false,"chose_seed":false,"campfire_upgraded":1,"win_rate":0.0,"timestamp":1608485096,"path_taken":["M","?","$","?","?","E","R","E","T","R","E"],"items_purchased_type":["Relic","Relic"],"build_version":"2020-12-13","purchased_purges":0,"victory":false,"max_hp_per_floor":[72,72,72,72,72,79,79,79,79,79,79,79],"card_choices":[{"not_picked":["Anger","StuffTheSpire:RagingBull","Iron Wave"],"picked":"SKIP","floor":1},{"not_picked":["Sword Boomerang","StuffTheSpire:RockThrow"],"picked":"Bloodletting","floor":5},{"not_picked":["Sever Soul","Havoc"],"picked":"StuffTheSpire:BloodClot","floor":6},{"not_picked":["Anger","StuffTheSpire:Incineration","Thunderclap"],"picked":"SKIP","floor":8}],"player_experience":169837,"relics_obtained":[{"floor":6,"key":"Strawberry"},{"floor":8,"key":"Meat on the Bone"},{"floor":9,"key":"Lantern"}],"event_choices":[{"damage_healed":0,"gold_gain":0,"player_choice":"Slimed","damage_taken":11,"max_hp_gain":0,"max_hp_loss":0,"event_name":"betterThird:BetterGoop","floor":2,"gold_loss":35},{"damage_healed":0,"gold_gain":0,"player_choice":"Upgraded","damage_taken":0,"max_hp_gain":0,"max_hp_loss":0,"event_name":"Upgrade Shrine","floor":4,"gold_loss":0,"cards_upgraded":["Bash"]}],"is_beta":false,"boss_relics":[],"items_purged_floors":[],"is_endless":false,"potions_floor_spawned":[1],"killed_by":"Lagavulin","ascension_level":1}}