{"host":"ss2ocoam53r2lno0","time":1608431796,"event":{"mods":["Act Like it!","BaseMod","ChefMod","Colored Powertips","Displayed Cursed Tome","Downfall","Googly Eyes","Hallownest","Highlight Path","Minty Spire (QoL Compilation)","Rare Cards Sparkle","Robot Space Explorer","Shade Mod","Shop Mod","Spicy Shops","StSLib"],"gold_per_floor":[109,109,124,156,156,156,188,206,256,290,302,227,227,260,260,359,359,371,777,777,777,697,724,744,744,744,771,795,16,47,47,47,147,147,160,174,89,9,25,25,55,69,69,99,118,143,223,239,239,342],"floor_reached":51,"playtime":6777,"items_purged":["chefmod:Ratatouille"],"score":1152,"play_id":"970f5b23-531a-40f5-80f6-2200b3651af0","local_time":"20201220033636","is_ascension_mode":true,"campfire_choices":[{"data":"chefmod:QuickThaw","floor":6,"key":"SMITH"},{"floor":13,"key":"REST"},{"data":"chefmod:TwoForOne","floor":15,"key":"SMITH"},{"data":"chefmod:DeepFreeze","floor":32,"key":"SMITH"},{"data":"chefmod:GroceryDelivery","floor":40,"key":"SMITH"},{"data":"chefmod:FreezerBurn","floor":49,"key":"SMITH"}],"circlet_count":0,"master_deck":["chefmod:QuickThaw+1","chefmod:TodaysSpecial","chefmod:FreezeSolid","chefmod:TwoForOne+1","chefmod:NoSoupForYou","chefmod:Chop+1","chefmod:DoubleChop","chefmod:Granita","chefmod:CleanHouse","Hallownest:skillGreenpathMap","chefmod:ColdSteel","chefmod:FullCourseMeal","chefmod:CuttingBoard","chefmod:Cleavers","chefmod:CleanHouse","chefmod:AlooGobi","chefmod:Julienne+1","Hallownest:skillCityofTearsMap","chefmod:Puree","chefmod:Leftovers","chefmod:FarmersMarket+1","chefmod:GroceryDelivery+1","chefmod:DeepFreeze+1","Hallownest:curseDreamersLament","chefmod:RisingDough","Hallownest:skillKingdomsEdgeMap","chefmod:DoubleChop","chefmod:RisingDough","chefmod:FreezeSolid","chefmod:FreezerBurn+1","chefmod:RaidPantry"],"relics":["chefmod:WoodenSpoon","Anchor","Art of War","FossilizedHelix","Torii","Pandora\u0027s Box","Whetstone","Guardian:PocketSentry","HornCleat","Eternal Feather","Toy Ornithopter","Meat on the Bone","Tiny Chest","Guardian:BottledAnomaly","Juzu Bracelet","Unceasing Top","Hallownest:WatcherSealRelic","Sozu","Mummified Hand","Strawberry","Ornamental Fan","sneckomod:BlankCard"],"acts_visited":["Hallownest:Greenpath","Hallownest:CityofTears","Hallownest:KingdomsEdge"],"potions_floor_usage":[4,25,30,33],"damage_taken":[{"damage":0,"enemies":"Hallownest:monsterHuskWarrior","floor":1,"turns":4},{"damage":0,"enemies":"2_ Uuma","floor":3,"turns":5},{"damage":13,"enemies":"Hallownest:eliteVengeflyKing","floor":4,"turns":7},{"damage":5,"enemies":"Hallownest:eliteVengeflyKing","floor":7,"turns":7},{"damage":14,"enemies":"Hallownest:2_Tiktiks_and_1_Crawlid","floor":8,"turns":6},{"damage":9,"enemies":"Hallownest:eliteCrystalGuardian","floor":10,"turns":6},{"damage":0,"enemies":"Hallownest:monsterMossCharger","floor":11,"turns":4},{"damage":0,"enemies":"Hallownest:eliteMossKnight","floor":14,"turns":10},{"damage":0,"enemies":"Hallownest:BossFalseKnight","floor":16,"turns":7},{"damage":10,"enemies":"Hallownest:Guard_and_Sentry","floor":18,"turns":7},{"damage":10,"enemies":"Hallownest:eliteSoulWarrior","floor":23,"turns":8},{"damage":2,"enemies":"Hallownest:3_Youths","floor":24,"turns":11},{"damage":22,"enemies":"Hallownest:3_Youths","floor":25,"turns":8},{"damage":0,"enemies":"Hallownest:Nosk","floor":27,"turns":7},{"damage":14,"enemies":"Hallownest:eliteWatcherKnight","floor":30,"turns":10},{"damage":17,"enemies":"Hallownest:BossSoulMaster","floor":33,"turns":12},{"damage":0,"enemies":"Hallownest:3_Siblings","floor":35,"turns":7},{"damage":0,"enemies":"Hallownest:2_Littles","floor":36,"turns":4},{"damage":1,"enemies":"Hallownest:2_Great","floor":39,"turns":6},{"damage":2,"enemies":"Hallownest:eliteCollector","floor":41,"turns":11},{"damage":10,"enemies":"Hallownest:2_Wing_and_1_Kings","floor":42,"turns":4},{"damage":7,"enemies":"Hallownest:eliteHiveKnight","floor":44,"turns":7},{"damage":0,"enemies":"Hallownest:monsterPrimalAspid","floor":45,"turns":3},{"damage":0,"enemies":"Hallownest:StalkingDevout","floor":46,"turns":4},{"damage":0,"enemies":"Hallownest:StalkingDevout","floor":47,"turns":4},{"damage":0,"enemies":"Hallownest:StalkingDevout","floor":47,"turns":2},{"damage":0,"enemies":"Hallownest:Shield_Sturdy","floor":48,"turns":5},{"damage":0,"enemies":"Hallownest:Radiance","floor":50,"turns":10}],"seed_played":"-5111881771651690387","potions_obtained":[{"floor":3,"key":"DuplicationPotion"},{"floor":8,"key":"Swift Potion"},{"floor":14,"key":"Explosive Potion"},{"floor":16,"key":"DuplicationPotion"},{"floor":30,"key":"Block Potion"}],"is_trial":false,"path_per_floor":["M","?","M","?","?","R","E","M","T","E","M","?","R","E","R","B",null,"M","?","?","?","?","E","M","?","T","E","T","$","E","?","R","B",null,"M","M","?","$","M","R","E","M","T","E","M","E","?","M","R","B",null],"character_chosen":"THE_CHEF","items_purchased":["Meat on the Bone","chefmod:GroceryDelivery","Tiny Chest","Guardian:BottledAnomaly","Juzu Bracelet","chefmod:DoubleChop"],"campfire_rested":1,"item_purchase_floors":[29,29,29,29,29,38],"current_hp_per_floor":[69,69,69,56,47,47,42,28,28,19,19,19,39,39,39,39,69,59,59,59,59,59,49,47,25,25,25,25,25,28,28,40,40,69,69,69,69,69,68,69,67,57,64,57,57,57,57,57,75,75],"gold":342,"neow_bonus":"TRANSFORM_TWO_CARDS","is_daily":false,"chose_seed":false,"campfire_upgraded":5,"win_rate":0.0,"timestamp":1608431796,"path_taken":["M","?","M","?","?","R","E","?","T","E","M","?","R","E","R","BOSS","M","?","?","?","?","E","M","?","T","E","?","?","E","?","R","BOSS","M","M","?","$","M","R","E","M","T","E","M","E","?","M","R","BOSS"],"items_purchased_type":["Relic","Card","Relic","Relic","Relic","Card"],"build_version":"2020-12-13","purchased_purges":1,"victory":true,"max_hp_per_floor":[69,69,69,69,69,69,69,69,69,69,69,69,69,69,69,69,69,69,69,69,69,69,69,69,69,69,69,69,69,69,69,69,69,69,69,69,69,69,69,69,69,69,76,76,76,76,76,76,76,76],"card_choices":[{"not_picked":["chefmod:SliceAndDice","chefmod:IcePick"],"picked":"chefmod:NoSoupForYou","floor":1},{"not_picked":["chefmod:NoSoupForYou","chefmod:Sorbet"],"picked":"chefmod:Chop","floor":3},{"not_picked":["chefmod:Defrost","chefmod:Omelette","chefmod:PotatoGratin"],"picked":"SKIP","floor":4},{"not_picked":["chefmod:QuickChop","chefmod:SpaghettiCarbonara","chefmod:SliceAndDice"],"picked":"SKIP","floor":7},{"not_picked":["chefmod:DinoKale","chefmod:LiquidNitrogen"],"picked":"chefmod:DoubleChop","floor":8},{"not_picked":["chefmod:IcePick","chefmod:Defrost"],"picked":"chefmod:Granita","floor":10},{"not_picked":["chefmod:FullBurn","chefmod:PotatoGratin"],"picked":"chefmod:CleanHouse","floor":11},{"not_picked":["chefmod:BaoBuns","chefmod:ZaruSoba"],"picked":"chefmod:ColdSteel","floor":14},{"not_picked":["chefmod:RisingDough","chefmod:Canape"],"picked":"chefmod:FullCourseMeal","floor":16},{"not_picked":["chefmod:Granita","chefmod:Fillet"],"picked":"chefmod:Julienne","floor":18},{"not_picked":["chefmod:AllYouCanEat","chefmod:Cleavers"],"picked":"chefmod:Puree","floor":23},{"not_picked":["chefmod:Chop","chefmod:Defrost"],"picked":"chefmod:Leftovers","floor":24},{"not_picked":["chefmod:SaveForLater","chefmod:FryPan+1"],"picked":"chefmod:FarmersMarket+1","floor":27},{"not_picked":["chefmod:RisingDough","chefmod:FullBurn"],"picked":"chefmod:DeepFreeze","floor":30},{"not_picked":["chefmod:TastyDistraction","chefmod:CandyBowl"],"picked":"chefmod:RisingDough","floor":33},{"not_picked":["chefmod:BaoBuns","chefmod:IcePick","chefmod:CayenneCloud+1"],"picked":"SKIP","floor":35},{"not_picked":["chefmod:DinoKale","chefmod:Bruschetta","chefmod:BaoBuns+1"],"picked":"SKIP","floor":36},{"not_picked":["chefmod:Gelato+1","chefmod:FireUp","chefmod:NoSoupForYou"],"picked":"SKIP","floor":39},{"not_picked":["chefmod:Granita","chefmod:NewMenu+1","chefmod:DimSum+1"],"picked":"SKIP","floor":41},{"not_picked":["chefmod:Sorbet","chefmod:SliceAndDice+1","chefmod:ZaruSoba+1"],"picked":"SKIP","floor":42},{"not_picked":["chefmod:Gelato","chefmod:KnifeFlurry+1"],"picked":"chefmod:RisingDough","floor":44},{"not_picked":["chefmod:FreshProduce","chefmod:IcePick+1","chefmod:Chop"],"picked":"SKIP","floor":45},{"not_picked":["chefmod:Ratatouille+1","chefmod:PotatoGratin"],"picked":"chefmod:FreezeSolid","floor":46},{"not_picked":["chefmod:FireUp","chefmod:IcePick"],"picked":"chefmod:FreezerBurn","floor":48},{"not_picked":["chefmod:Canape","chefmod:DeepFreeze"],"picked":"chefmod:RaidPantry","floor":50}],"player_experience":578707,"relics_obtained":[{"floor":4,"key":"chefmod:WoodenSpoon"},{"floor":7,"key":"Anchor"},{"floor":9,"key":"Art of War"},{"floor":10,"key":"FossilizedHelix"},{"floor":14,"key":"Torii"},{"floor":23,"key":"Guardian:PocketSentry"},{"floor":26,"key":"HornCleat"},{"floor":27,"key":"Eternal Feather"},{"floor":28,"key":"Toy Ornithopter"},{"floor":30,"key":"Unceasing Top"},{"floor":41,"key":"Mummified Hand"},{"floor":43,"key":"Strawberry"},{"floor":44,"key":"Ornamental Fan"},{"floor":46,"key":"sneckomod:BlankCard"}],"event_choices":[],"is_beta":false,"boss_relics":[{"not_picked":["Calling Bell","Fusion Hammer"],"picked":"Pandora\u0027s Box"},{"not_picked":["Cursed Key","Busted Crown"],"picked":"Sozu"}],"items_purged_floors":[29],"is_endless":false,"potions_floor_spawned":[3,8,14,16,25,30,35,39,41,42,44,47],"ascension_level":2}}