{"host":"1sep654oresgee70","time":1608499483,"event":{"mods":["2.2 Compatiblity","Aspiration","BaseMod","Better Altar","Better Match","Better Note","Better Sensory Stone","Better Skull","Better Third Choice","Better Vampires","Better-Laid Plans","BetterRewards","Block Reminder","Conspire","Displayed Cursed Tome","Gold Saver","Hubris","Infinite Spire","Minty Spire (QoL Compilation)","Potion Indicator Mod","Quick Restart","Red Circlet Mod","Replay The Spire","Shop Mod","Spicy Shops","StSLib","The Blue Laboratory","Thieving Mod","Transform Curses","Unceasing Turn Reminder","UnlockEverythingMod"],"gold_per_floor":[410,422,16,28,40,40,72,87,163,190,210,210,229,279,279,378,378,396,396,396,384,384,410,427,461,484,484,512,533,535,535],"floor_reached":30,"playtime":1330,"items_purged":[],"score":434,"play_id":"c8d5b480-1886-458f-8021-964ab0776933","local_time":"20201220222443","is_ascension_mode":true,"campfire_choices":[{"floor":6,"key":"RECALL"},{"floor":15,"key":"REST"}],"circlet_count":0,"master_deck":["Strike_B","Strike_B","Strike_B","Strike_B","Defend_B","Defend_B","Defend_B","Defend_B","Zap","Dualcast","Barrage","Glacier","Buffer","Buffer","Steam","Ball Lightning","Streamline","Scrape","Go for the Eyes","Capacitor","Capacitor","Conserve Battery","Injury","Gash+1","ReplayTheSpireMod:Splinters","hubris:SpecializedCircuitry","Capacitor","Buffer","hubris:PowerSurge+1","Apotheosis+1","Crystallizer+1","Capacitor+1","Dramatic Entrance+1","Cold Snap+1","FIFO Queue+1","Static Discharge+1","Gash+1","Ball Lightning+1"],"relics":["Cracked Core","TheAbacus","Geode","aspiration:SeaSaltIceCream","Iron Hammer","Anchor","Molten Egg 2","Mummified Hand","aspiration:BursterCore","Bottled Tornado","Juzu Bracelet","Replay:Bandana"],"acts_visited":["Exordium","TheCity"],"potions_floor_usage":[5,8,16,16,25,25,29],"damage_taken":[{"damage":0,"enemies":"Cultist","floor":1,"turns":4},{"damage":13,"enemies":"Jaw Worm","floor":2,"turns":4},{"damage":0,"enemies":"Small Slimes","floor":4,"turns":4},{"damage":8,"enemies":"Blue Slaver","floor":5,"turns":4},{"damage":0,"enemies":"3 Sentries","floor":7,"turns":8},{"damage":0,"enemies":"Large Slime","floor":8,"turns":5},{"damage":0,"enemies":"Gremlin Nob","floor":10,"turns":5},{"damage":1,"enemies":"Exordium Thugs","floor":11,"turns":5},{"damage":0,"enemies":"2 Fungi Beasts","floor":13,"turns":2},{"damage":40,"enemies":"The Guardian","floor":16,"turns":13},{"damage":3,"enemies":"Shell Parasite","floor":18,"turns":5},{"damage":0,"enemies":"2 Thieves","floor":21,"turns":4},{"damage":2,"enemies":"Gremlin Leader","floor":23,"turns":5},{"damage":10,"enemies":"Centurion and Healer","floor":24,"turns":7},{"damage":35,"enemies":"Slavers","floor":25,"turns":8},{"damage":0,"enemies":"Chosen and Byrds","floor":28,"turns":5},{"damage":23,"enemies":"Shelled Parasite and Fungi","floor":29,"turns":8},{"damage":14,"enemies":"Snake Plant","floor":30,"turns":1}],"seed_played":"-5979921130007162955","potions_obtained":[{"floor":4,"key":"blueLaboratory:ArtificerPotion"},{"floor":5,"key":"Weak Potion"},{"floor":8,"key":"blueLaboratory:NullPotion"},{"floor":11,"key":"blueLaboratory:LouseDecoction"},{"floor":21,"key":"blueLaboratory:PhilterOfMotion"},{"floor":23,"key":"blueLaboratory:LouseDecoction"},{"floor":28,"key":"Dexterity Potion"}],"is_trial":false,"path_per_floor":["M","M","$","M","M","R","E","M","T","E","M","?","M","?","R","B",null,"M","?","AVR","M","?","E","M","E","T","?","M","M","M"],"character_chosen":"DEFECT","items_purchased":["Buffer","Steam","Ball Lightning","TheAbacus"],"campfire_rested":1,"item_purchase_floors":[3,3,3,3],"current_hp_per_floor":[82,69,69,69,61,61,61,61,61,61,60,60,60,60,82,42,82,79,79,79,79,79,77,67,32,32,32,32,9,0,0],"gold":535,"neow_bonus":"TEN_PERCENT_HP_BONUS","is_daily":false,"chose_seed":false,"campfire_upgraded":0,"win_rate":0.0,"timestamp":1608499483,"path_taken":["M","M","$","M","M","R","E","M","T","E","?","?","M","?","R","BOSS","M","?","AVR","M","?","E","M","E","T","?","M","M","M"],"items_purchased_type":["Card","Card","Card","Relic"],"build_version":"2020-12-13","purchased_purges":0,"victory":false,"max_hp_per_floor":[82,82,82,82,82,82,82,82,82,82,82,82,82,82,82,82,82,82,82,82,82,82,82,82,82,82,82,82,82,82,82],"card_choices":[{"not_picked":["ReplayTheSpireMod:Reroute Power","BasicCrystalCard"],"picked":"Barrage","floor":1},{"not_picked":["Gash","Streamline"],"picked":"Glacier","floor":2},{"not_picked":["Hologram","Glacier"],"picked":"Streamline","floor":4},{"not_picked":["Panic Button","Rip and Tear"],"picked":"Scrape","floor":5},{"not_picked":["ReplayTheSpireMod:Reroute Power","Cold Snap"],"picked":"Go for the Eyes","floor":7},{"not_picked":["conspire:Rain","ReplaySolidLightProjector"],"picked":"Capacitor","floor":8},{"not_picked":["Reprogram","Gash"],"picked":"Capacitor","floor":10},{"not_picked":["Beam Cell","Force Field"],"picked":"Conserve Battery","floor":11},{"not_picked":["Hologram","Rebound+1"],"picked":"Gash+1","floor":13},{"not_picked":["Steam","aspiration:Polymerization"],"picked":"hubris:SpecializedCircuitry","floor":14},{"not_picked":["BasicCrystalCard","hubris:PowerSurge"],"picked":"Capacitor","floor":14},{"not_picked":["hubris:SpecializedCircuitry","Core Surge+1"],"picked":"Buffer","floor":16},{"not_picked":["Reinforced Body+1","Barrage+1"],"picked":"hubris:PowerSurge+1","floor":18},{"not_picked":["Double Energy","ReplayTheSpireMod:System Scan"],"picked":"Crystallizer+1","floor":21},{"not_picked":["FTL+1","Fusion+1"],"picked":"Capacitor+1","floor":22},{"not_picked":["Panacea+1","conspire:Banana+1"],"picked":"Dramatic Entrance+1","floor":22},{"not_picked":["Conserve Battery","Time Bomb"],"picked":"Cold Snap+1","floor":23},{"not_picked":["Steam","Barrage+1"],"picked":"FIFO Queue","floor":24},{"not_picked":["Turbo","ReplayTheSpireMod:GoodbyeWorld+1"],"picked":"Static Discharge+1","floor":25},{"not_picked":["Compile Driver+1","Cold Snap+1"],"picked":"Gash+1","floor":28},{"not_picked":["Compile Driver+1","Redo+1"],"picked":"Ball Lightning+1","floor":29}],"player_experience":2304932,"relics_obtained":[{"floor":7,"key":"Geode"},{"floor":9,"key":"aspiration:SeaSaltIceCream"},{"floor":10,"key":"Anchor"},{"floor":14,"key":"Mummified Hand"},{"floor":23,"key":"Juzu Bracelet"},{"floor":25,"key":"Replay:Bandana"}],"event_choices":[{"cards_removed":["Buffer"],"damage_healed":0,"gold_gain":0,"player_choice":"Take \u0026 Give","damage_taken":0,"max_hp_gain":0,"max_hp_loss":0,"event_name":"betterNote:BetterNote","floor":19,"gold_loss":0,"cards_obtained":["Apotheosis"]},{"damage_healed":0,"gold_gain":0,"player_choice":"2","damage_taken":0,"max_hp_gain":0,"max_hp_loss":0,"event_name":"betterMatch:BetterMatch","floor":22,"gold_loss":0,"cards_obtained":["betterMatch:UncommonCard","betterMatch:ColorlessUncommonCard"]},{"damage_healed":0,"gold_gain":0,"player_choice":"Upgraded","damage_taken":0,"max_hp_gain":0,"max_hp_loss":0,"event_name":"Upgrade Shrine","floor":27,"gold_loss":0,"cards_upgraded":["FIFO Queue"]}],"is_beta":false,"boss_relics":[{"not_picked":["Philosopher\u0027s Stone","Snecko Eye"],"picked":"aspiration:BursterCore"}],"items_purged_floors":[],"is_endless":false,"potions_floor_spawned":[4,5,8,11,21,23,28],"killed_by":"Snake Plant","ascension_level":3}}