{"host":"l8lm1goh5xm9tkuw","time":1608443289,"event":{"mods":["Act Like it!","Alarm Clock","Astrologer","BaseMod","Colored Map","Colored Powertips","GungeonMod","Hermit","KomeijiMod","Library of Ruina","Library of Ruina Extra","Lobotomy","LobotomyExtend","Marisa（F雨　魔理沙）","Minty Spire (QoL Compilation)","MostiFishMod","Quick Restart","Replay The Spire","Shade Mod","StSLib","TestMod","The Animator","The Bug Knight","The Hierophant","UnlockEverythingMod","[IsaacMod]以撒尖塔","vexMod","【遗物卡牌】REMEMod"],"gold_per_floor":[111,111,129,129,54,86,86,117,141,171,191,191,218,238,388,461,461,477,777,858,919,1186,1220,1220,1248,1301,1321,980,1014,1031,1051,1185,1256,1256,1270,918,918,931,952,952,982,734,760,760,264,564,564,591,591,593,595,595],"floor_reached":53,"playtime":1196,"items_purged":["Strike_R","Defend_R","Strike_R","Strike_R","Defend_R","Defend_R","Bash"],"score":2398,"play_id":"c3933256-5ef9-40b0-aaec-c89b06b272c4","local_time":"20201220134809","is_ascension_mode":true,"campfire_choices":[{"data":"Dark Embrace","floor":7,"key":"SMITH"},{"data":"Armaments","floor":12,"key":"SMITH"},{"data":"Body Slam","floor":15,"key":"SMITH"},{"data":"Burning Pact","floor":24,"key":"SMITH"},{"data":"MostiFishMod:404NotFound","floor":32,"key":"SMITH"},{"data":"MostiFishMod:FlyOverUtopia","floor":40,"key":"SMITH"},{"data":"True Grit","floor":44,"key":"SMITH"},{"floor":49,"key":"DIG"}],"circlet_count":0,"master_deck":["Defend_R","Sword Boomerang","Dark Embrace+1","REME_Fury+1","Shrug It Off","Hemogenesis","Armaments+1","True Grit+1","Body Slam+1","MostiFishMod:404NotFound+1","MostiFishMod:DarkDeal","Burning Pact+1","MostiFishMod:FlyOverUtopia+1","Searing Blow","Entrench"],"relics":["Burning Blood","DaveBox","testmod-TestBox","REME_ComplimentaryCards","HushsDoor","testmod-Justice","SentryEyes","Nunchaku","Question Card","LetterFromLob","MagicBullet_r","Ancient Tea Set","Divine Protection","PageOfPorccubus","DoctorsRemote","PageOfTodaysShyLook","ImportantClient","MagicMushroom","DemoMod:GlassGuonStoneRelic","BookofShadows","ReplayTheSpireMod:Spearhead","Anchor","TimeFreeze","ReplayTheSpireMod:Shallot","BloodBag","testmod-DeterminationOfClimber","DemoMod:GreenGuonStone","Molten Egg 2","Blood Vial","DemoMod:ClearGuonStone","Eternal Feather","TheAbacus","Paper Frog","Orichalcum"],"acts_visited":["Exordium","TheCity","TheBeyond"],"potions_floor_usage":[10],"damage_taken":[{"damage":0,"enemies":"2 Louse","floor":1,"turns":2},{"damage":0,"enemies":"Cultist","floor":3,"turns":2},{"damage":35,"enemies":"Lagavulin","floor":6,"turns":4},{"damage":6,"enemies":"3 Sentries","floor":8,"turns":3},{"damage":4,"enemies":"Lagavulin","floor":10,"turns":3},{"damage":0,"enemies":"Jaw Worm","floor":11,"turns":2},{"damage":0,"enemies":"3 Sentries","floor":13,"turns":3},{"damage":20,"enemies":"2 Fungi Beasts","floor":14,"turns":2},{"damage":0,"enemies":"Hexaghost","floor":16,"turns":7},{"damage":2,"enemies":"2 Thieves","floor":18,"turns":2},{"damage":0,"enemies":"Chosen","floor":22,"turns":3},{"damage":0,"enemies":"Gremlin Leader","floor":23,"turns":1},{"damage":0,"enemies":"Book of Stabbing","floor":25,"turns":2},{"damage":0,"enemies":"Sentry and Sphere","floor":27,"turns":1},{"damage":20,"enemies":"Slavers","floor":29,"turns":1},{"damage":0,"enemies":"Snake Plant","floor":30,"turns":2},{"damage":0,"enemies":"3 Cultists","floor":31,"turns":1},{"damage":0,"enemies":"KingOfGreed","floor":33,"turns":2},{"damage":0,"enemies":"3 Shapes","floor":35,"turns":2},{"damage":0,"enemies":"3 Darklings","floor":38,"turns":1},{"damage":0,"enemies":"Spire Growth","floor":39,"turns":2},{"damage":20,"enemies":"R_Hoarder","floor":41,"turns":1},{"damage":0,"enemies":"Reptomancer","floor":48,"turns":2},{"damage":0,"enemies":"Time Eater","floor":50,"turns":1},{"damage":0,"enemies":"Replay:Hell Engine","floor":51,"turns":2}],"seed_played":"-1473223098052866962","potions_obtained":[{"floor":6,"key":"Fire Potion"},{"floor":8,"key":"Reflective Coating"},{"floor":10,"key":"testmod-TestPotion"}],"is_trial":false,"path_per_floor":["M","?","M","?","$","E","R","E","T","E","M","R","E","M","R","B",null,"M","?","T","?","M","E","R","E","T","M","$","E","M","M","R","B",null,"M","$","?","M","M","R","E","$","T","R","$","?","?","E","R_BF","B","B",null,null],"character_chosen":"IRONCLAD","items_purchased":["MostiFishMod:DarkDeal","Anchor","TimeFreeze","DemoMod:GreenGuonStone","Blood Vial","Eternal Feather","TheAbacus"],"campfire_rested":0,"item_purchase_floors":[17,28,28,36,42,45,45],"current_hp_per_floor":[74,74,75,75,75,46,46,46,46,50,56,56,69,57,30,43,67,73,73,73,73,40,46,46,53,53,59,59,47,54,60,51,58,69,73,73,73,73,73,73,59,59,59,59,59,59,59,69,73,73,73,73],"gold":595,"neow_bonus":"RANDOM_COMMON_RELIC","is_daily":false,"chose_seed":false,"campfire_upgraded":7,"win_rate":0.0,"timestamp":1608443289,"path_taken":["M","?","?","?","?","E","R","E","T","E","M","R","E","M","R","BOSS","M","?","?","?","?","E","R","E","T","M","$","E","M","M","R","BOSS","M","$","?","M","M","R","E","$","T","R","$","?","?","E","R_BF","BOSS","BOSS"],"items_purchased_type":["Card","Relic","Relic","Relic","Relic","Relic","Relic"],"build_version":"2020-12-13","purchased_purges":7,"victory":true,"max_hp_per_floor":[75,75,75,75,75,75,75,75,75,75,75,75,75,75,75,75,73,73,73,73,73,73,73,73,73,73,73,73,73,73,73,80,80,73,73,73,73,73,73,73,73,73,73,73,73,73,73,73,73,73,73,73],"card_choices":[{"not_picked":["Clash","Twin Strike"],"picked":"Sword Boomerang","floor":1},{"not_picked":["Heavy Blade","Reckless Charge","Pommel Strike"],"picked":"Dark Embrace","floor":3},{"not_picked":["Cleave","Iron Wave","Flex","Run Through"],"picked":"SKIP","floor":6},{"not_picked":["REME_Scribble","MostiFishMod:TemporaryOutbreak","Twin Strike"],"picked":"Shrug It Off","floor":8},{"not_picked":["Perfected Strike","ReplayTheSpireMod:Corrosion Curse","Searing Blow"],"picked":"Hemogenesis","floor":10},{"not_picked":["Shrug It Off","Clothesline","Heavy Blade"],"picked":"Armaments","floor":11},{"not_picked":["Fire Breathing","Clothesline","Sword Boomerang"],"picked":"True Grit","floor":13},{"not_picked":["ReplayTheSpireMod:Strike From Hell","Run Through","True Grit"],"picked":"Body Slam","floor":14},{"not_picked":["MostiFishMod:#F4004","Immolate","MostiFishMod:RacingGame"],"picked":"MostiFishMod:404NotFound","floor":16},{"not_picked":["Spot Weakness","Twin Strike","Perfected Strike","Shockwave"],"picked":"SKIP","floor":18},{"not_picked":["Flex","Sword Boomerang","Reckless Charge"],"picked":"Burning Pact","floor":22},{"not_picked":["Ghostly Armor","Flame Barrier","Run Through","Clash"],"picked":"SKIP","floor":23},{"not_picked":["MostiFishMod:BrandingRite","Sever Soul","Headbutt","Heavy Blade"],"picked":"SKIP","floor":25},{"not_picked":["Headbutt","Anger","ReplayTheSpireMod:LeadingStrike","Carnage"],"picked":"SKIP","floor":27},{"not_picked":["Spot Weakness","Burning Pact","Rage","ReplayTheSpireMod:Stacked"],"picked":"SKIP","floor":29},{"not_picked":["Heavy Blade","Replay:Undeath\u0027s Touch+1","Cleave","Defy Death"],"picked":"SKIP","floor":30},{"not_picked":["DemoMod:WhiteBlade","Reckless Charge","REME_Cut","Clothesline"],"picked":"SKIP","floor":31},{"not_picked":["Impervious","REME_TheLastStrike","REME_Fury"],"picked":"MostiFishMod:FlyOverUtopia","floor":33},{"not_picked":["Twin Strike","Cleave","Bloodletting"],"picked":"Searing Blow","floor":35},{"not_picked":["DemoMod:WhiteBlade","Flame Barrier","Clash","Defy Death+1"],"picked":"SKIP","floor":38},{"not_picked":["Wild Strike","Dark Embrace","Anger","DemoMod:BlackBlade+1"],"picked":"SKIP","floor":39},{"not_picked":["Run Through+1","Headbutt+1","Metallicize+1"],"picked":"Entrench","floor":41},{"not_picked":["Clash+1","True Grit","Demonic Infusion","Sword Boomerang+1"],"picked":"SKIP","floor":48}],"player_experience":338820,"relics_obtained":[{"floor":1,"key":"Question Card"},{"floor":1,"key":"LetterFromLob"},{"floor":6,"key":"Ancient Tea Set"},{"floor":8,"key":"Divine Protection"},{"floor":9,"key":"PageOfPorccubus"},{"floor":10,"key":"DoctorsRemote"},{"floor":13,"key":"PageOfTodaysShyLook"},{"floor":16,"key":"ImportantClient"},{"floor":25,"key":"BookofShadows"},{"floor":26,"key":"ReplayTheSpireMod:Spearhead"},{"floor":29,"key":"ReplayTheSpireMod:Shallot"},{"floor":41,"key":"Molten Egg 2"},{"floor":43,"key":"DemoMod:ClearGuonStone"},{"floor":48,"key":"Paper Frog"},{"floor":49,"key":"Orichalcum"}],"event_choices":[{"damage_healed":0,"gold_gain":0,"player_choice":"Ignored","damage_taken":0,"max_hp_gain":0,"max_hp_loss":0,"event_name":"给自己的盒子","floor":47,"gold_loss":0}],"is_beta":false,"boss_relics":[{"not_picked":["FixedStarFall","testmod-KeyOfTheVoid"],"picked":"MagicMushroom"},{"not_picked":[]},{"not_picked":["SacredBark","testmod-SaigiyounoYou"],"picked":"testmod-DeterminationOfClimber"},{"not_picked":[]}],"items_purged_floors":[5,17,28,34,36,42,45],"is_endless":false,"potions_floor_spawned":[6,8,10,16,25,27,31,38,41,48],"ascension_level":20}}