{"host":"8l1xuphorofpdxlv","time":1608466876,"event":{"mods":["AchievementEnabler","BaseMod","DeckTracker","Minty Spire (QoL Compilation)","Quick Restart","SuperFastMode"],"gold_per_floor":[113,127,127,53,66,66,99,99,125,125,200,215,245,262,262,357,357,370,196,214,129,161,173,197,223,235,346,57,57,57,67,67,165,165,176,226,30,48,65,65,11,11,11,11,0,52,62,77,77,77,77],"floor_reached":50,"playtime":2499,"items_purged":["Strike_G","Strike_G","Neutralize"],"score":508,"play_id":"b6a548f5-24bf-442e-a3d9-7007a9ed2562","local_time":"20201220212116","is_ascension_mode":true,"campfire_choices":[{"data":"Bouncing Flask","floor":6,"key":"SMITH"},{"floor":10,"key":"REST"},{"floor":15,"key":"REST"},{"data":"Deadly Poison","floor":23,"key":"SMITH"},{"data":"Footwork","floor":29,"key":"SMITH"},{"floor":32,"key":"REST"},{"floor":40,"key":"REST"},{"data":"Bouncing Flask","floor":42,"key":"SMITH"},{"data":"Footwork","floor":44,"key":"SMITH"},{"data":"Adrenaline","floor":49,"key":"SMITH"}],"circlet_count":0,"master_deck":["Defend_G","Defend_G","Defend_G","Defend_G","Survivor","Poisoned Stab","Noxious Fumes","Bane","Noxious Fumes","Bouncing Flask+1","Deadly Poison+1","Footwork+1","Crippling Poison","Backflip","Escape Plan+1","PiercingWail+1","Prepared+1","Bouncing Flask+1","Footwork+1","PiercingWail+1","PiercingWail","Reflex+1","Adrenaline+1","Backflip+1"],"relics":["Ring of the Snake","NeowsBlessing","PreservedInsect","Toy Ornithopter","Regal Pillow","Busted Crown","MawBank","WingedGreaves","Orrery","Empty Cage","Dead Branch","Blue Candle","Red Mask","Gambling Chip"],"acts_visited":["Exordium","TheCity","TheBeyond"],"potions_floor_usage":[16,31,46,50],"damage_taken":[{"damage":0,"enemies":"Small Slimes","floor":1,"turns":1},{"damage":0,"enemies":"Jaw Worm","floor":2,"turns":1},{"damage":0,"enemies":"2 Louse","floor":5,"turns":1},{"damage":32,"enemies":"3 Sentries","floor":7,"turns":5},{"damage":0,"enemies":"Large Slime","floor":12,"turns":4},{"damage":22,"enemies":"Lots of Slimes","floor":14,"turns":3},{"damage":38,"enemies":"Hexaghost","floor":16,"turns":7},{"damage":28,"enemies":"2 Thieves","floor":18,"turns":4},{"damage":1,"enemies":"Spheric Guardian","floor":20,"turns":3},{"damage":14,"enemies":"Centurion and Healer","floor":22,"turns":7},{"damage":10,"enemies":"Snecko","floor":24,"turns":4},{"damage":18,"enemies":"Snake Plant","floor":25,"turns":4},{"damage":4,"enemies":"3 Cultists","floor":31,"turns":5},{"damage":37,"enemies":"Champ","floor":33,"turns":11},{"damage":1,"enemies":"3 Shapes","floor":35,"turns":6},{"damage":10,"enemies":"Mind Bloom Boss Battle","floor":36,"turns":9},{"damage":11,"enemies":"3 Darklings","floor":38,"turns":6},{"damage":38,"enemies":"Spire Growth","floor":39,"turns":6},{"damage":3,"enemies":"2 Orb Walkers","floor":46,"turns":5},{"damage":0,"enemies":"Sphere and 2 Shapes","floor":47,"turns":4},{"damage":1,"enemies":"4 Shapes","floor":48,"turns":6},{"damage":74,"enemies":"Donu and Deca","floor":50,"turns":8}],"seed_played":"6190690759649280116","potions_obtained":[{"floor":7,"key":"CultistPotion"},{"floor":12,"key":"FairyPotion"},{"floor":14,"key":"AttackPotion"},{"floor":16,"key":"BlessingOfTheForge"},{"floor":20,"key":"EntropicBrew"},{"floor":25,"key":"SteroidPotion"},{"floor":35,"key":"CunningPotion"},{"floor":38,"key":"AttackPotion"},{"floor":47,"key":"SkillPotion"}],"is_trial":false,"path_per_floor":["M","M","?","$","M","R","E","?","T","R","?","M","?","M","R","B",null,"M","$","M","?","M","R","M","M","T","?","$","R","?","M","R","B",null,"M","?","$","M","M","R","$","R","T","R","?","?","M","M","R","B"],"character_chosen":"THE_SILENT","items_purchased":["Noxious Fumes","FairyPotion","Backflip","Orrery","Footwork","PiercingWail"],"campfire_rested":4,"item_purchase_floors":[4,19,28,28,37,41],"current_hp_per_floor":[70,70,70,70,70,70,38,13,13,49,38,38,38,16,52,19,70,42,42,41,41,27,27,17,21,21,21,21,21,21,22,58,21,70,69,59,59,48,10,46,46,46,46,46,46,48,48,47,47,0,0],"gold":77,"neow_bonus":"THREE_ENEMY_KILL","is_daily":false,"chose_seed":false,"campfire_upgraded":6,"win_rate":0.0,"timestamp":1608466876,"path_taken":["M","M","?","$","M","R","E","?","T","R","?","?","?","M","R","BOSS","M","$","M","?","M","R","M","M","T","?","$","R","?","?","R","BOSS","M","?","$","M","M","R","$","R","T","R","?","?","M","M","R","BOSS"],"items_purchased_type":["Card","Potion","Card","Relic","Card","Card"],"build_version":"2020-12-13","purchased_purges":3,"victory":false,"max_hp_per_floor":[70,70,70,70,70,70,70,70,70,70,70,70,70,70,70,70,70,70,70,70,70,70,70,70,70,70,70,70,70,70,70,70,70,70,70,70,70,70,70,70,70,70,70,70,70,70,70,70,70,70,70],"card_choices":[{"not_picked":["Deflect","Predator"],"picked":"Poisoned Stab","floor":1},{"not_picked":["Leg Sweep","Acrobatics"],"picked":"Noxious Fumes","floor":2},{"not_picked":["Escape Plan","Flying Knee"],"picked":"Bouncing Flask","floor":5},{"not_picked":["Endless Agony","Dagger Spray"],"picked":"Deadly Poison","floor":7},{"not_picked":["Quick Slash","Blade Dance"],"picked":"Footwork","floor":12},{"not_picked":["Tactician","Masterful Stab"],"picked":"Crippling Poison","floor":14},{"not_picked":["Deflect"],"picked":"SKIP","floor":18},{"not_picked":["Flying Knee"],"picked":"SKIP","floor":20},{"not_picked":["Slice"],"picked":"SKIP","floor":22},{"not_picked":["Crippling Poison"],"picked":"SKIP","floor":24},{"not_picked":["Cloak And Dagger"],"picked":"SKIP","floor":25},{"not_picked":[],"picked":"Escape Plan+1","floor":28},{"not_picked":[],"picked":"PiercingWail+1","floor":28},{"not_picked":[],"picked":"Prepared+1","floor":28},{"not_picked":[],"picked":"Bouncing Flask","floor":28},{"not_picked":["Riddle With Holes"],"picked":"SKIP","floor":31},{"not_picked":["Cloak And Dagger"],"picked":"SKIP","floor":35},{"not_picked":[],"picked":"PiercingWail+1","floor":38},{"not_picked":["Blade Dance"],"picked":"SKIP","floor":39},{"not_picked":[],"picked":"Reflex+1","floor":46},{"not_picked":[],"picked":"Adrenaline","floor":47},{"not_picked":[],"picked":"Backflip+1","floor":48}],"player_experience":62558,"relics_obtained":[{"floor":7,"key":"PreservedInsect"},{"floor":9,"key":"Regal Pillow"},{"floor":26,"key":"WingedGreaves"},{"floor":36,"key":"Dead Branch"},{"floor":43,"key":"Blue Candle"},{"floor":46,"key":"Gambling Chip"}],"event_choices":[{"damage_healed":0,"gold_gain":0,"cards_transformed":["Strike_G"],"player_choice":"Change","damage_taken":0,"max_hp_gain":0,"max_hp_loss":0,"event_name":"Living Wall","floor":3,"gold_loss":0,"cards_obtained":["Bane"]},{"damage_healed":0,"gold_gain":0,"player_choice":"Success","damage_taken":25,"relics_obtained":["Toy Ornithopter"],"max_hp_gain":0,"max_hp_loss":0,"event_name":"Scrap Ooze","floor":8,"gold_loss":0},{"damage_healed":0,"gold_gain":75,"player_choice":"Gather Gold","damage_taken":11,"max_hp_gain":0,"max_hp_loss":0,"event_name":"World of Goop","floor":11,"gold_loss":0},{"damage_healed":0,"gold_gain":30,"player_choice":"Searched \u00272\u0027 times","damage_taken":0,"max_hp_gain":0,"max_hp_loss":0,"event_name":"Dead Adventurer","floor":13,"gold_loss":0},{"damage_healed":0,"gold_gain":0,"player_choice":"Obtained Relic","damage_taken":0,"relics_obtained":["MawBank"],"max_hp_gain":0,"max_hp_loss":0,"event_name":"Addict","floor":21,"gold_loss":85},{"damage_healed":0,"gold_gain":99,"player_choice":"Stole From Cult","damage_taken":0,"max_hp_gain":0,"max_hp_loss":0,"event_name":"Nest","floor":27,"gold_loss":0},{"cards_removed":["Strike_G"],"damage_healed":0,"gold_gain":0,"player_choice":"Offered Basic","damage_taken":0,"max_hp_gain":0,"max_hp_loss":0,"event_name":"Bonfire Elementals","floor":30,"gold_loss":0},{"damage_healed":0,"gold_gain":0,"player_choice":"Fight","damage_taken":0,"max_hp_gain":0,"max_hp_loss":0,"event_name":"MindBloom","floor":36,"gold_loss":0},{"damage_healed":0,"gold_gain":0,"player_choice":"Paid","damage_taken":0,"relics_obtained":["Red Mask"],"max_hp_gain":0,"max_hp_loss":0,"event_name":"Tomb of Lord Red Mask","floor":45,"gold_loss":11},{"damage_healed":0,"gold_gain":0,"player_choice":"Fight","damage_taken":0,"max_hp_gain":0,"max_hp_loss":0,"event_name":"Mysterious Sphere","floor":46,"gold_loss":0}],"is_beta":false,"boss_relics":[{"not_picked":["Runic Pyramid","Sozu"],"picked":"Busted Crown"},{"not_picked":["Ring of the Serpent","Runic Dome"],"picked":"Empty Cage"}],"items_purged_floors":[19,28,37],"is_endless":false,"potions_floor_spawned":[7,12,14,16,20,22,25,35,38,47],"killed_by":"Donu and Deca","ascension_level":3}}