{"host":"baymyijz6sxaqj5s","time":1608460663,"event":{"mods":["AchievementEnabler","BaseMod","Colored Map","Colored Powertips","DeckTracker","KOR Keyword Fix","Keyboard Shortcuts","Minty Spire (QoL Compilation)","StSLib"],"gold_per_floor":[215,215,232,245,175,175,193,112,164,239,259,277,287,302,302,302,302],"floor_reached":16,"playtime":529,"items_purged":[],"score":96,"play_id":"816ea7bd-d686-4bba-857b-14870ec87880","local_time":"20201220193743","is_ascension_mode":false,"campfire_choices":[{"data":"Entrench","floor":6,"key":"SMITH"},{"floor":15,"key":"REST"}],"circlet_count":0,"master_deck":["Strike_R","Strike_R","Strike_R","Strike_R","Strike_R","Defend_R","Defend_R","Defend_R","Defend_R","Bash","Thunderclap","Armaments","Entrench+1","Cleave","Seeing Red","Sword Boomerang","Ghostly Armor"],"relics":["Burning Blood","Vajra"],"acts_visited":["Exordium"],"potions_floor_usage":[7,11,14,16,16],"damage_taken":[{"damage":4,"enemies":"2 Louse","floor":1,"turns":3},{"damage":1,"enemies":"Cultist","floor":3,"turns":4},{"damage":0,"enemies":"Small Slimes","floor":4,"turns":4},{"damage":23,"enemies":"Exordium Thugs","floor":7,"turns":9},{"damage":6,"enemies":"2 Fungi Beasts","floor":11,"turns":4},{"damage":11,"enemies":"Large Slime","floor":12,"turns":5},{"damage":4,"enemies":"Blue Slaver","floor":13,"turns":3},{"damage":0,"enemies":"3 Louse","floor":14,"turns":3},{"damage":80,"enemies":"Hexaghost","floor":16,"turns":13}],"seed_played":"-3437152243355411795","potions_obtained":[{"floor":1,"key":"PowerPotion"},{"floor":7,"key":"EntropicBrew"}],"is_trial":false,"path_per_floor":["M","?","M","M","$","R","M","$","T","?","M","M","M","M","R","B"],"character_chosen":"IRONCLAD","items_purchased":["Entrench","Seeing Red"],"campfire_rested":1,"item_purchase_floors":[5,8],"current_hp_per_floor":[80,80,80,80,80,80,63,63,63,55,55,50,52,58,80,0,0],"gold":302,"neow_bonus":"HUNDRED_GOLD","is_daily":false,"chose_seed":false,"campfire_upgraded":1,"win_rate":0.0,"timestamp":1608460663,"path_taken":["M","?","M","M","$","R","M","?","T","?","M","M","?","M","R","BOSS"],"items_purchased_type":["Card","Card"],"build_version":"2020-12-13","purchased_purges":0,"victory":false,"max_hp_per_floor":[80,80,80,80,80,80,80,80,80,80,80,80,80,80,80,80,80],"card_choices":[{"not_picked":["Intimidate","Second Wind"],"picked":"Thunderclap","floor":1},{"not_picked":["Thunderclap","Combust","Clash"],"picked":"SKIP","floor":3},{"not_picked":["Headbutt","Iron Wave"],"picked":"Armaments","floor":4},{"not_picked":["True Grit","Clothesline"],"picked":"Cleave","floor":7},{"not_picked":["Headbutt","Shockwave"],"picked":"Sword Boomerang","floor":11},{"not_picked":["Shockwave","Clash","Headbutt"],"picked":"SKIP","floor":12},{"not_picked":["Perfected Strike","Hemokinesis"],"picked":"Ghostly Armor","floor":13},{"not_picked":["True Grit","Sword Boomerang","Bludgeon"],"picked":"SKIP","floor":14}],"player_experience":146631,"relics_obtained":[{"floor":9,"key":"Vajra"}],"event_choices":[{"damage_healed":0,"gold_gain":0,"player_choice":"Ignored","damage_taken":0,"max_hp_gain":0,"max_hp_loss":0,"event_name":"NoteForYourself","floor":2,"gold_loss":0},{"damage_healed":0,"gold_gain":75,"player_choice":"Touch","damage_taken":8,"max_hp_gain":0,"max_hp_loss":0,"event_name":"FaceTrader","floor":10,"gold_loss":0}],"is_beta":false,"boss_relics":[],"items_purged_floors":[],"is_endless":false,"potions_floor_spawned":[1,7,12],"killed_by":"Hexaghost","ascension_level":0}}