{"host":"fne7yx97fnz7kq05","time":1608482114,"event":{"mods":["BaseMod","Colored Map","Colored Powertips","Highlight Path","Minty Spire (QoL Compilation)","Relic Stats"],"gold_per_floor":[117,137,137,150,165,165,200,200,200,200,215,215,8,25,25,102,102,116,116,132,6,6,6,40,54,78,78,90,90,107,132,132,132,132],"floor_reached":33,"playtime":1216,"items_purged":["Strike_R"],"score":488,"play_id":"a6f2affd-0970-4c15-ae1e-b72ae7eda6f9","local_time":"20201220103514","is_ascension_mode":true,"campfire_choices":[{"data":"Uppercut","floor":6,"key":"SMITH"},{"data":"True Grit","floor":8,"key":"SMITH"},{"data":"Cleave","floor":10,"key":"SMITH"},{"data":"Immolate","floor":15,"key":"SMITH"},{"data":"Strike_R","floor":23,"key":"PURGE"},{"data":"Anger","floor":27,"key":"PURGE"},{"floor":32,"key":"REST"}],"circlet_count":0,"master_deck":["AscendersBane","Strike_R+1","Strike_R+1","Defend_R","Defend_R","Defend_R","Defend_R","Bash+1","Uppercut+1","Cleave+1","True Grit+1","Flame Barrier+1","Disarm+1","Immolate+1","Exhume+1","Shockwave+1","Shockwave+1","Flame Barrier+1","Bludgeon"],"relics":["Burning Blood","Peace Pipe","Nunchaku","Toxic Egg 2","Snecko Eye","Unceasing Top","Strawberry","Toy Ornithopter"],"acts_visited":["Exordium","TheCity"],"potions_floor_usage":[7,14,21,24,24,31,33,33],"damage_taken":[{"damage":12,"enemies":"Small Slimes","floor":1,"turns":5},{"damage":0,"enemies":"Cultist","floor":2,"turns":2},{"damage":9,"enemies":"Jaw Worm","floor":4,"turns":3},{"damage":4,"enemies":"3 Louse","floor":5,"turns":3},{"damage":25,"enemies":"Lagavulin","floor":7,"turns":5},{"damage":6,"enemies":"Red Slaver","floor":11,"turns":3},{"damage":0,"enemies":"Exordium Thugs","floor":14,"turns":3},{"damage":18,"enemies":"The Guardian","floor":16,"turns":10},{"damage":11,"enemies":"Spheric Guardian","floor":18,"turns":3},{"damage":0,"enemies":"3 Byrds","floor":20,"turns":3},{"damage":18,"enemies":"Gremlin Leader","floor":24,"turns":4},{"damage":12,"enemies":"Centurion and Healer","floor":25,"turns":4},{"damage":0,"enemies":"Sentry and Sphere","floor":28,"turns":3},{"damage":15,"enemies":"Snecko","floor":30,"turns":4},{"damage":21,"enemies":"Slavers","floor":31,"turns":2},{"damage":77,"enemies":"Collector","floor":33,"turns":7}],"seed_played":"-4056021703341857938","potions_obtained":[{"floor":2,"key":"Energy Potion"},{"floor":4,"key":"PowerPotion"},{"floor":5,"key":"Explosive Potion"},{"floor":14,"key":"BloodPotion"},{"floor":24,"key":"Weak Potion"},{"floor":25,"key":"AttackPotion"},{"floor":31,"key":"Energy Potion"}],"is_trial":false,"path_per_floor":["M","M","?","M","M","R","E","R","T","R","M","?","$","M","R","B",null,"M","?","M","$","?","R","E","M","T","R","M","$","M","E","R","B"],"character_chosen":"IRONCLAD","items_purchased":["Disarm+1","Immolate","Fire Potion","Swift Potion"],"campfire_rested":1,"item_purchase_floors":[13,13,13,21],"current_hp_per_floor":[62,68,68,65,67,67,48,48,48,48,48,34,34,40,40,28,58,53,53,59,68,68,68,56,50,57,57,63,63,54,39,61,0,0],"gold":132,"neow_bonus":"ONE_RARE_RELIC","is_daily":false,"chose_seed":false,"campfire_upgraded":4,"win_rate":0.0,"timestamp":1608482114,"path_taken":["M","M","?","?","M","R","E","R","T","R","M","?","$","M","R","BOSS","M","?","?","$","?","R","E","M","T","R","M","?","M","E","R","BOSS"],"items_purchased_type":["Card","Card","Potion","Potion"],"build_version":"2020-12-13","purchased_purges":1,"victory":false,"max_hp_per_floor":[68,68,68,68,68,68,68,68,68,68,68,68,68,68,68,68,68,68,68,68,68,68,68,68,68,75,75,75,75,75,75,75,75,75],"relic_stats":{"Peace Pipe":2,"Nunchaku":[8],"counters":[16,64],"Snecko Eye":[52,48,57,41],"obtain_stats":[{"Peace Pipe":0,"Nunchaku":7,"Strawberry":26,"Snecko Eye":17,"Toxic Egg 2":9,"Burning Blood":0,"Unceasing Top":24,"Toy Ornithopter":31},{"Peace Pipe":0,"Nunchaku":5,"Strawberry":12,"Snecko Eye":8,"Toxic Egg 2":5,"Burning Blood":0,"Unceasing Top":11,"Toy Ornithopter":15},{"Peace Pipe":0,"Nunchaku":18,"Strawberry":48,"Snecko Eye":34,"Toxic Egg 2":18,"Burning Blood":0,"Unceasing Top":44,"Toy Ornithopter":57}],"Burning Blood":90,"Unceasing Top":[0],"Toy Ornithopter":10},"card_choices":[{"not_picked":["Iron Wave","Blood for Blood"],"picked":"Anger","floor":1},{"not_picked":["Sever Soul","Iron Wave","Intimidate"],"picked":"SKIP","floor":2},{"not_picked":["Anger","Perfected Strike"],"picked":"Uppercut","floor":4},{"not_picked":["Rampage","Twin Strike"],"picked":"Cleave","floor":5},{"not_picked":["Perfected Strike","Fire Breathing"],"picked":"True Grit","floor":7},{"not_picked":["Battle Trance+1","Dropkick"],"picked":"Flame Barrier+1","floor":11},{"not_picked":["Clothesline","Thunderclap"],"picked":"Exhume+1","floor":14},{"not_picked":["Pummel","Clothesline"],"picked":"Shockwave+1","floor":18},{"not_picked":["Pummel","Hemokinesis","Ghostly Armor+1"],"picked":"SKIP","floor":20},{"not_picked":["Perfected Strike+1","Thunderclap","Pummel"],"picked":"SKIP","floor":24},{"not_picked":["Armaments+1","Wild Strike"],"picked":"Shockwave+1","floor":25},{"not_picked":["Sword Boomerang","Thunderclap","Metallicize+1"],"picked":"SKIP","floor":28},{"not_picked":["Warcry+1","Disarm+1"],"picked":"Flame Barrier+1","floor":30},{"not_picked":["Brutality","Twin Strike"],"picked":"Bludgeon","floor":31}],"player_experience":82825,"relics_obtained":[{"floor":7,"key":"Nunchaku"},{"floor":9,"key":"Toxic Egg 2"},{"floor":24,"key":"Unceasing Top"},{"floor":26,"key":"Strawberry"},{"floor":31,"key":"Toy Ornithopter"}],"event_choices":[{"damage_healed":0,"gold_gain":0,"player_choice":"Upgraded","damage_taken":0,"max_hp_gain":0,"max_hp_loss":0,"event_name":"Upgrade Shrine","floor":3,"gold_loss":0,"cards_upgraded":["Bash"]},{"damage_healed":0,"gold_gain":0,"player_choice":"Entered Light","damage_taken":14,"max_hp_gain":0,"max_hp_loss":0,"event_name":"Shining Light","floor":12,"gold_loss":0,"cards_upgraded":["Strike_R","Strike_R"]},{"cards_removed":["Strike_R"],"damage_healed":0,"gold_gain":0,"player_choice":"Purged","damage_taken":0,"max_hp_gain":0,"max_hp_loss":0,"event_name":"Purifier","floor":19,"gold_loss":0},{"damage_healed":0,"gold_gain":0,"player_choice":"Full Heal","damage_taken":0,"max_hp_gain":0,"max_hp_loss":0,"event_name":"Wheel of Change","floor":22,"gold_loss":0}],"is_beta":false,"boss_relics":[{"not_picked":["Fusion Hammer","Ectoplasm"],"picked":"Snecko Eye"}],"items_purged_floors":[21],"is_endless":false,"potions_floor_spawned":[2,4,5,14,24,25,28,31],"killed_by":"Collector","ascension_level":14}}