{"host":"gj32n68c553yo87c","time":1608434036,"event":{"mods":["BaseMod","Downfall","Minty Spire (QoL Compilation)","Replay The Spire","StSLib","The Cursed"],"gold_per_floor":[119,133,189,238,252,252,278,278,278,312,330,346,378,436,436,531,531,541,551,562,418,431,463,491,503,542,554,899,911,462,477,477,575,575,591,602,602,602,602,602,620,654,14,30,30,30,50,102,102,122,122,122],"floor_reached":53,"playtime":7033,"items_purged":["Shame"],"score":1024,"play_id":"613124c0-de1d-4644-94ba-0317a136bf95","local_time":"20201219191356","is_ascension_mode":false,"campfire_choices":[{"data":"TheCursedMod:VoidForm","floor":6.0,"key":"SMITH"},{"data":"Pot Of Greed","floor":8.0,"key":"SMITH"},{"data":"TheCursedMod:CircleOfFocus","floor":15.0,"key":"SMITH"},{"data":"TheCursedMod:CleanUpWorkshop","floor":32,"key":"SMITH"},{"data":"TheCursedMod:CursedRelics","floor":46,"key":"SMITH"},{"data":"Pot Of Greed","floor":49,"key":"SMITH"},{"data":"Pot Of Greed","floor":51,"key":"SMITH"}],"circlet_count":0,"master_deck":["TheCursedMod:CleanUpWorkshop+1","TheCursedMod:CursedSpellbook","TheCursedMod:CursedArmor","TheCursedMod:SpitefulPlan","TheCursedMod:LuckyCharm","TheCursedMod:ShockAndAwe+1","TheCursedMod:CircleOfBlood+1","TheCursedMod:CircleOfFocus+1","TheCursedMod:CircleOfAmplification+1","TheCursedMod:VoidForm+1","TheCursedMod:AbyssShockwave","TheCursedMod:SpitefulStrike","Pot Of Greed+1","Pot Of Greed+1","TheCursedMod:CursedBoomerang","TheCursedMod:Wield","TheCursedMod:CursedBlade","TheCursedMod:DemonSword","TheCursedMod:HellsGateOpen","TheCursedMod:HellfireBreathing+1","TheCursedMod:Wield","TheCursedMod:AshesToAshes","TheCursedMod:CursedRelics+1","Flash of Steel","TheCursedMod:VoidForm+1","Pot Of Greed+1","TheCursedMod:CircleOfAmplification+1","TheCursedMod:Wield+1"],"relics":["TheCursedMod:OminousMark","Whetstone","Orichalcum","Bag of Preparation","Grinning Jar","Eternal Feather","Question Card","Bottled Lightning","SlaversCollar","Lee\u0027s Waffle","MawBank","MutagenicStrength","War Paint","Lizard Tail","Old Coin","PreservedInsect","Centennial Puzzle","TheCursedMod:FourLeafCloverCharm","Gremlin Food","Happy Flower","Snack Pack","ClockworkSouvenir","Onion Ring","TungstenRod"],"acts_visited":["TheCity","TheBeyond"],"potions_floor_usage":[24,33,52,52],"damage_taken":[{"damage":11.0,"enemies":"Jaw Worm","floor":1.0,"turns":3.0},{"damage":3.0,"enemies":"2 Louse","floor":2.0,"turns":2.0},{"damage":0.0,"enemies":"Cultist","floor":5.0,"turns":1.0},{"damage":0.0,"enemies":"3 Sentries","floor":7.0,"turns":2.0},{"damage":0.0,"enemies":"Gremlin Nob","floor":10.0,"turns":3.0},{"damage":7.0,"enemies":"Exordium Wildlife","floor":11.0,"turns":2.0},{"damage":12.0,"enemies":"3 Louse","floor":12.0,"turns":2.0},{"damage":13.0,"enemies":"3 Sentries","floor":13.0,"turns":3.0},{"damage":10.0,"enemies":"Hexaghost","floor":16.0,"turns":3.0},{"damage":4.0,"enemies":"Spheric Guardian","floor":18.0,"turns":3.0},{"damage":7.0,"enemies":"3 Byrds","floor":19.0,"turns":3.0},{"damage":0.0,"enemies":"Snake Plant","floor":20.0,"turns":2.0},{"damage":0.0,"enemies":"3 Cultists","floor":22.0,"turns":3.0},{"damage":19.0,"enemies":"Slavers","floor":23.0,"turns":3.0},{"damage":6,"enemies":"Centurion and Healer","floor":24,"turns":2},{"damage":0,"enemies":"Book of Stabbing","floor":28,"turns":2},{"damage":0,"enemies":"Chosen and Byrds","floor":31,"turns":2},{"damage":9,"enemies":"Pondfish","floor":33,"turns":5},{"damage":1,"enemies":"3 Shapes","floor":35,"turns":3},{"damage":4,"enemies":"Orb Walker","floor":36,"turns":2},{"damage":12,"enemies":"Sphere and 2 Shapes","floor":41,"turns":2},{"damage":0,"enemies":"R_Hoarder","floor":42,"turns":3},{"damage":4,"enemies":"3 Darklings","floor":44,"turns":2},{"damage":0,"enemies":"Jaw Worm Horde","floor":47,"turns":2},{"damage":10,"enemies":"2 Orb Walkers","floor":48,"turns":2},{"damage":0,"enemies":"Writhing Mass","floor":50,"turns":2},{"damage":1,"enemies":"Replay:Hell Engine","floor":52,"turns":3}],"seed_played":"-4610321953092541544","potions_obtained":[{"floor":1.0,"key":"champ:CounterPotion"},{"floor":3.0,"key":"ColorlessPotion"},{"floor":3.0,"key":"Fire Potion"},{"floor":7.0,"key":"DuplicationPotion"},{"floor":10.0,"key":"Energy Potion"},{"floor":13.0,"key":"Weak Potion"},{"floor":18.0,"key":"Flashbang"},{"floor":19.0,"key":"SteroidPotion"},{"floor":36,"key":"Reflective Coating"}],"is_trial":false,"path_per_floor":["M","M","?","T","M","R","E","R","T","E","M","M","E","?","R","B",null,"M","M","M","$","M","E","M","?","T","?","E","?","$","M","R","B",null,"M","M","PTL","PTL","?","?","M","E","$","M","T","R","M","?","R","M","R","B",null],"character_chosen":"THE_CURSED","items_purchased":["Lee\u0027s Waffle","Adrenaline Potion","PreservedInsect","Centennial Puzzle","TheCursedMod:Wield","TheCursedMod:AshesToAshes","Happy Flower","Snack Pack","ClockworkSouvenir"],"campfire_rested":0,"item_purchase_floors":[21,30,30,30,30,30,43,43,43],"current_hp_per_floor":[64,63,63,63,63,63,69,69,69,73,72,62,49,49,58,52,75,71,68,70,82,82,63,65,65,65,65,69,69,69,73,82,73,82,81,77,77,77,77,77,78,82,82,78,78,82,82,72,82,82,82,82],"gold":122,"neow_bonus":"RANDOM_COMMON_RELIC","is_daily":false,"chose_seed":false,"campfire_upgraded":7,"win_rate":0.0,"timestamp":1608434036,"path_taken":["M","M","?","?","M","R","E","R","T","E","M","?","E","?","R","BOSS","M","M","M","$","M","E","M","?","T","?","E","?","$","M","R","BOSS","M","M","PTL","PTL","?","?","?","E","$","M","T","R","M","?","R","M","R","BOSS"],"items_purchased_type":["Relic","Potion","Relic","Relic","Card","Card","Relic","Relic","Relic"],"build_version":"2020-12-13","purchased_purges":1,"victory":true,"max_hp_per_floor":[75,75,75,75,75,75,75,75,75,75,75,75,75,75,75,75,75,75,75,75,82,82,82,82,82,82,82,82,82,82,82,82,82,82,82,82,82,82,82,82,82,82,82,82,82,82,82,82,82,82,82,82],"card_choices":[{"not_picked":["TheCursedMod:RavingStaff","TheCursedMod:SmokeScreen"],"picked":"TheCursedMod:AbyssShockwave","floor":1.0},{"not_picked":["TheCursedMod:CircleOfBlood","TheCursedMod:BloodBarrier"],"picked":"TheCursedMod:SpitefulStrike","floor":2.0},{"not_picked":["TheCursedMod:RapidMovement","TheCursedMod:CircleOfCorruption","TheCursedMod:Stretching"],"picked":"SKIP","floor":5.0},{"not_picked":["TheCursedMod:BloodBarrier","TheCursedMod:Hemoplague"],"picked":"TheCursedMod:CursedBoomerang","floor":7.0},{"not_picked":["TheCursedMod:RapidMovement","TheCursedMod:WearCloak"],"picked":"TheCursedMod:Wield","floor":10.0},{"not_picked":["TheCursedMod:CircleOfFlame","TheCursedMod:Obscuration","TheCursedMod:SmokeScreen","TheCursedMod:SpitefulStrike"],"picked":"SKIP","floor":11.0},{"not_picked":["TheCursedMod:CursedAmulet","TheCursedMod:CursedMace","TheCursedMod:CircleOfFlame"],"picked":"TheCursedMod:CursedBlade","floor":12.0},{"not_picked":["TheCursedMod:Wield","TheCursedMod:AshesToAshes","TheCursedMod:TroublousMinions","TheCursedMod:StunningStrike"],"picked":"SKIP","floor":13.0},{"not_picked":["TheCursedMod:NeowsMight","TheCursedMod:Neurasthenia","TheCursedMod:OutForBlood"],"picked":"TheCursedMod:DemonSword","floor":16.0},{"not_picked":["TheCursedMod:CursedShiv+1","TheCursedMod:SpitefulStrike","TheCursedMod:CursedBlade","TheCursedMod:SpitefulPray"],"picked":"SKIP","floor":18.0},{"not_picked":["TheCursedMod:VitalStrike","TheCursedMod:CircleOfBlood","TheCursedMod:CircleOfFlame","TheCursedMod:FuryStrike"],"picked":"SKIP","floor":19.0},{"not_picked":["TheCursedMod:SmokeScreen","TheCursedMod:CursedShiv","TheCursedMod:WearCloak+1","TheCursedMod:CursedBlade"],"picked":"SKIP","floor":20.0},{"not_picked":["TheCursedMod:Stretching+1","TheCursedMod:Grudge","TheCursedMod:Stigma+1","TheCursedMod:LuckyCharm"],"picked":"SKIP","floor":22.0},{"not_picked":["TheCursedMod:DarkBarrier","TheCursedMod:Mangle","TheCursedMod:SpitefulStrike"],"picked":"TheCursedMod:HellsGateOpen","floor":23.0},{"not_picked":["TheCursedMod:RavingStaff","TheCursedMod:HellsGateOpen","TheCursedMod:CircleOfAmplification"],"picked":"TheCursedMod:HellfireBreathing+1","floor":24},{"not_picked":["TheCursedMod:Torture+1","TheCursedMod:CircleOfFlame","TheCursedMod:WearCloak","TheCursedMod:CircleOfCorruption"],"picked":"SKIP","floor":28},{"not_picked":["TheCursedMod:SpitefulPray","TheCursedMod:CircleOfCorruption","TheCursedMod:CursedBlade","TheCursedMod:HellsGateOpen"],"picked":"SKIP","floor":31},{"not_picked":["TheCursedMod:DemonicPact","TheCursedMod:CircleOfAbyss","TheCursedMod:CollectTribute"],"picked":"TheCursedMod:CursedRelics","floor":33},{"not_picked":["TheCursedMod:SoulCrush+1","TheCursedMod:SpitefulPray","TheCursedMod:ReleasedStrength+1","TheCursedMod:CursedMace"],"picked":"SKIP","floor":35},{"not_picked":["TheCursedMod:TroublousMinions+1","TheCursedMod:RapidMovement","TheCursedMod:BloodBarrier+1","TheCursedMod:FleshFromBone+1"],"picked":"SKIP","floor":36},{"not_picked":["Replay:SS_forest_5","Good Instincts","expansioncontent:DecasProtection"],"picked":"Flash of Steel","floor":39},{"not_picked":["TheCursedMod:Stigma","TheCursedMod:CursedBlade","TheCursedMod:SpitefulPray","TheCursedMod:TacticalStrike+1"],"picked":"SKIP","floor":41},{"not_picked":["TheCursedMod:ReleasedStrength","TheCursedMod:Obscuration+1","TheCursedMod:CursedAmulet"],"picked":"TheCursedMod:CircleOfAmplification+1","floor":42},{"not_picked":["TheCursedMod:Grudge","TheCursedMod:CursedAmulet+1","TheCursedMod:StingEye+1"],"picked":"TheCursedMod:Wield+1","floor":44},{"not_picked":["TheCursedMod:SaltUponWound+1","TheCursedMod:SpitefulPlan+1","TheCursedMod:SurpriseAttack+1","TheCursedMod:Mangle"],"picked":"SKIP","floor":47},{"not_picked":["TheCursedMod:SpitefulPlan","TheCursedMod:PrepareRite","TheCursedMod:RavingStaff","TheCursedMod:SpitefulPray+1"],"picked":"SKIP","floor":50}],"player_experience":35042,"relics_obtained":[{"floor":3.0,"key":"Orichalcum"},{"floor":4.0,"key":"Bag of Preparation"},{"floor":7.0,"key":"Grinning Jar"},{"floor":9.0,"key":"Eternal Feather"},{"floor":10.0,"key":"Question Card"},{"floor":13.0,"key":"Bottled Lightning"},{"floor":23.0,"key":"MawBank"},{"floor":26,"key":"War Paint"},{"floor":28,"key":"Old Coin"},{"floor":42,"key":"Gremlin Food"},{"floor":45,"key":"Onion Ring"},{"floor":48,"key":"TungstenRod"}],"event_choices":[{"damage_healed":0.0,"max_hp_gain":0.0,"max_hp_loss":0.0,"gold_gain":58.0,"event_name":"Golden Wing","player_choice":"Gained Gold","floor":14.0,"gold_loss":0.0,"damage_taken":0.0},{"damage_healed":0,"gold_gain":0,"player_choice":"Inject Mutagens","damage_taken":0,"relics_obtained":["MutagenicStrength"],"max_hp_gain":0,"max_hp_loss":0,"event_name":"Drug Dealer","floor":25,"gold_loss":0},{"damage_healed":0,"gold_gain":0,"player_choice":"Stole Relic","damage_taken":0,"relics_obtained":["Lizard Tail"],"max_hp_gain":0,"max_hp_loss":0,"event_name":"Addict","floor":27,"gold_loss":0,"cards_obtained":["Shame"]},{"damage_healed":0,"gold_gain":0,"player_choice":"Memory 1","damage_taken":0,"max_hp_gain":0,"max_hp_loss":0,"event_name":"SensoryStone","floor":39,"gold_loss":0},{"damage_healed":0,"gold_gain":0,"player_choice":"Copied","damage_taken":0,"max_hp_gain":0,"max_hp_loss":0,"event_name":"Duplicator","floor":40,"gold_loss":0,"cards_obtained":["TheCursedMod:VoidForm"]},{"damage_healed":0,"gold_gain":0,"player_choice":"Fight","damage_taken":0,"max_hp_gain":0,"max_hp_loss":0,"event_name":"Mysterious Sphere","floor":48,"gold_loss":0}],"is_beta":false,"boss_relics":[{"not_picked":["Velvet Choker","Sozu"],"picked":"SlaversCollar"},{"not_picked":["Painkiller Herb","Replay:Ancient Bell"],"picked":"TheCursedMod:FourLeafCloverCharm"}],"items_purged_floors":[43],"is_endless":false,"potions_floor_spawned":[1,7,10,13,18,19,23,36,47,48,50],"ascension_level":0}}