{"host":"cz3p2o9n3b1gdmkz","time":1608446989,"event":{"mods":["AchievementEnabler","BaseMod","CapriCore","GungeonMod","Hermit","Lobotomy","Minty Spire (QoL Compilation)","Replay The Spire","Shop Mod","StSLib","SuperFastMode","The Cursed","The Dragon Tamer","The Gatherer","The Jungle","The Poker Player","The Runesmith"],"gold_per_floor":[111,111,111,131,131,159,159,191,191,266,416,430,129,156,156,230,230,247,266,118,118,130,130,162,162,162,175,201,201,201,215,215,292,292,307,307,317,196,216,244,244,260,283,131,164,164,196,196,196,196,196],"floor_reached":52,"playtime":1275,"items_purged":[],"score":1942,"play_id":"4fd7ff29-4eeb-45cb-8019-a47f915b3609","local_time":"20201220154949","is_ascension_mode":true,"campfire_choices":[{"data":"hermit:BlackWind","floor":7,"key":"SMITH"},{"data":"hermit:Roughhouse","floor":15,"key":"SMITH"},{"data":"hermit:Enervate","floor":23,"key":"SMITH"},{"data":"hermit:Malice","floor":25,"key":"SMITH"},{"data":"hermit:Snapshot","floor":29,"key":"SMITH"},{"data":"Mind Blast","floor":41,"key":"SMITH"},{"data":"hermit:Magnum","floor":46,"key":"SMITH"},{"data":"Thinking Ahead","floor":49,"key":"SMITH"}],"circlet_count":0,"master_deck":["AscendersBane","hermit:Strike_Hermit","hermit:Strike_Hermit","hermit:Strike_Hermit","hermit:Strike_Hermit","hermit:Defend_Hermit","hermit:Defend_Hermit","hermit:Defend_Hermit","hermit:Defend_Hermit","hermit:Snapshot+1","hermit:Covet","hermit:Enervate+1","hermit:BlackWind+1","hermit:Roughhouse+1","Doubt","CurseOfTheBell","hermit:Showdown+1","hermit:Quickdraw+1","hermit:Malice+1","Ghostly","Ghostly","Ghostly","hermit:Glare+1","Shame","hermit:Magnum+1","hermit:Roulette+1","Thinking Ahead+1","Mind Blast+1","Flash of Steel","hermit:NoHoldsBarred+1","hermit:Manifest+1"],"relics":["DemoMod:WaxWing","DemoMod:JetPack","Spirit Poop","Akabeko","DemoMod:GlassGuonStoneRelic","Regal Pillow","Kunai","DemoMod:MeatBun","Vajra","Odd Mushroom","Calling Bell","Pet Ghost","Matryoshka","Torii","Bag of Preparation","Mirror","Replay:Ringing Soul","hermit:Spyglass","Du-Vu Doll","Red Mask","Replay:Mystery Machine","Philosopher\u0027s Stone","ReplayTheSpireMod:ShopPack","InkBottle","DemoMod:WhiteGuonStone","Happy Flower","Lantern","Eternal Feather","Ancient Tea Set"],"acts_visited":["Exordium","TheCity","TheBeyond"],"potions_floor_usage":[6,8,16,24,45,50],"damage_taken":[{"damage":0,"enemies":"Jaw Worm","floor":1,"turns":4},{"damage":0,"enemies":"2 Louse","floor":4,"turns":3},{"damage":4,"enemies":"Lagavulin","floor":6,"turns":6},{"damage":4,"enemies":"Gremlin Nob","floor":8,"turns":3},{"damage":0,"enemies":"Cultist","floor":12,"turns":3},{"damage":0,"enemies":"The Mushroom Lair","floor":14,"turns":2},{"damage":0,"enemies":"Slime Boss","floor":16,"turns":3},{"damage":0,"enemies":"2 Thieves","floor":18,"turns":3},{"damage":0,"enemies":"Shell Parasite","floor":19,"turns":2},{"damage":0,"enemies":"3 Cultists","floor":22,"turns":5},{"damage":0,"enemies":"Gremlin Leader","floor":24,"turns":3},{"damage":0,"enemies":"Snecko","floor":27,"turns":2},{"damage":0,"enemies":"Masked Bandits","floor":28,"turns":2},{"damage":0,"enemies":"Centurion and Healer","floor":31,"turns":1},{"damage":0,"enemies":"Collector","floor":33,"turns":5},{"damage":0,"enemies":"3 Darklings","floor":35,"turns":3},{"damage":0,"enemies":"3 Shapes","floor":37,"turns":2},{"damage":0,"enemies":"3 Darklings","floor":39,"turns":2},{"damage":0,"enemies":"Giant Head","floor":40,"turns":5},{"damage":0,"enemies":"4 Shapes","floor":42,"turns":2},{"damage":0,"enemies":"Nemesis","floor":45,"turns":1},{"damage":0,"enemies":"R_Hoarder","floor":47,"turns":2},{"damage":0,"enemies":"Awakened One","floor":50,"turns":6}],"seed_played":"6080006976962904535","potions_obtained":[{"floor":4,"key":"SteroidPotion"},{"floor":6,"key":"FearPotion"},{"floor":12,"key":"Fire Potion"},{"floor":14,"key":"hermit:Tonic"},{"floor":16,"key":"CultistPotion"},{"floor":18,"key":"hermit:Eclipse"},{"floor":19,"key":"Explosive Potion"},{"floor":33,"key":"Flashbang"},{"floor":35,"key":"BlessingOfTheForge"},{"floor":45,"key":"FearPotion"}],"is_trial":false,"path_per_floor":["M","?","?","M","$","E","R","E","T","?","?","M","$","?","R","B",null,"M","M","$","?","M","R","E","R","T","M","?","R","?","M","R","B",null,"M","?","M","$","M","E","R","M","T","$","E","R","E","?","R","B",null,null],"character_chosen":"HERMIT","items_purchased":["DemoMod:MeatBun","Vajra","Bag of Preparation","ReplayTheSpireMod:ShopPack","Lantern"],"campfire_rested":0,"item_purchase_floors":[13,13,20,38,44],"current_hp_per_floor":[64,64,64,64,64,60,60,56,56,45,45,45,59,59,59,59,68,68,68,68,68,68,68,71,71,71,71,71,71,40,43,46,49,49,49,49,52,55,58,58,58,61,61,61,61,61,61,61,61,61,61],"gold":196,"neow_bonus":"BOSS_RELIC","is_daily":false,"chose_seed":false,"campfire_upgraded":8,"win_rate":0.0,"timestamp":1608446989,"path_taken":["M","?","?","?","$","E","R","E","T","?","?","M","?","?","R","BOSS","M","M","$","?","?","R","E","R","T","M","?","R","?","M","R","BOSS","M","?","?","$","?","E","R","M","T","$","E","R","E","?","R","BOSS"],"items_purchased_type":["Relic","Relic","Relic","Relic","Card"],"build_version":"2020-12-13","purchased_purges":0,"victory":true,"max_hp_per_floor":[71,71,71,71,71,71,71,71,71,71,71,71,71,71,71,71,71,71,71,71,71,71,71,74,74,74,74,74,74,40,43,46,49,49,49,49,52,55,58,58,58,61,61,61,61,61,61,61,61,61,61],"card_choices":[{"not_picked":["hermit:HighCaliber","hermit:DeadMansHand","hermit:HoleUp"],"picked":"SKIP","floor":1},{"not_picked":["hermit:Grudge","hermit:Coalescence"],"picked":"hermit:Enervate","floor":4},{"not_picked":["hermit:Ricochet","hermit:GoldenBullet"],"picked":"hermit:BlackWind","floor":6},{"not_picked":["hermit:Glare","hermit:Roughhouse","hermit:LoneWolf"],"picked":"SKIP","floor":8},{"not_picked":["hermit:Glare","hermit:LoneWolf"],"picked":"hermit:Roughhouse","floor":8},{"not_picked":["hermit:ItchyTrigger","hermit:Gestalt","hermit:HoleUp"],"picked":"SKIP","floor":12},{"not_picked":["hermit:SprayPray","hermit:FlashPowder"],"picked":"hermit:Showdown+1","floor":18},{"not_picked":["hermit:ItchyTrigger","hermit:DeadMansHand","hermit:TakeAim"],"picked":"SKIP","floor":19},{"not_picked":["hermit:HighCaliber","hermit:Desperado"],"picked":"hermit:Quickdraw+1","floor":22},{"not_picked":["hermit:Glare","hermit:Misfire"],"picked":"hermit:Malice","floor":24},{"not_picked":["hermit:Headshot","hermit:Malice","hermit:LuckOfTheDraw"],"picked":"SKIP","floor":27},{"not_picked":["hermit:WideOpen","hermit:EternalForm"],"picked":"hermit:Glare+1","floor":31},{"not_picked":["hermit:Reprieve","hermit:Roughhouse"],"picked":"hermit:Magnum","floor":33},{"not_picked":["hermit:PistolWhip","hermit:Roughhouse","hermit:CursedWeapon"],"picked":"SKIP","floor":35},{"not_picked":["hermit:CursedWeapon","hermit:CalledShot"],"picked":"hermit:Roulette+1","floor":37},{"not_picked":["Magnetism","HandOfGreed"],"picked":"Thinking Ahead","floor":38},{"not_picked":["Apotheosis","Mayhem"],"picked":"Mind Blast","floor":38},{"not_picked":["DemoMod:Spice","Secret Weapon"],"picked":"Flash of Steel","floor":38},{"not_picked":["hermit:Determination","hermit:HoleUp"],"picked":"hermit:NoHoldsBarred+1","floor":39},{"not_picked":["hermit:HighNoon","hermit:Vantage","hermit:SprayPray+1"],"picked":"SKIP","floor":40},{"not_picked":["hermit:NoHoldsBarred","hermit:Manifest+1","hermit:TrackingShot"],"picked":"SKIP","floor":42},{"not_picked":["hermit:NoHoldsBarred","hermit:TrackingShot"],"picked":"hermit:Manifest+1","floor":42},{"not_picked":["hermit:SprayPray+1","hermit:Manifest","hermit:Roulette"],"picked":"SKIP","floor":45},{"not_picked":["hermit:Brawl+1","hermit:CursedWeapon+1","hermit:Glare"],"picked":"SKIP","floor":47}],"player_experience":989177,"relics_obtained":[{"floor":6,"key":"Akabeko"},{"floor":8,"key":"Regal Pillow"},{"floor":9,"key":"Kunai"},{"floor":14,"key":"Odd Mushroom"},{"floor":17,"key":"Pet Ghost"},{"floor":17,"key":"Matryoshka"},{"floor":17,"key":"Torii"},{"floor":24,"key":"Replay:Ringing Soul"},{"floor":26,"key":"hermit:Spyglass"},{"floor":26,"key":"Du-Vu Doll"},{"floor":28,"key":"Red Mask"},{"floor":40,"key":"InkBottle"},{"floor":43,"key":"DemoMod:WhiteGuonStone"},{"floor":43,"key":"Happy Flower"},{"floor":45,"key":"Eternal Feather"},{"floor":47,"key":"Ancient Tea Set"}],"event_choices":[{"damage_healed":0,"gold_gain":0,"player_choice":"Box","damage_taken":0,"relics_obtained":["DemoMod:JetPack"],"max_hp_gain":0,"max_hp_loss":0,"event_name":"Big Fish","floor":2,"gold_loss":0,"cards_obtained":["Regret"]},{"cards_removed":["Regret"],"damage_healed":0,"gold_gain":0,"player_choice":"Offered Curse","damage_taken":0,"relics_obtained":["Spirit Poop"],"max_hp_gain":0,"max_hp_loss":0,"event_name":"Bonfire Elementals","floor":3,"gold_loss":0},{"damage_healed":0,"gold_gain":75,"player_choice":"Gather Gold","damage_taken":11,"max_hp_gain":0,"max_hp_loss":0,"event_name":"World of Goop","floor":10,"gold_loss":0},{"damage_healed":0,"gold_gain":150,"player_choice":"AGREE","damage_taken":0,"max_hp_gain":0,"max_hp_loss":0,"event_name":"Liars Game","floor":11,"gold_loss":0,"cards_obtained":["Doubt"]},{"damage_healed":0,"gold_gain":0,"player_choice":"Fought Mushrooms","damage_taken":0,"max_hp_gain":0,"max_hp_loss":0,"event_name":"Mushrooms","floor":14,"gold_loss":0},{"damage_healed":0,"gold_gain":0,"player_choice":"Gave Potion","damage_taken":0,"relics_obtained":["Mirror"],"max_hp_gain":0,"max_hp_loss":0,"event_name":"WeMeetAgain","floor":21,"gold_loss":0},{"damage_healed":0,"gold_gain":0,"player_choice":"Fought Bandits","damage_taken":0,"max_hp_gain":0,"max_hp_loss":0,"event_name":"Masked Bandits","floor":28,"gold_loss":0},{"damage_healed":0,"gold_gain":0,"player_choice":"Became a Ghost","damage_taken":0,"max_hp_gain":0,"max_hp_loss":37,"event_name":"Ghosts","floor":30,"gold_loss":0,"cards_obtained":["Ghostly","Ghostly","Ghostly"]},{"damage_healed":0,"gold_gain":0,"player_choice":"Stole Relic","damage_taken":0,"relics_obtained":["Replay:Mystery Machine"],"max_hp_gain":0,"max_hp_loss":0,"event_name":"Addict","floor":32,"gold_loss":0,"cards_obtained":["Shame"]},{"damage_healed":0,"gold_gain":0,"player_choice":"Got Potions","damage_taken":0,"max_hp_gain":0,"max_hp_loss":0,"event_name":"Lab","floor":36,"gold_loss":0},{"damage_healed":0,"gold_gain":0,"player_choice":"Ignored","damage_taken":0,"max_hp_gain":0,"max_hp_loss":0,"event_name":"Falling","floor":48,"gold_loss":0}],"is_beta":false,"boss_relics":[{"not_picked":["ReplayTheSpireMod:DimensionalGlitch","Replay:Fungal Core"],"picked":"Calling Bell"},{"not_picked":["SacredBark","Snecko Eye"],"picked":"Philosopher\u0027s Stone"}],"items_purged_floors":[],"is_endless":false,"potions_floor_spawned":[4,6,12,14,16,18,19,33,35,42,45,47],"ascension_level":15}}