{"host":"utqe55yv0jihe4d6","time":1608437018,"event":{"mods":["2.2 Compatiblity","AchievementEnabler","BaseMod","Block Reminder","Colored Map","Colored Powertips","Minty Spire (QoL Compilation)","Quick Restart","Rare Cards Sparkle","Relic Stats","SuperFastMode"],"gold_per_floor":[109,109,122,17,17,17,52,52,77,77,95,170,208,229,229,229,229],"floor_reached":16,"playtime":283,"items_purged":["Strike_R"],"score":216,"play_id":"d9472ed8-9619-4ad8-8f9b-caec7311d66a","local_time":"20201219230338","is_ascension_mode":true,"campfire_choices":[{"floor":6.0,"key":"REST"},{"data":"Searing Blow","floor":8.0,"key":"SMITH"},{"data":"Searing Blow+1","floor":10.0,"key":"SMITH"},{"data":"Searing Blow+2","floor":15,"key":"SMITH"}],"circlet_count":0,"master_deck":["AscendersBane","Strike_R","Strike_R","Strike_R","Defend_R","Defend_R","Defend_R+1","Defend_R","Bash","Flex","Whirlwind","Flex+1","Searing Blow+3","Exhume","Burning Pact"],"relics":["Philosopher\u0027s Stone","Bag of Preparation","CeramicFish","Art of War"],"acts_visited":["Exordium"],"potions_floor_usage":[13,16],"damage_taken":[{"damage":2.0,"enemies":"2 Louse","floor":1.0,"turns":2.0},{"damage":3.0,"enemies":"Jaw Worm","floor":3.0,"turns":3.0},{"damage":11.0,"enemies":"3 Sentries","floor":7.0,"turns":4.0},{"damage":0.0,"enemies":"Small Slimes","floor":11.0,"turns":1.0},{"damage":25,"enemies":"Lagavulin","floor":13,"turns":5},{"damage":2,"enemies":"Looter","floor":14,"turns":2},{"damage":13,"enemies":"Hexaghost","floor":16,"turns":4}],"seed_played":"-5903543442686734218","potions_obtained":[{"floor":3.0,"key":"Fruit Juice"},{"floor":7.0,"key":"Dexterity Potion"},{"floor":14,"key":"ColorlessPotion"}],"is_trial":false,"path_per_floor":["M","?","M","$","?","R","E","R","T","R","M","?","E","M","R","B"],"character_chosen":"IRONCLAD","items_purchased":["Flex"],"campfire_rested":1,"item_purchase_floors":[4],"current_hp_per_floor":[66,59,56,56,38,62,51,51,51,51,51,40,15,13,13,0,0],"gold":229,"neow_bonus":"BOSS_RELIC","is_daily":false,"chose_seed":false,"campfire_upgraded":3,"win_rate":0.0,"timestamp":1608437018,"path_taken":["M","?","M","$","?","R","E","R","T","R","M","?","E","M","R","BOSS"],"items_purchased_type":["Card"],"build_version":"2020-12-13","purchased_purges":1,"victory":false,"max_hp_per_floor":[75,75,75,75,80,80,80,80,80,80,80,80,80,80,80,80,80],"relic_stats":{"counters":[7,21],"CeramicFish":18,"Bag of Preparation":[8],"Art of War":[0],"obtain_stats":[{"CeramicFish":9,"Philosopher\u0027s Stone":0,"Bag of Preparation":7,"Art of War":13,"Burning Blood":0},{"CeramicFish":3,"Philosopher\u0027s Stone":0,"Bag of Preparation":3,"Art of War":5,"Burning Blood":0},{"CeramicFish":9,"Philosopher\u0027s Stone":0,"Bag of Preparation":9,"Art of War":15,"Burning Blood":0}]},"card_choices":[{"not_picked":["Body Slam","Fire Breathing"],"picked":"Flex","floor":1.0},{"not_picked":["Flex","Sword Boomerang"],"picked":"Whirlwind","floor":3.0},{"not_picked":["Heavy Blade","Anger"],"picked":"Searing Blow","floor":7.0},{"not_picked":["Fire Breathing","Searing Blow","Dropkick"],"picked":"SKIP","floor":11.0},{"not_picked":["Thunderclap","Iron Wave"],"picked":"Exhume","floor":13},{"not_picked":["Sever Soul","Clash"],"picked":"Burning Pact","floor":14}],"player_experience":2812300,"relics_obtained":[{"floor":7.0,"key":"Bag of Preparation"},{"floor":9.0,"key":"CeramicFish"},{"floor":13,"key":"Art of War"}],"event_choices":[{"cards_removed":["Strike_R"],"damage_healed":0.0,"max_hp_gain":0.0,"max_hp_loss":0.0,"gold_gain":0.0,"event_name":"Golden Wing","player_choice":"Card Removal","floor":2.0,"gold_loss":0.0,"damage_taken":7.0},{"damage_healed":0.0,"max_hp_gain":0.0,"max_hp_loss":0.0,"gold_gain":0.0,"event_name":"Shining Light","player_choice":"Entered Light","floor":5.0,"gold_loss":0.0,"damage_taken":23.0,"cards_upgraded":["Flex","Defend_R"]},{"damage_healed":0.0,"max_hp_gain":0.0,"max_hp_loss":0.0,"gold_gain":75.0,"event_name":"World of Goop","player_choice":"Gather Gold","floor":12.0,"gold_loss":0.0,"damage_taken":11.0}],"is_beta":false,"boss_relics":[],"items_purged_floors":[4],"is_endless":false,"potions_floor_spawned":[3,7,14],"killed_by":"Hexaghost","ascension_level":20}}