{"host":"vcmmzzj6okc5j399","time":1608481013,"event":{"mods":["BaseMod","Minty Spire (QoL Compilation)","StSLib","The Marked"],"gold_per_floor":[219,231,231,252,252,252,252],"floor_reached":6,"playtime":669,"items_purged":[],"score":36,"play_id":"6507b2e6-5700-4be3-9254-880f1c8aa00a","local_time":"20201221011653","is_ascension_mode":false,"campfire_choices":[],"circlet_count":0,"master_deck":["theMarked:Strike","theMarked:Strike","theMarked:Strike","theMarked:Strike","theMarked:Strike","theMarked:Defend","theMarked:Defend","theMarked:Defend","theMarked:Defend","theMarked:SoldierOfQuellstein","theMarked:WardOff","theMarked:Improvise","theMarked:Convert"],"relics":["theMarked:ArtifactOfAir","Golden Idol","theMarked:DemonDagger"],"acts_visited":["Exordium"],"potions_floor_usage":[],"damage_taken":[{"damage":1,"enemies":"Cultist","floor":1,"turns":4},{"damage":0,"enemies":"2 Louse","floor":2,"turns":3},{"damage":0,"enemies":"Small Slimes","floor":4,"turns":3},{"damage":43,"enemies":"Lagavulin","floor":6,"turns":9}],"seed_played":"2017566205210293729","potions_obtained":[],"is_trial":false,"path_per_floor":["M","M","?","M","?","E"],"character_chosen":"THE_DEFAULT","items_purchased":[],"campfire_rested":0,"item_purchase_floors":[],"current_hp_per_floor":[69,69,52,52,27,0,0],"gold":252,"neow_bonus":"HUNDRED_GOLD","is_daily":false,"chose_seed":false,"campfire_upgraded":0,"win_rate":0.0,"timestamp":1608481013,"path_taken":["M","?","?","M","?","E"],"items_purchased_type":[],"build_version":"2020-12-13","purchased_purges":0,"victory":false,"max_hp_per_floor":[70,70,70,70,70,70,70],"card_choices":[{"not_picked":["theMarked:Panic","theMarked:TwofoldDefense"],"picked":"theMarked:WardOff","floor":1},{"not_picked":["theMarked:CreepingChasm","theMarked:KeepCalmAndFightOn"],"picked":"theMarked:Improvise","floor":2},{"not_picked":["theMarked:WastefulAttack","theMarked:Parkour"],"picked":"theMarked:Convert","floor":4}],"player_experience":144985,"relics_obtained":[],"event_choices":[{"damage_healed":0,"gold_gain":0,"player_choice":"Take Damage","damage_taken":17,"relics_obtained":["Golden Idol"],"max_hp_gain":0,"max_hp_loss":0,"event_name":"Golden Idol","floor":3,"gold_loss":0},{"damage_healed":0,"gold_gain":0,"player_choice":"Success","damage_taken":25,"relics_obtained":["theMarked:DemonDagger"],"max_hp_gain":0,"max_hp_loss":0,"event_name":"Scrap Ooze","floor":5,"gold_loss":0}],"is_beta":false,"boss_relics":[],"items_purged_floors":[],"is_endless":false,"potions_floor_spawned":[],"killed_by":"Lagavulin","ascension_level":0}}