{"host":"p9jk0mlyvhgdzcz4","time":1608444101,"event":{"mods":["BaseMod","Colored Map","Minty Spire (QoL Compilation)","Quick Restart","SuperFastMode"],"gold_per_floor":[112,112,123,73,85,115,115,215,215,215,229,248,261,273,273,273,273],"floor_reached":16,"playtime":276,"items_purged":[],"score":104,"play_id":"3b365166-1b94-4150-bfdc-bcff3dacffcc","local_time":"20201220000141","is_ascension_mode":false,"campfire_choices":[{"floor":7,"key":"REST"},{"data":"Zap","floor":10,"key":"SMITH"},{"floor":15,"key":"REST"}],"circlet_count":0,"master_deck":["Strike_B","Strike_B","Strike_B","Strike_B","Defend_B","Defend_B","Defend_B","Zap+1","Dualcast","Loop","Capacitor","Electrodynamics","Heatsinks","Go for the Eyes+1","Creative AI"],"relics":["Cracked Core","NeowsBlessing","Question Card","Molten Egg 2"],"acts_visited":["Exordium"],"potions_floor_usage":[],"damage_taken":[{"damage":0,"enemies":"2 Louse","floor":1,"turns":1},{"damage":0,"enemies":"Cultist","floor":3,"turns":1},{"damage":0,"enemies":"Jaw Worm","floor":5,"turns":1},{"damage":44,"enemies":"3 Sentries","floor":6,"turns":7},{"damage":10,"enemies":"Looter","floor":11,"turns":3},{"damage":21,"enemies":"Gremlin Gang","floor":12,"turns":2},{"damage":6,"enemies":"Large Slime","floor":13,"turns":4},{"damage":8,"enemies":"Exordium Wildlife","floor":14,"turns":3},{"damage":35,"enemies":"The Guardian","floor":16,"turns":6}],"seed_played":"-5650282215599426207","potions_obtained":[{"floor":3,"key":"Energy Potion"},{"floor":5,"key":"LiquidMemories"},{"floor":6,"key":"SkillPotion"}],"is_trial":false,"path_per_floor":["M","?","M","?","M","E","R","?","T","R","M","M","M","M","R","B"],"character_chosen":"DEFECT","items_purchased":[],"campfire_rested":2,"item_purchase_floors":[],"current_hp_per_floor":[75,75,75,75,75,31,53,53,53,53,43,22,16,8,30,0,0],"gold":273,"neow_bonus":"THREE_ENEMY_KILL","is_daily":false,"chose_seed":false,"campfire_upgraded":1,"win_rate":0.0,"timestamp":1608444101,"path_taken":["M","?","?","?","M","E","R","?","T","R","M","?","M","M","R","BOSS"],"items_purchased_type":[],"build_version":"2020-12-13","purchased_purges":0,"victory":false,"max_hp_per_floor":[75,75,75,75,75,75,75,75,75,75,75,75,75,75,75,75,75],"card_choices":[{"not_picked":["Coolheaded","Steam"],"picked":"Loop","floor":1},{"not_picked":["Hologram","Glacier","Leap"],"picked":"SKIP","floor":3},{"not_picked":["Steam","Gash"],"picked":"Capacitor","floor":5},{"not_picked":["Heatsinks","FTL"],"picked":"Electrodynamics","floor":6},{"not_picked":["Coolheaded","Steam Power","Turbo","Compile Driver+1"],"picked":"SKIP","floor":11},{"not_picked":["Barrage+1","Turbo","Cold Snap+1"],"picked":"Heatsinks","floor":12},{"not_picked":["Consume","Reinforced Body","Turbo"],"picked":"Go for the Eyes+1","floor":13},{"not_picked":["Redo","Storm","Leap"],"picked":"Creative AI","floor":14}],"player_experience":3918,"relics_obtained":[{"floor":6,"key":"Question Card"},{"floor":9,"key":"Molten Egg 2"}],"event_choices":[{"damage_healed":0,"gold_gain":0,"player_choice":"Ignored","damage_taken":0,"max_hp_gain":0,"max_hp_loss":0,"event_name":"NoteForYourself","floor":2,"gold_loss":0},{"cards_removed":["Defend_B"],"damage_healed":0,"gold_gain":0,"player_choice":"Card Removal","damage_taken":0,"max_hp_gain":0,"max_hp_loss":0,"event_name":"The Cleric","floor":4,"gold_loss":50},{"damage_healed":0,"gold_gain":100,"player_choice":"Pray","damage_taken":0,"max_hp_gain":0,"max_hp_loss":0,"event_name":"Golden Shrine","floor":8,"gold_loss":0}],"is_beta":false,"boss_relics":[],"items_purged_floors":[],"is_endless":false,"potions_floor_spawned":[3,5,6],"killed_by":"The Guardian","ascension_level":0}}