{"host":"qhn6g0owdgjb77rz","time":1608474104,"event":{"mods":["BaseMod","Colored Map","Minty Spire (QoL Compilation)","Relic Sorter","StSLib"],"gold_per_floor":[112,7,25,40,40,40,73,101,101,121,121,121,132,147,147,224,224,235,235,235,251,264,264,299,299,299,299,299,299,299,69,69,69,69],"floor_reached":33,"playtime":1005,"items_purged":["Parasite"],"score":459,"play_id":"7bc44cf9-f4db-4291-acc9-3924f427fadc","local_time":"20201220232144","is_ascension_mode":true,"campfire_choices":[{"data":"Whirlwind","floor":6.0,"key":"SMITH"},{"data":"Limit Break","floor":12,"key":"SMITH"},{"data":"Flame Barrier","floor":15,"key":"SMITH"},{"data":"Demon Form","floor":23,"key":"SMITH"},{"data":"Offering","floor":25,"key":"SMITH"},{"data":"Spot Weakness","floor":27,"key":"SMITH"},{"data":"Metallicize","floor":29,"key":"SMITH"},{"data":"Ghostly","floor":32,"key":"SMITH"}],"circlet_count":0,"master_deck":["AscendersBane","Strike_R","Strike_R","Strike_R","Strike_R","Strike_R","Defend_R","Defend_R","Defend_R","Bash","Twin Strike","Whirlwind+1","Shockwave","Twin Strike","Twin Strike","Flame Barrier+1","Limit Break+1","Intimidate","Demon Form+1","Ghostly+1","Ghostly","Ghostly","Ghostly","Ghostly","Flame Barrier+1","Spot Weakness+1","Offering+1","Metallicize+1","Clumsy"],"relics":["Burning Blood","CaptainsWheel","Odd Mushroom","Unceasing Top","Cursed Key","Pear","Oddly Smooth Stone","MealTicket","PreservedInsect"],"acts_visited":["Exordium","TheCity"],"potions_floor_usage":[10,13,16,24,33],"damage_taken":[{"damage":6.0,"enemies":"Cultist","floor":1.0,"turns":3.0},{"damage":1.0,"enemies":"2 Louse","floor":3.0,"turns":2.0},{"damage":9.0,"enemies":"Jaw Worm","floor":4.0,"turns":2.0},{"damage":35,"enemies":"Lagavulin","floor":7,"turns":5},{"damage":3,"enemies":"The Mushroom Lair","floor":8,"turns":3},{"damage":5,"enemies":"Gremlin Gang","floor":10,"turns":2},{"damage":16,"enemies":"Large Slime","floor":13,"turns":6},{"damage":11,"enemies":"Exordium Thugs","floor":14,"turns":4},{"damage":48,"enemies":"Hexaghost","floor":16,"turns":12},{"damage":22,"enemies":"2 Thieves","floor":18,"turns":4},{"damage":0,"enemies":"Spheric Guardian","floor":21,"turns":6},{"damage":2,"enemies":"Centurion and Healer","floor":22,"turns":6},{"damage":7,"enemies":"Slavers","floor":24,"turns":3},{"damage":47,"enemies":"Automaton","floor":33,"turns":10}],"seed_played":"-8280014364645303747","potions_obtained":[{"floor":3.0,"key":"Explosive Potion"},{"floor":4.0,"key":"BloodPotion"},{"floor":10,"key":"AttackPotion"},{"floor":14,"key":"ElixirPotion"},{"floor":16,"key":"SneckoOil"},{"floor":18,"key":"SteroidPotion"}],"is_trial":false,"path_per_floor":["M","$","M","M","$","R","E","?","T","M","$","R","M","M","R","B",null,"M","?","?","M","M","R","E","R","T","R","?","R","T","$","R","B"],"character_chosen":"IRONCLAD","items_purchased":["Whirlwind","Shockwave","PreservedInsect"],"campfire_rested":0,"item_purchase_floors":[2,2,31],"current_hp_per_floor":[72,72,77,74,74,74,45,48,48,49,49,49,39,34,34,8,62,46,40,40,40,40,40,49,49,49,49,49,49,49,47,47,0,0],"gold":69,"neow_bonus":"REMOVE_CARD","is_daily":false,"chose_seed":false,"campfire_upgraded":8,"win_rate":0.0,"timestamp":1608474104,"path_taken":["M","$","M","M","?","R","E","?","T","?","$","R","?","M","R","BOSS","M","?","?","?","M","R","E","R","T","R","?","R","?","?","R","BOSS"],"items_purchased_type":["Card","Card","Relic"],"build_version":"2020-12-13","purchased_purges":1,"victory":false,"max_hp_per_floor":[80,80,80,80,80,80,80,80,80,80,80,80,80,80,80,80,80,80,40,40,40,40,40,50,50,50,50,50,50,50,47,47,47,47],"card_choices":[{"not_picked":["Flex","Sword Boomerang"],"picked":"Twin Strike","floor":1.0},{"not_picked":["Fire Breathing","Flex"],"picked":"Twin Strike","floor":3.0},{"not_picked":["Second Wind","Flex"],"picked":"Twin Strike","floor":4.0},{"not_picked":["Dark Embrace","True Grit"],"picked":"Flame Barrier","floor":7},{"not_picked":["Warcry","Second Wind"],"picked":"Limit Break","floor":8},{"not_picked":["Wild Strike","Warcry","Heavy Blade"],"picked":"SKIP","floor":10},{"not_picked":["Immolate","Thunderclap"],"picked":"Intimidate","floor":13},{"not_picked":["Twin Strike","Clothesline","Sever Soul"],"picked":"SKIP","floor":14},{"not_picked":["Corruption","Double Tap"],"picked":"Demon Form","floor":16},{"not_picked":["Feel No Pain","Iron Wave","Sword Boomerang"],"picked":"SKIP","floor":18},{"not_picked":["Iron Wave","Entrench","Power Through"],"picked":"SKIP","floor":21},{"not_picked":["Flex+1","Anger"],"picked":"Spot Weakness","floor":22},{"not_picked":["Warcry","Burning Pact"],"picked":"Offering","floor":24}],"player_experience":378480,"relics_obtained":[{"floor":7,"key":"CaptainsWheel"},{"floor":8,"key":"Odd Mushroom"},{"floor":9,"key":"Unceasing Top"},{"floor":24,"key":"Pear"},{"floor":26,"key":"Oddly Smooth Stone"},{"floor":30,"key":"MealTicket"}],"event_choices":[{"damage_healed":0,"gold_gain":0,"player_choice":"Fought Mushrooms","damage_taken":0,"max_hp_gain":0,"max_hp_loss":0,"event_name":"Mushrooms","floor":8,"gold_loss":0},{"damage_healed":0,"gold_gain":0,"player_choice":"Became a Ghost","damage_taken":0,"max_hp_gain":0,"max_hp_loss":40,"event_name":"Ghosts","floor":19,"gold_loss":0,"cards_obtained":["Ghostly","Ghostly","Ghostly","Ghostly","Ghostly"]},{"damage_healed":0,"gold_gain":0,"player_choice":"Copied","damage_taken":0,"max_hp_gain":0,"max_hp_loss":0,"event_name":"Duplicator","floor":20,"gold_loss":0,"cards_obtained":["Flame Barrier"]},{"damage_healed":0,"gold_gain":0,"player_choice":"Read","damage_taken":0,"max_hp_gain":0,"max_hp_loss":0,"event_name":"The Library","floor":28,"gold_loss":0,"cards_obtained":["Metallicize"]}],"is_beta":false,"boss_relics":[{"not_picked":["Runic Dome","Ectoplasm"],"picked":"Cursed Key"}],"items_purged_floors":[31],"is_endless":false,"potions_floor_spawned":[3,4,10,14,16,18],"killed_by":"Automaton","ascension_level":13}}