{"host":"quagnxip3u93mzqy","time":1608430773,"event":{"mods":["AchievementEnabler","BaseMod","Colored Powertips","Minty Spire (QoL Compilation)","Quick Restart","SuperFastMode"],"gold_per_floor":[219,394,45,60,72,72,97,110,134,144,157,182,192,92,92,189,189,202,202,202,4,15,40,54,88,88,88,88],"floor_reached":27,"playtime":2231,"items_purged":["Strike_G","Doubt","Strike_G"],"score":398,"play_id":"94dc25f4-2117-4982-821e-386af35e7493","local_time":"20201220021933","is_ascension_mode":true,"campfire_choices":[{"data":"Dash","floor":6,"key":"SMITH"},{"floor":15,"key":"REST"}],"circlet_count":0,"master_deck":["AscendersBane","Strike_G","Defend_G","Defend_G","Survivor","Neutralize","Dagger Throw","Dash+1","Acrobatics","Infinite Blades","Die Die Die","Backflip","Venomology","Escape Plan","Wraith Form v2","Flechettes+1","Blur+1","Caltrops+1","Calculated Gamble","All Out Attack","Footwork","Footwork","PiercingWail"],"relics":["Ring of the Snake","Orrery","Anchor","Vajra","Nunchaku","Astrolabe","Shuriken","Orichalcum","Singing Bowl"],"acts_visited":["Exordium","TheCity"],"potions_floor_usage":[7,9,12,12,16,16,18,22,23,24,24,27,27],"damage_taken":[{"damage":0,"enemies":"Jaw Worm","floor":1,"turns":5},{"damage":0,"enemies":"Small Slimes","floor":4,"turns":5},{"damage":5,"enemies":"Cultist","floor":5,"turns":4},{"damage":13,"enemies":"Gremlin Nob","floor":7,"turns":4},{"damage":5,"enemies":"Exordium Wildlife","floor":8,"turns":6},{"damage":0,"enemies":"3 Louse","floor":10,"turns":1},{"damage":8,"enemies":"Exordium Thugs","floor":11,"turns":6},{"damage":25,"enemies":"Lagavulin","floor":12,"turns":8},{"damage":0,"enemies":"Blue Slaver","floor":13,"turns":3},{"damage":10,"enemies":"Slime Boss","floor":16,"turns":7},{"damage":0,"enemies":"Chosen","floor":18,"turns":6},{"damage":6,"enemies":"2 Thieves","floor":22,"turns":4},{"damage":11,"enemies":"Gremlin Leader","floor":23,"turns":9},{"damage":2,"enemies":"Cultist and Chosen","floor":24,"turns":7},{"damage":32,"enemies":"Slavers","floor":25,"turns":4},{"damage":11,"enemies":"Snecko","floor":27,"turns":5}],"seed_played":"1918699332476904900","potions_obtained":[{"floor":4,"key":"Poison Potion"},{"floor":8,"key":"Fruit Juice"},{"floor":13,"key":"PowerPotion"},{"floor":16,"key":"Strength Potion"},{"floor":24,"key":"Ancient Potion"}],"is_trial":false,"path_per_floor":["M","?","$","M","M","R","E","M","T","M","M","E","M","$","R","B",null,"M","?","?","$","M","E","M","E","T","M"],"character_chosen":"THE_SILENT","items_purchased":["Orrery","Infinite Blades","PowerPotion","Footwork"],"campfire_rested":1,"item_purchase_floors":[3,3,3,21],"current_hp_per_floor":[63,63,63,63,58,58,45,40,45,45,37,12,12,12,34,24,62,62,62,62,62,56,45,43,11,11,0,0],"gold":88,"neow_bonus":"HUNDRED_GOLD","is_daily":false,"chose_seed":false,"campfire_upgraded":1,"win_rate":0.0,"timestamp":1608430773,"path_taken":["M","?","$","M","M","R","E","M","T","M","M","E","M","$","R","BOSS","M","?","?","$","M","E","M","E","T","M"],"items_purchased_type":["Relic","Card","Potion","Card"],"build_version":"2020-12-13","purchased_purges":3,"victory":false,"max_hp_per_floor":[70,70,70,70,70,70,70,70,75,75,75,75,75,75,75,75,75,75,75,75,75,75,75,75,75,75,75,75],"card_choices":[{"not_picked":["Slice","Flying Knee"],"picked":"Dagger Throw","floor":1},{"not_picked":["Flying Knee","Outmaneuver"],"picked":"Dash","floor":3},{"not_picked":["Deflect","Slice"],"picked":"Acrobatics","floor":3},{"not_picked":["Prepared","Underhanded Strike"],"picked":"Die Die Die","floor":4},{"not_picked":["Bane","Deadly Poison"],"picked":"Backflip","floor":5},{"not_picked":["Slice","Underhanded Strike"],"picked":"Venomology","floor":7},{"not_picked":["Flying Knee","Tactician","Backflip"],"picked":"SKIP","floor":8},{"not_picked":["Dodge and Roll","Distraction","Deflect"],"picked":"SKIP","floor":10},{"not_picked":["Dagger Spray","Choke"],"picked":"Escape Plan","floor":11},{"not_picked":["Underhanded Strike","Backflip","Tactician"],"picked":"SKIP","floor":12},{"not_picked":["Acrobatics","Flying Knee","Setup"],"picked":"SKIP","floor":13},{"not_picked":["Doppelganger","Venomology"],"picked":"Wraith Form v2","floor":16},{"not_picked":["Accuracy","Dash","Tactician"],"picked":"SKIP","floor":18},{"not_picked":["Deflect","Deadly Poison"],"picked":"Footwork","floor":22},{"not_picked":["Calculated Gamble","Bane+1","Expertise"],"picked":"SKIP","floor":23},{"not_picked":["Flying Knee","Backflip"],"picked":"PiercingWail","floor":24},{"not_picked":["Catalyst","Heel Hook","Outmaneuver+1"],"picked":"SKIP","floor":25}],"player_experience":417505,"relics_obtained":[{"floor":7,"key":"Anchor"},{"floor":9,"key":"Vajra"},{"floor":12,"key":"Nunchaku"},{"floor":23,"key":"Shuriken"},{"floor":25,"key":"Orichalcum"},{"floor":26,"key":"Singing Bowl"}],"event_choices":[{"damage_healed":0,"gold_gain":175,"player_choice":"AGREE","damage_taken":0,"max_hp_gain":0,"max_hp_loss":0,"event_name":"Liars Game","floor":2,"gold_loss":0,"cards_obtained":["Doubt"]},{"damage_healed":0,"gold_gain":0,"cards_transformed":["Strike_G","Defend_G"],"player_choice":"Became Test Subject","damage_taken":0,"max_hp_gain":0,"max_hp_loss":0,"event_name":"Drug Dealer","floor":19,"gold_loss":0,"cards_obtained":["Calculated Gamble","All Out Attack"]},{"damage_healed":0,"gold_gain":0,"player_choice":"Bought 0 Potions","damage_taken":0,"max_hp_gain":0,"max_hp_loss":0,"event_name":"The Woman in Blue","floor":20,"gold_loss":0}],"is_beta":false,"boss_relics":[{"not_picked":["Runic Dome","Calling Bell"],"picked":"Astrolabe"}],"items_purged_floors":[3,14,21],"is_endless":false,"potions_floor_spawned":[4,8,11,13,16,18,23,24,25],"killed_by":"Snecko","ascension_level":10}}