{"host":"mi0eibewekhugwl1","time":1608479865,"event":{"mods":["AchievementEnabler","BaseMod","Colored Map","Colored Powertips","DeckTracker","Keyboard Shortcuts","Minty Spire (QoL Compilation)","Quick Restart","Rare Cards Sparkle","Relic Stats","StSLib","SuperFastMode","everything is the same but u backflip on backflip"],"gold_per_floor":[111,125,125,140,151,151,161,161,161,161,172,14,14,35,35,128,128,149,199,199,199],"floor_reached":20,"playtime":354,"items_purged":[],"score":332,"play_id":"1f5b852d-9a4a-4029-984d-51bd28e610a7","local_time":"20201221005745","is_ascension_mode":true,"campfire_choices":[{"data":"Pommel Strike","floor":6,"key":"SMITH"},{"data":"Disarm","floor":8,"key":"SMITH"},{"data":"Bash","floor":10,"key":"SMITH"},{"data":"Evolve","floor":15,"key":"SMITH"}],"circlet_count":0,"master_deck":["AscendersBane","Strike_R","Strike_R","Strike_R","Strike_R","Strike_R","Defend_R","Defend_R","Defend_R","Defend_R","Bash+1","Pommel Strike+1","Ghostly Armor","Disarm+1","Intimidate","Wild Strike","Second Wind","Evolve+1","Blood for Blood","Immolate","Burning Pact"],"relics":["Burning Blood","NeowsBlessing","Sundial","Golden Idol","Cursed Key"],"acts_visited":["Exordium","TheCity"],"potions_floor_usage":[11],"damage_taken":[{"damage":0,"enemies":"2 Louse","floor":1,"turns":1},{"damage":0,"enemies":"Small Slimes","floor":2,"turns":1},{"damage":0,"enemies":"Jaw Worm","floor":4,"turns":1},{"damage":21,"enemies":"Exordium Wildlife","floor":5,"turns":5},{"damage":10,"enemies":"Blue Slaver","floor":7,"turns":7},{"damage":22,"enemies":"Large Slime","floor":11,"turns":8},{"damage":23,"enemies":"Exordium Thugs","floor":14,"turns":7},{"damage":14,"enemies":"Hexaghost","floor":16,"turns":9},{"damage":49,"enemies":"Shell Parasite","floor":18,"turns":7},{"damage":32,"enemies":"3 Byrds","floor":20,"turns":4}],"seed_played":"-4476633294215223292","potions_obtained":[{"floor":2,"key":"FearPotion"},{"floor":4,"key":"FairyPotion"},{"floor":14,"key":"ElixirPotion"}],"is_trial":false,"path_per_floor":["M","M","?","M","M","R","M","R","T","R","M","$","?","M","R","B",null,"M","?","M"],"character_chosen":"IRONCLAD","items_purchased":["Second Wind","Evolve"],"campfire_rested":0,"item_purchase_floors":[12,12],"current_hp_per_floor":[74,75,75,75,60,60,56,56,56,56,40,40,40,23,23,15,55,12,12,0,0],"gold":199,"neow_bonus":"THREE_ENEMY_KILL","is_daily":false,"chose_seed":false,"campfire_upgraded":4,"win_rate":0.0,"timestamp":1608479865,"path_taken":["M","M","?","M","M","R","M","R","T","R","M","$","?","M","R","BOSS","M","?","M"],"items_purchased_type":["Card","Card"],"build_version":"2020-12-13","purchased_purges":0,"victory":false,"max_hp_per_floor":[75,75,75,75,75,75,75,75,75,75,75,75,68,68,68,68,68,68,68,68,68],"relic_stats":{"counters":[10,50],"Sundial":[8],"Golden Idol":27,"Cursed Key":0,"obtain_stats":[{"NeowsBlessing":0,"Sundial":9,"Golden Idol":13,"Cursed Key":17,"Burning Blood":0},{"NeowsBlessing":0,"Sundial":5,"Golden Idol":6,"Cursed Key":8,"Burning Blood":0},{"NeowsBlessing":0,"Sundial":15,"Golden Idol":23,"Cursed Key":39,"Burning Blood":0}],"Burning Blood":43},"card_choices":[{"not_picked":["Armaments","Perfected Strike"],"picked":"Pommel Strike","floor":1},{"not_picked":["Warcry","Wild Strike"],"picked":"Ghostly Armor","floor":2},{"not_picked":["Blood for Blood","Entrench","Anger"],"picked":"SKIP","floor":4},{"not_picked":["Shrug It Off","Warcry"],"picked":"Disarm","floor":5},{"not_picked":["Dual Wield","Dropkick"],"picked":"Intimidate","floor":7},{"not_picked":["Impervious","Bloodletting"],"picked":"Wild Strike","floor":11},{"not_picked":["Uppercut","Iron Wave"],"picked":"Blood for Blood","floor":14},{"not_picked":["Brutality","Feed"],"picked":"Immolate","floor":16},{"not_picked":["Inflame","Headbutt"],"picked":"Burning Pact","floor":18}],"player_experience":1692197,"relics_obtained":[{"floor":9,"key":"Sundial"}],"event_choices":[{"damage_healed":0,"gold_gain":0,"player_choice":"Ignored","damage_taken":0,"max_hp_gain":0,"max_hp_loss":0,"event_name":"Liars Game","floor":3,"gold_loss":0},{"damage_healed":0,"gold_gain":0,"player_choice":"Lose Max HP","damage_taken":0,"relics_obtained":["Golden Idol"],"max_hp_gain":0,"max_hp_loss":7,"event_name":"Golden Idol","floor":13,"gold_loss":0},{"damage_healed":0,"gold_gain":50,"player_choice":"Stole From Cult","damage_taken":0,"max_hp_gain":0,"max_hp_loss":0,"event_name":"Nest","floor":19,"gold_loss":0}],"is_beta":false,"boss_relics":[{"not_picked":["Tiny House","Empty Cage"],"picked":"Cursed Key"}],"items_purged_floors":[],"is_endless":false,"potions_floor_spawned":[2,4,5,14,16,18],"killed_by":"3 Byrds","ascension_level":20}}