{"host":"zivz6e0vf73jivdq","time":1608464648,"event":{"mods":["Act Like it!","BaseMod","Friendly Minions","Gensokyo","HololiveMod","Koishi","Marisa£¨ìFÓê¡¡Ä§ÀíÉ³£©","Minty Spire (QoL Compilation)","MostiFishMod","Pale of the Ancients","Prisma Mod","Reimu£¨²©ÀöÁéÃÎ£©","Remilia£¨ÀÙÃ×ÀòÑÇ£©","Replay The Spire","RumiaBox-Â¶Ã×æ«µÄÉñÃØºÐ×Ó","StSLib","The Jungle","The Servant 0.9.4","Youmu£¨»êÆÇÑýÃÎ£©","¡¾¶«·½¶þ´Î´´×÷¡¿°ËÔÆ×Ïmod","¡¾ÒÅÎï¿¨ÅÆ¡¿REMEMod"],"gold_per_floor":[118,118,131,141,21,47,60,60,86,36,20,48,48,80,80,176,176,193,243,208,226,276,276,206,241,241,269,282,282,332,363,363,1068,1068,1082,707,804,422,472,502,502,515,515,561,571,596,608,658,658,1258,1258,1258,97,134,136],"floor_reached":56,"playtime":9314,"items_purged":["Strike_B","Defend_B","Defend_B","Defend_B","Defend_B"],"score":1792,"play_id":"e4259029-318a-479b-8ebc-0344183836f8","local_time":"20201220194408","is_ascension_mode":true,"campfire_choices":[{"data":"MostiFishMod:Hijack","floor":8.0,"key":"SMITH"},{"floor":15.0,"key":"REST"},{"data":"Recycle","floor":23.0,"key":"SMITH"},{"data":"Turbo","floor":29.0,"key":"SMITH"},{"data":"MostiFishMod:Culaccino","floor":32.0,"key":"SMITH"},{"data":"Defragment","floor":41.0,"key":"SMITH"},{"floor":49.0,"key":"RECALL"},{"data":"MostiFishMod:UniBlue","floor":52.0,"key":"SMITH"}],"circlet_count":0,"master_deck":["Zap+1","Dualcast","PrismaMod:MiyuUncommonDefend+1","Sweeping Beam+1","FIFO Queue","Turbo+1","Ball Lightning+1","MostiFishMod:Hijack+1","MostiFishMod:UniBlue+1","Seek","Recycle+1","Rainbow","MostiFishMod:GatherIntelligence+1","Conserve Battery+1","Undo","MostiFishMod:Culaccino+1","Core Surge","Leap+1","Defragment+1","Coolheaded","ReplayTheSpireMod:Private Reserves","Defragment","Loop","Coolheaded+1","REME_ForAll","MostiFishMod:ActiveDefenseSystem","Loop+1","Secret Technique+1","MostiFishMod:LinkProtocol"],"relics":["FrozenCore","DaveBox","REME_ComplimentaryCards","NeowsBlessing","Technique","Question Card","Replay:Rubber Ducky","Smiling Mask","SsserpentHead","Centennial Puzzle","ImportantClient","FeatherPendant","Vajra","The Courier","Happy Flower","Ice Cream","SentryEyes","Turnip","Ccalipers","CatCart","BargainBundle","Unceasing Top","Pocketwatch","MagicDraw4","Omamori","Replay:Wax Seal","TheAbacus","Bottled Flame","War Paint","Divine Protection","Pondfish Scales","REME_LimitBreaker","Mirror"],"acts_visited":["Exordium","TheCity","TheBeyond","TheEnding"],"potions_floor_usage":[],"damage_taken":[{"damage":0.0,"enemies":"Jaw Worm","floor":1.0,"turns":1.0},{"damage":0.0,"enemies":"Cultist","floor":3.0,"turns":1.0},{"damage":0.0,"enemies":"2 Louse","floor":4.0,"turns":1.0},{"damage":15.0,"enemies":"3 Sentries","floor":6.0,"turns":5.0},{"damage":2.0,"enemies":"Looter","floor":7.0,"turns":3.0},{"damage":19.0,"enemies":"Exordium Thugs","floor":11.0,"turns":5.0},{"damage":18.0,"enemies":"Lagavulin","floor":12.0,"turns":5.0},{"damage":8.0,"enemies":"Gremlin Nob","floor":14.0,"turns":5.0},{"damage":3.0,"enemies":"Hexaghost","floor":16.0,"turns":9.0},{"damage":0.0,"enemies":"Chosen","floor":18.0,"turns":2.0},{"damage":0.0,"enemies":"2 Thieves","floor":21.0,"turns":1.0},{"damage":0.0,"enemies":"Gremlin Leader","floor":25.0,"turns":2.0},{"damage":0.0,"enemies":"REME_1_Revenger","floor":27.0,"turns":4.0},{"damage":0.0,"enemies":"3 Cultists","floor":28.0,"turns":3.0},{"damage":0.0,"enemies":"Gremlin Leader","floor":31.0,"turns":3.0},{"damage":0.0,"enemies":"Automaton","floor":33.0,"turns":3.0},{"damage":0.0,"enemies":"Orb Walker","floor":35.0,"turns":2.0},{"damage":0.0,"enemies":"Orin","floor":37.0,"turns":2.0},{"damage":0.0,"enemies":"Nemesis","floor":40.0,"turns":5.0},{"damage":0.0,"enemies":"3 Shapes","floor":42.0,"turns":2.0},{"damage":0.0,"enemies":"R_Hoarder","floor":44.0,"turns":3.0},{"damage":1.0,"enemies":"3 Darklings","floor":45.0,"turns":2.0},{"damage":0.0,"enemies":"Nemesis","floor":46.0,"turns":1.0},{"damage":6.0,"enemies":"4 Shapes","floor":47.0,"turns":2.0},{"damage":0.0,"enemies":"Replay:Hell Engine","floor":50.0,"turns":2.0},{"damage":0.0,"enemies":"Shield and Spear","floor":54.0,"turns":2.0},{"damage":0,"enemies":"The Heart","floor":55,"turns":3}],"seed_played":"-2606333260064421095","potions_obtained":[{"floor":3.0,"key":"Weak Potion"},{"floor":4.0,"key":"ZuzhouPotion:ReiMu"},{"floor":16.0,"key":"Ancient Potion"},{"floor":18.0,"key":"SteroidPotion"},{"floor":27.0,"key":"BlessingOfTheForge"},{"floor":44.0,"key":"DuplicationPotion"}],"is_trial":false,"path_per_floor":["M","?","M","M","$","E","M","R","T","?","M","E","?","E","R","B",null,"M","?","?","M","?","R","$","E","T","E","M","R","?","E","R","B",null,"M","$","?","$","?","E","R","M","T","E","M","E","M","?","R","B",null,"R","$","E","B",null],"character_chosen":"DEFECT","items_purchased":["Ball Lightning","Conserve Battery","Turnip","Ccalipers","BargainBundle","Unceasing Top","Coolheaded","ReplayTheSpireMod:Private Reserves","Defragment","Loop","TheAbacus","Secret Technique","Bottled Flame","War Paint","Divine Protection","Pondfish Scales","REME_LimitBreaker"],"campfire_rested":1,"item_purchase_floors":[5,24,36,36,38,38,38,38,38,38,53,53,53,53,53,53,53],"current_hp_per_floor":[68,68,68,68,68,53,51,51,51,51,32,14,14,6,28,25,63,63,49,49,49,49,49,49,51,51,55,55,55,55,55,55,55,74,76,76,80,80,80,80,80,80,80,80,79,79,73,73,73,73,78,78,78,80,80],"gold":136,"neow_bonus":"THREE_ENEMY_KILL","is_daily":false,"chose_seed":false,"campfire_upgraded":6,"win_rate":0.0,"timestamp":1608464648,"path_taken":["M","?","?","M","$","E","M","R","T","?","M","E","?","E","R","BOSS","M","?","?","M","?","R","$","E","T","E","M","R","?","E","R","BOSS","M","$","?","$","?","E","R","M","T","E","M","E","M","?","R","BOSS","R","$","E","BOSS"],"items_purchased_type":["Card","Card","Relic","Relic","Relic","Relic","Card","Card","Card","Card","Relic","Card","Relic","Relic","Relic","Relic","Relic"],"build_version":"2020-12-13","purchased_purges":5,"victory":true,"max_hp_per_floor":[75,75,75,75,75,75,75,75,75,75,75,75,75,75,75,75,75,75,80,80,80,80,80,80,80,80,80,80,80,80,80,80,80,80,80,80,80,80,80,80,80,80,80,80,80,80,80,80,80,80,80,80,80,80,80],"card_choices":[{"not_picked":["Coolheaded","Leap"],"picked":"Sweeping Beam","floor":1.0},{"not_picked":["Storm","Beam Cell","Sweeping Beam"],"picked":"FIFO Queue","floor":3.0},{"not_picked":["ReplayTheSpireMod:Reroute Power","Barrage","Leap"],"picked":"Turbo","floor":4.0},{"not_picked":["Beam Cell","BasicCrystalCard","Sweeping Beam","Hologram"],"picked":"SKIP","floor":6.0},{"not_picked":["FTL","Double Energy","Coolheaded"],"picked":"MostiFishMod:Hijack","floor":7.0},{"not_picked":["Turbo","Barrage","Scrape","Streamline"],"picked":"SKIP","floor":11.0},{"not_picked":["Auto Shields","Cold Snap","ReplayTheSpireMod:Omega Cannon"],"picked":"Rainbow","floor":12.0},{"not_picked":["REME_Shoggoth","REME_Compress","Rebound"],"picked":"MostiFishMod:UniBlue","floor":14.0},{"not_picked":["Rainbow","MostiFishMod:ActiveDefenseSystem","MostiFishMod:Nova"],"picked":"Seek","floor":16.0},{"not_picked":["Go for the Eyes+1","Barrage+1","Reprogram"],"picked":"Recycle","floor":18.0},{"not_picked":["ReplayTheSpireMod:Repulse","Steam","Hello World","Recycle"],"picked":"SKIP","floor":21.0},{"not_picked":["MostiFishMod:DeathFromBelow","REME_DataAnalysis","Streamline","Rebound+1"],"picked":"SKIP","floor":25.0},{"not_picked":["BootSequence","Streamline","Rebound","ReplayTheSpireMod:GoodbyeWorld+1"],"picked":"SKIP","floor":27.0},{"not_picked":["Go for the Eyes","Compile Driver","Panic Button+1"],"picked":"Undo","floor":28.0},{"not_picked":["ReplayRNGCard","Streamline","Sweeping Beam"],"picked":"MostiFishMod:Culaccino","floor":31.0},{"not_picked":["Reboot","MostiFishMod:Hijack","MostiFishMod:STOP"],"picked":"Core Surge","floor":33.0},{"not_picked":["Genetic Algorithm","Streamline","Turbo"],"picked":"Leap+1","floor":35.0},{"not_picked":["Sweeping Beam+1","Cold Snap","Conserve Battery+1"],"picked":"Defragment","floor":37.0},{"not_picked":["REME_DataAnalysis+1","BootSequence+1","Chaos+1","Cold Snap+1"],"picked":"SKIP","floor":40.0},{"not_picked":["ReplayTheSpireMod:Reroute Power","Loop","Consume+1"],"picked":"Coolheaded+1","floor":42.0},{"not_picked":["Rebound","Ball Lightning","Fusion"],"picked":"REME_ForAll","floor":44.0},{"not_picked":["Compile Driver+1","Undo+1","Ball Lightning+1"],"picked":"MostiFishMod:ActiveDefenseSystem","floor":45.0},{"not_picked":["Chaos","Compile Driver+1","Hologram+1","Conserve Battery+1"],"picked":"SKIP","floor":46.0},{"not_picked":["Chaos","Compile Driver+1","Hologram+1","Conserve Battery+1"],"picked":"SKIP","floor":46.0},{"not_picked":["Coolheaded","Panic Button","Defragment+1"],"picked":"Loop+1","floor":47.0},{"not_picked":["Ball Lightning+1","Sweeping Beam","Go for the Eyes+1"],"picked":"MostiFishMod:LinkProtocol","floor":54.0}],"player_experience":701056,"relics_obtained":[{"floor":1.0,"key":"Question Card"},{"floor":6.0,"key":"Replay:Rubber Ducky"},{"floor":12.0,"key":"Smiling Mask"},{"floor":14.0,"key":"Centennial Puzzle"},{"floor":16.0,"key":"ImportantClient"},{"floor":25.0,"key":"The Courier"},{"floor":26.0,"key":"Happy Flower"},{"floor":27.0,"key":"Ice Cream"},{"floor":31.0,"key":"SentryEyes"},{"floor":37.0,"key":"CatCart"},{"floor":40.0,"key":"Pocketwatch"},{"floor":43.0,"key":"MagicDraw4"},{"floor":44.0,"key":"Omamori"},{"floor":46.0,"key":"Replay:Wax Seal"},{"floor":54.0,"key":"Mirror"}],"event_choices":[{"damage_healed":0.0,"max_hp_gain":0.0,"max_hp_loss":0.0,"gold_gain":0.0,"event_name":"Upgrade Shrine","player_choice":"Upgraded","floor":2.0,"gold_loss":0.0,"damage_taken":0.0,"cards_upgraded":["Sweeping Beam"]},{"cards_removed":["Strike_B"],"damage_healed":0.0,"max_hp_gain":0.0,"max_hp_loss":0.0,"gold_gain":0.0,"event_name":"The Cleric","player_choice":"Card Removal","floor":10.0,"gold_loss":50.0,"damage_taken":0.0},{"damage_healed":0.0,"max_hp_gain":0.0,"max_hp_loss":0.0,"gold_gain":0.0,"event_name":"FaceTrader","player_choice":"Trade","floor":13.0,"gold_loss":0.0,"damage_taken":0.0,"relics_obtained":["SsserpentHead"]},{"damage_healed":0.0,"max_hp_gain":5.0,"max_hp_loss":0.0,"gold_gain":0.0,"event_name":"Forgotten Altar","player_choice":"Shed Blood","floor":19.0,"gold_loss":0.0,"damage_taken":19.0},{"damage_healed":0.0,"max_hp_gain":0.0,"max_hp_loss":0.0,"gold_gain":0.0,"event_name":"Addict","player_choice":"Obtained Relic","floor":20.0,"gold_loss":85.0,"damage_taken":0.0,"relics_obtained":["Vajra"]},{"damage_healed":0.0,"max_hp_gain":0.0,"max_hp_loss":0.0,"gold_gain":0.0,"cards_transformed":["Strike_B","Strike_B"],"event_name":"Drug Dealer","player_choice":"Became Test Subject","floor":22.0,"gold_loss":0.0,"damage_taken":0.0,"cards_obtained":["Rainbow","MostiFishMod:GatherIntelligence"]},{"cards_removed":["Rainbow"],"damage_healed":0.0,"max_hp_gain":0.0,"max_hp_loss":0.0,"gold_gain":0.0,"event_name":"Purifier","player_choice":"Purged","floor":30.0,"gold_loss":0.0,"damage_taken":0.0},{"damage_healed":0.0,"max_hp_gain":0.0,"max_hp_loss":0.0,"gold_gain":0.0,"event_name":"OrinTheCat","player_choice":"Fight","floor":37.0,"gold_loss":0.0,"damage_taken":0.0},{"damage_healed":0.0,"max_hp_gain":0.0,"max_hp_loss":0.0,"gold_gain":0.0,"event_name":"Tomb of Lord Red Mask","player_choice":"Ignored","floor":39.0,"gold_loss":0.0,"damage_taken":0.0},{"damage_healed":0.0,"max_hp_gain":0.0,"max_hp_loss":0.0,"gold_gain":0.0,"event_name":"The Woman in Blue","player_choice":"Bought 0 Potions","floor":48.0,"gold_loss":0.0,"damage_taken":0.0}],"is_beta":false,"boss_relics":[{"not_picked":["HaiYi:Twilight","BirthdayGift-Icosahedron"],"picked":"FeatherPendant"},{"not_picked":["FixedStarFall","Hololive_TopUpMoneyS"],"picked":"FrozenCore"}],"items_purged_floors":[5,24,36,38,53],"is_endless":false,"potions_floor_spawned":[3,4,16,18,27,31,33,35,44,47],"ascension_level":6}}