{"host":"dcj2yvrgcvh5dl2s","time":1608448706,"event":{"mods":["BaseMod","Better Note","Block Reminder","Colored Powertips","DeckTracker","Minty Spire (QoL Compilation)","Quick Restart","Rare Cards Sparkle","Relic Stats","StSLib"],"gold_per_floor":[114,114,130,130,130,158,158,158,158],"floor_reached":8,"playtime":284,"items_purged":[],"score":86,"play_id":"e1a07243-3b0d-40ae-8372-71403daf494d","local_time":"20201220171826","is_ascension_mode":true,"campfire_choices":[],"circlet_count":0,"master_deck":["AscendersBane","Strike_R","Strike_R","Strike_R","Strike_R","Defend_R","Defend_R","Defend_R","Defend_R","Bash","Sadistic Nature","Shrug It Off","Searing Blow","Battle Trance"],"relics":["Burning Blood","Vajra","Happy Flower"],"acts_visited":["Exordium"],"potions_floor_usage":[6,6],"damage_taken":[{"damage":7,"enemies":"Jaw Worm","floor":1,"turns":3},{"damage":8,"enemies":"2 Louse","floor":3,"turns":4},{"damage":36,"enemies":"Lagavulin","floor":6,"turns":7},{"damage":32,"enemies":"Gremlin Nob","floor":8,"turns":3}],"seed_played":"-7229906647613364045","potions_obtained":[{"floor":1,"key":"DistilledChaos"},{"floor":3,"key":"AttackPotion"}],"is_trial":false,"path_per_floor":["M","?","M","?","?","E","?","E"],"character_chosen":"IRONCLAD","items_purchased":[],"campfire_rested":0,"item_purchase_floors":[],"current_hp_per_floor":[71,64,62,62,62,32,32,0,0],"gold":158,"neow_bonus":"RANDOM_COLORLESS_2","is_daily":false,"chose_seed":false,"campfire_upgraded":0,"win_rate":0.0,"timestamp":1608448706,"path_taken":["M","?","M","?","?","E","?","E"],"items_purchased_type":[],"build_version":"2020-12-13","purchased_purges":0,"victory":false,"max_hp_per_floor":[72,72,72,72,72,72,72,72,72],"relic_stats":{"Happy Flower":[1],"counters":[4,17],"obtain_stats":[{"Happy Flower":6,"Vajra":4,"Burning Blood":0},{"Happy Flower":3,"Vajra":2,"Burning Blood":0},{"Happy Flower":14,"Vajra":7,"Burning Blood":0}],"Burning Blood":18},"card_choices":[{"not_picked":["Mayhem","Thinking Ahead"],"picked":"Sadistic Nature","floor":0},{"not_picked":["Dropkick","Metallicize"],"picked":"Shrug It Off","floor":1},{"not_picked":["Dropkick","Anger"],"picked":"Searing Blow","floor":3},{"not_picked":["Exhume","Evolve"],"picked":"Battle Trance","floor":6}],"player_experience":1992588,"relics_obtained":[{"floor":6,"key":"Happy Flower"}],"event_choices":[{"cards_removed":["Strike_R"],"damage_healed":0,"gold_gain":0,"player_choice":"Card Removal","damage_taken":7,"max_hp_gain":0,"max_hp_loss":0,"event_name":"Golden Wing","floor":2,"gold_loss":0},{"damage_healed":0,"gold_gain":0,"player_choice":"Box","damage_taken":0,"relics_obtained":["Vajra"],"max_hp_gain":0,"max_hp_loss":0,"event_name":"Big Fish","floor":4,"gold_loss":0,"cards_obtained":["Regret"]},{"damage_healed":0,"gold_gain":0,"player_choice":"Ignored","damage_taken":0,"max_hp_gain":0,"max_hp_loss":0,"event_name":"Liars Game","floor":5,"gold_loss":0},{"cards_removed":["Regret"],"damage_healed":0,"gold_gain":0,"player_choice":"Removed Curses","damage_taken":0,"max_hp_gain":0,"max_hp_loss":0,"event_name":"Fountain of Cleansing","floor":7,"gold_loss":0}],"is_beta":false,"boss_relics":[],"items_purged_floors":[],"is_endless":false,"potions_floor_spawned":[1,3],"killed_by":"Gremlin Nob","ascension_level":12}}