{"host":"dwyzfvnzfcqffr30","time":1608470247,"event":{"mods":["2.2 Compatiblity","Act Like it!","BaseMod","Beaked The Cultist","Better Altar","Better Match","Better Note","Better Sensory Stone","Better Skull","Better Third Choice","Clockwork Mod","Colored Map","Colored Powertips","Conspire","Downfall","Elementarium","GifTheSpireLib","Halation","Hermit","Hubris","Infinite Spire","Ironclad Rager","Jedi Mod","Menagerie","Mimic Mod","Minty Spire (QoL Compilation)","Permanent Neow","Random Character Button","Replay The Spire","Spicy Shops","StSLib","Stuff the Spire","The Construct","The Disciple","The Druid","TheFirefly","Trackpad","vexMod"],"gold_per_floor":[410,410,63,74,86,120,140,154,154,154,183,183,195,220,220,315,315,333,333,59,79,79,111,111,137,137,172,207,225,225,244,244,346,346,358,375,375,393,405,405,434,445,471,499,499,499],"floor_reached":45,"playtime":4680,"items_purged":["beaked:Strike_Y+1"],"score":1045,"play_id":"ccfc1b52-49ab-4a32-95b7-001c4862d03a","local_time":"20201220051727","is_ascension_mode":true,"campfire_choices":[{"floor":12,"key":"RECALL"},{"floor":15,"key":"REST"},{"floor":24,"key":"REST"},{"floor":32,"key":"REST"},{"floor":40,"key":"REST"}],"circlet_count":0,"master_deck":["AscendersBane","beaked:Strike_Y+1","beaked:Strike_Y+1","beaked:Strike_Y+1","beaked:Strike_Y+1","beaked:Strike_Y+1","beaked:Defend_Y+1","beaked:Defend_Y+1","beaked:Defend_Y+1","beaked:Defend_Y+1","beaked:Ceremony+1","beaked:Ceremony+1","beaked:Ceremony+1","MasterReality+1","beaked:Windmill+1","infinitespire:NeuralNetwork+1","beaked:Foresight+1","beaked:BraceForImpact+1","beaked:RitualOfBody+1","beaked:MimicMachine+1","beaked:KnowThyFoe+1","ICR:Cyclone+1","beaked:KnowThyFoe+1","beaked:Hexing+1","beaked:ScreechingChant+1","beaked:KnowThyFoe+1","beaked:SacrificialAttack+1","beaked:CrazyRituals+1","Parasite"],"relics":["beaked:MendingPlumage","Juzu Bracelet","hubris:EvacipatedBox","hubris:FruitBowl","Molten Egg 2","Toxic Egg 2","Frozen Egg 2","Quantum Egg","Bottled Tornado","StuffTheSpire:Expresso","Smiling Mask","trackpad:ByrdCharm","jedi:leech","Mirror","infinitespire:Joker Card","Prayer Wheel","conspire:SeveredTorchhead","Replay:Baseball","jedi:bottledfury","vexMod:BarristanHead","Replay:Ringing Soul","Red Mask","hubris:Backtick","Magic Flower","beaked:ShinyBauble","Happy Flower","StuffTheSpire:EmeraldSignet"],"acts_visited":["Exordium","TheCity","TheBeyond"],"potions_floor_usage":[16,16,16,16,23,31,35,41,41],"damage_taken":[{"damage":13,"enemies":"Jaw Worm","floor":1,"turns":5},{"damage":5,"enemies":"Cultist","floor":4,"turns":4},{"damage":0,"enemies":"Cultist","floor":5,"turns":3},{"damage":18,"enemies":"Lagavulin","floor":6,"turns":6},{"damage":6,"enemies":"Small Slimes","floor":7,"turns":4},{"damage":0,"enemies":"2 Fungi Beasts","floor":8,"turns":3},{"damage":6,"enemies":"Gremlin Nob","floor":11,"turns":4},{"damage":0,"enemies":"3 Louse","floor":13,"turns":3},{"damage":8,"enemies":"Lagavulin","floor":14,"turns":6},{"damage":0,"enemies":"The Guardian","floor":16,"turns":8},{"damage":0,"enemies":"3 Byrds","floor":18,"turns":4},{"damage":0,"enemies":"Spheric Guardian","floor":21,"turns":4},{"damage":40,"enemies":"Gremlin Leader","floor":23,"turns":6},{"damage":30,"enemies":"conspire:Head Lice","floor":25,"turns":5},{"damage":51,"enemies":"Book of Stabbing","floor":27,"turns":5},{"damage":0,"enemies":"Masked Bandits","floor":28,"turns":2},{"damage":18,"enemies":"Centurion and Healer","floor":29,"turns":7},{"damage":0,"enemies":"Snecko","floor":31,"turns":3},{"damage":3,"enemies":"Automaton","floor":33,"turns":8},{"damage":1,"enemies":"Orb Walker","floor":35,"turns":5},{"damage":17,"enemies":"3 Darklings","floor":36,"turns":7},{"damage":37,"enemies":"Spire Growth","floor":38,"turns":5},{"damage":65,"enemies":"4 Shapes","floor":39,"turns":5},{"damage":68,"enemies":"Reptomancer","floor":41,"turns":6},{"damage":0,"enemies":"Writhing Mass","floor":42,"turns":5},{"damage":5,"enemies":"Giant Head","floor":44,"turns":6},{"damage":230,"enemies":"Transient","floor":45,"turns":7}],"seed_played":"357593729072894159","potions_obtained":[{"floor":0,"key":"Toxic Potion"},{"floor":0,"key":"SpeedPotion"},{"floor":0,"key":"BlessingOfTheForge"},{"floor":1,"key":"Toxic Potion"},{"floor":6,"key":"EssenceOfSteel"},{"floor":8,"key":"EntropicBrew"},{"floor":21,"key":"Milkshake"},{"floor":23,"key":"Ancient Potion"},{"floor":35,"key":"Weak Potion"},{"floor":36,"key":"Cursed Concoction"},{"floor":37,"key":"FairyPotion"}],"is_trial":false,"path_per_floor":["M","?","$","M","M","E","M","M","T","T","E","R","M","E","R","B",null,"M","?","$","M","$","E","R","E","T","E","?","M","?","M","R","B",null,"M","M","?","M","M","R","E","M","T","E","M"],"character_chosen":"BEAKED_THE_CULTIST","items_purchased":["StuffTheSpire:Expresso","beaked:Foresight+1","Replay:Baseball","beaked:Hexing+1"],"campfire_rested":4,"item_purchase_floors":[3,3,20,20],"current_hp_per_floor":[47,34,34,44,50,43,49,50,50,50,48,48,50,50,50,50,50,50,54,54,54,54,35,51,46,46,24,39,50,50,58,58,62,62,66,70,70,63,40,61,51,74,74,74,0,0],"gold":499,"neow_bonus":"THREE_SMALL_POTIONS","is_daily":false,"chose_seed":false,"campfire_upgraded":0,"win_rate":0.0,"timestamp":1608470247,"path_taken":["M","?","$","M","M","E","M","M","T","?","E","R","M","E","R","BOSS","M","?","$","M","$","E","R","E","T","E","?","M","?","M","R","BOSS","M","M","?","M","M","R","E","M","T","E","M"],"items_purchased_type":["Relic","Card","Relic","Card"],"build_version":"2020-12-13","purchased_purges":1,"victory":false,"max_hp_per_floor":[50,50,50,50,50,50,50,50,50,50,50,50,50,50,50,50,50,50,54,54,54,54,54,54,54,54,58,58,58,58,58,58,62,62,66,70,70,70,70,70,70,74,74,74,74,74],"card_choices":[{"not_picked":["beaked:CursingBlood+1","beaked:Redirect+1"],"picked":"beaked:Windmill+1","floor":1},{"not_picked":["infinitespire:Menacing","infinitespire:Oblivion"],"picked":"infinitespire:NeuralNetwork","floor":2},{"not_picked":["beaked:Tweet+1","beaked:Cower+1"],"picked":"beaked:BraceForImpact+1","floor":4},{"not_picked":["beaked:BraceForImpact+1","beaked:DigDeeper+1"],"picked":"beaked:RitualOfBody+1","floor":5},{"not_picked":["beaked:Mantra+1","beaked:ShadowFade+1","beaked:Windmill+1"],"picked":"SKIP","floor":6},{"not_picked":["beaked:Daydream+1","beaked:FeelMyPain+1"],"picked":"beaked:MimicMachine+1","floor":7},{"not_picked":["beaked:Brace+1","beaked:Daydream+1","beaked:WindBringer+1"],"picked":"SKIP","floor":8},{"not_picked":["beaked:TuckingFeathers+1","beaked:Brace+1","beaked:Resilience+1"],"picked":"SKIP","floor":11},{"not_picked":["beaked:StunningBlow+1","beaked:WarriorEssence+1","beaked:Tweet+1"],"picked":"SKIP","floor":13},{"not_picked":["beaked:SurvivalInstinct+1","beaked:StickSmack+1"],"picked":"beaked:KnowThyFoe+1","floor":14},{"not_picked":["beaked:WildInstinct+1","ReplayTheSpireMod:Owlgaze+1"],"picked":"beaked:KnowThyFoe+1","floor":16},{"not_picked":["beaked:StunningBlow+1","beaked:Tradeoff+1","beaked:Daydream+1"],"picked":"SKIP","floor":18},{"not_picked":["beaked:Redirect+1","beaked:CursingBlood+1","beaked:TuckingFeathers+1"],"picked":"SKIP","floor":18},{"not_picked":["beaked:DigDeeper+1","beaked:Cower+1","beaked:FeelMyPain+1"],"picked":"SKIP","floor":21},{"not_picked":["beaked:Poke+1","beaked:FakeOut+1","beaked:DesperateSwing+1"],"picked":"SKIP","floor":21},{"not_picked":["beaked:StickSmack+1","beaked:Redirect+1","beaked:Foresight+1"],"picked":"SKIP","floor":23},{"not_picked":["beaked:TuckingFeathers+1","beaked:Brace+1","beaked:Caw+1"],"picked":"SKIP","floor":25},{"not_picked":["beaked:Overexert+1","beaked:Struggle+1"],"picked":"beaked:ScreechingChant+1","floor":27},{"not_picked":["beaked:Roost+1","beaked:Redirect+1","beaked:Insight+1"],"picked":"SKIP","floor":29},{"not_picked":["beaked:CursingBlood+1","beaked:HuntressEssence+1","beaked:Tradeoff+1"],"picked":"SKIP","floor":29},{"not_picked":["beaked:WarriorEssence+1","beaked:BarbedWire+1","beaked:Overexert+1"],"picked":"SKIP","floor":31},{"not_picked":["beaked:KnowThyFoe+1","beaked:DigDeep+1","beaked:FeelMyPain+1"],"picked":"SKIP","floor":31},{"not_picked":["beaked:Brainwash+1","ReplayTheSpireMod:Owlgaze+1"],"picked":"beaked:KnowThyFoe+1","floor":33},{"not_picked":["beaked:Windmill+1","beaked:Redirect+1"],"picked":"beaked:SacrificialAttack+1","floor":35},{"not_picked":["beaked:BarbedWire+1","beaked:Windmill+1","beaked:SurvivalInstinct+1"],"picked":"SKIP","floor":35},{"not_picked":["beaked:FeelMyPain+1","beaked:ShadowFade+1"],"picked":"beaked:CrazyRituals+1","floor":36},{"not_picked":["beaked:WarriorEssence+1","beaked:Roost+1","beaked:BloodForTheGods+1"],"picked":"SKIP","floor":36},{"not_picked":["beaked:WarriorSpirit+1","beaked:StunningBlow+1","beaked:Brace+1"],"picked":"SKIP","floor":38},{"not_picked":["beaked:HuntressSpirit+1","beaked:TuckingFeathers+1","beaked:Windmill+1"],"picked":"SKIP","floor":38},{"not_picked":["beaked:Overexert+1","beaked:Roost+1","beaked:Hexing+1"],"picked":"SKIP","floor":39},{"not_picked":["beaked:CursingBlood+1","beaked:Pecker+1","beaked:DesperateSwing+1"],"picked":"SKIP","floor":39},{"not_picked":["beaked:DigDeep+1","beaked:Resilience+1","ReplayTheSpireMod:Wings of Steel+1"],"picked":"SKIP","floor":41},{"not_picked":["beaked:DarkTribute+1","beaked:FeelMyPain+1","beaked:SurvivalInstinct+1"],"picked":"SKIP","floor":42},{"not_picked":["beaked:Tweet+1","beaked:StickSmack+1","beaked:Redirect+1"],"picked":"SKIP","floor":42},{"not_picked":["ReplayTheSpireMod:RavenHex+1","beaked:KnowThyFoe+1","beaked:DarkTribute+1"],"picked":"SKIP","floor":44}],"player_experience":2278557,"relics_obtained":[{"floor":6,"key":"Smiling Mask"},{"floor":9,"key":"trackpad:ByrdCharm"},{"floor":10,"key":"jedi:leech"},{"floor":11,"key":"Mirror"},{"floor":14,"key":"infinitespire:Joker Card"},{"floor":23,"key":"jedi:bottledfury"},{"floor":25,"key":"vexMod:BarristanHead"},{"floor":27,"key":"Replay:Ringing Soul"},{"floor":28,"key":"Red Mask"},{"floor":41,"key":"beaked:ShinyBauble"},{"floor":43,"key":"Happy Flower"},{"floor":44,"key":"StuffTheSpire:EmeraldSignet"}],"event_choices":[{"damage_healed":0,"gold_gain":0,"player_choice":"Simplicity","damage_taken":0,"max_hp_gain":0,"max_hp_loss":10,"event_name":"betterThird:BetterWriting","floor":4,"gold_loss":0},{"damage_healed":0,"gold_gain":0,"player_choice":"Fought Bandits","damage_taken":0,"max_hp_gain":0,"max_hp_loss":0,"event_name":"Masked Bandits","floor":28,"gold_loss":0},{"damage_healed":0,"gold_gain":0,"player_choice":"Simplicity","damage_taken":0,"max_hp_gain":0,"max_hp_loss":0,"event_name":"betterThird:BetterWriting","floor":30,"gold_loss":0},{"damage_healed":0,"gold_gain":0,"player_choice":"Got Potions","damage_taken":0,"max_hp_gain":0,"max_hp_loss":0,"event_name":"Lab","floor":37,"gold_loss":0}],"is_beta":false,"boss_relics":[{"not_picked":["beaked:FlawlessSticks","vexMod:TanglingVine","hubris:TerracottaHorce"],"picked":"conspire:SeveredTorchhead"},{"not_picked":["ReplayTheSpireMod:SealedPack","Sozu","construct:WeddingRing"],"picked":"hubris:Backtick"}],"items_purged_floors":[20],"is_endless":false,"potions_floor_spawned":[1,6,8,13,14,21,23,28,35,36],"killed_by":"Transient","ascension_level":10}}