{"host":"f7oa3d5f3fx74imu","time":1608442196,"event":{"mods":["AchievementEnabler","Aspiration","BaseMod","Better Altar","Better Third Choice","BetterRewards","Conspire","Downfall","Hubris","Infinite Spire","Lobotomy","LobotomyExtend","Minty Spire (QoL Compilation)","Replay The Spire","Shop Mod","Spicy Shops","StSLib"],"gold_per_floor":[113,894,914,929,942,942,953,988,988,988,1040,441,470,429,479,499,527,561,561,609,632,643,25,39,62,98,100,223,223,284,334,299,349,361,367,437,462,462,530,580,627,627,698,698,848,848,935,985,994,1081,1997,2173,2223,2223,2223,2441,2639,2875,2875,3088,3088,3090],"floor_reached":51,"playtime":18059,"items_purged":["Strike_B","Strike_B","Defend_B","DreamingCurrent","Pain"],"score":2115,"play_id":"15b95a3d-1b99-4e5f-9170-90e13ff3334c","local_time":"20201219212956","is_ascension_mode":true,"campfire_choices":[{"data":"Hologram","floor":6.0,"key":"SMITH"},{"data":"Creative AI","floor":7,"key":"SMITH"},{"data":"Storm","floor":30,"key":"SMITH"},{"data":"Heatsinks","floor":32,"key":"SMITH"},{"floor":42,"key":"RECALL"}],"circlet_count":0,"master_deck":["BlueStar","CENSORED","QueenOfHatred","AscendersBane","Strike_B+1","Strike_B","Defend_B+1","Zap","Dualcast+1","FieryBird","Go for the Eyes+1","Apotheosis+1","Cold Snap","Hologram+1","Gash+1","MHz","Sweeping Beam","UniverseFragment","Static Discharge","Storm+1","Variant","Creative AI+1","Jack Of All Trades","Conserve Battery+1","Self Repair","Beam Cell","Ghostly","Gash+1","Heatsinks+1","Seek","RedShoes","Gash+1","HereticApostle","Gash+1","Ball Lightning","Glacier+1","Core Surge","WhiteNight","ReplayGash+1","infinitespire:Collect","Conserve Battery+1","Transmutation"],"relics":["Cracked Core","CogitoBucket","Replay:Antivirus Software","Solar Panel","aspiration:FaultyCoupler","hubris:Reverence","MerchantsRug","aspiration:HiddenCompartment","CeramicFish","FaceOfCleric","SsserpentHead","aspiration:TomeofQuesting","BargainBundle","infinitespire:EmpoweringShard","Omamori","Anchor","Gaze_r","LetterFromLob","SkinProphecy","hubris:TenFootPole","TungstenRod","Regal Pillow","conspire:GlowingRock","Replay:Bottled Eggs","ReplayFunnel","AdjustmentMirror","infinitespire:Midas Blood","ReplayTheSpireMod:TigerMarble","Replay:Lucky Slots","Sozu","AspirationHeart","Gremlin Horn","War Paint","Snack Pack","Amita_r","InTheNameOfLoveAndHate_r","Potion Belt","Happy Flower","conspire:IceCreamScoop","CENSORED_r","infinitespire:EvilPickle","Replay:Drink Me","hubris:SphereOfDissonance","Fusion Hammer","aspiration:Legacy_Headhunter","Du-Vu Doll","Incense Burner","conspire:DeflatedDodgeball","hubris:EmptyBottle","HandDrill","hubris:Zylophone","aspiration:ArtOfWarUpgrade","infinitespire:SolderingIron","Blood Vial","SoundOfStar_r","Ice Cream","Calipers"],"acts_visited":["Exordium","TheCity","TheBeyond"],"potions_floor_usage":[10,10,16,18],"damage_taken":[{"damage":17.0,"enemies":"infinitespire:Voidling","floor":1.0,"turns":4.0},{"damage":8.0,"enemies":"Jaw Worm","floor":3.0,"turns":2.0},{"damage":4.0,"enemies":"Cultist","floor":4.0,"turns":3.0},{"damage":0.0,"enemies":"2 Fungi Beasts","floor":5.0,"turns":2.0},{"damage":2.0,"enemies":"Large Slime","floor":7.0,"turns":6.0},{"damage":10.0,"enemies":"Lagavulin","floor":8.0,"turns":6.0},{"damage":20.0,"enemies":"Gremlin Nob","floor":11.0,"turns":5.0},{"damage":30.0,"enemies":"3 Sentries","floor":13.0,"turns":5.0},{"damage":35.0,"enemies":"Jaw Worm","floor":1.0,"turns":9.0},{"damage":4,"enemies":"Small Slimes","floor":4,"turns":2},{"damage":0,"enemies":"conspire:RoseBush","floor":5,"turns":2},{"damage":9,"enemies":"3 Sentries","floor":6,"turns":6},{"damage":19,"enemies":"Lagavulin","floor":8,"turns":8},{"damage":9,"enemies":"2 Fungi Beasts","floor":10,"turns":11},{"damage":0,"enemies":"Looter","floor":12,"turns":3},{"damage":0,"enemies":"Blue Slaver","floor":13,"turns":2},{"damage":0,"enemies":"3 Louse","floor":14,"turns":3},{"damage":0,"enemies":"Slime Boss","floor":16,"turns":6},{"damage":70,"enemies":"Spheric Guardian","floor":18,"turns":8},{"damage":0,"enemies":"Chosen","floor":22,"turns":4},{"damage":0,"enemies":"Snake Plant","floor":24,"turns":8},{"damage":0,"enemies":"Nightmare","floor":25,"turns":6},{"damage":83,"enemies":"Slavers","floor":27,"turns":5},{"damage":13,"enemies":"Gremlin Leader","floor":29,"turns":3},{"damage":22,"enemies":"Cultist and Chosen","floor":31,"turns":6},{"damage":0,"enemies":"Pondfish","floor":33,"turns":8},{"damage":0,"enemies":"Orb Walker","floor":35,"turns":2},{"damage":0,"enemies":"3 Shapes","floor":38,"turns":2},{"damage":28,"enemies":"Nightmare","floor":40,"turns":4},{"damage":8,"enemies":"3 Darklings","floor":44,"turns":2},{"damage":10,"enemies":"R_Hoarder","floor":45,"turns":3},{"damage":0,"enemies":"4 Shapes","floor":46,"turns":2},{"damage":0,"enemies":"Nemesis","floor":48,"turns":3},{"damage":3,"enemies":"FixerMidnight","floor":50,"turns":8},{"damage":0,"enemies":"Malkuth","floor":51,"turns":3},{"damage":0,"enemies":"Yesod","floor":51,"turns":4},{"damage":82,"enemies":"Tiphereth","floor":51,"turns":9},{"damage":0,"enemies":"Hokma","floor":51,"turns":12},{"damage":3,"enemies":"Angela","floor":51,"turns":10}],"seed_played":"-225209449270009416","potions_obtained":[{"floor":4.0,"key":"Strength Potion"},{"floor":5.0,"key":"Adrenaline Potion"},{"floor":8,"key":"SkillPotion"},{"floor":14,"key":"Adrenaline Potion"},{"floor":16,"key":"EssenceOfSteel"}],"is_trial":false,"path_per_floor":["M","$","M","M","M","R","M","E","T","?","E","$","E","M","?","?","M","M","E","R","E","T","M","$","M","M","M","R","B",null,"M","?","?","?","M","E","M","NM","T","E","?","E","R","M","R","B",null,"M","T","AVR","M","$","NM","?","R","T","M","E","M","R","E","R","B",null],"character_chosen":"DEFECT","items_purchased":["Replay:Antivirus Software","Solar Panel","aspiration:FaultyCoupler","hubris:Reverence","MerchantsRug","Apotheosis","Cold Snap","Hologram","Guide Book","BargainBundle","infinitespire:EmpoweringShard","Omamori","Anchor","Jack Of All Trades","Conserve Battery","Self Repair","DistilledChaos","SkillPotion","infinitespire:Midas Blood","ReplayTheSpireMod:TigerMarble","Replay:Lucky Slots","Du-Vu Doll","Incense Burner","conspire:DeflatedDodgeball","hubris:EmptyBottle","HandDrill","hubris:Zylophone","Transmutation"],"campfire_rested":0,"item_purchase_floors":[2,2,2,2,2,2,2,2,2,12,12,12,12,12,12,12,12,12,11,11,11,39,39,39,39,39,39,39],"current_hp_per_floor":[51,51,45,41,41,41,39,35,35,35,18,18,22,22,22,26,35,38,38,37,37,67,67,70,75,78,71,81,81,56,56,56,106,109,136,112,115,115,86,86,99,99,127,127,140,105,109,109,109,113,113,93,93,93,93,116,130,137,137,142,142,143],"gold":3104,"neow_bonus":"","is_daily":false,"chose_seed":false,"campfire_upgraded":4,"win_rate":0.0,"timestamp":1608442196,"path_taken":["M","$","M","?","M","R","M","E","T","?","E","$","E","M","?","?","M","M","E","R","E","T","M","$","M","M","M","R","BOSS","M","?","?","?","M","E","?","NM","T","E","?","E","R","?","R","BOSS","M","?","AVR","M","$","NM","?","R","T","?","E","?","R","E","R","BOSS"],"items_purchased_type":["Relic","Relic","Relic","Relic","Relic","Card","Card","Card","Relic","Relic","Relic","Relic","Relic","Card","Card","Card","Potion","Potion","Relic","Relic","Relic","Relic","Relic","Relic","Relic","Relic","Relic","Card"],"build_version":"2020-12-13","purchased_purges":5,"victory":true,"max_hp_per_floor":[75,75,75,75,75,75,75,75,75,75,76,76,52,52,52,55,58,61,61,64,64,69,69,72,75,78,78,81,81,96,96,96,106,109,149,112,115,115,122,122,126,126,133,133,140,105,109,109,109,115,115,119,119,119,119,128,132,139,139,143,143,148],"card_choices":[{"not_picked":["Yin","Laetitia"],"picked":"FieryBird","floor":1.0},{"not_picked":["Hello World","Barrage"],"picked":"Go for the Eyes","floor":1.0},{"not_picked":["Funeral","CherryBlossoms"],"picked":"HeroicMonk","floor":3.0},{"not_picked":["Streamline","Redo"],"picked":"Gash","floor":3.0},{"not_picked":["LittleHelper","UniverseFragment"],"picked":"MHz","floor":4.0},{"not_picked":["Stack","Coolheaded"],"picked":"Sweeping Beam","floor":4.0},{"not_picked":["FairyFestival","Murderer","CrumblingArmor"],"picked":"Singing Bowl","floor":5.0},{"not_picked":["MeatLantern","RedShoes"],"picked":"UniverseFragment","floor":5.0},{"not_picked":["Hyperbeam","Barrage","Streamline"],"picked":"SKIP","floor":5.0},{"not_picked":["BasicCrystalCard","Sweeping Beam"],"picked":"Static Discharge","floor":7.0},{"not_picked":["SpiderBud","Wellcheers","Funeral"],"picked":"Singing Bowl","floor":8.0},{"not_picked":["Scorched","RedShoes"],"picked":"OSAHOGD","floor":8.0},{"not_picked":["Hologram","Blizzard"],"picked":"Storm","floor":8.0},{"not_picked":["Scorched","Bloodbath"],"picked":"Variant","floor":11.0},{"not_picked":["Panic Button","ReplayTheSpireMod:Calculation Training"],"picked":"Creative AI","floor":11.0},{"not_picked":["Bloodbath","CherryBlossoms","Wellcheers"],"picked":"Singing Bowl","floor":1.0},{"not_picked":["PunishingBird","OldLady"],"picked":"QueenOfHatred","floor":1.0},{"not_picked":["Compile Driver","Rip and Tear"],"picked":"Beam Cell","floor":1.0},{"not_picked":["FairyFestival","MeatLantern"],"picked":"VoidDream","floor":4},{"not_picked":["ReplaySolidLightProjector","ReplayTheSpireMod:GoodbyeWorld","Multi-Cast"],"picked":"SKIP","floor":4},{"not_picked":["Coolheaded","ReplayTheSpireMod:Calculation Training"],"picked":"Gash","floor":5},{"not_picked":["Turbo","Storm"],"picked":"Heatsinks","floor":6},{"not_picked":["CherryBlossoms","Murderer"],"picked":"DreamingCurrent","floor":8},{"not_picked":["Chill","Crystallizer"],"picked":"Seek","floor":8},{"not_picked":["Force Field","aspiration:Polymerization","ReplayRNGCard"],"picked":"SKIP","floor":10},{"not_picked":["Leap","Turbo","Storm"],"picked":"SKIP","floor":12},{"not_picked":["Bloodbath","ShyLook"],"picked":"RedShoes","floor":13},{"not_picked":["Cold Snap","FIFO Queue","Compile Driver"],"picked":"SKIP","floor":13},{"not_picked":["Go for the Eyes","Compile Driver"],"picked":"Gash","floor":14},{"not_picked":["MeltingLove","ShyLook","Bloodbath"],"picked":"Singing Bowl","floor":16},{"not_picked":["HappyTeddy","NothingThere"],"picked":"Rudolta","floor":16},{"not_picked":["Thunder Strike","hubris:DoWhile"],"picked":"Seek","floor":16},{"not_picked":["BeautyBeast","ShyLook"],"picked":"GreedKing","floor":18},{"not_picked":["Storm","Redo"],"picked":"Gash","floor":18},{"not_picked":["FTL","Streamline","ReplayTheSpireMod:GoodbyeWorld+1"],"picked":"SKIP","floor":22},{"not_picked":["Scorched","LaLuna","SpiderBud"],"picked":"Singing Bowl","floor":24},{"not_picked":["Streamline","Barrage+1","Coolheaded"],"picked":"SKIP","floor":24},{"not_picked":["Coolheaded","ReplayTheSpireMod:GoodbyeWorld","Scrape"],"picked":"SKIP","floor":25},{"not_picked":["Yin","PunishingBird"],"picked":"CENSORED","floor":27},{"not_picked":["Self Repair","Barrage"],"picked":"Ball Lightning","floor":27},{"not_picked":["SnowQueen","MeatLantern"],"picked":"BlueStar","floor":29},{"not_picked":["Fission","Panic Button"],"picked":"Glacier+1","floor":29},{"not_picked":["Doom and Gloom","ReplayTheSpireMod:Repulse","Rebound"],"picked":"SKIP","floor":31},{"not_picked":["Buffer","All For One"],"picked":"Core Surge","floor":33},{"not_picked":["PunishingBird","Bloodbath"],"picked":"WhiteNight","floor":35},{"not_picked":["Cold Snap+1","Turbo+1"],"picked":"ReplayGash+1","floor":35},{"not_picked":["Streamline+1","Steam+1"],"picked":"Conserve Battery+1","floor":38},{"not_picked":["Beam Cell","Go for the Eyes+1","Recycle"],"picked":"SKIP","floor":40},{"not_picked":["Gash+1","ReplayGash+1","Consume"],"picked":"SKIP","floor":44},{"not_picked":["Fusion+1","Melter","Defragment+1"],"picked":"SKIP","floor":45},{"not_picked":["Sunder","Chaos","ReplayTheSpireMod:Fabricate Wheel"],"picked":"SKIP","floor":46},{"not_picked":["Consume","Panic Button+1","Coolheaded"],"picked":"SKIP","floor":48}],"player_experience":235487,"relics_obtained":[{"floor":1.0,"key":"LetterFromLob"},{"floor":8.0,"key":"aspiration:HiddenCompartment"},{"floor":9.0,"key":"CeramicFish"},{"floor":11.0,"key":"aspiration:TomeofQuesting"},{"floor":1.0,"key":"LetterFromLob"},{"floor":6,"key":"conspire:GlowingRock"},{"floor":8,"key":"Replay:Bottled Eggs"},{"floor":9,"key":"ReplayFunnel"},{"floor":25,"key":"War Paint"},{"floor":26,"key":"Snack Pack"},{"floor":27,"key":"Potion Belt"},{"floor":29,"key":"conspire:IceCreamScoop"},{"floor":36,"key":"hubris:SphereOfDissonance"},{"floor":40,"key":"Art of War"},{"floor":45,"key":"infinitespire:SolderingIron"},{"floor":48,"key":"Blood Vial"}],"event_choices":[{"damage_healed":0.0,"max_hp_gain":0.0,"max_hp_loss":0.0,"gold_gain":0.0,"event_name":"FaceTrader","player_choice":"Trade","floor":10.0,"gold_loss":0.0,"damage_taken":0.0,"relics_obtained":["NlothsMask"]},{"damage_healed":0.0,"max_hp_gain":0.0,"max_hp_loss":0.0,"gold_gain":0.0,"event_name":"conspire:LoneGhost","player_choice":"Argue","floor":2.0,"gold_loss":0.0,"damage_taken":0.0},{"damage_healed":0,"gold_gain":0,"player_choice":"Relic ","damage_taken":12,"max_hp_gain":0,"max_hp_loss":0,"event_name":"betterThird:BetterScrap","floor":3,"gold_loss":0,"cards_obtained":["ReplayTheSpireMod:LeadingStrike"]},{"damage_healed":78,"gold_gain":0,"player_choice":"Upgrade","damage_taken":16,"max_hp_gain":0,"max_hp_loss":78,"event_name":"betterThird:BetterShining","floor":15,"gold_loss":0,"cards_upgraded":["Strike_B","Conserve Battery"]},{"cards_removed":["HeroicMonk"],"damage_healed":0,"gold_gain":0,"player_choice":"Elegance","damage_taken":0,"max_hp_gain":0,"max_hp_loss":0,"event_name":"betterThird:BetterWriting","floor":19,"gold_loss":0},{"damage_healed":0,"gold_gain":0,"player_choice":"Obtained Relic","damage_taken":0,"relics_obtained":["Gremlin Horn"],"max_hp_gain":0,"max_hp_loss":0,"event_name":"Addict","floor":20,"gold_loss":85},{"cards_removed":["Seek"],"damage_healed":40,"gold_gain":0,"player_choice":"Offered Rare","damage_taken":0,"max_hp_gain":10,"max_hp_loss":0,"event_name":"Bonfire Elementals","floor":21,"gold_loss":0},{"damage_healed":0,"gold_gain":0,"player_choice":"Opened","damage_taken":0,"relics_obtained":["Happy Flower"],"max_hp_gain":0,"max_hp_loss":0,"event_name":"The Mausoleum","floor":28,"gold_loss":0,"cards_obtained":["Writhe"]},{"cards_removed":["VoidDream"],"damage_healed":0,"gold_gain":0,"player_choice":"Purged","damage_taken":0,"max_hp_gain":0,"max_hp_loss":0,"event_name":"Purifier","floor":41,"gold_loss":0}],"is_beta":false,"boss_relics":[{"not_picked":["Busted Crown","hubris:BlackHole"],"picked":"Sozu"},{"not_picked":["aspiration:SilentSkillbook","Tiny House"],"picked":"Replay:Drink Me"}],"items_purged_floors":[2,12,11,37,39],"is_endless":false,"potions_floor_spawned":[4,5,13,6,8,13,14,16,27,29,31,38,45,46],"ascension_level":10}}