{"host":"ohkiwbq44sungglx","time":1608484496,"event":{"mods":["BaseMod","BetterRewards","Minty Spire (QoL Compilation)","StSLib"],"gold_per_floor":[113,113,124,199,199,230,107,127,127,127,9,9,9,33,33,156,156,179,192,216,216,216],"floor_reached":21,"playtime":670,"items_purged":["Defend_B"],"score":235,"play_id":"28eaa5ae-7942-40f5-a864-4ab907914263","local_time":"20201220121456","is_ascension_mode":true,"campfire_choices":[{"data":"Electrodynamics","floor":10,"key":"SMITH"},{"data":"Zap","floor":12,"key":"SMITH"},{"data":"Glacier","floor":15,"key":"SMITH"}],"circlet_count":0,"master_deck":["Strike_B","Strike_B","Strike_B","Strike_B","Defend_B","Defend_B","Defend_B","Zap+1","Dualcast","Skim","Sweeping Beam","Electrodynamics+1","Static Discharge","Lockon","Glacier+1","Echo Form","Cold Snap+1"],"relics":["Cracked Core","NeowsBlessing","Golden Idol","Smiling Mask","The Courier","PreservedInsect","Snecko Eye"],"acts_visited":["Exordium","TheCity"],"potions_floor_usage":[],"damage_taken":[{"damage":6,"enemies":"Small Slimes","floor":1,"turns":2},{"damage":0,"enemies":"Cultist","floor":3,"turns":1},{"damage":0,"enemies":"Lagavulin","floor":6,"turns":1},{"damage":6,"enemies":"2 Louse","floor":8,"turns":2},{"damage":13,"enemies":"Blue Slaver","floor":14,"turns":2},{"damage":24,"enemies":"Hexaghost","floor":16,"turns":12},{"damage":21,"enemies":"Shell Parasite","floor":18,"turns":4},{"damage":12,"enemies":"Chosen","floor":19,"turns":4},{"damage":30,"enemies":"Snake Plant","floor":20,"turns":4},{"damage":8,"enemies":"Chosen and Byrds","floor":21,"turns":1}],"seed_played":"-6133874213683391527","potions_obtained":[{"floor":3,"key":"Fire Potion"},{"floor":8,"key":"Strength Potion"},{"floor":19,"key":"SpeedPotion"}],"is_trial":false,"path_per_floor":["M","?","M","?","?","E","$","M","T","R","$","R","$","M","R","B",null,"M","M","M","M"],"character_chosen":"DEFECT","items_purchased":["Static Discharge","PreservedInsect"],"campfire_rested":0,"item_purchase_floors":[7,11],"current_hp_per_floor":[69,69,69,58,58,58,58,52,52,52,52,52,52,39,39,15,69,48,36,6,0,0],"gold":216,"neow_bonus":"THREE_ENEMY_KILL","is_daily":false,"chose_seed":false,"campfire_upgraded":3,"win_rate":0.0,"timestamp":1608484496,"path_taken":["M","?","?","?","?","E","?","M","T","R","$","R","$","M","R","BOSS","M","M","?","M"],"items_purchased_type":["Card","Relic"],"build_version":"2020-12-13","purchased_purges":1,"victory":false,"max_hp_per_floor":[75,75,75,75,69,69,69,69,69,69,69,69,69,69,69,69,69,69,69,69,69,69],"card_choices":[{"not_picked":["Coolheaded","Stack"],"picked":"Skim","floor":1},{"not_picked":["Leap","Redo"],"picked":"Sweeping Beam","floor":3},{"not_picked":["White Noise","Consume"],"picked":"Electrodynamics","floor":6},{"not_picked":["Turbo","Chaos"],"picked":"Lockon","floor":8},{"not_picked":["Chill","Cold Snap"],"picked":"Glacier","floor":14},{"not_picked":["Fission","Thunder Strike"],"picked":"Echo Form","floor":16},{"not_picked":["Streamline","BootSequence+1","Undo"],"picked":"SKIP","floor":18},{"not_picked":["Streamline","Lockon","Tempest"],"picked":"SKIP","floor":19},{"not_picked":["Compile Driver","Redo"],"picked":"Cold Snap+1","floor":20}],"player_experience":84952,"relics_obtained":[{"floor":6,"key":"Smiling Mask"},{"floor":9,"key":"The Courier"}],"event_choices":[{"damage_healed":0,"gold_gain":0,"player_choice":"Ignored","damage_taken":0,"max_hp_gain":0,"max_hp_loss":0,"event_name":"Accursed Blacksmith","floor":2,"gold_loss":0},{"damage_healed":0,"gold_gain":75,"player_choice":"Gather Gold","damage_taken":11,"max_hp_gain":0,"max_hp_loss":0,"event_name":"World of Goop","floor":4,"gold_loss":0},{"damage_healed":0,"gold_gain":0,"player_choice":"Lose Max HP","damage_taken":0,"relics_obtained":["Golden Idol"],"max_hp_gain":0,"max_hp_loss":6,"event_name":"Golden Idol","floor":5,"gold_loss":0}],"is_beta":false,"boss_relics":[{"not_picked":["Runic Dome","Tiny House"],"picked":"Snecko Eye"}],"items_purged_floors":[7],"is_endless":false,"potions_floor_spawned":[3,8,19],"killed_by":"Chosen and Byrds","ascension_level":3}}