{"host":"yk98keyoflza93y0","time":1608428481,"event":{"mods":["AchievementEnabler","BaseMod","BetterRewards","Card Forge","Colored Map","DeckTracker","Minty Spire (QoL Compilation)","Shop Mod","StSLib","SuperFastMode","The Poker Player"],"gold_per_floor":[112,112,50,68,68,112,112,126,126,169,188,232,257,207,207,296,296,315,315,315,315,180,211,245,276,303,317,90,113,156,177,177,272,272,287,287,310,222,222,257,257,296,296,296,629,654,654,670,670,670,670,670,7534,7568,7568],"floor_reached":56,"playtime":4469,"items_purged":["PokerPlayerMod:Diamond2","PokerPlayerMod:Spade1","PokerPlayerMod:Diamond3","PokerPlayerMod:Spade2","PokerPlayerMod:Heart2","PokerPlayerMod:Diamond5"],"score":2897,"play_id":"dbc08800-6e5a-4869-839f-a00fe2e903f0","local_time":"20201220104121","is_ascension_mode":true,"metric_token":734,"campfire_choices":[{"data":"PokerPlayerMod:TrumpStrike","floor":7,"key":"SMITH"},{"data":"PokerPlayerMod:Mulligan","floor":15,"key":"SMITH"},{"floor":32,"key":"RECALL"},{"data":"PokerPlayerMod:Club8","floor":44,"key":"SMITH"},{"data":"PokerPlayerMod:Club9","floor":47,"key":"SMITH"},{"data":"PokerPlayerMod:Spade3","floor":49,"key":"PURGE"},{"data":"PokerPlayerMod:Diamond4","floor":52,"key":"PURGE"}],"circlet_count":1,"master_deck":["AscendersBane","PokerPlayerMod:Spade7","PokerPlayerMod:TrumpStrike+1","PokerPlayerMod:BadJoker+1","PokerPlayerMod:Mulligan+1","PokerPlayerMod:Club8","PokerPlayerMod:Diamond7","PokerPlayerMod:Club10+","PokerPlayerMod:CardBurn+1","PokerPlayerMod:Club10+","PokerPlayerMod:WildCard+1","PokerPlayerMod:WildCard+1","PokerPlayerMod:Spade8","PokerPlayerMod:Diamond10+","PokerPlayerMod:ClubShade+1","Thinking Ahead"],"relics":["PokerPlayerMod:DeckCase","Hammer of Thor","Seething Fire","Anvil of the Gods","Peace Pipe","PokerPlayerMod:BrokenClock","Membership Card","PokerPlayerMod:StuffedPocket","Mummified Hand","Tiny Chest","Lizard Tail","PokerPlayerMod:EnergeticBat","StoneCalendar","CaptainsWheel","Bird Faced Urn","PokerPlayerMod:CoolBox","Oddly Smooth Stone","Pear","Empty Cage","StrikeDummy","Enchiridion","Medical Kit","Frozen Egg 2","Red Mask","Letter Opener","PreservedInsect","ClockworkSouvenir","Juzu Bracelet","Sozu","HornCleat","War Paint","Thread and Needle","The Courier","Torii","Calipers","PokerPlayerMod:PenAndEraser","Mercury Hourglass","Ginger","PokerPlayerMod:ClubPass","Gambling Chip","Shuriken","Incense Burner","Happy Flower","Bottled Lightning","White Beast Statue","Orichalcum","Anchor","Nunchaku","Du-Vu Doll","Pantograph","Blood Vial","Eternal Feather","Lantern","Sundial","Strawberry","Pen Nib","Ornamental Fan","FossilizedHelix","Akabeko","TungstenRod","Whetstone","Bronze Scales","Ice Cream","PokerPlayerMod:Splitter","Mango","Turnip","PokerPlayerMod:JackpotMachine","Vajra","Circlet"],"acts_visited":["Exordium","TheCity","TheBeyond","TheEnding"],"potions_floor_usage":[13,16,25],"damage_taken":[{"damage":0,"enemies":"2 Louse","floor":1,"turns":1},{"damage":0,"enemies":"Cultist","floor":4,"turns":2},{"damage":15,"enemies":"Gremlin Nob","floor":6,"turns":4},{"damage":0,"enemies":"Jaw Worm","floor":8,"turns":2},{"damage":0,"enemies":"3 Sentries","floor":10,"turns":4},{"damage":0,"enemies":"3 Louse","floor":11,"turns":2},{"damage":0,"enemies":"Lagavulin","floor":12,"turns":3},{"damage":0,"enemies":"Looter","floor":13,"turns":2},{"damage":34,"enemies":"Hexaghost","floor":16,"turns":6},{"damage":0,"enemies":"Spheric Guardian","floor":18,"turns":2},{"damage":12,"enemies":"Slavers","floor":23,"turns":2},{"damage":0,"enemies":"Masked Bandits","floor":24,"turns":1},{"damage":9,"enemies":"Book of Stabbing","floor":25,"turns":4},{"damage":0,"enemies":"Chosen","floor":27,"turns":2},{"damage":0,"enemies":"3 Cultists","floor":29,"turns":1},{"damage":0,"enemies":"Gremlin Leader","floor":30,"turns":3},{"damage":0,"enemies":"Shelled Parasite and Fungi","floor":31,"turns":1},{"damage":8,"enemies":"Collector","floor":33,"turns":7},{"damage":0,"enemies":"3 Shapes","floor":35,"turns":1},{"damage":0,"enemies":"Orb Walker","floor":37,"turns":1},{"damage":0,"enemies":"Giant Head","floor":40,"turns":4},{"damage":0,"enemies":"Reptomancer","floor":42,"turns":2},{"damage":0,"enemies":"Mind Bloom Boss Battle","floor":46,"turns":2},{"damage":0,"enemies":"Sphere and 2 Shapes","floor":48,"turns":1},{"damage":0,"enemies":"Time Eater","floor":50,"turns":4},{"damage":0,"enemies":"Shield and Spear","floor":54,"turns":1},{"damage":0,"enemies":"The Heart","floor":55,"turns":5}],"seed_played":"5268187494308303472","potions_obtained":[{"floor":1,"key":"SkillPotion"},{"floor":10,"key":"FearPotion"},{"floor":13,"key":"Fruit Juice"},{"floor":16,"key":"EssenceOfSteel"},{"floor":25,"key":"Fire Potion"},{"floor":27,"key":"FairyPotion"}],"is_trial":false,"path_per_floor":["M","?","$","M","?","E","R","M","T","E","M","E","M","$","R","B",null,"M","?","T","?","$","E","?","E","T","M","$","M","E","M","R","B",null,"M","?","M","$","T","E","?","E","T","R","?","?","R","M","R","B",null,"R","$","E","B",null],"character_chosen":"THE_POKER_PLAYER","items_purchased":["PokerPlayerMod:BrokenClock","Membership Card","Mummified Hand","Tiny Chest","StoneCalendar","Bird Faced Urn","PokerPlayerMod:Diamond7","Medical Kit","PokerPlayerMod:Diamond10+","ClockworkSouvenir","Calipers","PokerPlayerMod:PenAndEraser","Mercury Hourglass","Ginger","PokerPlayerMod:ClubPass","Gambling Chip","Shuriken","Incense Burner","Happy Flower","Bottled Lightning","White Beast Statue","Orichalcum","Anchor","Nunchaku","Du-Vu Doll","Pantograph","Blood Vial","Eternal Feather","Lantern","Sundial","Strawberry","Pen Nib","Ornamental Fan","FossilizedHelix","Akabeko","TungstenRod","Whetstone","Bronze Scales","Ice Cream","PokerPlayerMod:Splitter","Mango","Turnip","PokerPlayerMod:JackpotMachine","Vajra"],"campfire_rested":0,"item_purchase_floors":[0,0,0,0,0,0,3,22,28,28,53,53,53,53,53,53,53,53,53,53,53,53,53,53,53,53,53,53,53,53,53,53,53,53,53,53,53,53,53,53,53,53,53,53],"current_hp_per_floor":[43,43,43,43,31,18,18,20,20,26,28,40,45,45,45,14,51,53,53,53,37,37,27,61,63,63,63,63,63,63,63,63,58,62,63,63,63,63,63,63,53,57,57,57,57,61,61,63,63,63,63,63,84,84,84],"gold":7568,"neow_bonus":"","is_daily":false,"chose_seed":false,"campfire_upgraded":4,"win_rate":0.0,"timestamp":1608428481,"path_taken":["M","?","$","M","?","E","R","M","T","E","M","E","M","$","R","BOSS","M","?","?","?","$","E","?","E","T","M","$","M","E","M","R","BOSS","M","?","M","$","?","E","?","E","T","R","?","?","R","M","R","BOSS","R","$","E","BOSS"],"items_purchased_type":["Relic","Relic","Relic","Relic","Relic","Relic","Card","Relic","Undefined","Relic","Relic","Relic","Relic","Relic","Relic","Relic","Relic","Relic","Relic","Relic","Relic","Relic","Relic","Relic","Relic","Relic","Relic","Relic","Relic","Relic","Relic","Relic","Relic","Relic","Relic","Relic","Relic","Relic","Relic","Relic","Relic","Relic","Relic","Relic"],"build_version":"2020-12-13","purchased_purges":6,"victory":true,"max_hp_per_floor":[48,48,48,48,48,48,48,48,48,48,48,58,63,63,63,63,63,63,63,63,63,63,63,63,63,63,63,63,63,63,63,63,63,63,63,63,63,63,63,63,63,63,63,63,63,63,63,63,63,63,63,63,84,84,84],"card_choices":[{"not_picked":["PokerPlayerMod:SpadeStrike","PokerPlayerMod:MagicTrick","PokerPlayerMod:DiamondStrike"],"picked":"SKIP","floor":1},{"not_picked":["PokerPlayerMod:SpadeStrike","PokerPlayerMod:Diamond2"],"picked":"PokerPlayerMod:Club8","floor":4},{"not_picked":["PokerPlayerMod:SecondChance","PokerPlayerMod:Heart1","PokerPlayerMod:RiskyBet"],"picked":"SKIP","floor":6},{"not_picked":["PokerPlayerMod:Configure","PokerPlayerMod:DiamondStrike"],"picked":"PokerPlayerMod:CardBurn","floor":8},{"not_picked":["PokerPlayerMod:Diamond5","PokerPlayerMod:Diamond3","PokerPlayerMod:MagicTrick"],"picked":"SKIP","floor":10},{"not_picked":["PokerPlayerMod:Diamond4","PokerPlayerMod:Extraction","PokerPlayerMod:Diamond1"],"picked":"SKIP","floor":11},{"not_picked":["PokerPlayerMod:PoorCopy","PokerPlayerMod:Diamond2"],"picked":"PokerPlayerMod:Club9","floor":12},{"not_picked":["PokerPlayerMod:Heart5","PokerPlayerMod:Spade2","PokerPlayerMod:Club2"],"picked":"SKIP","floor":13},{"not_picked":["PokerPlayerMod:Duplicate","PokerPlayerMod:Club9"],"picked":"PokerPlayerMod:WildCard","floor":16},{"not_picked":["PokerPlayerMod:Sharpen","PokerPlayerMod:DartThrow","PokerPlayerMod:Configure"],"picked":"SKIP","floor":18},{"not_picked":["PokerPlayerMod:HeartStrike","PokerPlayerMod:Club4","PokerPlayerMod:Spade4"],"picked":"SKIP","floor":23},{"not_picked":["PokerPlayerMod:Spade2","PokerPlayerMod:DamnStraight+1"],"picked":"PokerPlayerMod:Spade8","floor":25},{"not_picked":["PokerPlayerMod:Trickery","PokerPlayerMod:PoorCopy","PokerPlayerMod:DiamondStrike"],"picked":"SKIP","floor":27},{"not_picked":["PokerPlayerMod:Configure","PokerPlayerMod:Spade2","PokerPlayerMod:CardBurn"],"picked":"SKIP","floor":29},{"not_picked":["PokerPlayerMod:DamnStraight+1","PokerPlayerMod:Club4","PokerPlayerMod:SpadeStrike"],"picked":"SKIP","floor":30},{"not_picked":["PokerPlayerMod:Diamond1","PokerPlayerMod:HeartStrike","PokerPlayerMod:Diamond4"],"picked":"SKIP","floor":31},{"not_picked":["PokerPlayerMod:FillThePot","PokerPlayerMod:Configure+1"],"picked":"PokerPlayerMod:ClubShade+1","floor":35},{"not_picked":["PokerPlayerMod:Spade2","PokerPlayerMod:Club1","PokerPlayerMod:MagicTrick"],"picked":"SKIP","floor":37},{"not_picked":["PokerPlayerMod:Diamond4","PokerPlayerMod:Heart8","PokerPlayerMod:PoorCopy"],"picked":"SKIP","floor":40},{"not_picked":["The Bomb","Swift Strike"],"picked":"Thinking Ahead","floor":41},{"not_picked":["PokerPlayerMod:Club3","PokerPlayerMod:Diamond2","PokerPlayerMod:Diamond1"],"picked":"SKIP","floor":42},{"not_picked":["PokerPlayerMod:Club5","PokerPlayerMod:Diamond8","PokerPlayerMod:Diamond6"],"picked":"SKIP","floor":48},{"not_picked":["PokerPlayerMod:Club4","PokerPlayerMod:HotShotCut","PokerPlayerMod:Club2"],"picked":"SKIP","floor":54}],"player_experience":1497386,"relics_obtained":[{"floor":6,"key":"PokerPlayerMod:CoolBox"},{"floor":10,"key":"Oddly Smooth Stone"},{"floor":12,"key":"Pear"},{"floor":20,"key":"StrikeDummy"},{"floor":21,"key":"Enchiridion"},{"floor":23,"key":"Frozen Egg 2"},{"floor":24,"key":"Red Mask"},{"floor":25,"key":"Letter Opener"},{"floor":26,"key":"PreservedInsect"},{"floor":30,"key":"Juzu Bracelet"},{"floor":39,"key":"HornCleat"},{"floor":40,"key":"War Paint"},{"floor":42,"key":"Thread and Needle"},{"floor":43,"key":"The Courier"},{"floor":46,"key":"Torii"},{"floor":54,"key":"Circlet"}],"event_choices":[{"damage_healed":0,"gold_gain":0,"cards_transformed":["PokerPlayerMod:Diamond1"],"player_choice":"Change","damage_taken":0,"max_hp_gain":0,"max_hp_loss":0,"event_name":"Living Wall","floor":2,"gold_loss":0,"cards_obtained":["PokerPlayerMod:Club5"]},{"damage_healed":0,"gold_gain":0,"player_choice":"Take Damage","damage_taken":12,"relics_obtained":["Golden Idol"],"max_hp_gain":0,"max_hp_loss":0,"event_name":"Golden Idol","floor":5,"gold_loss":0},{"damage_healed":0,"gold_gain":0,"player_choice":"Copied","damage_taken":0,"max_hp_gain":0,"max_hp_loss":0,"event_name":"Duplicator","floor":19,"gold_loss":0,"cards_obtained":["PokerPlayerMod:WildCard"]},{"damage_healed":0,"gold_gain":0,"player_choice":"Obtained Book","damage_taken":16,"max_hp_gain":0,"max_hp_loss":0,"event_name":"Cursed Tome","floor":21,"gold_loss":0},{"damage_healed":0,"gold_gain":0,"player_choice":"Fought Bandits","damage_taken":0,"max_hp_gain":0,"max_hp_loss":0,"event_name":"Masked Bandits","floor":24,"gold_loss":0},{"damage_healed":0,"gold_gain":0,"player_choice":"Forge","damage_taken":0,"max_hp_gain":0,"max_hp_loss":0,"event_name":"Accursed Blacksmith","floor":36,"gold_loss":0,"cards_upgraded":["PokerPlayerMod:Club10"]},{"damage_healed":0,"gold_gain":0,"player_choice":"Memory 3","damage_taken":10,"max_hp_gain":0,"max_hp_loss":0,"event_name":"SensoryStone","floor":41,"gold_loss":0},{"damage_healed":0,"gold_gain":333,"player_choice":"Gave Idol","damage_taken":0,"max_hp_gain":0,"max_hp_loss":0,"event_name":"The Moai Head","floor":45,"relics_lost":["Golden Idol"],"gold_loss":0},{"damage_healed":0,"gold_gain":0,"player_choice":"Fight","damage_taken":0,"max_hp_gain":0,"max_hp_loss":0,"event_name":"MindBloom","floor":46,"gold_loss":0}],"is_beta":false,"boss_relics":[{"not_picked":["Calling Bell","Velvet Choker"],"picked":"Empty Cage"},{"not_picked":["Astrolabe","Cursed Key"],"picked":"Sozu"}],"items_purged_floors":[3,14,22,28,38,53],"is_endless":false,"potions_floor_spawned":[1,10,12,13,16,25,27,29,30,35,42,46,54],"ascension_level":14}}