{"host":"d1za9dvx43o9v494","time":1608502101,"event":{"mods":["2.2 Compatiblity","BaseMod","Better-Laid Plans","Colored Map","Downfall","Emptier Cage","Marked Mod","Minty Spire (QoL Compilation)","Permanent Neow","StSLib","The Dragon Tamer","The Marked"],"gold_per_floor":[109,124,124,124,124,168,168,184,184,184,228,247,280,280,280,404,404,422,422,422,438,451,485,485,512,512,527,544,558,578,578,578,680,680,696,707,438,438,438,438,467,517,517,517,563,563,563,580,580,580,580,580,285,314,314],"floor_reached":56,"playtime":2780,"items_purged":["theMarked:Strike"],"score":1183,"play_id":"8ca64a2b-5c8d-4d81-a7d8-e07193aaebbc","local_time":"20201221010821","is_ascension_mode":false,"campfire_choices":[{"data":"theMarked:BanishingStrike","floor":7,"key":"SMITH"},{"data":"theMarked:EnhanceMovement","floor":10,"key":"SMITH"},{"data":"theMarked:Defy","floor":15,"key":"SMITH"},{"data":"theMarked:ComboAttacks","floor":24,"key":"SMITH"},{"data":"theMarked:ComboAttacks","floor":32,"key":"SMITH"},{"data":"Mayhem","floor":40,"key":"SMITH"},{"data":"Madness","floor":44,"key":"SMITH"},{"floor":47,"key":"REST"},{"floor":49,"key":"RECALL"},{"data":"theMarked:SoldierForm","floor":52,"key":"SMITH"}],"circlet_count":0,"master_deck":["theMarked:Defend","theMarked:Defend+1","theMarked:Defend","theMarked:Defend","theMarked:SoldierOfQuellstein+1","theMarked:BanishingStrike+1","theMarked:ElectricStrings","theMarked:EnhanceMovement+1","theMarked:EmpowerWeapon+1","theMarked:Defy+1","theMarked:SoldierForm+1","theMarked:MysticalArsenal+1","theMarked:ComboAttacks+1","theMarked:HeritageOfTheMarked+1","theMarked:WardOff+1","theMarked:ComboAttacks+1","Mayhem+1","Madness+1","Madness","Bandage Up","theMarked:MysticalArsenal+1"],"relics":["theMarked:ArtifactOfAir","Bloody Idol","Pear","Toy Ornithopter","Ornamental Fan","Bronze Scales","Mummified Hand","Empty Cage","War Paint","InkBottle","SlaversCollar","Blood Vial","Du-Vu Doll","Guardian:PocketSentry","theMarked:KettuFlask","Lantern","Guardian:BottledAnomaly","Lizard Tail"],"acts_visited":["Exordium","TheCity","TheBeyond","TheEnding"],"potions_floor_usage":[13,36,50,50,50,50,54,55],"damage_taken":[{"damage":0,"enemies":"Cultist","floor":1,"turns":4},{"damage":0,"enemies":"Small Slimes","floor":2,"turns":3},{"damage":15,"enemies":"Gremlin Nob","floor":6,"turns":4},{"damage":1,"enemies":"Jaw Worm","floor":8,"turns":3},{"damage":5,"enemies":"Lagavulin","floor":11,"turns":8},{"damage":0,"enemies":"2 Fungi Beasts","floor":12,"turns":3},{"damage":5,"enemies":"3 Sentries","floor":13,"turns":3},{"damage":34,"enemies":"The Guardian","floor":16,"turns":8},{"damage":26,"enemies":"2 Thieves","floor":18,"turns":3},{"damage":0,"enemies":"Spheric Guardian","floor":21,"turns":3},{"damage":3,"enemies":"Centurion and Healer","floor":22,"turns":4},{"damage":27,"enemies":"Slavers","floor":23,"turns":3},{"damage":2,"enemies":"Book of Stabbing","floor":25,"turns":3},{"damage":3,"enemies":"3 Cultists","floor":27,"turns":3},{"damage":17,"enemies":"Sentry and Sphere","floor":28,"turns":4},{"damage":2,"enemies":"Snecko","floor":29,"turns":4},{"damage":0,"enemies":"Centurion and Healer","floor":30,"turns":3},{"damage":66,"enemies":"Champ","floor":33,"turns":7},{"damage":25,"enemies":"3 Darklings","floor":35,"turns":4},{"damage":10,"enemies":"Orb Walker","floor":36,"turns":4},{"damage":2,"enemies":"Giant Head","floor":41,"turns":6},{"damage":0,"enemies":"Mind Bloom Boss Battle","floor":42,"turns":4},{"damage":52,"enemies":"2 Orb Walkers","floor":45,"turns":5},{"damage":16,"enemies":"4 Shapes","floor":48,"turns":4},{"damage":39,"enemies":"Awakened One","floor":50,"turns":6},{"damage":34,"enemies":"Shield and Spear","floor":54,"turns":4},{"damage":74,"enemies":"The Heart","floor":55,"turns":6}],"seed_played":"-2260173707514087484","potions_obtained":[{"floor":2,"key":"sneckomod:MuddlingPotion"},{"floor":8,"key":"PowerPotion"},{"floor":12,"key":"FairyPotion"},{"floor":16,"key":"FearPotion"},{"floor":18,"key":"EntropicBrew"},{"floor":33,"key":"GamblersBrew"},{"floor":36,"key":"champ:CounterPotion"}],"is_trial":false,"path_per_floor":["M","M","?","?","T","E","R","M","T","R","E","M","E","?","R","B",null,"M","?","?","M","M","E","R","E","T","M","M","M","M","?","R","B",null,"M","M","$","?","?","R","E","?","T","R","?","$","R","M","R","B",null,"R","$","E","B",null],"character_chosen":"THE_DEFAULT","items_purchased":["Mayhem","Lantern","Guardian:BottledAnomaly"],"campfire_rested":1,"item_purchase_floors":[37,53,53],"current_hp_per_floor":[70,70,53,53,63,48,48,47,47,47,42,42,42,35,35,1,80,54,54,54,59,61,39,39,42,42,44,32,35,40,40,40,29,80,60,60,60,50,50,50,57,68,68,68,27,27,51,42,42,29,80,80,80,51,28],"gold":314,"neow_bonus":"UPGRADE_CARD","is_daily":false,"chose_seed":false,"campfire_upgraded":8,"win_rate":0.0,"timestamp":1608502101,"path_taken":["M","M","?","?","?","E","R","M","T","R","E","M","E","?","R","BOSS","M","?","?","M","M","E","R","E","T","M","M","M","M","?","R","BOSS","M","M","$","?","?","R","E","?","T","R","?","?","R","?","R","BOSS","R","$","E","BOSS"],"items_purchased_type":["Card","Relic","Relic"],"build_version":"2020-12-13","purchased_purges":1,"victory":true,"max_hp_per_floor":[70,70,70,70,80,80,80,80,80,80,80,80,80,80,80,80,80,80,80,80,80,80,80,80,80,80,80,80,80,80,80,80,80,80,80,80,80,80,80,80,80,80,80,80,80,80,80,80,80,80,80,80,80,80,80],"card_choices":[{"not_picked":["theMarked:RepellingDischarge","theMarked:StartUp"],"picked":"theMarked:BanishingStrike","floor":1},{"not_picked":["theMarked:HeightenedSenses","theMarked:RepellingDischarge"],"picked":"theMarked:ElectricStrings","floor":2},{"not_picked":["theMarked:Overcharge","theMarked:Overthink"],"picked":"theMarked:EnhanceMovement","floor":6},{"not_picked":["theMarked:HeightenedSenses","theMarked:Parkour"],"picked":"theMarked:EmpowerWeapon","floor":8},{"not_picked":["theMarked:ChainLightning","theMarked:ContemptForTheProud","theMarked:LightningStrikesTwice"],"picked":"SKIP","floor":11},{"not_picked":["theMarked:RogueSparks","theMarked:Frustration","theMarked:EnhanceMovement"],"picked":"SKIP","floor":12},{"not_picked":["theMarked:Electrocute","theMarked:UnarmedFury"],"picked":"theMarked:Defy","floor":13},{"not_picked":["theMarked:SummonStrength","theMarked:EternalStudent"],"picked":"theMarked:SoldierForm","floor":16},{"not_picked":["theMarked:TunnelVision+1","theMarked:GodGivenPower","theMarked:LightningStrikesTwice"],"picked":"SKIP","floor":18},{"not_picked":["theMarked:SwordAndMagic","theMarked:Frustration+1"],"picked":"theMarked:MysticalArsenal+1","floor":21},{"not_picked":["theMarked:WastefulAttack","theMarked:WastefulDefense","theMarked:Frustration+1"],"picked":"SKIP","floor":22},{"not_picked":["theMarked:TakeOffHeels","theMarked:Levitate"],"picked":"theMarked:ComboAttacks","floor":23},{"not_picked":["theMarked:Polarize","theMarked:RepellingDischarge","theMarked:Electrocute"],"picked":"SKIP","floor":25},{"not_picked":["theMarked:SwordAndMagic+1","theMarked:RepellingDischarge","theMarked:KeepCalmAndFightOn"],"picked":"SKIP","floor":27},{"not_picked":["theMarked:Convert","theMarked:Reabsorb"],"picked":"theMarked:HeritageOfTheMarked+1","floor":28},{"not_picked":["theMarked:TwofoldDefense","theMarked:Parkour"],"picked":"theMarked:WardOff+1","floor":29},{"not_picked":["theMarked:BanishingWave","theMarked:PowerFlow"],"picked":"theMarked:ComboAttacks","floor":30},{"not_picked":["theMarked:BanishingStrike","theMarked:SwordAndMagic+1","theMarked:WardOff"],"picked":"SKIP","floor":35},{"not_picked":["theMarked:ChainLightning+1","theMarked:LightningStrikesTwice+1","theMarked:RepellingDischarge"],"picked":"SKIP","floor":36},{"not_picked":["expansioncontent:Flail","Dramatic Entrance"],"picked":"Bandage Up","floor":39},{"not_picked":["theMarked:ComboAttacks","theMarked:ChainLightning+1"],"picked":"theMarked:MysticalArsenal+1","floor":41},{"not_picked":["theMarked:Polarize+1","theMarked:Electrocute+1","theMarked:Static"],"picked":"SKIP","floor":48},{"not_picked":["theMarked:Parkour+1","theMarked:SelfDefenseTraining+1","theMarked:DeterminationOfTheMarked"],"picked":"SKIP","floor":54}],"player_experience":602752,"relics_obtained":[{"floor":5,"key":"Pear"},{"floor":6,"key":"Toy Ornithopter"},{"floor":9,"key":"Ornamental Fan"},{"floor":11,"key":"Bronze Scales"},{"floor":13,"key":"Mummified Hand"},{"floor":23,"key":"War Paint"},{"floor":25,"key":"InkBottle"},{"floor":41,"key":"Blood Vial"},{"floor":42,"key":"Du-Vu Doll"},{"floor":43,"key":"Guardian:PocketSentry"},{"floor":45,"key":"theMarked:KettuFlask"},{"floor":54,"key":"Lizard Tail"}],"event_choices":[{"damage_healed":0,"gold_gain":0,"player_choice":"Take Damage","damage_taken":17,"relics_obtained":["Golden Idol"],"max_hp_gain":0,"max_hp_loss":0,"event_name":"Golden Idol","floor":3,"gold_loss":0},{"damage_healed":0,"gold_gain":0,"player_choice":"Ignored","damage_taken":0,"max_hp_gain":0,"max_hp_loss":0,"event_name":"Liars Game","floor":4,"gold_loss":0},{"cards_removed":["theMarked:Strike"],"damage_healed":0,"gold_gain":0,"player_choice":"Card Removal","damage_taken":7,"max_hp_gain":0,"max_hp_loss":0,"event_name":"Golden Wing","floor":14,"gold_loss":0},{"damage_healed":0,"gold_gain":0,"player_choice":"Gave Idol","damage_taken":0,"relics_obtained":["Bloody Idol"],"max_hp_gain":0,"max_hp_loss":0,"event_name":"Forgotten Altar","floor":20,"relics_lost":["Golden Idol"],"gold_loss":0},{"damage_healed":0,"gold_gain":0,"player_choice":"Ignored","damage_taken":0,"max_hp_gain":0,"max_hp_loss":0,"event_name":"Ghosts","floor":31,"gold_loss":0},{"damage_healed":0,"gold_gain":0,"player_choice":"Embrace Madness","damage_taken":10,"max_hp_gain":0,"max_hp_loss":0,"event_name":"Winding Halls","floor":38,"gold_loss":0,"cards_obtained":["Madness","Madness"]},{"damage_healed":0,"gold_gain":0,"player_choice":"Memory 1","damage_taken":0,"max_hp_gain":0,"max_hp_loss":0,"event_name":"SensoryStone","floor":39,"gold_loss":0},{"damage_healed":0,"gold_gain":0,"player_choice":"Fight","damage_taken":0,"max_hp_gain":0,"max_hp_loss":0,"event_name":"MindBloom","floor":42,"gold_loss":0},{"damage_healed":0,"gold_gain":0,"player_choice":"Fight","damage_taken":0,"max_hp_gain":0,"max_hp_loss":0,"event_name":"Mysterious Sphere","floor":45,"gold_loss":0}],"is_beta":false,"boss_relics":[{"not_picked":["Cursed Key","Runic Dome"],"picked":"Empty Cage"},{"not_picked":["Pandora\u0027s Box","SacredBark"],"picked":"SlaversCollar"}],"items_purged_floors":[37],"is_endless":false,"potions_floor_spawned":[2,8,12,16,18,23,28,33,35,36,45],"ascension_level":0}}