{"host":"cjmwurvrz00ml9vd","time":1608494840,"event":{"mods":["2.2 Compatiblity","AchievementEnabler","Act Like it!","Aspiration","BaseMod","Beaked The Cultist","Better Third Choice","BetterRewards","Colored Powertips","Conspire","Downfall","Hermit","Hubris","Infinite Spire","Marisa????????","Marked Mod","Minty Spire (QoL Compilation)","Robot Space Explorer","StSLib","The Blackbeard","The Cursed","The Disciple","The Jungle","The Necromancer","The Servant 0.9.4","TheFirefly"],"gold_per_floor":[112,126,138,167,186,218,218,218,218,218,228,242,272,272,272,344,344,330,350,366,366,366,366,366],"floor_reached":23,"playtime":985,"items_purged":[],"score":500,"play_id":"542e6619-e871-4a7f-a148-f3a3be111327","local_time":"20201220210720","is_ascension_mode":true,"campfire_choices":[{"data":"Noxious Fumes","floor":10,"key":"SMITH"},{"floor":15,"key":"REST"}],"circlet_count":0,"master_deck":["AscendersBane","Strike_G+1","Strike_G+1","Strike_G+1","Strike_G+1","Strike_G+1","Defend_G+1","Defend_G+1","Defend_G+1","Defend_G+1","Defend_G+1","Survivor","Neutralize","Noxious Fumes+1","Crippling Poison+1","Catalyst","Venomology","Poisoned Stab"],"relics":["Ring of the Snake","PreservedInsect","Blue Candle","Oddly Smooth Stone","Ice Cream","conspire:InfiniteJournal","hubris:HollowSoul","MutagenicStrength"],"acts_visited":["Exordium","TheCity"],"potions_floor_usage":[3,4,11,16,18,19,20,20,23,23,23],"damage_taken":[{"damage":0,"enemies":"Small Slimes","floor":1,"turns":4},{"damage":2,"enemies":"Jaw Worm","floor":2,"turns":6},{"damage":0,"enemies":"Cultist","floor":3,"turns":5},{"damage":10,"enemies":"conspire:MimicChest","floor":4,"turns":4},{"damage":8,"enemies":"2 Fungi Beasts","floor":5,"turns":3},{"damage":26,"enemies":"Gremlin Nob","floor":6,"turns":5},{"damage":0,"enemies":"Lots of Slimes","floor":11,"turns":1},{"damage":24,"enemies":"Exordium Wildlife","floor":12,"turns":5},{"damage":14,"enemies":"3 Sentries","floor":13,"turns":7},{"damage":35,"enemies":"The Guardian","floor":16,"turns":14},{"damage":23,"enemies":"2 Thieves","floor":18,"turns":4},{"damage":3,"enemies":"Chosen","floor":19,"turns":5},{"damage":12,"enemies":"Centurion and Healer","floor":20,"turns":9},{"damage":27,"enemies":"Slavers","floor":23,"turns":3}],"seed_played":"6433161706108821421","potions_obtained":[{"floor":1,"key":"infinitespire:BlackPotion"},{"floor":2,"key":"SkillPotion"},{"floor":5,"key":"Weak Potion"},{"floor":6,"key":"ColorlessPotion"},{"floor":16,"key":"BlessingOfTheForge"},{"floor":19,"key":"SteroidPotion"}],"is_trial":false,"path_per_floor":["M","M","M","?","M","E","$","?","T","R","M","M","E","?","R","B",null,"M","M","M","?","?","E"],"character_chosen":"THE_SILENT","items_purchased":["PreservedInsect","Noxious Fumes","Crippling Poison","FearPotion"],"campfire_rested":1,"item_purchase_floors":[0,0,0,0],"current_hp_per_floor":[49,47,47,37,29,3,3,70,70,70,70,46,32,32,53,18,57,34,31,19,19,19,0,0],"gold":366,"neow_bonus":"","is_daily":false,"chose_seed":false,"campfire_upgraded":1,"win_rate":0.0,"timestamp":1608494840,"path_taken":["M","M","M","?","M","E","$","?","T","R","M","?","E","?","R","BOSS","M","?","M","?","?","E"],"items_purchased_type":["Relic","Card","Card","Potion"],"build_version":"2020-12-13","purchased_purges":0,"victory":false,"max_hp_per_floor":[70,70,70,70,70,70,70,70,70,70,70,70,70,70,70,70,70,70,70,70,70,70,70,70],"card_choices":[{"not_picked":["Cloak And Dagger","Riddle With Holes","Sucker Punch"],"picked":"SKIP","floor":1},{"not_picked":["Expertise","Eviscerate","Cloak And Dagger"],"picked":"SKIP","floor":2},{"not_picked":["Well Laid Plans","Sucker Punch","Crippling Poison"],"picked":"SKIP","floor":3},{"not_picked":["Tactician","Riddle With Holes"],"picked":"Calculated Gamble","floor":5},{"not_picked":["Calculated Gamble","Tactician"],"picked":"Catalyst","floor":6},{"not_picked":["Acrobatics","Backflip","Flying Knee"],"picked":"SKIP","floor":11},{"not_picked":["Deadly Poison","Choke","Storm of Steel"],"picked":"SKIP","floor":12},{"not_picked":["Underhanded Strike","Caltrops","Quick Slash"],"picked":"SKIP","floor":13},{"not_picked":["Glass Knife","Storm of Steel"],"picked":"Venomology","floor":16},{"not_picked":["Distraction","Dagger Throw","Flying Knee"],"picked":"SKIP","floor":18},{"not_picked":["Acrobatics+1","hubris:SlightOfHand"],"picked":"Poisoned Stab","floor":19},{"not_picked":["Dagger Spray","conspire:DoublingDagger","hubris:Sniper"],"picked":"SKIP","floor":20}],"player_experience":626710,"relics_obtained":[{"floor":4,"key":"Blue Candle"},{"floor":6,"key":"Oddly Smooth Stone"},{"floor":9,"key":"Ice Cream"},{"floor":13,"key":"conspire:InfiniteJournal"}],"event_choices":[{"cards_removed":["Calculated Gamble"],"damage_healed":67,"gold_gain":0,"player_choice":"Offered Uncommon","damage_taken":0,"max_hp_gain":0,"max_hp_loss":0,"event_name":"Bonfire Elementals","floor":8,"gold_loss":0},{"damage_healed":0,"gold_gain":0,"player_choice":"Forge","damage_taken":0,"max_hp_gain":0,"max_hp_loss":0,"event_name":"Accursed Blacksmith","floor":14,"gold_loss":0,"cards_upgraded":["Crippling Poison"]},{"damage_healed":0,"gold_gain":0,"player_choice":"Inject Mutagens","damage_taken":0,"relics_obtained":["MutagenicStrength"],"max_hp_gain":0,"max_hp_loss":0,"event_name":"Drug Dealer","floor":21,"gold_loss":0},{"damage_healed":0,"gold_gain":0,"player_choice":"Simplicity","damage_taken":0,"max_hp_gain":0,"max_hp_loss":10,"event_name":"betterThird:BetterWriting","floor":22,"gold_loss":0}],"is_beta":false,"boss_relics":[{"not_picked":["Ectoplasm","Busted Crown"],"picked":"hubris:HollowSoul"}],"items_purged_floors":[],"is_endless":false,"potions_floor_spawned":[1,2,5,6,16,19],"killed_by":"Slavers","ascension_level":13}}