{"host":"dfkuodafa8pjwif8","time":1608479355,"event":{"mods":["AchievementEnabler","Aspiration","Bard","BaseMod","Beaked The Cultist","Better Altar","Better Match","Better Note","Better Sensory Stone","Better Skull","Better Third Choice","BetterRewards","CCEM","Clawfect","Colored Map","Conspire","Downfall","GifTheSpireLib","Googly Eyes","Halation","Hermit","Highlight Path","Hubris","Hunter ??","Infinite Spire","Jedi Mod","Jorbs\u0027s Wanderer Trilogy","Mad Scientist","Marisa????????","Mimic Mod","Minty Spire (QoL Compilation)","Permanent Neow","Replay The Spire","Shade Mod","Shop Mod","Spicy Shops","StSLib","Stuff the Spire","The Administrix","The Blackbeard","The Bug Knight","The Construct","The Cursed","The Disciple","The Gatherer","The Hierophant","The IronCluck","The Jungle","The Mystic","The Necromancer","The Problem Sleuth","The Runesmith","The Servant 0.9.4","The Spell Scribe","The Witch","Unceasing Turn Reminder","everything is the same but u backflip on backflip","slay the spire mod where everything is the same but ironclad has a cowboy hat"],"gold_per_floor":[99,99,24,24,38,38,64,79,108,33,49,69,69,89,99,200,200,125,145,75,91,91,131,131,41,72,72,85,250,260,260,271,271,271],"floor_reached":33,"playtime":4660,"items_purged":["Doubt"],"score":269,"play_id":"860b8980-0ae8-4391-8690-9770be37bc8b","local_time":"20201220104915","is_ascension_mode":false,"campfire_choices":[{"floor":1,"key":"RECALL"},{"data":"hexamod:Float","floor":3,"key":"SMITH"},{"data":"hexamod:Firestarter","floor":6,"key":"SMITH"},{"data":"hexamod:Sear","floor":10,"key":"SMITH"},{"data":"hexamod:HeatCrush","floor":18,"key":"SMITH"},{"data":"hexamod:HeatMetal","floor":27,"key":"SMITH"},{"data":"hexamod:BurningTouch","floor":27,"key":"SMITH"}],"circlet_count":0,"master_deck":["hexamod:Strike","hexamod:Strike","hexamod:Strike","hexamod:Strike+1","hexamod:Defend","hexamod:Defend+1","hexamod:Defend+1","hexamod:Defend","hexamod:Sear+1","hexamod:Float+1","Injury","hexamod:Firestarter+1","hexamod:ExtraCrispy+1","hexamod:HauntingEcho","hexamod:FourthSeal","hexamod:InspiringFlames","hexamod:BurningTouch+1","hexamod:HeatCrush+1","hexamod:SixthSeal","hexamod:BurningTouch+1","hexamod:HeatMetal+1","hexamod:GhostOfSpireFuture+1","hexamod:ThirdSeal","hexamod:GhostOfSpireFuture+1","hexamod:HeatShield","hexamod:ThermalTransfer+1","hexamod:SpectersWail+1","hexamod:ThermalTransfer+1","hexamod:ThermalTransfer+1","hexamod:GhostOfSpireFuture+1","hexamod:GhostflameInferno","hexamod:GhostLash+1","infinitespire:Oblivion+1","hexamod:AdvancingGuard"],"relics":["hexamod:SpiritBrand","StuffTheSpire:HeavyRock","Frozen Egg 2","downfall:HeartBlessingRed","hubris:Icosahedron","PreservedInsect","downfall:HeartBlessingGreen","Runic Pyramid","downfall:HeartBlessingBlue","ReplayTheSpireMod:Ring of Challenge","Ring of Fury","Molten Egg 2","halation:WeightlessCrab","halation:PenCase","Boot"],"acts_visited":["Exordium","TheCity"],"potions_floor_usage":[14,14,15,16,16,16,19,21,25,26,29,29,30,32,33],"damage_taken":[{"damage":2,"enemies":"Small Slimes","floor":5,"turns":4},{"damage":0,"enemies":"conspire:RoseBush","floor":8,"turns":3},{"damage":16,"enemies":"Replay:BlueRogue","floor":9,"turns":6},{"damage":2,"enemies":"Jaw Worm","floor":11,"turns":3},{"damage":0,"enemies":"Large Slime","floor":12,"turns":3},{"damage":16,"enemies":"Gremlin Gang","floor":14,"turns":4},{"damage":0,"enemies":"Red Slaver","floor":15,"turns":4},{"damage":19,"enemies":"downfall:Watcher","floor":16,"turns":8},{"damage":15,"enemies":"conspire:FuzzyDice","floor":19,"turns":6},{"damage":10,"enemies":"Chosen","floor":21,"turns":3},{"damage":3,"enemies":"Centurion and Healer","floor":23,"turns":7},{"damage":0,"enemies":"downfall:FleeingMerchant","floor":25,"turns":4},{"damage":6,"enemies":"conspire:Head Lice","floor":26,"turns":8},{"damage":40,"enemies":"Centurion and Healer","floor":28,"turns":5},{"damage":19,"enemies":"Snake Plant","floor":29,"turns":6},{"damage":4,"enemies":"Chosen and Byrds","floor":30,"turns":5},{"damage":23,"enemies":"Sentry and Sphere","floor":32,"turns":7},{"damage":10,"enemies":"downfall:Ironclad","floor":33,"turns":5}],"seed_played":"5096178021947768290","potions_obtained":[{"floor":5,"key":"BlessingOfTheForge"},{"floor":12,"key":"Adrenaline Potion"},{"floor":12,"key":"Languid Potion"},{"floor":14,"key":"SpeedPotion"},{"floor":14,"key":"DuplicationPotion"},{"floor":15,"key":"Block Potion"},{"floor":16,"key":"Ancient Potion"},{"floor":16,"key":"Block Potion"},{"floor":19,"key":"Fire Potion"},{"floor":21,"key":"LifebloodPotion"},{"floor":21,"key":"Elixir"},{"floor":23,"key":"FairyPotion"},{"floor":25,"key":"hexamod:EctoCoolerPotion"},{"floor":26,"key":"Strength Potion"},{"floor":28,"key":"infinitespire:BlackPotion"},{"floor":29,"key":"Slimebound:ThreeZeroPotion"},{"floor":29,"key":"jedi:hoardpotion"},{"floor":30,"key":"BlessingOfTheForge"},{"floor":32,"key":"Swift Potion"}],"is_trial":false,"path_per_floor":["R","?","R","?","M","R","T","M","E","R","M","M","?","M","M","B",null,"R","M","?","M","?","MIM","T","$","E","R","M","M","M","AVR","M","B"],"character_chosen":"THE_SPIRIT","items_purchased":[],"campfire_rested":0,"item_purchase_floors":[],"current_hp_per_floor":[70,70,70,70,68,68,68,68,52,52,50,50,50,34,34,15,70,80,65,80,70,70,67,67,67,61,61,21,2,24,24,1,0,0],"gold":271,"neow_bonus":"RANDOM_COMMON_RELIC","is_daily":false,"chose_seed":false,"campfire_upgraded":6,"win_rate":0.0,"timestamp":1608479355,"path_taken":["R","?","R","?","M","R","T","M","E","R","?","M","?","?","M","BOSS","R","M","?","M","?","?","T","$","E","R","M","?","M","AVR","M","BOSS"],"items_purchased_type":[],"build_version":"2020-12-13","purchased_purges":1,"victory":false,"max_hp_per_floor":[70,70,70,70,70,70,70,70,70,70,70,70,70,70,70,70,70,80,80,80,80,80,80,80,80,80,80,80,80,80,80,80,80,80],"card_choices":[{"not_picked":["hexamod:Again","hexamod:GhostLash"],"picked":"hexamod:Firestarter","floor":5},{"not_picked":["hexamod:Again","hexamod:PhantomFireball"],"picked":"hexamod:ExtraCrispy+1","floor":8},{"not_picked":["hexamod:SpectersWail","hexamod:StepThrough"],"picked":"hexamod:HauntingEcho","floor":9},{"not_picked":["hexamod:InspiringFlames","hexamod:HeatShield"],"picked":"hexamod:FourthSeal","floor":11},{"not_picked":["hexamod:GhostLash","hexamod:Hexaguard"],"picked":"hexamod:InspiringFlames","floor":12},{"not_picked":["hexamod:RetreatToShadows","hexamod:Hexaguard"],"picked":"hexamod:BurningTouch","floor":14},{"not_picked":["hexamod:FourthSeal","hexamod:SwordOfDarkness"],"picked":"hexamod:HeatCrush","floor":15},{"not_picked":["hexamod:SearingWound","hexamod:UnleashSpirits"],"picked":"hexamod:SixthSeal","floor":16},{"not_picked":["hexamod:NecessarySacrifice","hexamod:ThermalTransfer"],"picked":"hexamod:BurningTouch","floor":19},{"not_picked":["hexamod:SwordOfDarkness","hexamod:BacktrackSmack+1"],"picked":"hexamod:HeatMetal","floor":21},{"not_picked":["hexamod:GhostflameBarrier","hexamod:Firestarter+1"],"picked":"hexamod:GhostOfSpireFuture+1","floor":23},{"not_picked":["hexamod:NecessarySacrifice","hexamod:SpectersWail+1"],"picked":"hexamod:ThirdSeal","floor":25},{"not_picked":["hexamod:GhostflameBarrier","hexamod:ParanormalForm+1"],"picked":"hexamod:GhostOfSpireFuture+1","floor":26},{"not_picked":["hexamod:RetreatToShadows+1","hexamod:HauntingEcho+1"],"picked":"hexamod:HeatShield","floor":26},{"not_picked":["hexamod:GhostShield","hexamod:NightmareStrike+1"],"picked":"hexamod:ThermalTransfer+1","floor":28},{"not_picked":["hexamod:FastForward","hexamod:ThermalTransfer+1"],"picked":"hexamod:SpectersWail+1","floor":28},{"not_picked":["hexamod:EmpoweredFlame+1","hexamod:NightmareStrike+1"],"picked":"hexamod:ThermalTransfer+1","floor":29},{"not_picked":["hexamod:HeatShield","hexamod:ShieldOfDarkness"],"picked":"hexamod:ThermalTransfer+1","floor":29},{"not_picked":["hexamod:PhantomCloak+1","hexamod:Haunt"],"picked":"hexamod:GhostOfSpireFuture+1","floor":29},{"not_picked":["hexamod:ThermalTransfer+1","hexamod:SwordOfDarkness+1"],"picked":"hexamod:GhostflameInferno","floor":30},{"not_picked":["hexamod:Hexaguard","hexamod:SwordOfDarkness+1"],"picked":"hexamod:GhostLash+1","floor":30},{"not_picked":["hexamod:Again","hexamod:GhostOfSpirePast+1"],"picked":"hexamod:AdvancingGuard","floor":32}],"player_experience":253090,"relics_obtained":[{"floor":9,"key":"PreservedInsect"},{"floor":22,"key":"ReplayTheSpireMod:Ring of Challenge"},{"floor":22,"key":"Ring of Fury"},{"floor":23,"key":"Molten Egg 2"},{"floor":24,"key":"halation:WeightlessCrab"},{"floor":26,"key":"halation:PenCase"}],"event_choices":[{"cards_removed":["hexamod:Sear"],"damage_healed":0,"gold_gain":0,"player_choice":"Give","damage_taken":0,"max_hp_gain":0,"max_hp_loss":0,"event_name":"betterNote:BetterNote","floor":13,"gold_loss":0,"cards_obtained":["Doubt"]}],"is_beta":false,"boss_relics":[{"not_picked":["aspiration:RunicSpoon","Painkiller Herb"],"picked":"Runic Pyramid"}],"items_purged_floors":[25],"is_endless":false,"potions_floor_spawned":[5,12,14,15,16,21,26,28,30,32],"killed_by":"downfall:Ironclad","ascension_level":0}}