{"host":"bxn2em57qlx5u4i0","time":1608508424,"event":{"mods":["BaseMod","Colored Map","Colored Powertips","Highlight Path","Minty Spire (QoL Compilation)","Random Character Button","Relic Sorter","Relic Stats","StSLib","SuperFastMode"],"gold_per_floor":[111,111,121,140,140,140,171,185,208,242,197,197,212,241,241,241,241],"floor_reached":16,"playtime":422,"items_purged":[],"score":290,"play_id":"95354532-b2e3-4eee-835f-92667ecd387d","local_time":"20201220185344","is_ascension_mode":true,"campfire_choices":[{"data":"Bouncing Flask","floor":6.0,"key":"SMITH"},{"floor":12,"key":"REST"},{"data":"Corpse Explosion","floor":15,"key":"SMITH"}],"circlet_count":0,"master_deck":["AscendersBane","Strike_G","Strike_G","Strike_G","Strike_G","Defend_G+1","Defend_G","Defend_G","Defend_G","Survivor","Neutralize+1","Quick Slash","Bouncing Flask+1","Noxious Fumes","Crippling Poison","PiercingWail","Corpse Explosion+1"],"relics":["Ring of the Snake","Toy Ornithopter","Centennial Puzzle","Oddly Smooth Stone","Juzu Bracelet","Anchor"],"acts_visited":["Exordium"],"potions_floor_usage":[10,10,16],"damage_taken":[{"damage":0.0,"enemies":"2 Louse","floor":1.0,"turns":3.0},{"damage":0.0,"enemies":"Jaw Worm","floor":3.0,"turns":6.0},{"damage":0.0,"enemies":"Small Slimes","floor":4.0,"turns":3.0},{"damage":6.0,"enemies":"Lagavulin","floor":7.0,"turns":6.0},{"damage":9.0,"enemies":"Exordium Wildlife","floor":8.0,"turns":4.0},{"damage":7,"enemies":"3 Sentries","floor":10,"turns":6},{"damage":3,"enemies":"Lots of Slimes","floor":13,"turns":4},{"damage":0,"enemies":"Lagavulin","floor":14,"turns":7},{"damage":36,"enemies":"Slime Boss","floor":16,"turns":6}],"seed_played":"-5574337073459553450","potions_obtained":[{"floor":3.0,"key":"Dexterity Potion"},{"floor":7.0,"key":"Strength Potion"},{"floor":8.0,"key":"SteroidPotion"},{"floor":10,"key":"PowerPotion"}],"is_trial":false,"path_per_floor":["M","?","M","M","?","R","E","M","T","E","?","R","M","E","R","B"],"character_chosen":"THE_SILENT","items_purchased":[],"campfire_rested":1,"item_purchase_floors":[],"current_hp_per_floor":[44,24,24,24,13,13,12,3,3,6,6,25,22,22,22,0,0],"gold":241,"neow_bonus":"REMOVE_TWO","is_daily":false,"chose_seed":false,"campfire_upgraded":2,"win_rate":0.0,"timestamp":1608508424,"path_taken":["M","?","M","M","?","R","E","M","T","E","?","R","M","E","R","BOSS"],"items_purchased_type":[],"build_version":"2020-12-13","purchased_purges":0,"victory":false,"max_hp_per_floor":[66,66,66,66,66,66,66,66,66,66,66,66,66,66,66,66,66],"relic_stats":{"Centennial Puzzle":[12],"counters":[9,45],"Juzu Bracelet":1,"obtain_stats":[{"Centennial Puzzle":7,"Anchor":14,"Oddly Smooth Stone":9,"Juzu Bracelet":10,"Toy Ornithopter":5,"Ring of the Snake":0},{"Centennial Puzzle":4,"Anchor":8,"Oddly Smooth Stone":5,"Juzu Bracelet":6,"Toy Ornithopter":3,"Ring of the Snake":0},{"Centennial Puzzle":18,"Anchor":39,"Oddly Smooth Stone":22,"Juzu Bracelet":28,"Toy Ornithopter":12,"Ring of the Snake":0}],"Toy Ornithopter":20,"Ring of the Snake":[18]},"card_choices":[{"not_picked":["Acrobatics","Outmaneuver","Flechettes"],"picked":"SKIP","floor":1.0},{"not_picked":["Bane","Concentrate"],"picked":"Quick Slash","floor":3.0},{"not_picked":["Dagger Spray","Slice"],"picked":"Bouncing Flask","floor":4.0},{"not_picked":["Outmaneuver","Tools of the Trade"],"picked":"Noxious Fumes","floor":7.0},{"not_picked":["Slice","Escape Plan"],"picked":"Crippling Poison","floor":8.0},{"not_picked":["Heel Hook","Accuracy","Poisoned Stab"],"picked":"SKIP","floor":10},{"not_picked":["Poisoned Stab","Sucker Punch"],"picked":"PiercingWail","floor":13},{"not_picked":["Crippling Poison","Backflip"],"picked":"Corpse Explosion","floor":14}],"player_experience":2837357,"relics_obtained":[{"floor":7.0,"key":"Centennial Puzzle"},{"floor":9.0,"key":"Oddly Smooth Stone"},{"floor":10,"key":"Juzu Bracelet"},{"floor":14,"key":"Anchor"}],"event_choices":[{"damage_healed":0.0,"max_hp_gain":0.0,"max_hp_loss":0.0,"gold_gain":0.0,"event_name":"Shining Light","player_choice":"Entered Light","floor":2.0,"gold_loss":0.0,"damage_taken":20.0,"cards_upgraded":["Defend_G","Neutralize"]},{"damage_healed":0.0,"max_hp_gain":0.0,"max_hp_loss":0.0,"gold_gain":0.0,"event_name":"Scrap Ooze","player_choice":"Success","floor":5.0,"gold_loss":0.0,"damage_taken":11.0,"relics_obtained":["Toy Ornithopter"]},{"damage_healed":0,"gold_gain":0,"player_choice":"Left Gold","damage_taken":0,"max_hp_gain":0,"max_hp_loss":0,"event_name":"World of Goop","floor":11,"gold_loss":45}],"is_beta":false,"boss_relics":[],"items_purged_floors":[],"is_endless":false,"potions_floor_spawned":[3,7,8,10],"killed_by":"Slime Boss","ascension_level":20}}