{"host":"8k8yej65nd5c5wcn","time":1608423635,"event":{"mods":["BaseMod","Colored Map","Colored Powertips","Curses Come First","Downfall","Googly Eyes","Highlight Path","Hubris","Minty Spire (QoL Compilation)","Rare Cards Sparkle","Replay The Spire","StSLib","The Necromancer"],"gold_per_floor":[112,287,287,306,19,46,46,71,95,110,312,312,312,412,412,424,26,26,101,119,119,119,119],"floor_reached":24,"playtime":1693,"items_purged":["Doubt","Delirium"],"score":248,"play_id":"9027e411-b95c-494a-85b3-b1d9c5d64aeb","local_time":"20201220002035","is_ascension_mode":true,"campfire_choices":[{"data":"Mayhem","floor":7,"key":"SMITH"},{"floor":15,"key":"REST"},{"floor":23,"key":"REST"}],"circlet_count":0,"master_deck":["Strike_G","Strike_G","Strike_G","Strike_G","Strike_G","Defend_G","Defend_G","Defend_G","Defend_G","Defend_G","Survivor","Neutralize","Flying Knee","Outmaneuver","expansioncontent:YouAreMine","Metamorphosis","expansioncontent:ChargeUp","Mayhem+1","Finisher","Blade Dance+1","Blade Dance","Hidden Blade","Night Terror","Fluid Movement","Backflip"],"relics":["Ring of the Snake","MealTicket","hubris:Towel","ReplayTheSpireMod:ShopPack","hubris:Teleporter","hubris:Metronome","ReplayTheSpireMod:Ring of Collecting","WristBlade","Gambling Chip"],"acts_visited":["Exordium","TheCity"],"potions_floor_usage":[6,16],"damage_taken":[{"damage":7,"enemies":"2 Louse","floor":1,"turns":3},{"damage":0,"enemies":"Small Slimes","floor":4,"turns":3},{"damage":8,"enemies":"Gremlin Nob","floor":6,"turns":4},{"damage":0,"enemies":"Lagavulin","floor":8,"turns":4},{"damage":15,"enemies":"Jaw Worm","floor":10,"turns":4},{"damage":16,"enemies":"Hexaghost","floor":16,"turns":4},{"damage":30,"enemies":"Chosen","floor":18,"turns":5},{"damage":12,"enemies":"2 Thieves","floor":22,"turns":3},{"damage":57,"enemies":"Slavers","floor":24,"turns":3}],"seed_played":"157731516593805258","potions_obtained":[{"floor":4,"key":"champ:CounterPotion"},{"floor":8,"key":"SteroidPotion"}],"is_trial":false,"path_per_floor":["M","?","?","M","$","E","R","E","T","M","?","?","R","B",null,"M","$","?","?","M","R","E"],"character_chosen":"THE_SILENT","items_purchased":["ReplayTheSpireMod:ShopPack","expansioncontent:YouAreMine","Gambling Chip"],"campfire_rested":2,"item_purchase_floors":[5,5,19],"current_hp_per_floor":[63,63,63,63,70,62,62,62,62,47,47,47,68,52,70,40,55,55,48,36,57,0,0],"gold":119,"neow_bonus":"RANDOM_COMMON_RELIC","is_daily":false,"chose_seed":false,"campfire_upgraded":1,"win_rate":0.0,"timestamp":1608423635,"path_taken":["M","?","?","?","$","E","R","E","T","M","?","?","R","BOSS","M","$","?","?","?","R","E"],"items_purchased_type":["Relic","Card","Relic"],"build_version":"2020-12-13","purchased_purges":2,"victory":false,"max_hp_per_floor":[70,70,70,70,70,70,70,70,70,70,70,70,70,70,70,70,70,70,70,70,70,70,70],"card_choices":[{"not_picked":["Endless Agony","Sneak Up"],"picked":"Flying Knee","floor":1},{"not_picked":["Skewer","Backstab"],"picked":"Outmaneuver","floor":4},{"not_picked":["Secret Weapon","ReplayTheSpireMod:Necrogeddon"],"picked":"Metamorphosis","floor":5},{"not_picked":["hubris:EnhanceAbility","Secret Weapon"],"picked":"expansioncontent:ChargeUp","floor":5},{"not_picked":["Secret Weapon","expansioncontent:GuardianWhirl"],"picked":"Mayhem","floor":5},{"not_picked":["Endless Agony","Escape Plan"],"picked":"Finisher","floor":6},{"not_picked":["Poison Darts","Tactician"],"picked":"Blade Dance","floor":8},{"not_picked":["PiercingWail","Underhanded Strike"],"picked":"Blade Dance","floor":10},{"not_picked":["Deflect","PiercingWail"],"picked":"Hidden Blade","floor":11},{"not_picked":["Atom Bomb","Wraith Form v2"],"picked":"Night Terror","floor":16},{"not_picked":["Flying Knee","All Out Attack+1"],"picked":"Fluid Movement","floor":18},{"not_picked":["Slice","Wraith Form v2"],"picked":"Backflip","floor":22}],"player_experience":179606,"relics_obtained":[{"floor":6,"key":"hubris:Teleporter"},{"floor":8,"key":"hubris:Metronome"},{"floor":13,"key":"ReplayTheSpireMod:Ring of Collecting"}],"event_choices":[{"damage_healed":0,"gold_gain":175,"player_choice":"AGREE","damage_taken":0,"max_hp_gain":0,"max_hp_loss":0,"event_name":"Liars Game","floor":2,"gold_loss":0,"cards_obtained":["Doubt"]},{"damage_healed":0,"gold_gain":75,"player_choice":"Touch","damage_taken":7,"max_hp_gain":0,"max_hp_loss":0,"event_name":"FaceTrader","floor":21,"gold_loss":0}],"is_beta":false,"boss_relics":[{"not_picked":["Replay:Grab Bag","SacredBark"],"picked":"WristBlade"}],"items_purged_floors":[5,19],"is_endless":false,"potions_floor_spawned":[4,8],"killed_by":"Slavers","ascension_level":2}}