{"host":"isy2gwbfe91wqj1j","time":1611372033,"event":{"mods":["AchievementEnabler","BaseMod","Better Altar","Better Match","Better Note","Better Sensory Stone","Better Skull","Better Third Choice","BetterRewards","Minty Spire (QoL Compilation)","StSLib"],"gold_per_floor":[114,44,44,54,71,71,71,71,71,71,90,90,90,90,90,193,193,210,85,103,103,24,24,24,36,62,76,76,76,88,117,117,214,214,229,229,243,9,20,20,51,51,51],"floor_reached":42,"language":"ENG","playtime":2069,"items_purged":["Strike_G","Strike_G","Strike_G"],"score":582,"play_id":"102fbdcf-3f3f-4079-a8ec-fd0e8dd35c84","local_time":"20210122202033","is_ascension_mode":true,"campfire_choices":[{"floor":6,"key":"REST"},{"data":"Footwork","floor":8,"key":"SMITH"},{"data":"Cloak And Dagger","floor":12,"key":"SMITH"},{"data":"Accuracy","floor":15,"key":"SMITH"},{"floor":23,"key":"REST"},{"floor":29,"key":"REST"},{"floor":32,"key":"REST"},{"floor":40,"key":"REST"}],"circlet_count":0,"master_deck":["Defend_G","Defend_G","Defend_G","Defend_G","Defend_G","Survivor","Neutralize","Accuracy+1","Accuracy","Footwork+1","Cloak And Dagger+1","Adrenaline","Accuracy+1","Accuracy","Backflip","A Thousand Cuts","Infinite Blades","Backflip"],"relics":["Ring of the Snake","Ornamental Fan","Calipers","Pantograph","Sozu","Nilry\u0027s Codex","MutagenicStrength","Orichalcum","Paper Crane","Black Star","Chemical X","PreservedInsect","Vajra"],"acts_visited":["Exordium","TheCity","TheBeyond"],"potions_floor_usage":[39,41],"damage_taken":[{"damage":7,"enemies":"Jaw Worm","floor":1,"turns":6},{"damage":12,"enemies":"Cultist","floor":4,"turns":7},{"damage":3,"enemies":"2 Louse","floor":5,"turns":6},{"damage":0,"enemies":"Blue Slaver","floor":11,"turns":10},{"damage":3,"enemies":"The Guardian","floor":16,"turns":16},{"damage":0,"enemies":"3 Byrds","floor":18,"turns":10},{"damage":0,"enemies":"Shell Parasite","floor":20,"turns":5},{"damage":25,"enemies":"Cultist and Chosen","floor":25,"turns":6},{"damage":0,"enemies":"3 Cultists","floor":27,"turns":5},{"damage":0,"enemies":"Snake Plant","floor":30,"turns":5},{"damage":41,"enemies":"Gremlin Leader","floor":31,"turns":7},{"damage":0,"enemies":"Collector","floor":33,"turns":18},{"damage":20,"enemies":"3 Darklings","floor":35,"turns":7},{"damage":13,"enemies":"Orb Walker","floor":37,"turns":4},{"damage":12,"enemies":"4 Shapes","floor":39,"turns":5},{"damage":19,"enemies":"Nemesis","floor":41,"turns":9},{"damage":26,"enemies":"Transient","floor":42,"turns":3}],"seed_played":"7023047006419849048","potions_obtained":[{"floor":4,"key":"Dexterity Potion"},{"floor":11,"key":"DuplicationPotion"},{"floor":16,"key":"DistilledChaos"}],"is_trial":false,"path_per_floor":["M","$","?","M","M","R","?","R","T","$","M","R","?","?","R","B",null,"M","$","M","?","$","R","?","M","T","M","$","R","M","E","R","B",null,"M","?","M","$","M","R","E","M"],"character_chosen":"THE_SILENT","items_purchased":["Ornamental Fan","Accuracy","Accuracy","Accuracy","Infinite Blades","Chemical X"],"campfire_rested":5,"item_purchase_floors":[0,0,2,22,38,38],"current_hp_per_floor":[63,63,63,51,48,69,69,69,69,69,69,69,69,62,62,67,70,70,70,70,54,54,70,70,45,45,45,45,66,66,25,46,70,70,50,47,34,34,22,43,24,0,0],"gold":51,"neow_bonus":"","is_daily":false,"chose_seed":false,"campfire_upgraded":3,"win_rate":0.0,"timestamp":1611372033,"path_taken":["M","$","?","M","?","R","?","R","T","$","M","R","?","?","R","BOSS","M","$","M","?","$","R","?","M","T","M","?","R","?","E","R","BOSS","M","?","M","$","M","R","E","?"],"items_purchased_type":["Relic","Card","Card","Card","Card","Relic"],"build_version":"2020-12-22","purchased_purges":3,"victory":false,"max_hp_per_floor":[70,70,70,70,70,70,70,70,70,70,70,70,70,70,70,70,70,70,70,70,70,70,70,70,70,70,70,70,70,70,70,70,70,70,70,70,70,70,70,70,70,70,70],"card_choices":[{"not_picked":["Poisoned Stab","Predator","Dagger Throw"],"picked":"SKIP","floor":1},{"not_picked":["Caltrops","Dagger Throw","Dash"],"picked":"SKIP","floor":4},{"not_picked":["Dodge and Roll","Deflect"],"picked":"Footwork","floor":5},{"not_picked":["Noxious Fumes","Backflip"],"picked":"Cloak And Dagger","floor":11},{"not_picked":["Phantasmal Killer","Unload"],"picked":"Adrenaline","floor":16},{"not_picked":["Sucker Punch","Caltrops"],"picked":"Accuracy+1","floor":18},{"not_picked":["Reflex","Crippling Poison+1","Prepared"],"picked":"SKIP","floor":20},{"not_picked":["Bane","Prepared"],"picked":"Backflip","floor":25},{"not_picked":["Unload","Finisher","Terror+1"],"picked":"SKIP","floor":27},{"not_picked":["Eviscerate","Poisoned Stab","Flying Knee+1"],"picked":"SKIP","floor":30},{"not_picked":["Underhanded Strike+1","Dodge and Roll","Sucker Punch"],"picked":"SKIP","floor":31},{"not_picked":["Wraith Form v2","Venomology"],"picked":"A Thousand Cuts","floor":33},{"not_picked":["Slice","Acrobatics+1","Dodge and Roll"],"picked":"SKIP","floor":35},{"not_picked":["Heel Hook+1","Sucker Punch+1","Well Laid Plans"],"picked":"SKIP","floor":37},{"not_picked":["Deflect+1","Dagger Spray","Slice"],"picked":"SKIP","floor":39},{"not_picked":["Bouncing Flask","Catalyst+1"],"picked":"Backflip","floor":41}],"player_experience":189254,"relics_obtained":[{"floor":9,"key":"Pantograph"},{"floor":21,"key":"Nilry\u0027s Codex"},{"floor":26,"key":"Orichalcum"},{"floor":31,"key":"Paper Crane"},{"floor":41,"key":"PreservedInsect"},{"floor":41,"key":"Vajra"}],"event_choices":[{"cards_removed":["Strike_G"],"damage_healed":0,"gold_gain":0,"player_choice":"Offered Basic","damage_taken":0,"max_hp_gain":0,"max_hp_loss":0,"event_name":"Bonfire Elementals","floor":3,"gold_loss":0},{"damage_healed":0,"gold_gain":0,"player_choice":"Ignored","damage_taken":71,"max_hp_gain":0,"max_hp_loss":0,"event_name":"betterThird:BetterSerpent","floor":7,"gold_loss":0},{"damage_healed":69,"gold_gain":0,"player_choice":"Leave","damage_taken":0,"max_hp_gain":0,"max_hp_loss":70,"event_name":"betterThird:BetterShining","floor":13,"gold_loss":0},{"cards_removed":["Strike_G"],"damage_healed":0,"gold_gain":0,"player_choice":"Card Removal","damage_taken":7,"max_hp_gain":0,"max_hp_loss":0,"event_name":"Golden Wing","floor":14,"gold_loss":0},{"damage_healed":0,"gold_gain":0,"player_choice":"Obtained Book","damage_taken":16,"max_hp_gain":0,"max_hp_loss":0,"event_name":"Cursed Tome","floor":21,"gold_loss":0},{"damage_healed":0,"gold_gain":0,"player_choice":"Inject Mutagens","damage_taken":0,"relics_obtained":["MutagenicStrength"],"max_hp_gain":0,"max_hp_loss":0,"event_name":"Drug Dealer","floor":24,"gold_loss":0},{"damage_healed":0,"gold_gain":0,"player_choice":"Punched","damage_taken":3,"max_hp_gain":0,"max_hp_loss":0,"event_name":"Designer","floor":36,"gold_loss":0}],"is_beta":false,"boss_relics":[{"not_picked":["Snecko Eye","Velvet Choker"],"picked":"Sozu"},{"not_picked":["Calling Bell","SacredBark"],"picked":"Black Star"}],"items_purged_floors":[0,0,19],"is_endless":false,"potions_floor_spawned":[4,11,16,18,20,30,37],"killed_by":"Transient","ascension_level":3}}