{"host":"fmb9x04chdot191d","time":1611400381,"event":{"mods":["2.2 Compatiblity","AchievementEnabler","BaseMod","BetterRewards","Colored Map","Downfall","Hermit","Highlight Path","Marisa（霧雨　魔理沙）","Minty Spire (QoL Compilation)","Permanent Neow","Quick Restart","Rare Cards Sparkle","StSLib","The Servant 0.9.4","[IsaacMod]以撒尖塔"],"gold_per_floor":[109,109,109,17,17,17,52,70,70,83,83,101,101,120,120,221,221,240,240,240,240],"floor_reached":20,"language":"ENG","playtime":762,"items_purged":[],"score":172,"play_id":"6e6b5159-cab3-4f0d-a094-60a7a93d518d","local_time":"20210124001301","is_ascension_mode":false,"campfire_choices":[{"data":"Madness","floor":6.0,"key":"SMITH"},{"data":"Body Slam","floor":11.0,"key":"SMITH"},{"data":"Flame Barrier","floor":15.0,"key":"SMITH"}],"circlet_count":0,"master_deck":["Strike_R","Strike_R","Strike_R","Strike_R","Defend_R","Defend_R","Defend_R","Defend_R","Bash","Madness+1","Limit Break","Body Slam+1","Flame Barrier+1","Shrug It Off","Battle Trance","Inflame","Barricade","Impervious","Entrench","Flex+1"],"relics":["Burning Blood","HushsDoor","SteamSale","Calipers","Red Skull","Question Card","Black Star"],"acts_visited":["Exordium","TheCity"],"potions_floor_usage":[18],"damage_taken":[{"damage":0.0,"enemies":"2 Louse","floor":1.0,"turns":4.0},{"damage":14.0,"enemies":"Gremlin Nob","floor":7.0,"turns":3.0},{"damage":12.0,"enemies":"Small Slimes","floor":8.0,"turns":5.0},{"damage":6.0,"enemies":"Jaw Worm","floor":10.0,"turns":3.0},{"damage":9.0,"enemies":"Looter","floor":12.0,"turns":4.0},{"damage":1.0,"enemies":"Exordium Wildlife","floor":14.0,"turns":3.0},{"damage":22.0,"enemies":"Hexaghost","floor":16.0,"turns":6.0},{"damage":23,"enemies":"Shell Parasite","floor":18,"turns":6},{"damage":0,"enemies":"3 Byrds","floor":20,"turns":2}],"seed_played":"7610633163569972709","potions_obtained":[{"floor":1.0,"key":"EssenceOfSteel"},{"floor":14.0,"key":"DuplicationPotion"},{"floor":16.0,"key":"SteroidPotion"}],"is_trial":false,"path_per_floor":["M","?","?","$","?","R","E","M","T","M","R","M","?","M","R","B",null,"M","?","M"],"character_chosen":"IRONCLAD","items_purchased":["Limit Break","Body Slam","Impervious","Entrench"],"campfire_rested":0,"item_purchase_floors":[4,4,17,17],"current_hp_per_floor":[80,80,80,80,77,77,69,63,63,63,63,60,53,58,58,42,73,56,56,56,56],"gold":240,"neow_bonus":"RANDOM_COLORLESS","is_daily":false,"chose_seed":false,"campfire_upgraded":3,"win_rate":0.0,"timestamp":1611400381,"path_taken":["M","?","?","$","?","R","E","M","T","M","R","M","?","M","R","BOSS","M","?","M"],"items_purchased_type":["Card","Card","Card","Card"],"build_version":"2020-12-22","purchased_purges":0,"victory":false,"max_hp_per_floor":[80,80,80,80,80,80,80,80,80,80,80,80,80,80,80,80,73,73,73,73,73],"card_choices":[{"not_picked":["Dark Shackles","Bomb"],"picked":"Madness","floor":0.0},{"not_picked":["Warcry","Hemokinesis"],"picked":"Bomb","floor":1.0},{"not_picked":["Dark Embrace","Reckless Charge"],"picked":"Flame Barrier","floor":7.0},{"not_picked":["Exhume","Iron Wave"],"picked":"Shrug It Off","floor":8.0},{"not_picked":["Perfected Strike","Armaments","Sever Soul","Heavy Blade"],"picked":"SKIP","floor":10.0},{"not_picked":["Heavy Blade","Pummel","Flex"],"picked":"Battle Trance","floor":12.0},{"not_picked":["Anger","Bloodletting","Clash"],"picked":"Inflame","floor":14.0},{"not_picked":["Juggernaut","Exhume","Berserk"],"picked":"Barricade","floor":16.0},{"not_picked":["Body Slam","Sever Soul+1","Rage"],"picked":"Flex+1","floor":18}],"player_experience":55289,"relics_obtained":[{"floor":7.0,"key":"Red Skull"},{"floor":9.0,"key":"Question Card"}],"event_choices":[{"damage_healed":0.0,"max_hp_gain":0.0,"max_hp_loss":0.0,"gold_gain":0.0,"event_name":"Shining Light","player_choice":"Ignored","floor":2.0,"gold_loss":0.0,"damage_taken":0.0},{"damage_healed":0.0,"max_hp_gain":0.0,"max_hp_loss":0.0,"gold_gain":0.0,"event_name":"Golden Idol","player_choice":"Ignored","floor":3.0,"gold_loss":0.0,"damage_taken":0.0},{"damage_healed":0.0,"max_hp_gain":0.0,"max_hp_loss":0.0,"gold_gain":0.0,"event_name":"Scrap Ooze","player_choice":"Success","floor":5.0,"gold_loss":0.0,"damage_taken":3.0,"relics_obtained":["Calipers"]},{"cards_removed":["Strike_R"],"damage_healed":0.0,"max_hp_gain":0.0,"max_hp_loss":0.0,"gold_gain":0.0,"event_name":"Golden Wing","player_choice":"Card Removal","floor":13.0,"gold_loss":0.0,"damage_taken":7.0}],"is_beta":false,"boss_relics":[{"not_picked":["bronze:MakeshiftBattery","Runic Pyramid"],"picked":"Black Star"},{"not_picked":[]}],"items_purged_floors":[],"is_endless":false,"potions_floor_spawned":[1,14,16],"killed_by":"3 Byrds","ascension_level":0}}