{"host":"g1nobhbyuiiqkluq","time":1611397551,"event":{"mods":["Act Like it!","Aspiration","BaseMod","Better Match","Better Skull","Block Reminder","Conspire","Halation","Hubris","Minty Spire (QoL Compilation)","Quick Restart","Relic Stats","Replay The Spire","Spicy Shops","Spikes Relics","StSLib","SuperFastMode"],"gold_per_floor":[209,222,44,144,161,161,187,202,225,88,101,133,133,152,152,249,249,268,285,298,173,203,229,154,167,191,191,219,423,423,373,373,475,475,491,341,358,372,372,400,400,425,425,435,40,40,40,54,54,54,54,54,4,35,35,35],"floor_reached":55,"language":"ENG","playtime":2876,"items_purged":["Strike_R","Strike_R","Strike_R","Strike_R","Strike_R","BarbarianYell"],"score":900,"play_id":"121bcef8-0bbb-4782-ae8b-bc0b47c4a0ee","local_time":"20210123022551","is_ascension_mode":false,"campfire_choices":[{"data":"Whirlwind","floor":6,"key":"SMITH"},{"data":"True Grit","floor":13,"key":"SMITH"},{"data":"Battle Trance","floor":15,"key":"SMITH"},{"data":"Dark Embrace","floor":27,"key":"SMITH"},{"data":"Armaments","floor":30,"key":"SMITH"},{"data":"Disarm","floor":32,"key":"SMITH"},{"floor":41,"key":"RECALL"},{"data":"Juggernaut","floor":47,"key":"SMITH"},{"floor":49,"key":"DIG"},{"data":"hubris:StunningStrike","floor":52,"key":"SMITH"}],"circlet_count":0,"master_deck":["Defend_R+1","Defend_R","Bash","Headbutt","Armaments+1","Whirlwind+1","Double Tap","Battle Trance+1","Shrug It Off","Shrug It Off","True Grit+1","Offering+1","Dark Embrace+1","Disarm+1","Juggernaut+1","Power Through+1","Dark Embrace+1","hubris:StunningStrike+1","Body Slam"],"relics":["Burning Blood","RollingBoulder","aspiration:FrozenJewel","Black Star","War Paint","Omamori","Letter Opener","Cauldron","halation:KoshaPiece","Quantum Egg","Orichalcum","Abe\u0027s Treasure","Smiling Mask","RetroEgg","Replay:PocketPolymizer","conspire:GlowingRock","Question Card","hubris:Zylophone","Anchor","halation:PrussianBluePaint","ReplayTheSpireMod:TigerMarble"],"acts_visited":["Exordium","TheCity","TheBeyond","TheEnding"],"potions_floor_usage":[8,20,33,33,40,42,50,54,55,55],"damage_taken":[{"damage":15,"enemies":"Small Slimes","floor":1,"turns":4},{"damage":1,"enemies":"Cultist","floor":2,"turns":4},{"damage":0,"enemies":"2 Louse","floor":5,"turns":1},{"damage":21,"enemies":"3 Sentries","floor":7,"turns":6},{"damage":0,"enemies":"Looter","floor":8,"turns":1},{"damage":0,"enemies":"Blue Slaver","floor":11,"turns":3},{"damage":6,"enemies":"Gremlin Nob","floor":12,"turns":3},{"damage":0,"enemies":"Gremlin Gang","floor":14,"turns":2},{"damage":14,"enemies":"Fading Forest","floor":16,"turns":11},{"damage":6,"enemies":"Spheric Guardian","floor":18,"turns":1},{"damage":6,"enemies":"2 Thieves","floor":19,"turns":3},{"damage":17,"enemies":"Snake Plant","floor":20,"turns":4},{"damage":25,"enemies":"conspire:MimicChest","floor":22,"turns":6},{"damage":6,"enemies":"Gremlin Leader","floor":23,"turns":3},{"damage":6,"enemies":"Snecko","floor":25,"turns":3},{"damage":6,"enemies":"Slavers","floor":28,"turns":2},{"damage":43,"enemies":"Automaton","floor":33,"turns":15},{"damage":6,"enemies":"3 Darklings","floor":35,"turns":2},{"damage":6,"enemies":"3 Shapes","floor":37,"turns":5},{"damage":0,"enemies":"3 Darklings","floor":38,"turns":3},{"damage":38,"enemies":"Nemesis","floor":40,"turns":7},{"damage":6,"enemies":"Giant Head","floor":42,"turns":8},{"damage":13,"enemies":"Sphere and 2 Shapes","floor":44,"turns":4},{"damage":6,"enemies":"Spire Growth","floor":48,"turns":6},{"damage":6,"enemies":"Time Eater","floor":50,"turns":8},{"damage":10,"enemies":"Shield and Spear","floor":54,"turns":5},{"damage":94,"enemies":"The Heart","floor":55,"turns":8}],"seed_played":"1017349082200421059","potions_obtained":[{"floor":2,"key":"Venom Potion"},{"floor":7,"key":"FearPotion"},{"floor":12,"key":"Swift Potion"},{"floor":14,"key":"SneckoOil"},{"floor":16,"key":"Explosive Potion"},{"floor":18,"key":"Adrenaline Potion"},{"floor":22,"key":"Fire Potion"},{"floor":23,"key":"LiquidMemories"},{"floor":33,"key":"Energy Potion"},{"floor":35,"key":"PowerPotion"},{"floor":40,"key":"Weak Potion"},{"floor":44,"key":"FearPotion"},{"floor":54,"key":"AttackPotion"}],"is_trial":false,"path_per_floor":["M","M","$","?","M","R","E","M","T","$","M","E","R","M","R","B",null,"M","M","M","$","?","E","$","M","T","R","E","?","R","?","R","B",null,"M","$","M","M","?","E","R","E","T","M","$","?","R","M","R","B",null,"R","$","E","B"],"character_chosen":"IRONCLAD","items_purchased":["Whirlwind","Shrug It Off","Cauldron","Strength Potion","hubris:Zylophone"],"campfire_rested":0,"item_purchase_floors":[3,10,24,45,45],"current_hp_per_floor":[71,76,76,76,80,80,65,71,71,71,77,77,77,80,80,72,80,80,80,69,69,50,50,50,50,50,50,50,50,50,50,50,13,80,80,80,80,80,80,48,48,48,48,41,41,41,41,41,41,41,80,80,80,76,0,0],"gold":35,"neow_bonus":"HUNDRED_GOLD","is_daily":false,"chose_seed":false,"campfire_upgraded":8,"win_rate":0.0,"timestamp":1611397551,"path_taken":["M","M","$","?","M","R","E","M","T","$","M","E","R","?","R","BOSS","M","M","M","$","?","E","$","M","T","R","E","?","R","?","R","BOSS","M","$","?","M","?","E","R","E","T","M","$","?","R","M","R","BOSS","R","$","E","BOSS"],"items_purchased_type":["Card","Card","Relic","Potion","Relic"],"build_version":"2020-12-22","purchased_purges":6,"victory":false,"max_hp_per_floor":[80,80,80,80,80,80,80,80,80,80,80,80,80,80,80,80,80,80,80,80,80,80,80,80,80,80,80,80,80,80,80,80,80,80,80,80,80,80,80,80,80,80,80,80,80,80,80,80,80,80,80,80,80,80,80,80],"relic_stats":{"counters":[27,128],"Black Star":5,"Letter Opener":[215],"War Paint":["Defend_R","Offering"],"Orichalcum":[54],"Smiling Mask":275,"Question Card":3,"obtain_stats":[{"Replay:PocketPolymizer":42,"Quantum Egg":28,"RetroEgg":40,"Omamori":23,"Letter Opener":23,"War Paint":22,"Orichalcum":28,"Smiling Mask":40,"Question Card":43,"Burning Blood":0,"aspiration:FrozenJewel":12,"hubris:Zylophone":45,"Cauldron":24,"conspire:GlowingRock":42,"Anchor":49,"halation:PrussianBluePaint":54,"RollingBoulder":7,"Black Star":17,"halation:KoshaPiece":26,"ReplayTheSpireMod:TigerMarble":54,"Abe\u0027s Treasure":34},{"Replay:PocketPolymizer":22,"Quantum Egg":16,"RetroEgg":21,"Omamori":14,"Letter Opener":14,"War Paint":13,"Orichalcum":16,"Smiling Mask":21,"Question Card":22,"Burning Blood":0,"aspiration:FrozenJewel":7,"hubris:Zylophone":23,"Cauldron":14,"conspire:GlowingRock":22,"Anchor":24,"halation:PrussianBluePaint":26,"RollingBoulder":4,"Black Star":9,"halation:KoshaPiece":15,"ReplayTheSpireMod:TigerMarble":26,"Abe\u0027s Treasure":17},{"Replay:PocketPolymizer":97,"Quantum Egg":57,"RetroEgg":89,"Omamori":52,"Letter Opener":52,"War Paint":49,"Orichalcum":57,"Smiling Mask":89,"Question Card":97,"Burning Blood":0,"aspiration:FrozenJewel":22,"hubris:Zylophone":101,"Cauldron":52,"conspire:GlowingRock":97,"Anchor":107,"halation:PrussianBluePaint":120,"RollingBoulder":15,"Black Star":35,"halation:KoshaPiece":55,"ReplayTheSpireMod:TigerMarble":120,"Abe\u0027s Treasure":72}],"Burning Blood":145},"card_choices":[{"not_picked":["hubris:ReadiedAction","Rage"],"picked":"Headbutt","floor":1},{"not_picked":["Clothesline","Searing Blow"],"picked":"Armaments","floor":2},{"not_picked":["ReplayTheSpireMod:Corrosion Curse","hubris:SharpeningStone"],"picked":"Double Tap","floor":5},{"not_picked":["ReplayTheSpireMod:Muscle Training","Headbutt"],"picked":"Battle Trance","floor":7},{"not_picked":["Heavy Blade","Rampage","Fire Breathing"],"picked":"SKIP","floor":8},{"not_picked":["ReplayTheSpireMod:Limb From Limb","Armaments"],"picked":"True Grit","floor":11},{"not_picked":["Life Link","Intimidate","Clothesline"],"picked":"SKIP","floor":12},{"not_picked":["Whirlwind","Warcry","Havoc"],"picked":"SKIP","floor":14},{"not_picked":["Immolate","conspire:HitWhereItHurts"],"picked":"Offering","floor":16},{"not_picked":["Intimidate","conspire:ExplosiveBarrier","Carnage"],"picked":"SKIP","floor":18},{"not_picked":["Clash","Iron Wave","Twin Strike"],"picked":"SKIP","floor":19},{"not_picked":["Pommel Strike+1","Havoc+1","conspire:ExplosiveBarrier"],"picked":"SKIP","floor":20},{"not_picked":["ReplayTheSpireMod:Strike From Hell+1","Wild Strike"],"picked":"Dark Embrace","floor":23},{"not_picked":["Metallicize","Armaments"],"picked":"Disarm","floor":25},{"not_picked":["Battle Trance","Heavy Blade+1","Armaments"],"picked":"SKIP","floor":28},{"not_picked":["Double Tap","Brutality"],"picked":"Juggernaut","floor":33},{"not_picked":["Anger+1","Run Through"],"picked":"Power Through+1","floor":35},{"not_picked":["Sword Boomerang+1","Havoc+1","Combust"],"picked":"SKIP","floor":37},{"not_picked":["Perfected Strike+1","Infernal Blade","Replay:Undeath\u0027s Touch+1"],"picked":"SKIP","floor":38},{"not_picked":["Shrug It Off+1","Warcry"],"picked":"Juggernaut","floor":40},{"not_picked":["ReplayTheSpireMod:LeadingStrike+1","Abandon","ReplayTheSpireMod:Corrosion Curse+1"],"picked":"SKIP","floor":42},{"not_picked":["hubris:ReadiedAction","Havoc+1","Heavy Blade+1"],"picked":"Dark Embrace+1","floor":44},{"not_picked":["Massacre","Replay:Many Hands","Inflame"],"picked":"Body Slam","floor":48},{"not_picked":["hubris:ReadiedAction","Sentinel","Life Link+1","Corruption"],"picked":"SKIP","floor":54}],"player_experience":3036473,"relics_obtained":[{"floor":7,"key":"RollingBoulder"},{"floor":12,"key":"aspiration:FrozenJewel"},{"floor":22,"key":"War Paint"},{"floor":23,"key":"Omamori"},{"floor":23,"key":"Letter Opener"},{"floor":26,"key":"halation:KoshaPiece"},{"floor":28,"key":"Quantum Egg"},{"floor":28,"key":"Orichalcum"},{"floor":40,"key":"Smiling Mask"},{"floor":40,"key":"RetroEgg"},{"floor":42,"key":"Replay:PocketPolymizer"},{"floor":42,"key":"conspire:GlowingRock"},{"floor":43,"key":"Question Card"},{"floor":49,"key":"Anchor"},{"floor":54,"key":"halation:PrussianBluePaint"},{"floor":54,"key":"ReplayTheSpireMod:TigerMarble"}],"event_choices":[{"damage_healed":0,"gold_gain":100,"player_choice":"Gold","damage_taken":0,"max_hp_gain":0,"max_hp_loss":0,"event_name":"Wheel of Change","floor":4,"gold_loss":0},{"damage_healed":0,"gold_gain":0,"player_choice":"Bet on Owner","damage_taken":0,"max_hp_gain":0,"max_hp_loss":0,"event_name":"The Joust","floor":31,"gold_loss":50},{"cards_removed":["Juggernaut"],"damage_healed":0,"gold_gain":0,"player_choice":"Removed Power","damage_taken":0,"max_hp_gain":0,"max_hp_loss":0,"event_name":"Falling","floor":46,"gold_loss":0}],"is_beta":false,"boss_relics":[{"not_picked":["ChewingGum","Runic Cube"],"picked":"Black Star"},{"not_picked":["hubris:BlackHole","halation:CatFaceCupcake"],"picked":"Abe\u0027s Treasure"}],"items_purged_floors":[3,10,21,36,45,53],"is_endless":false,"potions_floor_spawned":[2,7,12,14,16,18,22,23,28,33,35,40,44,54],"killed_by":"The Heart","ascension_level":0}}