{"host":"aas8f8jvicx6tcxp","time":1611411339,"event":{"mods":["BaseMod","Better Third Choice","BetterRewards","Downfall","Hermit","Minty Spire (QoL Compilation)","Robot Space Explorer","StSLib","The Bladedancer","The Cursed"],"gold_per_floor":[115,126,136,155,3,3,3],"floor_reached":6,"language":"ENG","playtime":508,"items_purged":[],"score":63,"play_id":"fb1f1a14-145b-4e8e-868a-b27f7303a211","local_time":"20210123081539","is_ascension_mode":false,"campfire_choices":[],"circlet_count":0,"master_deck":["blademaster:Strike","blademaster:Strike","blademaster:Strike","blademaster:Strike","blademaster:Defend","blademaster:Defend","blademaster:Defend","blademaster:Defend","blademaster:RagingBlow","blademaster:HighVoltage","blademaster:Quickstep","blademaster:BladeMastery","blademaster:CullingStrike"],"relics":["blademaster:DancersAmulet","NeowsBlessing","ClockworkSouvenir"],"acts_visited":["Exordium"],"potions_floor_usage":[4,6],"damage_taken":[{"damage":0,"enemies":"2 Louse","floor":1,"turns":1},{"damage":0,"enemies":"Jaw Worm","floor":2,"turns":2},{"damage":0,"enemies":"Cultist","floor":3,"turns":1},{"damage":12,"enemies":"Looter","floor":4,"turns":3},{"damage":70,"enemies":"3 Sentries","floor":6,"turns":9}],"seed_played":"6551791103419963231","potions_obtained":[{"floor":3,"key":"Fire Potion"},{"floor":4,"key":"Weak Potion"}],"is_trial":false,"path_per_floor":["M","M","M","M","$","E"],"character_chosen":"THE_BLADEMASTER","items_purchased":["ClockworkSouvenir"],"campfire_rested":0,"item_purchase_floors":[5],"current_hp_per_floor":[75,75,75,63,63,0,0],"gold":3,"neow_bonus":"THREE_ENEMY_KILL","is_daily":false,"chose_seed":false,"campfire_upgraded":0,"win_rate":0.0,"timestamp":1611411339,"path_taken":["M","M","M","M","$","E"],"items_purchased_type":["Relic"],"build_version":"2020-12-22","purchased_purges":0,"victory":false,"max_hp_per_floor":[75,75,75,75,75,75,75],"card_choices":[{"not_picked":["blademaster:ChargingUp","blademaster:LeechingStrike","blademaster:DeadlyDance"],"picked":"SKIP","floor":1},{"not_picked":["blademaster:ParryingStrike","blademaster:Frontflip"],"picked":"blademaster:Quickstep","floor":2},{"not_picked":["blademaster:BladeCross","blademaster:Slice"],"picked":"blademaster:BladeMastery","floor":3},{"not_picked":["blademaster:IcyWind","blademaster:Cut"],"picked":"blademaster:CullingStrike","floor":4}],"player_experience":332192,"relics_obtained":[],"event_choices":[],"is_beta":false,"boss_relics":[],"items_purged_floors":[],"is_endless":false,"potions_floor_spawned":[3,4],"killed_by":"3 Sentries","ascension_level":0}}