{"host":"y3h3n3f7seyagppx","time":1611382554,"event":{"mods":["BaseMod","Colored Map","Colored Powertips","DeckTracker","Minty Spire (QoL Compilation)","Permanent Neow","StSLib"],"gold_per_floor":[18,18,37,37,55,55,98,98,98,113,146,164,199,223,223,317,317,336,356,25,25,45,85,85,109,133,133,147,183,209,227,227,326,326,347,363,363,376,399,399,443,443,443,443,466,230,246,290,290,290,290,290,290,32,73,73],"floor_reached":57,"language":"ENG","playtime":4788,"items_purged":["Anger","Strike_R+1"],"score":3427,"play_id":"60354ddb-723d-44a9-bbf2-9acf4520d3ef","local_time":"20210123011554","is_ascension_mode":true,"campfire_choices":[{"data":"Immolate","floor":6,"key":"SMITH"},{"data":"Armaments","floor":15,"key":"SMITH"},{"data":"Flame Barrier","floor":24,"key":"SMITH"},{"data":"Shockwave","floor":32,"key":"SMITH"},{"data":"Impervious","floor":40,"key":"SMITH"},{"floor":42,"key":"RECALL"},{"data":"Impervious","floor":49,"key":"SMITH"},{"data":"Power Through","floor":53,"key":"SMITH"}],"circlet_count":0,"master_deck":["AscendersBane","Strike_R+1","Strike_R+1","Strike_R+1","Strike_R+1","Defend_R+1","Defend_R+1","Defend_R+1","Defend_R+1","Bash","Immolate+1","Evolve","Armaments+1","Shrug It Off+1","Corruption","Impervious+1","Flame Barrier+1","Body Slam","Shrug It Off+1","Second Wind","Disarm","Shockwave+1","Impervious+1","Flame Barrier","Barricade","Power Through+1","Sentinel+1","Feel No Pain","Shockwave","Sentinel"],"relics":["Burning Blood","Golden Idol","Ornamental Fan","Blood Vial","PreservedInsect","Singing Bowl","Snecko Eye","Dead Branch","Matryoshka","War Paint","WarpedTongs","Ginger","Lantern","Anchor","Cursed Key","Darkstone Periapt","Letter Opener","Medical Kit","Pear","Centennial Puzzle"],"acts_visited":["Exordium","TheCity","TheBeyond","TheEnding"],"potions_floor_usage":[7,13,16,25],"damage_taken":[{"damage":0,"enemies":"Jaw Worm","floor":1,"turns":3},{"damage":0,"enemies":"2 Louse","floor":3,"turns":2},{"damage":0,"enemies":"Small Slimes","floor":5,"turns":3},{"damage":16,"enemies":"Lagavulin","floor":7,"turns":7},{"damage":10,"enemies":"Exordium Wildlife","floor":10,"turns":3},{"damage":15,"enemies":"3 Sentries","floor":11,"turns":4},{"damage":0,"enemies":"Gremlin Gang","floor":12,"turns":1},{"damage":16,"enemies":"Lagavulin","floor":13,"turns":5},{"damage":6,"enemies":"Blue Slaver","floor":14,"turns":3},{"damage":22,"enemies":"Slime Boss","floor":16,"turns":9},{"damage":4,"enemies":"Chosen","floor":18,"turns":5},{"damage":1,"enemies":"Spheric Guardian","floor":19,"turns":5},{"damage":0,"enemies":"3 Cultists","floor":22,"turns":2},{"damage":2,"enemies":"Gremlin Leader","floor":23,"turns":3},{"damage":0,"enemies":"Centurion and Healer","floor":25,"turns":4},{"damage":5,"enemies":"Snecko","floor":28,"turns":3},{"damage":1,"enemies":"Book of Stabbing","floor":29,"turns":3},{"damage":1,"enemies":"Cultist and Chosen","floor":31,"turns":3},{"damage":8,"enemies":"Automaton","floor":33,"turns":4},{"damage":0,"enemies":"3 Shapes","floor":35,"turns":1},{"damage":2,"enemies":"3 Darklings","floor":36,"turns":3},{"damage":0,"enemies":"Spire Growth","floor":38,"turns":5},{"damage":0,"enemies":"Jaw Worm Horde","floor":39,"turns":2},{"damage":0,"enemies":"Giant Head","floor":41,"turns":2},{"damage":17,"enemies":"Transient","floor":45,"turns":5},{"damage":0,"enemies":"3 Darklings","floor":47,"turns":1},{"damage":0,"enemies":"Reptomancer","floor":48,"turns":3},{"damage":0,"enemies":"Awakened One","floor":50,"turns":7},{"damage":0,"enemies":"Time Eater","floor":51,"turns":4},{"damage":1,"enemies":"Shield and Spear","floor":55,"turns":3},{"damage":9,"enemies":"The Heart","floor":56,"turns":6}],"seed_played":"-4433362794427974469","potions_obtained":[{"floor":1,"key":"Swift Potion"},{"floor":3,"key":"ColorlessPotion"},{"floor":12,"key":"PowerPotion"},{"floor":13,"key":"HeartOfIron"},{"floor":19,"key":"Block Potion"},{"floor":29,"key":"Block Potion"},{"floor":41,"key":"FairyPotion"}],"is_trial":false,"path_per_floor":["M","?","M","?","M","R","E","?","T","M","E","M","E","M","R","B",null,"M","M","$","?","M","E","R","M","T","?","M","E","T","M","R","B",null,"M","M","?","M","M","R","E","R","T","?","M","$","M","E","R","B","B",null,"R","$","E","B",null],"character_chosen":"IRONCLAD","items_purchased":["Dead Branch","Medical Kit","Feel No Pain","Shockwave"],"campfire_rested":0,"item_purchase_floors":[20,46,54,54],"current_hp_per_floor":[74,48,54,31,37,37,27,52,52,50,43,51,43,47,47,33,66,72,79,79,79,79,79,79,79,79,79,81,81,81,81,81,79,81,83,83,83,85,85,85,87,87,93,90,79,79,87,102,102,102,102,102,102,102,102,99],"gold":73,"neow_bonus":"THREE_RARE_CARDS","is_daily":false,"chose_seed":false,"campfire_upgraded":7,"win_rate":0.0,"timestamp":1611382554,"path_taken":["M","?","M","?","M","R","E","?","T","M","E","?","E","?","R","BOSS","M","M","$","?","M","E","R","M","T","?","?","E","?","M","R","BOSS","M","M","?","M","?","R","E","R","T","?","M","$","?","E","R","BOSS","BOSS","R","$","E","BOSS"],"items_purchased_type":["Relic","Relic","Card","Card"],"build_version":"2020-12-22","purchased_purges":2,"victory":true,"max_hp_per_floor":[75,75,75,75,75,75,75,75,75,75,75,75,75,77,77,77,77,79,79,79,79,79,79,79,79,79,79,81,81,81,81,81,81,81,83,83,83,85,85,85,87,87,93,90,90,90,90,102,102,102,102,102,102,102,102,102],"card_choices":[{"not_picked":["Offering","Berserk"],"picked":"Immolate","floor":0},{"not_picked":["Seeing Red","Headbutt","Dual Wield"],"picked":"SKIP","floor":1},{"not_picked":["Entrench","Clothesline","Body Slam"],"picked":"SKIP","floor":3},{"not_picked":["Entrench","Clothesline","Body Slam"],"picked":"SKIP","floor":3},{"not_picked":["Heavy Blade","Bludgeon"],"picked":"Evolve","floor":5},{"not_picked":["Sever Soul","Headbutt"],"picked":"Anger","floor":7},{"not_picked":["Dark Embrace","Flex","Thunderclap"],"picked":"SKIP","floor":10},{"not_picked":["Combust","Feel No Pain"],"picked":"Armaments","floor":11},{"not_picked":["Hemokinesis","Whirlwind"],"picked":"Shrug It Off","floor":12},{"not_picked":["Cleave","Intimidate"],"picked":"Corruption","floor":13},{"not_picked":["Sword Boomerang","Iron Wave","Reckless Charge"],"picked":"Singing Bowl","floor":14},{"not_picked":["Fiend Fire","Immolate"],"picked":"Impervious","floor":16},{"not_picked":["Clash","Dropkick","Thunderclap"],"picked":"Singing Bowl","floor":18},{"not_picked":["True Grit","Cleave"],"picked":"Flame Barrier","floor":19},{"not_picked":["Whirlwind","Seeing Red"],"picked":"Body Slam","floor":22},{"not_picked":["Seeing Red+1","Armaments"],"picked":"Shrug It Off","floor":23},{"not_picked":["Wild Strike","Iron Wave"],"picked":"Second Wind","floor":25},{"not_picked":["Uppercut","Pommel Strike","Cleave"],"picked":"Singing Bowl","floor":28},{"not_picked":["Bloodletting","Second Wind"],"picked":"Disarm","floor":29},{"not_picked":["Pommel Strike","Entrench"],"picked":"Shockwave","floor":31},{"not_picked":["Double Tap","Brutality"],"picked":"Impervious","floor":33},{"not_picked":["Metallicize","Wild Strike+1","Flex"],"picked":"Singing Bowl","floor":35},{"not_picked":["Sever Soul","True Grit"],"picked":"Flame Barrier","floor":36},{"not_picked":["Blood for Blood","Clothesline","Perfected Strike"],"picked":"Singing Bowl","floor":38},{"not_picked":["Burning Pact+1","Wild Strike"],"picked":"Barricade","floor":39},{"not_picked":["Reckless Charge","Sword Boomerang","Headbutt+1"],"picked":"Singing Bowl","floor":41},{"not_picked":["Twin Strike","Warcry"],"picked":"Power Through","floor":45},{"not_picked":["Havoc+1","Spot Weakness+1"],"picked":"Sentinel+1","floor":47},{"not_picked":["Anger","Clash","Warcry+1"],"picked":"Singing Bowl","floor":48},{"not_picked":["Whirlwind","Offering"],"picked":"Sentinel","floor":55}],"player_experience":21512838,"relics_obtained":[{"floor":7,"key":"Ornamental Fan"},{"floor":9,"key":"Blood Vial"},{"floor":11,"key":"PreservedInsect"},{"floor":13,"key":"Singing Bowl"},{"floor":23,"key":"Matryoshka"},{"floor":26,"key":"War Paint"},{"floor":29,"key":"Ginger"},{"floor":30,"key":"Lantern"},{"floor":30,"key":"Anchor"},{"floor":41,"key":"Darkstone Periapt"},{"floor":43,"key":"Letter Opener"},{"floor":48,"key":"Pear"},{"floor":55,"key":"Centennial Puzzle"}],"event_choices":[{"damage_healed":0,"gold_gain":0,"player_choice":"Take Damage","damage_taken":26,"relics_obtained":["Golden Idol"],"max_hp_gain":0,"max_hp_loss":0,"event_name":"Golden Idol","floor":2,"gold_loss":0},{"damage_healed":0,"gold_gain":0,"player_choice":"Entered Light","damage_taken":23,"max_hp_gain":0,"max_hp_loss":0,"event_name":"Shining Light","floor":4,"gold_loss":0,"cards_upgraded":["Strike_R","Strike_R"]},{"damage_healed":25,"gold_gain":0,"player_choice":"Banana","damage_taken":0,"max_hp_gain":0,"max_hp_loss":0,"event_name":"Big Fish","floor":8,"gold_loss":0},{"damage_healed":0,"gold_gain":0,"player_choice":"Simplicity","damage_taken":0,"max_hp_gain":0,"max_hp_loss":0,"event_name":"Back to Basics","floor":21,"gold_loss":0,"cards_upgraded":["Strike_R","Strike_R","Strike_R","Defend_R","Defend_R","Defend_R","Defend_R"]},{"damage_healed":0,"gold_gain":0,"player_choice":"Rummage","damage_taken":0,"relics_obtained":["WarpedTongs"],"max_hp_gain":0,"max_hp_loss":0,"event_name":"Accursed Blacksmith","floor":27,"gold_loss":0,"cards_obtained":["Pain"]},{"cards_removed":["Pain"],"damage_healed":0,"gold_gain":0,"player_choice":"Removed Curses","damage_taken":0,"max_hp_gain":0,"max_hp_loss":0,"event_name":"Fountain of Cleansing","floor":37,"gold_loss":0},{"cards_removed":["Parasite"],"damage_healed":0,"gold_gain":0,"player_choice":"Card Removal","damage_taken":0,"max_hp_gain":0,"max_hp_loss":0,"event_name":"Wheel of Change","floor":44,"gold_loss":0}],"is_beta":false,"boss_relics":[{"not_picked":["SacredBark","Runic Cube"],"picked":"Snecko Eye"},{"not_picked":["Black Star","Calling Bell"],"picked":"Cursed Key"}],"items_purged_floors":[46,54],"is_endless":false,"potions_floor_spawned":[1,3,5,12,13,19,22,29,31,33,35,39,41,45],"ascension_level":20}}