{"host":"s2gnxn64lbarj0x7","time":1611398833,"event":{"mods":["AchievementEnabler","BaseMod","Colored Map","Colored Powertips","Faster Ascension Climbing","Googly Eyes","Highlight Path","Minty Spire (QoL Compilation)","Quick Restart","StSLib","SuperFastMode","The Marked"],"gold_per_floor":[116,116,136,136,153,118,151,151,175,175,231,156,171,24,24,24,24],"floor_reached":16,"language":"ENG","playtime":750,"items_purged":["theMarked:Strike"],"score":98,"play_id":"361d2040-778f-4ab4-8895-f46236275a39","local_time":"20210123044713","is_ascension_mode":false,"campfire_choices":[{"floor":10,"key":"REST"},{"floor":15,"key":"REST"}],"circlet_count":0,"master_deck":["theMarked:Strike","theMarked:Strike","theMarked:Strike","theMarked:Strike","theMarked:Defend","theMarked:Defend","theMarked:Defend","theMarked:Defend","theMarked:SoldierOfQuellstein","theMarked:ElectricStrings","theMarked:ChainLightning","theMarked:ReduceFriction","theMarked:EmpowerWeapon","theMarked:RepellingDischarge"],"relics":["theMarked:ArtifactOfAir","NeowsBlessing","theMarked:DemonDagger","Nunchaku","Blood Vial","Thread and Needle","Membership Card"],"acts_visited":["Exordium"],"potions_floor_usage":[7,16,16,16],"damage_taken":[{"damage":0,"enemies":"Jaw Worm","floor":1,"turns":1},{"damage":0,"enemies":"Cultist","floor":3,"turns":1},{"damage":0,"enemies":"2 Louse","floor":5,"turns":1},{"damage":44,"enemies":"Lagavulin","floor":7,"turns":8},{"damage":38,"enemies":"Gremlin Nob","floor":11,"turns":5},{"damage":0,"enemies":"2 Fungi Beasts","floor":13,"turns":3},{"damage":34,"enemies":"The Guardian","floor":16,"turns":12}],"seed_played":"4827269473593571724","potions_obtained":[{"floor":4,"key":"Swift Potion"},{"floor":4,"key":"Energy Potion"},{"floor":4,"key":"Fire Potion"},{"floor":11,"key":"Block Potion"}],"is_trial":false,"path_per_floor":["M","?","M","?","M","?","E","?","T","R","?","$","M","$","R","B"],"character_chosen":"THE_DEFAULT","items_purchased":["Membership Card"],"campfire_rested":2,"item_purchase_floors":[14],"current_hp_per_floor":[70,45,45,45,45,62,18,18,18,39,3,3,5,5,26,0,0],"gold":24,"neow_bonus":"THREE_ENEMY_KILL","is_daily":false,"chose_seed":false,"campfire_upgraded":0,"win_rate":0.0,"timestamp":1611398833,"path_taken":["M","?","M","?","?","?","E","?","T","R","?","$","?","$","R","BOSS"],"items_purchased_type":["Relic"],"build_version":"2020-12-22","purchased_purges":1,"victory":false,"max_hp_per_floor":[70,70,70,70,70,70,70,70,70,70,70,70,70,70,70,70,70],"card_choices":[{"not_picked":["theMarked:SwordAndMagic","theMarked:StartUp"],"picked":"theMarked:ElectricStrings","floor":1},{"not_picked":["theMarked:Overthink","theMarked:EmpowerWeapon"],"picked":"theMarked:ChainLightning","floor":3},{"not_picked":["theMarked:BanishingStrike","theMarked:StartUp"],"picked":"theMarked:ReduceFriction","floor":5},{"not_picked":["theMarked:ContemptForTheProud","theMarked:Frustration"],"picked":"theMarked:EmpowerWeapon","floor":7},{"not_picked":["theMarked:ChainLightning","theMarked:Static"],"picked":"theMarked:RepellingDischarge","floor":11},{"not_picked":["theMarked:TunnelVision","theMarked:Static","theMarked:ThrowWeapon"],"picked":"SKIP","floor":13}],"player_experience":161458,"relics_obtained":[{"floor":7,"key":"Nunchaku"},{"floor":9,"key":"Blood Vial"},{"floor":11,"key":"Thread and Needle"}],"event_choices":[{"damage_healed":0,"gold_gain":0,"player_choice":"Success","damage_taken":25,"relics_obtained":["theMarked:DemonDagger"],"max_hp_gain":0,"max_hp_loss":0,"event_name":"Scrap Ooze","floor":2,"gold_loss":0},{"damage_healed":0,"gold_gain":0,"player_choice":"Got Potions","damage_taken":0,"max_hp_gain":0,"max_hp_loss":0,"event_name":"Lab","floor":4,"gold_loss":0},{"damage_healed":17,"gold_gain":0,"player_choice":"Healed","damage_taken":0,"max_hp_gain":0,"max_hp_loss":0,"event_name":"The Cleric","floor":6,"gold_loss":35},{"damage_healed":0,"gold_gain":0,"player_choice":"Ignored","damage_taken":0,"max_hp_gain":0,"max_hp_loss":0,"event_name":"Shining Light","floor":8,"gold_loss":0},{"damage_healed":0,"gold_gain":0,"player_choice":"Searched \u00271\u0027 times","damage_taken":0,"max_hp_gain":0,"max_hp_loss":0,"event_name":"Dead Adventurer","floor":11,"gold_loss":0}],"is_beta":false,"boss_relics":[],"items_purged_floors":[12],"is_endless":false,"potions_floor_spawned":[5,11],"killed_by":"The Guardian","ascension_level":0}}