{"host":"88sw61cmk1203zgj","time":1611368035,"event":{"mods":["BaseMod","Minty Spire (QoL Compilation)"],"gold_per_floor":[166,177,177,127,144,144,160,160,209,223,256,274,274,303,303,404,404,417,429,449,60,60,87,87,87,87,101,118,135,135,153,153,153,153],"floor_reached":33,"language":"ENG","playtime":2006,"items_purged":[],"score":475,"play_id":"2cf2b916-86ae-4754-813c-d7f3c6ec417b","local_time":"20210122211355","is_ascension_mode":true,"campfire_choices":[{"data":"Bane","floor":6.0,"key":"SMITH"},{"floor":13.0,"key":"REST"},{"floor":15.0,"key":"REST"},{"data":"Phantasmal Killer","floor":24,"key":"SMITH"},{"floor":30,"key":"REST"},{"floor":32,"key":"REST"}],"circlet_count":0,"master_deck":["AscendersBane","Strike_G","Strike_G","Strike_G","Strike_G","Defend_G","Defend_G+1","Defend_G+1","Defend_G+1","Survivor","Neutralize","Bane+1","Dagger Throw","Dodge and Roll","Deadly Poison","Dagger Spray","Tactician","Underhanded Strike","Dagger Throw","Deadly Poison","Phantasmal Killer+1","CurseOfTheBell","PiercingWail","Backflip+1","PiercingWail","Backflip+1","Tactician+1","Backflip+1","Deflect+1","Flying Knee+1","Venomology+1"],"relics":["Tiny House","Dream Catcher","Anchor","Pen Nib","Calling Bell","War Paint","Darkstone Periapt","Du-Vu Doll","Toxic Egg 2","Boot","Mango"],"acts_visited":["Exordium","TheCity"],"potions_floor_usage":[23,31,33,33],"damage_taken":[{"damage":8.0,"enemies":"2 Louse","floor":1.0,"turns":3.0},{"damage":0.0,"enemies":"Jaw Worm","floor":2.0,"turns":4.0},{"damage":0.0,"enemies":"Small Slimes","floor":5.0,"turns":3.0},{"damage":23.0,"enemies":"Gremlin Gang","floor":7.0,"turns":5.0},{"damage":0.0,"enemies":"Blue Slaver","floor":10.0,"turns":4.0},{"damage":26.0,"enemies":"3 Sentries","floor":11.0,"turns":9.0},{"damage":0.0,"enemies":"Large Slime","floor":12.0,"turns":6.0},{"damage":36.0,"enemies":"Lagavulin","floor":14.0,"turns":7.0},{"damage":16.0,"enemies":"Slime Boss","floor":16.0,"turns":8.0},{"damage":12.0,"enemies":"2 Thieves","floor":18.0,"turns":4.0},{"damage":24,"enemies":"Shell Parasite","floor":19,"turns":5},{"damage":16,"enemies":"Snake Plant","floor":20,"turns":4},{"damage":22,"enemies":"Gremlin Leader","floor":23,"turns":8},{"damage":10,"enemies":"3 Cultists","floor":27,"turns":5},{"damage":7,"enemies":"Shelled Parasite and Fungi","floor":28,"turns":6},{"damage":6,"enemies":"Chosen and Byrds","floor":29,"turns":7},{"damage":8,"enemies":"Snecko","floor":31,"turns":4},{"damage":68,"enemies":"Collector","floor":33,"turns":6}],"seed_played":"-3337157132986508329","potions_obtained":[{"floor":0.0,"key":"BlessingOfTheForge"},{"floor":5.0,"key":"Fruit Juice"},{"floor":7.0,"key":"Strength Potion"},{"floor":12.0,"key":"Regen Potion"},{"floor":23,"key":"SteroidPotion"},{"floor":27,"key":"Dexterity Potion"},{"floor":29,"key":"PowerPotion"}],"is_trial":false,"path_per_floor":["M","M","?","?","M","R","M","?","T","M","E","M","R","E","R","B",null,"M","M","M","$","?","E","R","?","T","M","M","M","R","M","R","B"],"character_chosen":"THE_SILENT","items_purchased":["Toxic Egg 2","Block Potion","Backflip+1","Tactician+1"],"campfire_rested":4,"item_purchase_floors":[21,21,21,21],"current_hp_per_floor":[60,60,65,65,65,65,42,42,42,42,16,21,46,25,50,34,72,60,36,20,20,48,26,26,26,40,30,23,17,46,38,67,0,0],"gold":153,"neow_bonus":"BOSS_RELIC","is_daily":false,"chose_seed":false,"campfire_upgraded":2,"win_rate":0.0,"timestamp":1611368035,"path_taken":["M","M","?","?","M","R","?","?","T","?","E","M","R","E","R","BOSS","M","?","M","$","?","E","R","?","T","?","?","M","R","M","R","BOSS"],"items_purchased_type":["Relic","Potion","Card","Card"],"build_version":"2020-12-22","purchased_purges":0,"victory":false,"max_hp_per_floor":[75,75,80,80,80,80,80,80,80,80,80,85,85,85,85,85,85,85,85,85,85,85,85,85,85,99,99,99,99,99,99,99,99,99],"card_choices":[{"not_picked":["Accuracy","Prepared"],"picked":"Bane","floor":0.0},{"not_picked":["Prepared","Flechettes"],"picked":"Dagger Throw","floor":1.0},{"not_picked":["Infinite Blades","Slice"],"picked":"Dodge and Roll","floor":2.0},{"not_picked":["Predator","Bane"],"picked":"Deadly Poison","floor":5.0},{"not_picked":["Setup","Masterful Stab"],"picked":"Dagger Spray","floor":7.0},{"not_picked":["After Image","Slice","Masterful Stab"],"picked":"SKIP","floor":10.0},{"not_picked":["Well Laid Plans","Cloak And Dagger","Dodge and Roll"],"picked":"SKIP","floor":11.0},{"not_picked":["Deflect","Bane"],"picked":"Tactician","floor":12.0},{"not_picked":["Quick Slash","Flechettes"],"picked":"Underhanded Strike","floor":13.0},{"not_picked":["Poisoned Stab","Blur"],"picked":"Dagger Throw","floor":14.0},{"not_picked":["Bane","Setup"],"picked":"Deadly Poison","floor":15.0},{"not_picked":["Night Terror","Storm of Steel"],"picked":"Phantasmal Killer","floor":16.0},{"not_picked":["Heel Hook","Backstab"],"picked":"PiercingWail","floor":18.0},{"not_picked":["Slice","Deadly Poison"],"picked":"Backflip","floor":19},{"not_picked":["Deflect","Escape Plan"],"picked":"PiercingWail","floor":20},{"not_picked":["Finisher","Slice","Dagger Throw"],"picked":"SKIP","floor":23},{"not_picked":["Cloak And Dagger+1","Flying Knee"],"picked":"Backflip+1","floor":27},{"not_picked":["Quick Slash+1","Underhanded Strike"],"picked":"Deflect+1","floor":28},{"not_picked":["Setup+1","Dash"],"picked":"Flying Knee+1","floor":29},{"not_picked":["Cloak And Dagger+1","Accuracy"],"picked":"Venomology+1","floor":30},{"not_picked":["Bane","Slice","Backstab"],"picked":"SKIP","floor":31}],"player_experience":1499494,"relics_obtained":[{"floor":9.0,"key":"Dream Catcher"},{"floor":11.0,"key":"Anchor"},{"floor":14.0,"key":"Pen Nib"},{"floor":17.0,"key":"War Paint"},{"floor":17.0,"key":"Darkstone Periapt"},{"floor":17.0,"key":"Du-Vu Doll"},{"floor":23,"key":"Boot"},{"floor":26,"key":"Mango"}],"event_choices":[{"damage_healed":0.0,"max_hp_gain":5.0,"max_hp_loss":0.0,"gold_gain":0.0,"event_name":"Big Fish","player_choice":"Donut","floor":3.0,"gold_loss":0.0,"damage_taken":0.0},{"cards_removed":["Strike_G"],"damage_healed":0.0,"max_hp_gain":0.0,"max_hp_loss":0.0,"gold_gain":0.0,"event_name":"The Cleric","player_choice":"Card Removal","floor":4.0,"gold_loss":50.0,"damage_taken":0.0},{"cards_removed":["Defend_G"],"damage_healed":0.0,"max_hp_gain":0.0,"max_hp_loss":0.0,"gold_gain":0.0,"event_name":"Purifier","player_choice":"Purged","floor":8.0,"gold_loss":0.0,"damage_taken":0.0},{"damage_healed":28,"gold_gain":0,"player_choice":"Heal","damage_taken":0,"max_hp_gain":0,"max_hp_loss":0,"event_name":"The Library","floor":22,"gold_loss":0},{"damage_healed":0,"gold_gain":0,"player_choice":"Upgraded","damage_taken":0,"max_hp_gain":0,"max_hp_loss":0,"event_name":"Upgrade Shrine","floor":25,"gold_loss":0,"cards_upgraded":["Backflip"]}],"is_beta":false,"boss_relics":[{"not_picked":["WristBlade","Sozu"],"picked":"Calling Bell"}],"items_purged_floors":[],"is_endless":false,"potions_floor_spawned":[5,7,11,12,23,27,29,31],"killed_by":"Collector","ascension_level":12}}