{"host":"15ff3ltgpietarej","time":1611428591,"event":{"mods":["BaseMod","Bestiary","Downfall","Highlight Path","Minty Spire (QoL Compilation)","Relic Stats","StSLib"],"gold_per_floor":[99,111,111,129,129,156,206,206,206,106,137,147,147,179,191,191,191,191],"floor_reached":16,"language":"ENG","playtime":1152,"items_purged":[],"score":124,"play_id":"b83f473e-9ba3-45d2-8ee0-3479de6de6de","local_time":"20210123200311","is_ascension_mode":true,"campfire_choices":[{"floor":1,"key":"RECALL"},{"floor":10,"key":"REST"}],"circlet_count":0,"master_deck":["bronze:Strike","bronze:Strike+1","bronze:Strike","bronze:Defend","bronze:Defend","bronze:Defend","bronze:Defend","bronze:Replicate+1","bronze:Goto+1","bronze:Shell","bronze:WhirlingStrike","bronze:Invalidate","bronze:BurnOut","bronze:WhirlingStrike","bronze:BugBarrage","bronze:FineTuning","bronze:Return"],"relics":["bronze:BronzeCore","Bag of Marbles","downfall:BrokenWingStatue","Kunai","Whetstone","Toy Ornithopter","downfall:HeartBlessingRed","Oddly Smooth Stone","Boot"],"acts_visited":["Exordium"],"potions_floor_usage":[14,15,16,16,16],"damage_taken":[{"damage":2,"enemies":"Small Slimes","floor":2,"turns":6},{"damage":6,"enemies":"Jaw Worm","floor":4,"turns":3},{"damage":31,"enemies":"Gremlin Nob","floor":6,"turns":4},{"damage":10,"enemies":"3 Sentries","floor":11,"turns":5},{"damage":0,"enemies":"2 Louse","floor":12,"turns":3},{"damage":40,"enemies":"Gremlin Nob","floor":14,"turns":5},{"damage":5,"enemies":"Gremlin Gang","floor":15,"turns":3},{"damage":38,"enemies":"SI_SHIV_ARCHETYPE","floor":16,"turns":6}],"seed_played":"-3919334638760235648","potions_obtained":[{"floor":12,"key":"Swift Potion"},{"floor":14,"key":"Fire Potion"},{"floor":15,"key":"EntropicBrew"}],"is_trial":false,"path_per_floor":["R","M","?","M","?","E","T","?","?","R","E","M","?","E","M","B"],"character_chosen":"THE_AUTOMATON","items_purchased":[],"campfire_rested":1,"item_purchase_floors":[],"current_hp_per_floor":[70,68,68,62,62,31,31,24,24,45,35,35,58,23,23,0,0,0],"gold":191,"neow_bonus":"UPGRADE_CARD","is_daily":false,"chose_seed":false,"campfire_upgraded":0,"win_rate":0.0,"timestamp":1611428591,"path_taken":["R","M","?","M","?","E","T","?","?","R","E","?","?","E","M","BOSS"],"items_purchased_type":[],"build_version":"2020-12-22","purchased_purges":0,"victory":false,"max_hp_per_floor":[70,70,70,70,70,70,70,70,70,70,70,70,70,70,70,70,70,70],"relic_stats":{"counters":[8,35],"Kunai":[8],"Whetstone":["bronze:Replicate","bronze:Strike"],"Boot":[1],"obtain_stats":[{"bronze:BronzeCore":0,"downfall:BrokenWingStatue":5,"downfall:HeartBlessingRed":10,"Oddly Smooth Stone":11,"Bag of Marbles":3,"Kunai":6,"Whetstone":7,"Boot":14,"Toy Ornithopter":8},{"bronze:BronzeCore":0,"downfall:BrokenWingStatue":2,"downfall:HeartBlessingRed":3,"Oddly Smooth Stone":4,"Bag of Marbles":1,"Kunai":3,"Whetstone":3,"Boot":6,"Toy Ornithopter":3},{"bronze:BronzeCore":0,"downfall:BrokenWingStatue":9,"downfall:HeartBlessingRed":13,"Oddly Smooth Stone":18,"Bag of Marbles":6,"Kunai":13,"Whetstone":13,"Boot":26,"Toy Ornithopter":13}],"Toy Ornithopter":25},"card_choices":[{"not_picked":["bronze:BitShift","bronze:Turbo"],"picked":"bronze:Shell","floor":2},{"not_picked":["bronze:Iterate","bronze:Fortify"],"picked":"bronze:WhirlingStrike","floor":4},{"not_picked":["bronze:Overheat","bronze:Deprecate"],"picked":"bronze:Invalidate","floor":6},{"not_picked":["bronze:CloningBeam","bronze:Iterate"],"picked":"bronze:WhirlingStrike","floor":11},{"not_picked":["bronze:FineTuning","bronze:Mutator"],"picked":"bronze:BugBarrage","floor":12},{"not_picked":["bronze:DelayedSlice","bronze:Frontload"],"picked":"bronze:FineTuning","floor":14},{"not_picked":["bronze:CloningBeam","bronze:Virus"],"picked":"bronze:Return","floor":15}],"player_experience":438761,"relics_obtained":[{"floor":6,"key":"Kunai"},{"floor":7,"key":"Whetstone"},{"floor":11,"key":"Oddly Smooth Stone"},{"floor":14,"key":"Boot"}],"event_choices":[{"damage_healed":0,"gold_gain":0,"player_choice":"Success","damage_taken":7,"relics_obtained":["Toy Ornithopter"],"max_hp_gain":0,"max_hp_loss":0,"event_name":"Scrap Ooze","floor":8,"gold_loss":0},{"damage_healed":23,"gold_gain":0,"player_choice":"Banana","damage_taken":0,"max_hp_gain":0,"max_hp_loss":0,"event_name":"Big Fish","floor":13,"gold_loss":0}],"is_beta":false,"boss_relics":[],"items_purged_floors":[],"is_endless":false,"potions_floor_spawned":[12,14,15],"killed_by":"SI_SHIV_ARCHETYPE","ascension_level":1}}