{"host":"0wzx847a4uibrodg","time":1611440195,"event":{"mods":["ATMod(°¢èªMod)","Act Like it!","Aspiration","BaseMod","Hermit","KomeijiMod","Lobotomy","LobotomyExtend","Minty Spire (QoL Compilation)","Quick Restart","Replay The Spire","Spicy Shops","StSLib","The Cursed","UnlockEverythingMod","vexMod","¡¾ÒÅÎï¿¨ÅÆ¡¿REMEMod"],"gold_per_floor":[112,123,137,155,173,207,226,241,241,302,314,341,363,410,422,559,571,593,625,637,666,678,715,727,767,779,806,831,268,283,23,23,121,121,132,144,144,144,144,172,92,92,92,92,92,105,105,139,139,139,139,139,139,60,91,91],"floor_reached":57,"language":"ZHS","playtime":2609,"items_purged":["Clumsy"],"score":1716,"play_id":"7ff5d39a-eab9-4ab8-8cc8-790f53203d6e","local_time":"20210124061635","is_ascension_mode":false,"campfire_choices":[{"data":"Eruption","floor":11.0,"key":"SMITH"},{"data":"Study","floor":15.0,"key":"SMITH"},{"floor":44,"key":"RECALL"},{"data":"AT_EmpoweredMortalDraw","floor":47,"key":"SMITH"},{"floor":49,"key":"DIG"},{"floor":53,"key":"DIG"}],"circlet_count":0,"master_deck":["Strike_P","Strike_P","Strike_P","Defend_P","Defend_P","Eruption+1","Vigilance","AT_DrawKnifeCut","Core Surge","Evaluate","CutThroughFate","CrushJoints","Blasphemy","EmptyBody","Replay:Cycle","Sanctity","PathToVictory","SashWhip","Scrawl","Study+1","Replay:AllIn","CutThroughFate","PathToVictory","ClearTheMind+1","Ghostly","Ghostly","Ghostly","Ghostly+1","Ghostly","Nirvana","Dagger Throw","Toxin Wave","Bullet Time","Replay:ManipulateFuture","EmptyFist","FlyingSleeves","Weave","Ghostly","EmptyMind","DevaForm","AT_EmpoweredMortalDraw+1","PathToVictory","WaveOfTheHand","Weave","AT_ChampionStep","Wallop+1"],"relics":["PureWater","AT_ATBox","REME_ComplimentaryCards","aspiration:Nostalgia","Ring of the Snake","LetterFromLob","AT_BellowingDragoncrestRing","MawBank","Replay:Baseball","TeardropLocket","Black Star","Bag of Marbles","Durian","Gambling Chip","aspiration:ChemicalBlood","Vajra","AT_Kusabimaru","DollysMirror","AT_ImmortalShieldbow","AT_MortalBlade","ReplayTheSpireMod:Lightbulb","Shovel","Counterbalance","FossilizedHelix","Meat on the Bone","Akabeko","aspiration:HatOfInfinitePower","aspiration:FrozenJewel","Oddly Smooth Stone","Gremlin Food"],"acts_visited":["Exordium","TheCity","TheBeyond","TheEnding"],"potions_floor_usage":[25,33,50,56,56],"damage_taken":[{"damage":0.0,"enemies":"Cultist","floor":1.0,"turns":2.0},{"damage":10.0,"enemies":"Small Slimes","floor":2.0,"turns":3.0},{"damage":0.0,"enemies":"2 Louse","floor":3.0,"turns":1.0},{"damage":2.0,"enemies":"2 Fungi Beasts","floor":4.0,"turns":2.0},{"damage":0.0,"enemies":"Red Slaver","floor":5.0,"turns":1.0},{"damage":0.0,"enemies":"Lagavulin","floor":6.0,"turns":2.0},{"damage":6.0,"enemies":"Large Slime","floor":7.0,"turns":3.0},{"damage":0.0,"enemies":"Exordium Wildlife","floor":8.0,"turns":1.0},{"damage":0.0,"enemies":"Looter","floor":12.0,"turns":1.0},{"damage":0.0,"enemies":"Blue Slaver","floor":13.0,"turns":2.0},{"damage":12.0,"enemies":"3 Sentries","floor":14.0,"turns":3.0},{"damage":14.0,"enemies":"Slime Boss","floor":16.0,"turns":9.0},{"damage":0.0,"enemies":"Shell Parasite","floor":18.0,"turns":1.0},{"damage":0.0,"enemies":"3 Byrds","floor":19.0,"turns":4.0},{"damage":6,"enemies":"Snecko","floor":21,"turns":3},{"damage":4,"enemies":"REME_1_Revenger","floor":23,"turns":4},{"damage":1,"enemies":"Gremlin Leader","floor":25,"turns":6},{"damage":2,"enemies":"Shelled Parasite and Fungi","floor":27,"turns":4},{"damage":13,"enemies":"Centurion and Healer","floor":28,"turns":3},{"damage":0,"enemies":"3 Cultists","floor":30,"turns":3},{"damage":10,"enemies":"Pondfish","floor":33,"turns":6},{"damage":4,"enemies":"3 Darklings","floor":35,"turns":4},{"damage":0,"enemies":"Orb Walker","floor":36,"turns":1},{"damage":0,"enemies":"Giant Head","floor":40,"turns":8},{"damage":0,"enemies":"Spire Growth","floor":46,"turns":2},{"damage":0,"enemies":"Nemesis","floor":48,"turns":3},{"damage":1,"enemies":"Time Eater","floor":50,"turns":10},{"damage":0,"enemies":"Shield and Spear","floor":55,"turns":5},{"damage":20,"enemies":"The Heart","floor":56,"turns":7}],"seed_played":"-7378227279979087995","potions_obtained":[{"floor":2.0,"key":"FearPotion"},{"floor":6.0,"key":"REME_GoldPotion"},{"floor":7.0,"key":"UndeadPotion"},{"floor":21,"key":"Explosive Potion"},{"floor":23,"key":"RedTea"},{"floor":27,"key":"DistilledChaos"},{"floor":28,"key":"Block Potion"},{"floor":33,"key":"CultistPotion"},{"floor":40,"key":"Ancient Potion"},{"floor":50,"key":"SteroidPotion"},{"floor":55,"key":"PowerPotion"},{"floor":56,"key":"Venom Potion"}],"is_trial":false,"path_per_floor":["M","M","M","M","M","E","M","M","T","T","R","M","M","E","R","B",null,"M","M","?","M","?","E","?","E","T","M","M","$","M","$","R","B",null,"M","M","T","?","$","E","$","$","T","R","M","M","R","E","R","B",null,null,"R","$","E","B",null],"character_chosen":"WATCHER","items_purchased":["Vajra","AT_Kusabimaru","Weave","DollysMirror","AT_ImmortalShieldbow","Weave","AT_ChampionStep"],"campfire_rested":0,"item_purchase_floors":[29,29,29,29,31,41,54],"current_hp_per_floor":[72,62,62,60,60,60,54,54,54,54,54,54,54,42,42,28,72,72,72,72,66,36,37,37,36,36,34,21,21,21,21,33,23,41,37,37,37,37,37,37,37,37,37,37,37,37,37,37,37,36,36,41,41,41,41,21],"gold":91,"neow_bonus":"NOSTALGIA","is_daily":false,"chose_seed":false,"campfire_upgraded":3,"win_rate":0.0,"timestamp":1611440195,"path_taken":["M","M","M","M","M","E","M","M","T","?","R","M","M","E","R","BOSS","M","M","?","M","?","E","?","E","T","M","M","$","M","$","R","BOSS","M","M","?","?","$","E","?","$","T","R","M","M","R","E","R","BOSS","R","$","E","BOSS"],"items_purchased_type":["Relic","Relic","Card","Relic","Relic","Card","Card"],"build_version":"2020-12-22","purchased_purges":1,"victory":true,"max_hp_per_floor":[72,72,72,72,72,72,72,72,72,72,72,72,72,72,72,72,72,72,72,72,72,36,41,41,41,41,41,41,41,41,41,41,41,41,41,41,41,41,41,41,41,41,41,41,41,41,41,41,41,41,41,41,41,41,41,41],"card_choices":[{"not_picked":["REME_Repentance","WheelKick"],"picked":"Evaluate","floor":1.0},{"not_picked":["JustLucky","DeceiveReality"],"picked":"CutThroughFate","floor":2.0},{"not_picked":["SignatureMove","SashWhip"],"picked":"CrushJoints","floor":3.0},{"not_picked":["BowlingBash","SandsOfTime"],"picked":"Blasphemy","floor":4.0},{"not_picked":["AT_OneInchPunch","Replay:BluntJabs"],"picked":"EmptyBody","floor":5.0},{"not_picked":["ThirdEye","Replay:DivineShield"],"picked":"Replay:Cycle","floor":6.0},{"not_picked":["ThirdEye","EmptyBody"],"picked":"Sanctity","floor":7.0},{"not_picked":["Replay:DivineShield","SashWhip"],"picked":"PathToVictory","floor":8.0},{"not_picked":["Halt","FlyingSleeves"],"picked":"SashWhip","floor":12.0},{"not_picked":["SashWhip","Replay:ManipulateFuture"],"picked":"Scrawl","floor":13.0},{"not_picked":["TalkToTheHand","SashWhip"],"picked":"Study","floor":14.0},{"not_picked":["ConjureBlade","DeusExMachina"],"picked":"Replay:AllIn","floor":16.0},{"not_picked":["TalkToTheHand","REME_Repentance"],"picked":"CutThroughFate","floor":18.0},{"not_picked":["JustLucky+1","CutThroughFate+1"],"picked":"PathToVictory","floor":19.0},{"not_picked":["FlyingSleeves","EmptyBody"],"picked":"ClearTheMind+1","floor":21},{"not_picked":["AT_OneInchPunch","Replay:Cycle+1"],"picked":"Nirvana","floor":23},{"not_picked":["ThirdEye","REME_Repentance"],"picked":"Replay:ManipulateFuture","floor":25},{"not_picked":["Nirvana","Conclude+1"],"picked":"EmptyFist","floor":27},{"not_picked":["Consecrate","Worship+1"],"picked":"FlyingSleeves","floor":28},{"not_picked":["Replay:Hum","Replay:Anticipation"],"picked":"EmptyMind","floor":30},{"not_picked":["ConjureBlade","Alpha"],"picked":"DevaForm","floor":33},{"not_picked":["Perseverance+1","Replay:BluntJabs","Prostrate"],"picked":"SKIP","floor":35},{"not_picked":["WheelKick","WindmillStrike+1"],"picked":"PathToVictory","floor":36},{"not_picked":["InnerPeace+1","Wallop+1"],"picked":"WaveOfTheHand","floor":40},{"not_picked":["Worship","Halt+1","Prostrate"],"picked":"SKIP","floor":46},{"not_picked":["CrushJoints","Adaptation+1","Perseverance+1"],"picked":"SKIP","floor":48},{"not_picked":["Replay:BluntJabs+1","FollowUp+1"],"picked":"Wallop+1","floor":55}],"player_experience":79607,"relics_obtained":[{"floor":1.0,"key":"LetterFromLob"},{"floor":6.0,"key":"AT_BellowingDragoncrestRing"},{"floor":9.0,"key":"MawBank"},{"floor":10.0,"key":"Replay:Baseball"},{"floor":14.0,"key":"TeardropLocket"},{"floor":23,"key":"Bag of Marbles"},{"floor":23,"key":"Durian"},{"floor":25,"key":"Gambling Chip"},{"floor":25,"key":"aspiration:ChemicalBlood"},{"floor":37,"key":"ReplayTheSpireMod:Lightbulb"},{"floor":40,"key":"Shovel"},{"floor":40,"key":"Counterbalance"},{"floor":43,"key":"FossilizedHelix"},{"floor":48,"key":"Meat on the Bone"},{"floor":48,"key":"Akabeko"},{"floor":49,"key":"aspiration:HatOfInfinitePower"},{"floor":53,"key":"aspiration:FrozenJewel"},{"floor":55,"key":"Oddly Smooth Stone"},{"floor":55,"key":"Gremlin Food"}],"event_choices":[{"damage_healed":0,"gold_gain":0,"player_choice":"Became a Ghost","damage_taken":0,"max_hp_gain":0,"max_hp_loss":36,"event_name":"Ghosts","floor":22,"gold_loss":0,"cards_obtained":["Ghostly","Ghostly","Ghostly","Ghostly","Ghostly"]},{"damage_healed":0,"gold_gain":0,"player_choice":"Memory 1","damage_taken":0,"max_hp_gain":0,"max_hp_loss":0,"event_name":"SensoryStone","floor":38,"gold_loss":0}],"is_beta":false,"boss_relics":[{"not_picked":["Calling Bell","vexMod:DeviousBotling"],"picked":"Black Star"},{"not_picked":["Replay:Ancient Bell","Busted Crown"],"picked":"AT_MortalBlade"}],"items_purged_floors":[29],"is_endless":false,"potions_floor_spawned":[2,6,7,8,21,23,27,40,55],"ascension_level":0}}