{"host":"CMSolomon","time":1611403239,"event":{"mods":["Act Like it!","BaseMod","Downfall","Minty Spire (QoL Compilation)","StSLib"],"gold_per_floor":[99,119,134,409,177,8,8,31,65,79,92,92,117,129,139,239,239,239,251,261,67,87,121,121,121,121,221,232,260,275,304,321,417,417,417,429,448,462,478,478,478,19,19,19,54,67,67,82,96,96],"floor_reached":51,"language":"ZHS","playtime":4201,"items_purged":["Regret","hexamod:Strike","hexamod:GhostShield"],"score":936,"play_id":"941dfb3f-1960-4de7-a54c-651c6906a675","local_time":"20210123200039","is_ascension_mode":true,"campfire_choices":[{"data":"hexamod:ForkedFlame","floor":1.0,"key":"SMITH"},{"data":"hexamod:AdvancingGuard","floor":12.0,"key":"SMITH"},{"data":"hexamod:Rewind","floor":18.0,"key":"SMITH"},{"data":"RitualDagger","floor":26.0,"key":"SMITH"},{"floor":35,"key":"RECALL"},{"data":"expansioncontent:DashGenerateEvil","floor":44,"key":"SMITH"}],"circlet_count":0,"master_deck":["hexamod:Strike+1","hexamod:Strike+1","hexamod:Defend+1","hexamod:Defend+1","hexamod:Defend","hexamod:Sear+1","hexamod:Float","hexamod:ForkedFlame+1","hexamod:BacktrackSmack","hexamod:AdvancingGuard+1","hexamod:ShieldOfDarkness+1","hexamod:FastForward+1","hexamod:ForkedFlame+1","hexamod:GhostOfSpirePast","hexamod:Hexaguard","hexamod:Rewind+1","hexamod:HauntingEcho","hexamod:ApocalypseNow+1","hexamod:UnleashSpirits+1","hexamod:NightmareGuise+1","hexamod:GhostShield","hexamod:TimeWarp+1","hexamod:CatchUp","RitualDagger+1","hexamod:PhantomCloak+1","hexamod:AdvancingGuard+1","hexamod:TimeOfNeed","hexamod:BacktrackSmack+1","hexamod:RainOfEmbers+1","expansioncontent:DashGenerateEvil+1","hexamod:TimeWarp","hexamod:ThermalTransfer+1"],"relics":["hexamod:SpiritBrand","DollysMirror","Shuriken","Odd Mushroom","War Paint","Toy Ornithopter","SacredBark","hexamod:TheBrokenSeal","Matryoshka","Centennial Puzzle","PreservedInsect","Lizard Tail","Sundial","Empty Cage","Whetstone","Darkstone Periapt","Ornamental Fan","Molten Egg 2"],"acts_visited":["Exordium","TheCity","TheBeyond"],"potions_floor_usage":[33,45,50],"damage_taken":[{"damage":0.0,"enemies":"Cultist","floor":2.0,"turns":3.0},{"damage":7.0,"enemies":"Small Slimes","floor":3.0,"turns":3.0},{"damage":2.0,"enemies":"downfall:FleeingMerchant","floor":5.0,"turns":4.0},{"damage":15.0,"enemies":"downfall:FleeingMerchant","floor":6.0,"turns":4.0},{"damage":14.0,"enemies":"The Mushroom Lair","floor":8.0,"turns":5.0},{"damage":9.0,"enemies":"3 Sentries","floor":9.0,"turns":6.0},{"damage":0.0,"enemies":"2 Louse","floor":10.0,"turns":2.0},{"damage":0.0,"enemies":"Gremlin Gang","floor":11.0,"turns":4.0},{"damage":14.0,"enemies":"Gremlin Nob","floor":13.0,"turns":5.0},{"damage":9.0,"enemies":"Red Slaver","floor":14.0,"turns":3.0},{"damage":16.0,"enemies":"Exordium Thugs","floor":15.0,"turns":3.0},{"damage":27.0,"enemies":"SI_SHIV_ARCHETYPE","floor":16.0,"turns":9.0},{"damage":0.0,"enemies":"Chosen","floor":19.0,"turns":4.0},{"damage":0.0,"enemies":"Snecko","floor":20.0,"turns":6.0},{"damage":0.0,"enemies":"downfall:FleeingMerchant","floor":21.0,"turns":4.0},{"damage":12.0,"enemies":"Snake Plant","floor":22.0,"turns":5.0},{"damage":0.0,"enemies":"Book of Stabbing","floor":23.0,"turns":4.0},{"damage":13.0,"enemies":"3 Cultists","floor":28.0,"turns":4.0},{"damage":3.0,"enemies":"Slavers","floor":29.0,"turns":3.0},{"damage":0.0,"enemies":"Centurion and Healer","floor":30.0,"turns":5.0},{"damage":0,"enemies":"Gremlin Leader","floor":31,"turns":6},{"damage":0,"enemies":"Snecko","floor":32,"turns":4},{"damage":14,"enemies":"DF_ARCHETYPE_CLAW","floor":33,"turns":10},{"damage":4,"enemies":"3 Darklings","floor":36,"turns":7},{"damage":4,"enemies":"Orb Walker","floor":37,"turns":3},{"damage":0,"enemies":"Sphere and 2 Shapes","floor":38,"turns":3},{"damage":6,"enemies":"Writhing Mass","floor":39,"turns":4},{"damage":0,"enemies":"downfall:FleeingMerchant","floor":42,"turns":4},{"damage":0,"enemies":"Reptomancer","floor":45,"turns":3},{"damage":0,"enemies":"3 Darklings","floor":46,"turns":3},{"damage":0,"enemies":"4 Shapes","floor":48,"turns":6},{"damage":0,"enemies":"Jaw Worm Horde","floor":49,"turns":1},{"damage":0,"enemies":"WA_ARCHETYPE_DIVINITY","floor":50,"turns":12}],"seed_played":"-529085632452712488","potions_obtained":[{"floor":3.0,"key":"LiquidBronze"},{"floor":8.0,"key":"Weak Potion"},{"floor":9.0,"key":"Swift Potion"},{"floor":14.0,"key":"Guardian:BlockOnCardUsePotion"},{"floor":16.0,"key":"Fire Potion"},{"floor":19.0,"key":"hexamod:EctoCoolerPotion"},{"floor":20.0,"key":"Weak Potion"},{"floor":20.0,"key":"Guardian:BlockOnCardUsePotion"},{"floor":28.0,"key":"GamblersBrew"},{"floor":31,"key":"ColorlessPotion"},{"floor":33,"key":"Dexterity Potion"},{"floor":38,"key":"AttackPotion"},{"floor":46,"key":"Fire Potion"}],"is_trial":false,"path_per_floor":["R","M","M","?","$","$","T","?","E","M","M","R","E","M","M","B",null,"R","M","M","$","M","E","T","?","R","?","M","E","M","E","M","B",null,"R","M","M","M","M","T","T","$","T","R","E","M","?","M","M","B",null],"character_chosen":"THE_SPIRIT","items_purchased":["hexamod:FifthSeal","DollysMirror","hexamod:SecondSeal","expansioncontent:DashGenerateEvil","hexamod:TimeWarp"],"campfire_rested":0,"item_purchase_floors":[5,6,21,42,42],"current_hp_per_floor":[70,70,63,63,61,46,46,39,37,37,44,44,30,28,24,2,70,70,70,70,70,80,80,80,74,74,74,66,68,68,68,68,59,80,80,76,72,72,66,66,66,66,66,66,71,71,71,71,71,76],"gold":96,"neow_bonus":"ONE_RANDOM_RARE_CARD","is_daily":false,"chose_seed":false,"campfire_upgraded":5,"win_rate":0.0,"timestamp":1611403239,"path_taken":["R","M","M","?","?","$","T","?","E","M","M","R","E","M","M","BOSS","R","M","M","$","M","E","T","?","R","?","M","E","M","E","M","BOSS","R","M","M","M","?","?","T","$","?","R","E","?","?","M","M","BOSS"],"items_purchased_type":["Card","Relic","Card","Card","Card"],"build_version":"2020-12-18","purchased_purges":3,"victory":true,"max_hp_per_floor":[70,70,70,70,70,70,70,70,70,70,70,70,70,70,70,70,70,70,70,70,70,80,80,80,80,80,80,80,80,80,80,80,80,80,80,80,80,80,80,80,80,80,80,80,80,80,80,80,80,80],"card_choices":[{"not_picked":["hexamod:FlamesFromBeyond","hexamod:GhostOfSpirePast"],"picked":"hexamod:BacktrackSmack","floor":2.0},{"not_picked":["hexamod:FastForward","hexamod:SpectersWail"],"picked":"hexamod:AdvancingGuard","floor":3.0},{"not_picked":["hexamod:FastForward","hexamod:GhostShield"],"picked":"hexamod:ShieldOfDarkness","floor":5.0},{"not_picked":["hexamod:SixthSeal","hexamod:SecondSeal"],"picked":"hexamod:FirstSeal","floor":6.0},{"not_picked":["hexamod:GhostLash","hexamod:ShieldOfDarkness"],"picked":"hexamod:FastForward","floor":6.0},{"not_picked":["hexamod:ThirdSeal","hexamod:FirstSeal"],"picked":"hexamod:SixthSeal","floor":8.0},{"not_picked":["hexamod:FlameSwitch","hexamod:FirstSeal"],"picked":"hexamod:FourthSeal","floor":8.0},{"not_picked":["hexamod:NightmareGuise","hexamod:ThermalTransfer"],"picked":"hexamod:GhostOfSpirePast","floor":9.0},{"not_picked":["hexamod:ThermalTransfer","hexamod:FlamesFromBeyond","hexamod:UnleashSpirits"],"picked":"SKIP","floor":10.0},{"not_picked":["hexamod:ShieldOfDarkness","hexamod:FourthSeal"],"picked":"hexamod:Hexaguard","floor":11.0},{"not_picked":["hexamod:SecondSeal","hexamod:FourthSeal"],"picked":"hexamod:ThirdSeal","floor":13.0},{"not_picked":["hexamod:FastForward","hexamod:EmpoweredFlame"],"picked":"hexamod:Rewind","floor":13.0},{"not_picked":["hexamod:RetreatToShadows","hexamod:HeatMetal"],"picked":"hexamod:GhostShield","floor":14.0},{"not_picked":["hexamod:InspiringFlames","hexamod:ShieldOfDarkness"],"picked":"hexamod:HauntingEcho","floor":14.0},{"not_picked":["hexamod:ThirdSeal","hexamod:SixthSeal","hexamod:FourthSeal"],"picked":"SKIP","floor":14.0},{"not_picked":["hexamod:GhostLash","hexamod:Rewind","hexamod:BurningTouch"],"picked":"SKIP","floor":15.0},{"not_picked":["hexamod:GiftsFromTheDead","hexamod:TurnItUp"],"picked":"hexamod:ApocalypseNow","floor":16.0},{"not_picked":["hexamod:FifthSeal","hexamod:UnlimitedPower"],"picked":"hexamod:UnleashSpirits","floor":16.0},{"not_picked":["hexamod:BurningTouch","hexamod:SuperheatedStrike","hexamod:Firestarter"],"picked":"SKIP","floor":19.0},{"not_picked":["hexamod:InspiringFlames","hexamod:FourthSeal"],"picked":"hexamod:NightmareGuise+1","floor":20.0},{"not_picked":["hexamod:GhostOfSpirePast","hexamod:ThermalTransfer"],"picked":"hexamod:GhostShield","floor":20.0},{"not_picked":["hexamod:SixthSeal","hexamod:FourthSeal","hexamod:ThirdSeal"],"picked":"SKIP","floor":20.0},{"not_picked":["hexamod:SwordOfDarkness","hexamod:GhostShield+1"],"picked":"hexamod:TimeWarp","floor":21.0},{"not_picked":["hexamod:ThirdSeal","hexamod:SixthSeal","hexamod:FirstSeal"],"picked":"SKIP","floor":21.0},{"not_picked":["hexamod:RetreatToShadows","hexamod:ShieldOfDarkness","hexamod:ChargedBarrage"],"picked":"SKIP","floor":21.0},{"not_picked":["hexamod:NightmareGuise","hexamod:GhostLash"],"picked":"hexamod:CatchUp","floor":22.0},{"not_picked":["hexamod:FlamesFromBeyond+1","hexamod:ThermalTransfer","hexamod:HeatMetal+1"],"picked":"SKIP","floor":23.0},{"not_picked":["hexamod:BacktrackSmack","hexamod:HeatMetal","hexamod:GhostOfSpireFuture"],"picked":"SKIP","floor":28.0},{"not_picked":["hexamod:Hexaguard","hexamod:ShieldOfDarkness","hexamod:ParanormalForm"],"picked":"SKIP","floor":29.0},{"not_picked":["hexamod:ThermalTransfer","hexamod:NightmareGuise"],"picked":"hexamod:PhantomCloak+1","floor":30},{"not_picked":["hexamod:AdvancingGuard","hexamod:GhostLash+1","hexamod:GhostShield+1"],"picked":"SKIP","floor":31},{"not_picked":["hexamod:VolcanoVisage","hexamod:FastForward"],"picked":"hexamod:AdvancingGuard+1","floor":32},{"not_picked":["hexamod:WildfireWeapon","hexamod:ParanormalForm"],"picked":"hexamod:TimeOfNeed","floor":33},{"not_picked":["hexamod:BurningTouch+1","hexamod:GhostLash+1"],"picked":"hexamod:BacktrackSmack+1","floor":36},{"not_picked":["hexamod:HauntingEcho+1","hexamod:FourthSeal"],"picked":"hexamod:RainOfEmbers+1","floor":37},{"not_picked":["hexamod:SoulSteal","hexamod:NightmareGuise+1","hexamod:GhostLash+1"],"picked":"SKIP","floor":38},{"not_picked":["hexamod:SpectersWail","hexamod:Hexaguard+1","hexamod:AdvancingGuard"],"picked":"SKIP","floor":39},{"not_picked":["hexamod:SpectralSpark+1","hexamod:GhostShield+1","hexamod:Firestarter"],"picked":"SKIP","floor":42},{"not_picked":["hexamod:NightmareGuise","hexamod:GhostflameBarrier","hexamod:SoulSteal+1"],"picked":"SKIP","floor":45},{"not_picked":["hexamod:AdvancingGuard","hexamod:FirstSeal"],"picked":"hexamod:ThermalTransfer+1","floor":46},{"not_picked":["hexamod:SecondSeal","hexamod:ApocalypseNow","hexamod:SuperheatedStrike+1"],"picked":"SKIP","floor":48},{"not_picked":["hexamod:GhostOfSpireFuture","hexamod:FlamesFromBeyond+1","hexamod:ChargedBarrage"],"picked":"SKIP","floor":49}],"player_experience":1484088,"relics_obtained":[{"floor":7.0,"key":"Shuriken"},{"floor":8.0,"key":"Odd Mushroom"},{"floor":9.0,"key":"War Paint"},{"floor":13.0,"key":"Toy Ornithopter"},{"floor":23.0,"key":"Matryoshka"},{"floor":24.0,"key":"Centennial Puzzle"},{"floor":24.0,"key":"PreservedInsect"},{"floor":29.0,"key":"Lizard Tail"},{"floor":31,"key":"Sundial"},{"floor":40,"key":"Whetstone"},{"floor":41,"key":"Darkstone Periapt"},{"floor":43,"key":"Ornamental Fan"},{"floor":45,"key":"Molten Egg 2"}],"event_choices":[{"damage_healed":0.0,"max_hp_gain":0.0,"max_hp_loss":0.0,"gold_gain":0.0,"event_name":"Mushrooms","player_choice":"Fought Mushrooms","floor":8.0,"gold_loss":0.0,"damage_taken":0.0}],"is_beta":true,"boss_relics":[{"not_picked":["Philosopher\u0027s Stone","Runic Pyramid"],"picked":"SacredBark"},{"not_picked":["Tiny House","hexamod:IceCube"],"picked":"Empty Cage"}],"items_purged_floors":[5,21,42],"is_endless":false,"potions_floor_spawned":[3,8,9,10,16,20,23,28,31,33,38,39,46,48,49],"ascension_level":2}}