{"host":"1x0iiauhsd6tfigj","time":1611388196,"event":{"mods":["AchievementEnabler","BaseMod","Block Reminder","Colored Map","Colored Powertips","DeckTracker","Googly Eyes","Highlight Path","Minty Spire (QoL Compilation)","Permanent Neow","Quick Restart","Relic Sorter","Relic Stats","Slay-I","StSLib"],"gold_per_floor":[114,114,114,129,144,144,174,77,77,2,32,32,47,62,62,162,162,177,52,52,5,5,20,20,50,50,50,380,380,395,425,425,525,525,540,16,41,56,71,71,86,101,101,116,131,161,176,191,191,191],"floor_reached":51,"language":"ENG","playtime":2140,"items_purged":["Normality"],"score":999,"play_id":"56717511-6fdf-4243-9e1f-2fe6eaeaf302","local_time":"20210123004956","daily_mods":["Cursed Run","Purple Cards","DeadlyEvents"],"is_ascension_mode":false,"campfire_choices":[{"data":"Defend_R","floor":6,"key":"SMITH"},{"floor":12,"key":"REST"},{"data":"Uppercut","floor":15,"key":"SMITH"},{"data":"Impervious","floor":24,"key":"SMITH"},{"data":"Flex","floor":27,"key":"SMITH"},{"floor":32,"key":"REST"},{"floor":40,"key":"REST"},{"floor":49,"key":"REST"}],"circlet_count":0,"master_deck":["Strike_R+1","Strike_R+1","Strike_R+1","Strike_R+1","Strike_R+1","Defend_R+1","Defend_R+1","Defend_R+1","Defend_R+1","Bash","Thunderclap+1","Flex+1","FollowUp","Halt+1","Anger","Uppercut+1","Anger","FollowUp","Parasite","Impervious+1","CurseOfTheBell","Spot Weakness+1","Consecrate","Sword Boomerang","Armaments+1","Doubt","Carnage+1","Doubt","Flame Barrier","Parasite","Limit Break+1","Consecrate+1","Immolate","Parasite","Normality","Thunderclap","Parasite"],"relics":["Cursed Key","Darkstone Periapt","Du-Vu Doll","Turnip","InkBottle","Bag of Preparation","Calling Bell","Oddly Smooth Stone","Paper Frog","Pocketwatch","The Courier","Kunai","Old Coin","Peace Pipe","Toy Ornithopter","Busted Crown","Singing Bowl","Mummified Hand","Lizard Tail","Ornamental Fan","War Paint"],"acts_visited":["Exordium","TheCity","TheBeyond"],"potions_floor_usage":[13,16,31,33,33,33,42,45,46,50,50],"damage_taken":[{"damage":1,"enemies":"Jaw Worm","floor":1,"turns":3},{"damage":0,"enemies":"2 Louse","floor":4,"turns":2},{"damage":0,"enemies":"Cultist","floor":5,"turns":3},{"damage":18,"enemies":"Lagavulin","floor":7,"turns":5},{"damage":18,"enemies":"3 Sentries","floor":11,"turns":7},{"damage":2,"enemies":"Exordium Thugs","floor":13,"turns":4},{"damage":0,"enemies":"Exordium Wildlife","floor":14,"turns":2},{"damage":35,"enemies":"Hexaghost","floor":16,"turns":6},{"damage":0,"enemies":"3 Byrds","floor":18,"turns":4},{"damage":0,"enemies":"Spheric Guardian","floor":23,"turns":1},{"damage":29,"enemies":"Book of Stabbing","floor":25,"turns":4},{"damage":0,"enemies":"Gremlin Leader","floor":28,"turns":3},{"damage":0,"enemies":"Snake Plant","floor":30,"turns":2},{"damage":5,"enemies":"Slavers","floor":31,"turns":3},{"damage":2,"enemies":"Automaton","floor":33,"turns":8},{"damage":12,"enemies":"3 Darklings","floor":35,"turns":4},{"damage":24,"enemies":"2 Orb Walkers","floor":37,"turns":4},{"damage":5,"enemies":"Orb Walker","floor":38,"turns":2},{"damage":7,"enemies":"Writhing Mass","floor":39,"turns":4},{"damage":0,"enemies":"Transient","floor":41,"turns":5},{"damage":7,"enemies":"4 Shapes","floor":42,"turns":4},{"damage":13,"enemies":"Jaw Worm Horde","floor":44,"turns":3},{"damage":0,"enemies":"Sphere and 2 Shapes","floor":45,"turns":2},{"damage":0,"enemies":"Nemesis","floor":46,"turns":5},{"damage":12,"enemies":"3 Darklings","floor":47,"turns":3},{"damage":15,"enemies":"Writhing Mass","floor":48,"turns":3},{"damage":89,"enemies":"Time Eater","floor":50,"turns":10}],"seed_played":"-4692305807027556167","potions_obtained":[{"floor":5,"key":"ElixirPotion"},{"floor":7,"key":"LiquidBronze"},{"floor":11,"key":"Weak Potion"},{"floor":16,"key":"Swift Potion"},{"floor":23,"key":"HeartOfIron"},{"floor":31,"key":"Energy Potion"},{"floor":37,"key":"SkillPotion"},{"floor":38,"key":"Weak Potion"},{"floor":42,"key":"Explosive Potion"},{"floor":44,"key":"LiquidBronze"},{"floor":45,"key":"Dexterity Potion"},{"floor":47,"key":"LiquidMemories"}],"is_trial":false,"path_per_floor":["M","?","?","M","M","R","E","$","T","$","E","R","M","M","R","B",null,"M","$","?","$","$","M","R","E","T","R","E","T","M","E","R","B",null,"M","$","?","M","M","R","M","M","T","M","M","E","M","M","R","B",null],"character_chosen":"IRONCLAD","items_purchased":["Anger","Uppercut","FearPotion","EssenceOfSteel","Consecrate","Immolate","Singing Bowl","Mummified Hand"],"campfire_rested":4,"item_purchase_floors":[8,8,19,19,21,36,36,36],"current_hp_per_floor":[79,79,79,79,79,79,61,61,67,67,49,74,72,72,72,43,98,98,98,98,98,98,98,98,69,75,75,75,81,81,76,109,114,116,104,104,82,79,80,118,120,120,126,115,122,129,119,104,146,63],"gold":191,"neow_bonus":"","is_daily":true,"chose_seed":false,"campfire_upgraded":4,"win_rate":0.0,"timestamp":1611388196,"path_taken":["M","?","?","M","M","R","E","$","T","$","E","R","?","M","R","BOSS","M","$","?","?","$","?","R","E","T","R","?","?","?","?","R","BOSS","M","$","?","M","M","R","?","M","T","M","M","?","M","M","R","BOSS"],"items_purchased_type":["Card","Card","Potion","Potion","Card","Card","Relic","Relic"],"build_version":"2020-12-22","purchased_purges":1,"victory":true,"max_hp_per_floor":[80,80,80,80,80,80,80,80,86,86,86,86,86,86,86,92,98,98,98,98,98,98,98,98,98,104,104,104,110,110,110,110,116,116,116,116,118,120,128,128,130,132,138,140,142,144,146,146,146,152],"relic_stats":{"Darkstone Periapt":54,"Singing Bowl":18,"counters":[27,106],"Bag of Preparation":[44],"War Paint":["Limit Break","Halt"],"Cursed Key":4,"Peace Pipe":0,"Lizard Tail":0,"Busted Crown":22,"Mummified Hand":[0],"Ornamental Fan":[36],"Turnip":[2],"Kunai":[29],"obtain_stats":[{"Darkstone Periapt":0,"Singing Bowl":36,"Oddly Smooth Stone":17,"The Courier":25,"Bag of Preparation":11,"War Paint":46,"Cursed Key":0,"Old Coin":28,"Du-Vu Doll":0,"Calling Bell":17,"Peace Pipe":29,"Lizard Tail":37,"Busted Crown":34,"Mummified Hand":36,"Ornamental Fan":43,"Turnip":7,"Kunai":26,"InkBottle":9,"Toy Ornithopter":31,"Paper Frog":17,"Pocketwatch":17},{"Darkstone Periapt":0,"Singing Bowl":16,"Oddly Smooth Stone":8,"The Courier":11,"Bag of Preparation":5,"War Paint":24,"Cursed Key":0,"Old Coin":12,"Du-Vu Doll":0,"Calling Bell":8,"Peace Pipe":12,"Lizard Tail":17,"Busted Crown":15,"Mummified Hand":16,"Ornamental Fan":21,"Turnip":4,"Kunai":11,"InkBottle":4,"Toy Ornithopter":14,"Paper Frog":8,"Pocketwatch":8},{"Darkstone Periapt":0,"Singing Bowl":61,"Oddly Smooth Stone":32,"The Courier":41,"Bag of Preparation":20,"War Paint":90,"Cursed Key":0,"Old Coin":44,"Du-Vu Doll":0,"Calling Bell":32,"Peace Pipe":44,"Lizard Tail":65,"Busted Crown":57,"Mummified Hand":61,"Ornamental Fan":80,"Turnip":13,"Kunai":41,"InkBottle":13,"Toy Ornithopter":49,"Paper Frog":32,"Pocketwatch":32}],"InkBottle":[32],"Toy Ornithopter":16,"Pocketwatch":[60]},"card_choices":[{"not_picked":["CrushJoints","Prostrate"],"picked":"Thunderclap","floor":1},{"not_picked":["Combust","Seeing Red"],"picked":"Flex","floor":4},{"not_picked":["Clash","Flame Barrier"],"picked":"FollowUp","floor":5},{"not_picked":["Warcry","True Grit"],"picked":"Halt","floor":7},{"not_picked":["Flex","Flame Barrier"],"picked":"Anger","floor":11},{"not_picked":["Pommel Strike","SignatureMove","Nirvana"],"picked":"SKIP","floor":13},{"not_picked":["Rage","Warcry"],"picked":"FollowUp","floor":14},{"not_picked":["Omniscience","Scrawl"],"picked":"Impervious","floor":16},{"not_picked":["Wild Strike","Pommel Strike+1"],"picked":"Spot Weakness+1","floor":18},{"not_picked":["PathToVictory","Flex"],"picked":"Sword Boomerang","floor":23},{"not_picked":["Perfected Strike","CutThroughFate"],"picked":"Armaments+1","floor":25},{"not_picked":["MasterReality","EmptyFist"],"picked":"Carnage+1","floor":28},{"not_picked":["Sever Soul+1","Nirvana","Reckless Charge+1"],"picked":"SKIP","floor":30},{"not_picked":["Warcry+1","Meditate"],"picked":"Flame Barrier","floor":31},{"not_picked":["Omniscience","LessonLearned"],"picked":"Limit Break","floor":33},{"not_picked":[],"picked":"Consecrate+1","floor":35},{"not_picked":["Iron Wave"],"picked":"Singing Bowl","floor":37},{"not_picked":["Worship"],"picked":"Singing Bowl","floor":38},{"not_picked":["WaveOfTheHand+1"],"picked":"Singing Bowl","floor":39},{"not_picked":["Crescendo+1"],"picked":"Singing Bowl","floor":41},{"not_picked":["Inflame"],"picked":"Singing Bowl","floor":42},{"not_picked":["JustLucky+1"],"picked":"Singing Bowl","floor":44},{"not_picked":["Feel No Pain"],"picked":"Singing Bowl","floor":45},{"not_picked":["Vault"],"picked":"Singing Bowl","floor":46},{"not_picked":["Twin Strike"],"picked":"Singing Bowl","floor":47},{"not_picked":[],"picked":"Thunderclap","floor":48}],"player_experience":1582780,"relics_obtained":[{"floor":7,"key":"Turnip"},{"floor":9,"key":"InkBottle"},{"floor":11,"key":"Bag of Preparation"},{"floor":17,"key":"Oddly Smooth Stone"},{"floor":17,"key":"Paper Frog"},{"floor":17,"key":"Pocketwatch"},{"floor":25,"key":"The Courier"},{"floor":26,"key":"Kunai"},{"floor":28,"key":"Old Coin"},{"floor":29,"key":"Peace Pipe"},{"floor":31,"key":"Toy Ornithopter"},{"floor":37,"key":"Lizard Tail"},{"floor":43,"key":"Ornamental Fan"},{"floor":46,"key":"War Paint"}],"event_choices":[{"damage_healed":0,"gold_gain":0,"player_choice":"Grow","damage_taken":0,"max_hp_gain":0,"max_hp_loss":0,"event_name":"Living Wall","floor":2,"gold_loss":0,"cards_upgraded":["Thunderclap"]},{"damage_healed":0,"gold_gain":0,"player_choice":"Leave","damage_taken":0,"max_hp_gain":0,"max_hp_loss":0,"event_name":"The Cleric","floor":3,"gold_loss":0},{"damage_healed":0,"gold_gain":0,"player_choice":"Simplicity","damage_taken":0,"max_hp_gain":0,"max_hp_loss":0,"event_name":"Back to Basics","floor":20,"gold_loss":0,"cards_upgraded":["Strike_R","Strike_R","Strike_R","Strike_R","Strike_R","Defend_R","Defend_R","Defend_R"]},{"damage_healed":0,"gold_gain":0,"player_choice":"Fight","damage_taken":0,"max_hp_gain":0,"max_hp_loss":0,"event_name":"Mysterious Sphere","floor":37,"gold_loss":0}],"is_beta":false,"boss_relics":[{"not_picked":["SacredBark","SlaversCollar"],"picked":"Calling Bell"},{"not_picked":["Runic Dome","Velvet Choker"],"picked":"Busted Crown"}],"items_purged_floors":[10],"is_endless":false,"potions_floor_spawned":[5,7,11,16,23,31,37,38,42,44,45,47,48],"ascension_level":0}}