{"host":"0ueeacaatm8t6jyh","time":1611411504,"event":{"mods":["AchievementEnabler","BaseMod","Colored Powertips","Minty Spire (QoL Compilation)","Quick Restart","Rare Cards Sparkle","Shop Mod","StSLib"],"gold_per_floor":[18,18,18,34,34,78,97,141,168,201,201,214,33,52,52,143,143,164,178,191,191,41,41,57,57,81,96,196,228,228,258,258,330,330,349,375,8,57,83,114,114,145,217,217,217,235,235,248,248,248,248,248,52,83,83],"floor_reached":56,"language":"ZHS","playtime":2192,"items_purged":["Defend_P","Strike_P","Strike_P","Defend_P"],"score":2488,"play_id":"360de9c0-ee57-4b5b-a413-1446396986b2","local_time":"20210123221824","is_ascension_mode":true,"campfire_choices":[{"data":"Eruption","floor":11.0,"key":"SMITH"},{"data":"Adaptation","floor":15.0,"key":"SMITH"},{"data":"Vault","floor":23.0,"key":"SMITH"},{"data":"Adaptation","floor":25.0,"key":"SMITH"},{"data":"Prostrate","floor":30.0,"key":"SMITH"},{"data":"Scrawl","floor":32.0,"key":"SMITH"},{"data":"MasterReality","floor":41.0,"key":"SMITH"},{"floor":45,"key":"RECALL"},{"data":"TalkToTheHand","floor":47,"key":"SMITH"},{"data":"Tantrum","floor":49,"key":"SMITH"},{"data":"Prostrate","floor":52,"key":"SMITH"}],"circlet_count":0,"master_deck":["AscendersBane","Eruption+1","Vigilance","Tantrum+1","EmptyMind","FollowUp","DeusExMachina","ReachHeaven","Adaptation+1","TalkToTheHand+1","Vault+1","Adaptation+1","Prostrate+1","Prostrate+1","Halt+1","Scrawl+1","MasterReality+1","InnerPeace","MentalFortress"],"relics":["PureWater","Bloody Idol","Bag of Preparation","Ancient Tea Set","Tiny Chest","Empty Cage","Pen Nib","Torii","InkBottle","Mercury Hourglass","Omamori","VioletLotus","Bronze Scales","Membership Card","Ice Cream","Regal Pillow","Bag of Marbles","Potion Belt","Vajra","Pear"],"acts_visited":["Exordium","TheCity","TheBeyond","TheEnding"],"potions_floor_usage":[55,55],"damage_taken":[{"damage":4.0,"enemies":"2 Louse","floor":1.0,"turns":4.0},{"damage":7.0,"enemies":"Jaw Worm","floor":4.0,"turns":5.0},{"damage":16.0,"enemies":"Gremlin Nob","floor":6.0,"turns":3.0},{"damage":0.0,"enemies":"Cultist","floor":7.0,"turns":2.0},{"damage":0.0,"enemies":"Lagavulin","floor":8.0,"turns":4.0},{"damage":19.0,"enemies":"3 Sentries","floor":10.0,"turns":6.0},{"damage":0.0,"enemies":"Exordium Thugs","floor":12.0,"turns":2.0},{"damage":0.0,"enemies":"Lots of Slimes","floor":14.0,"turns":2.0},{"damage":0.0,"enemies":"Slime Boss","floor":16.0,"turns":4.0},{"damage":8.0,"enemies":"Shell Parasite","floor":18.0,"turns":3.0},{"damage":6.0,"enemies":"2 Thieves","floor":19.0,"turns":4.0},{"damage":16.0,"enemies":"Cultist and Chosen","floor":20.0,"turns":4.0},{"damage":0.0,"enemies":"Chosen and Byrds","floor":24.0,"turns":3.0},{"damage":0.0,"enemies":"3 Cultists","floor":27.0,"turns":4.0},{"damage":4.0,"enemies":"Colosseum Slavers","floor":28.0,"turns":2.0},{"damage":4.0,"enemies":"Colosseum Nobs","floor":28.0,"turns":4.0},{"damage":1.0,"enemies":"Slavers","floor":29.0,"turns":4.0},{"damage":0.0,"enemies":"Book of Stabbing","floor":31.0,"turns":2.0},{"damage":0.0,"enemies":"Collector","floor":33.0,"turns":4.0},{"damage":0.0,"enemies":"Orb Walker","floor":35.0,"turns":2.0},{"damage":0.0,"enemies":"2 Orb Walkers","floor":38.0,"turns":3.0},{"damage":0.0,"enemies":"Nemesis","floor":40.0,"turns":2.0},{"damage":0.0,"enemies":"Reptomancer","floor":42.0,"turns":2.0},{"damage":2,"enemies":"3 Shapes","floor":46,"turns":2},{"damage":0,"enemies":"Spire Growth","floor":48,"turns":1},{"damage":0,"enemies":"Donu and Deca","floor":50,"turns":2},{"damage":0,"enemies":"Shield and Spear","floor":54,"turns":1},{"damage":34,"enemies":"The Heart","floor":55,"turns":6}],"seed_played":"5423173598647512495","potions_obtained":[{"floor":1.0,"key":"GamblersBrew"},{"floor":7.0,"key":"BlessingOfTheForge"},{"floor":10.0,"key":"FearPotion"},{"floor":14.0,"key":"Swift Potion"},{"floor":28.0,"key":"Regen Potion"},{"floor":29.0,"key":"AttackPotion"},{"floor":38.0,"key":"Strength Potion"},{"floor":48,"key":"BottledMiracle"}],"is_trial":false,"path_per_floor":["M","?","?","M","$","E","M","E","T","E","R","M","$","M","R","B",null,"M","M","M","?","$","R","M","R","T","M","?","E","R","E","R","B",null,"M","T","$","?","T","E","R","E","T","$","R","M","R","M","R","B",null,"R","$","E","B",null],"character_chosen":"WATCHER","items_purchased":["Adaptation","TalkToTheHand","Prostrate","Membership Card","Ice Cream","FairyPotion","Vajra"],"campfire_rested":0,"item_purchase_floors":[13,13,22,37,37,53,53],"current_hp_per_floor":[61,61,55,48,48,32,32,32,32,13,13,13,13,13,13,13,54,46,40,24,24,24,24,29,29,34,39,36,52,52,57,57,62,66,67,67,67,67,67,67,67,67,67,67,67,67,67,67,67,67,67,67,67,77,43],"gold":83,"neow_bonus":"REMOVE_TWO","is_daily":false,"chose_seed":false,"campfire_upgraded":10,"win_rate":0.0,"timestamp":1611411504,"path_taken":["M","?","?","?","?","E","M","E","T","E","R","M","?","M","R","BOSS","M","M","M","?","$","R","M","R","T","M","?","E","R","E","R","BOSS","M","?","$","?","?","E","R","E","T","$","R","?","R","M","R","BOSS","R","$","E","BOSS"],"items_purchased_type":["Card","Card","Card","Relic","Relic","Potion","Relic"],"build_version":"2020-12-22","purchased_purges":4,"victory":true,"max_hp_per_floor":[72,67,67,67,67,67,67,67,67,67,67,67,67,67,67,67,67,67,67,67,67,67,67,67,67,67,67,67,67,67,67,67,67,67,67,67,67,67,67,67,67,67,67,67,67,67,67,67,67,67,67,67,67,77,77],"card_choices":[{"not_picked":["Swivel","ThirdEye","Collect"],"picked":"SKIP","floor":1.0},{"not_picked":["TalkToTheHand","JustLucky"],"picked":"Tantrum","floor":4.0},{"not_picked":["CrushJoints","Crescendo"],"picked":"EmptyMind","floor":6.0},{"not_picked":["Establishment","WaveOfTheHand"],"picked":"FollowUp","floor":7.0},{"not_picked":["JustLucky","EmptyFist","CutThroughFate"],"picked":"SKIP","floor":8.0},{"not_picked":["ThirdEye","Alpha"],"picked":"DeusExMachina","floor":10.0},{"not_picked":["ForeignInfluence","CutThroughFate"],"picked":"ReachHeaven","floor":12.0},{"not_picked":["Evaluate","Protect","CutThroughFate"],"picked":"SKIP","floor":14.0},{"not_picked":["DevaForm","Devotion"],"picked":"Vault","floor":16.0},{"not_picked":["Halt","FlyingSleeves"],"picked":"Adaptation","floor":18.0},{"not_picked":["SashWhip","SandsOfTime","Vengeance"],"picked":"SKIP","floor":19.0},{"not_picked":["JustLucky","EmptyBody"],"picked":"Prostrate","floor":20.0},{"not_picked":["Nirvana","CutThroughFate"],"picked":"Halt+1","floor":24.0},{"not_picked":["Study","CrushJoints","WheelKick"],"picked":"SKIP","floor":27.0},{"not_picked":["BattleHymn","WindmillStrike+1"],"picked":"Scrawl","floor":28.0},{"not_picked":["Scrawl","FollowUp","FlurryOfBlows"],"picked":"SKIP","floor":29.0},{"not_picked":["PathToVictory","EmptyBody","Scrawl"],"picked":"SKIP","floor":31.0},{"not_picked":["Alpha","Scrawl"],"picked":"MasterReality","floor":33.0},{"not_picked":["FlurryOfBlows","Worship+1","Wallop"],"picked":"SKIP","floor":35.0},{"not_picked":["SashWhip","FlurryOfBlows+1","Conclude"],"picked":"SKIP","floor":40.0},{"not_picked":["Consecrate","JustLucky+1","ReachHeaven"],"picked":"SKIP","floor":42.0},{"not_picked":["Crescendo","Sanctity"],"picked":"InnerPeace","floor":46},{"not_picked":["Protect","Blasphemy","Consecrate"],"picked":"SKIP","floor":48},{"not_picked":["FlyingSleeves+1","ClearTheMind"],"picked":"MentalFortress","floor":54}],"player_experience":461718,"relics_obtained":[{"floor":6.0,"key":"Bag of Preparation"},{"floor":8.0,"key":"Ancient Tea Set"},{"floor":9.0,"key":"Tiny Chest"},{"floor":26.0,"key":"Pen Nib"},{"floor":28.0,"key":"Torii"},{"floor":28.0,"key":"InkBottle"},{"floor":29.0,"key":"Mercury Hourglass"},{"floor":31.0,"key":"Omamori"},{"floor":36.0,"key":"Bronze Scales"},{"floor":39.0,"key":"Regal Pillow"},{"floor":40.0,"key":"Bag of Marbles"},{"floor":42.0,"key":"Potion Belt"},{"floor":54,"key":"Pear"}],"event_choices":[{"damage_healed":0.0,"max_hp_gain":0.0,"max_hp_loss":5.0,"gold_gain":0.0,"event_name":"Golden Idol","player_choice":"Lose Max HP","floor":2.0,"gold_loss":0.0,"damage_taken":0.0,"relics_obtained":["Golden Idol"]},{"damage_healed":0.0,"max_hp_gain":0.0,"max_hp_loss":0.0,"gold_gain":0.0,"event_name":"Wheel of Change","player_choice":"Damaged","floor":3.0,"gold_loss":0.0,"damage_taken":6.0},{"damage_healed":0.0,"max_hp_gain":0.0,"max_hp_loss":0.0,"gold_gain":0.0,"event_name":"Forgotten Altar","player_choice":"Gave Idol","floor":21.0,"relics_lost":["Golden Idol"],"gold_loss":0.0,"damage_taken":0.0,"relics_obtained":["Bloody Idol"]},{"damage_healed":0.0,"max_hp_gain":0.0,"max_hp_loss":0.0,"gold_gain":0.0,"event_name":"Colosseum","player_choice":"Fight","floor":28.0,"gold_loss":0.0,"damage_taken":0.0},{"damage_healed":0.0,"max_hp_gain":0.0,"max_hp_loss":0.0,"gold_gain":0.0,"event_name":"Colosseum","player_choice":"Fought Nobs","floor":28.0,"gold_loss":0.0,"damage_taken":0.0},{"damage_healed":0.0,"max_hp_gain":0.0,"max_hp_loss":0.0,"gold_gain":0.0,"event_name":"Mysterious Sphere","player_choice":"Fight","floor":38.0,"gold_loss":0.0,"damage_taken":0.0}],"is_beta":false,"boss_relics":[{"not_picked":["Tiny House","Coffee Dripper"],"picked":"Empty Cage"},{"not_picked":["Runic Dome","Fusion Hammer"],"picked":"VioletLotus"}],"items_purged_floors":[13,22,37,53],"is_endless":false,"potions_floor_spawned":[1,7,10,14,24,28,29,33,38,48],"ascension_level":13}}