{"host":"c3lc60y5x60jlt1y","time":1611415137,"event":{"mods":["AchievementEnabler","BaseMod","Bestiary","Colored Map","Minty Spire (QoL Compilation)","Quick Restart","StSLib","ojb\u0027s Info Mod"],"gold_per_floor":[114,114,128,39,62,62,98,98,125,166,166,199,274,289,289,379,379,259,259,277,277,14,48,48,91,114,114,139,139,179,198,198,296,296,320,320,345,345,67,67,108,108,187,187,220,236,252,283,283,283],"floor_reached":51,"language":"ENG","playtime":14022,"items_purged":[],"score":1657,"play_id":"c544d145-e935-4e8a-9be8-d43a5d995add","local_time":"20210123171857","is_ascension_mode":true,"campfire_choices":[{"data":"Fusion","floor":6.0,"key":"SMITH"},{"data":"Redo","floor":8.0,"key":"SMITH"},{"floor":11.0,"key":"REST"},{"data":"Hologram","floor":15.0,"key":"SMITH"},{"data":"Ghostly","floor":24.0,"key":"SMITH"},{"data":"Ghostly","floor":27.0,"key":"SMITH"},{"data":"Seek","floor":29.0,"key":"SMITH"},{"data":"Ghostly","floor":32.0,"key":"SMITH"},{"data":"Echo Form","floor":40,"key":"SMITH"},{"data":"Buffer","floor":42,"key":"SMITH"},{"data":"Blizzard","floor":44,"key":"SMITH"},{"data":"Defragment","floor":49,"key":"SMITH"}],"circlet_count":0,"master_deck":["AscendersBane","Zap","Dualcast","Streamline","Capacitor","Fusion+1","Redo+1","Heatsinks","Seek+1","Hologram+1","Buffer+1","Chill","Skim","Reboot","Echo Form+1","Reinforced Body","Blizzard+1","Undo","Self Repair","Beam Cell","Ghostly+1","Ghostly+1","Ghostly+1","Glacier+1","Dramatic Entrance","Defragment+1","FTL","Chill","Electrodynamics","Coolheaded+1","Turbo","Biased Cognition","Static Discharge","Loop","White Noise"],"relics":["Cracked Core","Toy Ornithopter","Golden Idol","Smiling Mask","DataDisk","Bird Faced Urn","Unceasing Top","Pandora\u0027s Box","Bag of Preparation","Blood Vial","Tiny Chest","Ancient Tea Set","Runic Pyramid","Mummified Hand","Kunai","HornCleat","StrikeDummy","Juzu Bracelet"],"acts_visited":["Exordium","TheCity","TheBeyond"],"potions_floor_usage":[46,50],"damage_taken":[{"damage":4.0,"enemies":"Jaw Worm","floor":1.0,"turns":4.0},{"damage":5.0,"enemies":"2 Louse","floor":3.0,"turns":3.0},{"damage":3.0,"enemies":"Small Slimes","floor":5.0,"turns":4.0},{"damage":25.0,"enemies":"Lagavulin","floor":7.0,"turns":9.0},{"damage":16.0,"enemies":"3 Sentries","floor":10.0,"turns":7.0},{"damage":14.0,"enemies":"Lagavulin","floor":12.0,"turns":10.0},{"damage":2.0,"enemies":"3 Louse","floor":14.0,"turns":5.0},{"damage":12.0,"enemies":"Hexaghost","floor":16.0,"turns":13.0},{"damage":8.0,"enemies":"2 Thieves","floor":18.0,"turns":5.0},{"damage":1.0,"enemies":"Chosen","floor":20.0,"turns":9.0},{"damage":24.0,"enemies":"Book of Stabbing","floor":23.0,"turns":7.0},{"damage":11.0,"enemies":"Slavers","floor":25.0,"turns":12.0},{"damage":0.0,"enemies":"Sentry and Sphere","floor":28.0,"turns":8.0},{"damage":15.0,"enemies":"Book of Stabbing","floor":30.0,"turns":8.0},{"damage":3.0,"enemies":"Snake Plant","floor":31.0,"turns":6.0},{"damage":0.0,"enemies":"Collector","floor":33.0,"turns":11.0},{"damage":7,"enemies":"3 Darklings","floor":35,"turns":6},{"damage":2,"enemies":"3 Shapes","floor":37,"turns":3},{"damage":0,"enemies":"Reptomancer","floor":41,"turns":6},{"damage":0,"enemies":"Giant Head","floor":45,"turns":11},{"damage":20,"enemies":"Spire Growth","floor":46,"turns":6},{"damage":3,"enemies":"Writhing Mass","floor":47,"turns":9},{"damage":7,"enemies":"Nemesis","floor":48,"turns":9},{"damage":1,"enemies":"Awakened One","floor":50,"turns":14}],"seed_played":"-2956190439803539091","potions_obtained":[{"floor":5.0,"key":"Energy Potion"},{"floor":7.0,"key":"BlessingOfTheForge"},{"floor":10.0,"key":"Weak Potion"},{"floor":12.0,"key":"PotionOfCapacity"},{"floor":20.0,"key":"GamblersBrew"},{"floor":25.0,"key":"SpeedPotion"},{"floor":30.0,"key":"Energy Potion"},{"floor":48,"key":"DuplicationPotion"}],"is_trial":false,"path_per_floor":["M","?","M","$","M","R","E","R","T","E","R","E","?","M","R","B",null,"M","?","M","?","$","E","R","E","T","R","M","R","E","M","R","B",null,"M","?","M","?","$","R","E","R","T","R","E","M","M","E","R","B",null],"character_chosen":"DEFECT","items_purchased":["Capacitor","Dramatic Entrance","Defragment","FTL","Mummified Hand"],"campfire_rested":1,"item_purchase_floors":[4,22,22,22,39],"current_hp_per_floor":[60,60,55,55,52,52,27,27,27,16,35,35,24,24,24,21,53,58,32,32,32,32,25,25,32,32,32,32,32,28,32,32,32,32,32,32,32,32,32,32,32,32,32,32,32,32,32,32,32,32],"gold":283,"neow_bonus":"RANDOM_COMMON_RELIC","is_daily":false,"chose_seed":false,"campfire_upgraded":11,"win_rate":0.0,"timestamp":1611415137,"path_taken":["M","?","M","?","M","R","E","R","T","E","R","E","?","M","R","BOSS","M","?","M","?","$","E","R","E","T","R","M","R","E","M","R","BOSS","M","?","M","?","$","R","E","R","T","R","E","M","M","E","R","BOSS"],"items_purchased_type":["Card","Card","Card","Card","Relic"],"build_version":"2020-12-22","purchased_purges":0,"victory":true,"max_hp_per_floor":[71,64,64,64,64,64,64,64,64,64,64,64,64,64,64,64,64,64,32,32,32,32,32,32,32,32,32,32,32,32,32,32,32,32,32,32,32,32,32,32,32,32,32,32,32,32,32,32,32,32],"card_choices":[{"not_picked":["Rebound","Recycle"],"picked":"Glacier","floor":1.0},{"not_picked":["Blizzard","Stack"],"picked":"Streamline","floor":3.0},{"not_picked":["Turbo","Doom and Gloom"],"picked":"Fusion","floor":5.0},{"not_picked":["Fusion","Reprogram"],"picked":"Redo","floor":7.0},{"not_picked":["Scrape","Melter"],"picked":"Heatsinks","floor":10.0},{"not_picked":["Storm","Ball Lightning"],"picked":"Seek","floor":12.0},{"not_picked":["Stack","Leap"],"picked":"Hologram","floor":14.0},{"not_picked":["Meteor Strike","Thunder Strike"],"picked":"Buffer","floor":16.0},{"not_picked":["Reinforced Body","Cold Snap"],"picked":"Beam Cell","floor":18.0},{"not_picked":["Aggregate","Steam"],"picked":"Glacier+1","floor":20.0},{"not_picked":["Tempest","Sweeping Beam"],"picked":"Chill","floor":23.0},{"not_picked":["Lockon","Double Energy"],"picked":"Electrodynamics","floor":25.0},{"not_picked":["Rebound","Stack"],"picked":"Coolheaded+1","floor":28.0},{"not_picked":["Ball Lightning","Fusion"],"picked":"Turbo","floor":30.0},{"not_picked":["Barrage","Turbo+1","Ball Lightning"],"picked":"SKIP","floor":31.0},{"not_picked":["Reboot","All For One"],"picked":"Biased Cognition","floor":33.0},{"not_picked":["Compile Driver","Stack","Beam Cell"],"picked":"SKIP","floor":35},{"not_picked":["Gash","Redo","FTL"],"picked":"SKIP","floor":37},{"not_picked":["Doom and Gloom","Thunder Strike","Coolheaded"],"picked":"SKIP","floor":41},{"not_picked":["Stack","Sweeping Beam"],"picked":"Static Discharge","floor":45},{"not_picked":["Barrage","Go for the Eyes"],"picked":"Loop","floor":46},{"not_picked":["Redo","Self Repair+1","Barrage+1"],"picked":"SKIP","floor":47},{"not_picked":["Rebound","Fission"],"picked":"White Noise","floor":48}],"player_experience":8423099,"relics_obtained":[{"floor":7.0,"key":"Smiling Mask"},{"floor":9.0,"key":"DataDisk"},{"floor":10.0,"key":"Bird Faced Urn"},{"floor":12.0,"key":"Unceasing Top"},{"floor":23.0,"key":"Bag of Preparation"},{"floor":25.0,"key":"Blood Vial"},{"floor":26.0,"key":"Tiny Chest"},{"floor":30.0,"key":"Ancient Tea Set"},{"floor":41,"key":"Kunai"},{"floor":43,"key":"HornCleat"},{"floor":45,"key":"StrikeDummy"},{"floor":48,"key":"Juzu Bracelet"}],"event_choices":[{"damage_healed":0.0,"max_hp_gain":0.0,"max_hp_loss":7.0,"gold_gain":0.0,"event_name":"Golden Idol","player_choice":"Lose Max HP","floor":2.0,"gold_loss":0.0,"damage_taken":0.0,"relics_obtained":["Golden Idol"]},{"damage_healed":0.0,"max_hp_gain":0.0,"max_hp_loss":0.0,"gold_gain":75.0,"event_name":"World of Goop","player_choice":"Gather Gold","floor":13.0,"gold_loss":0.0,"damage_taken":11.0},{"damage_healed":0.0,"max_hp_gain":0.0,"max_hp_loss":32.0,"gold_gain":0.0,"event_name":"Ghosts","player_choice":"Became a Ghost","floor":19.0,"gold_loss":0.0,"damage_taken":0.0,"cards_obtained":["Ghostly","Ghostly","Ghostly"]},{"damage_healed":0.0,"max_hp_gain":0.0,"max_hp_loss":0.0,"gold_gain":0.0,"event_name":"Beggar","player_choice":"Ignored","floor":21.0,"gold_loss":0.0,"damage_taken":0.0},{"damage_healed":0,"gold_gain":0,"player_choice":"Ignored","damage_taken":0,"max_hp_gain":0,"max_hp_loss":0,"event_name":"Tomb of Lord Red Mask","floor":36,"gold_loss":0},{"cards_removed":["Glacier"],"damage_healed":0,"gold_gain":0,"player_choice":"Removed Skill","damage_taken":0,"max_hp_gain":0,"max_hp_loss":0,"event_name":"Falling","floor":38,"gold_loss":0}],"is_beta":false,"boss_relics":[{"not_picked":["Ectoplasm","Tiny House"],"picked":"Pandora\u0027s Box"},{"not_picked":["SacredBark","Snecko Eye"],"picked":"Runic Pyramid"}],"items_purged_floors":[],"is_endless":false,"potions_floor_spawned":[5,7,10,12,20,25,30,31,37,41,48],"ascension_level":17}}