{"host":"bebwmhhch11ak7yk","time":1611436676,"event":{"mods":["Act Like it!","Arknights The Spire","Aspiration","BaseMod","Better Skull","Better Third Choice","Colored Powertips","Elementarium","Fiend Mod","Hermit","Hunter ??","Kratos Character Expansion","Luminous","Minty Spire (QoL Compilation)","Replay The Spire","SIMod","StSLib","The Animator","The Blackbeard","The Bladedancer","The Bug Knight","The Cursed","The Death Knight","The Necromancer","The Servant 0.9.4","The Vixen"],"gold_per_floor":[113,6,181,199,199,234,253,253,302,302,302,315,332,76,76,177,177,189,207,132,132,132,132,165,176,201,25,25,25],"floor_reached":28,"language":"ENG","playtime":2148,"items_purged":[],"score":261,"play_id":"670ae853-9436-4d2b-98b8-c98759a556f3","local_time":"20210123221756","is_ascension_mode":false,"campfire_choices":[{"data":"ats:Composite Medical Shells","floor":8,"key":"SMITH"},{"data":"ats:Shell Defense","floor":11,"key":"SMITH"},{"floor":15,"key":"DIG"},{"data":"KratosMod:FullCounter","floor":23,"key":"SMITH"}],"circlet_count":0,"master_deck":["ats:Strike C","ats:Strike G","ats:Strike S","ats:Armor Crushing Shot","ats:Defend","ats:Defend","ats:Defend","ats:Defend","ats:Emotion Absorption","ats:Hammer On","ats:Mental Burst","ats:Composite Medical Shells+1","ats:Revitalization+1","ats:Charging Defense","ats:Ignite","ats:Shell Defense+1","ats:Hammer On","ats:Ignite","ats:Healing Drone","KratosMod:FullCounter+1","ats:Shadow Assault","ats:Hammer On+1","Delirium","ats:Encircling Forest","ats:Sunburst","ats:Burning Ground","ats:Calcification"],"relics":["ats:Sanity","ats:Originium","Du-Vu Doll","Pen Nib","Replay:Accelerometer","ReplayTheSpireMod:DimensionalGlitch","Toy Ornithopter","Smiling Mask"],"acts_visited":["Exordium","TheCity"],"potions_floor_usage":[6,12,13,28],"damage_taken":[{"damage":2,"enemies":"Jaw Worm","floor":1,"turns":5},{"damage":8,"enemies":"Small Slimes","floor":4,"turns":3},{"damage":37,"enemies":"3 Sentries","floor":6,"turns":11},{"damage":0,"enemies":"2 Louse","floor":7,"turns":1},{"damage":22,"enemies":"Exordium Thugs","floor":12,"turns":4},{"damage":11,"enemies":"Red Slaver","floor":13,"turns":3},{"damage":81,"enemies":"The Guardian","floor":16,"turns":13},{"damage":0,"enemies":"Spheric Guardian","floor":18,"turns":3},{"damage":0,"enemies":"Chosen","floor":19,"turns":5},{"damage":58,"enemies":"Replay:Snechameleon","floor":24,"turns":8},{"damage":24,"enemies":"Centurion and Healer","floor":25,"turns":6},{"damage":28,"enemies":"Book of Stabbing","floor":28,"turns":3}],"seed_played":"7099049901148739805","potions_obtained":[{"floor":1,"key":"DistilledChaos"},{"floor":6,"key":"Fruit Juice"},{"floor":12,"key":"ColorlessPotion"},{"floor":25,"key":"FearPotion"}],"is_trial":false,"path_per_floor":["M","$","?","M","?","E","M","R","T","?","R","M","M","$","R","B",null,"M","M","?","?","?","R","E","M","T","$","E"],"character_chosen":"DOCTOR_CLASS","items_purchased":["ats:Composite Medical Shells","ats:Revitalization+1","ats:Healing Drone","KratosMod:FullCounter","ats:Burning Ground","ats:Calcification"],"campfire_rested":0,"item_purchase_floors":[2,2,14,14,27,27],"current_hp_per_floor":[70,70,70,69,74,61,61,61,61,61,61,55,48,48,48,52,82,82,82,82,82,66,66,30,20,20,20,0,0],"gold":25,"neow_bonus":"THREE_CARDS","is_daily":false,"chose_seed":false,"campfire_upgraded":3,"win_rate":0.0,"timestamp":1611436676,"path_taken":["M","$","?","M","?","E","M","R","T","?","R","?","M","?","R","BOSS","M","M","?","?","?","R","E","M","T","?","E"],"items_purchased_type":["Card","Card","Card","Card","Card","Card"],"build_version":"2020-12-22","purchased_purges":0,"victory":false,"max_hp_per_floor":[72,72,72,72,77,77,77,77,77,77,77,82,82,82,82,82,82,82,82,82,82,87,87,87,87,87,87,87,87],"card_choices":[{"not_picked":["ats:Shell Defense","ats:Cat Scratch"],"picked":"ats:Hammer On","floor":0},{"not_picked":["ats:Leaping Hammer","ats:Childhood Dance"],"picked":"ats:Mental Burst","floor":1},{"not_picked":["ats:Flexible Camouflage","ats:Revitalization"],"picked":"ats:Charging Defense","floor":4},{"not_picked":["ats:Leaping Hammer","ats:Chain Hook"],"picked":"ats:Ignite","floor":6},{"not_picked":["ats:Encircling Forest","ats:Curse Doll"],"picked":"ats:Shell Defense","floor":7},{"not_picked":["ats:Phantom","ats:Poison Spread"],"picked":"ats:Hammer On","floor":12},{"not_picked":["ats:Wolf Pack","ats:Consecutive Shot Auto"],"picked":"ats:Ignite","floor":13},{"not_picked":["ats:Wolf Pack","ats:Nebulous Foxfire"],"picked":"ats:Shadow Assault","floor":16},{"not_picked":["ats:Hammer On","ats:Powerful Strike","ats:Sword Rain+1"],"picked":"SKIP","floor":18},{"not_picked":["ats:Childhood Dance","ats:Explosion Area Strengthen"],"picked":"ats:Hammer On+1","floor":19},{"not_picked":["ats:Very Hot Blade+1","ats:Collapsing Strike"],"picked":"ats:Encircling Forest","floor":24},{"not_picked":["ats:Guardian Obelisk","ats:Curse Doll"],"picked":"ats:Sunburst","floor":25}],"player_experience":345552,"relics_obtained":[{"floor":6,"key":"ats:Originium"},{"floor":6,"key":"Du-Vu Doll"},{"floor":9,"key":"Pen Nib"},{"floor":15,"key":"Replay:Accelerometer"},{"floor":24,"key":"ats:Originium"},{"floor":24,"key":"Smiling Mask"}],"event_choices":[{"damage_healed":0,"gold_gain":175,"player_choice":"AGREE","damage_taken":6,"max_hp_gain":0,"max_hp_loss":0,"event_name":"betterThird:BetterSerpent","floor":3,"gold_loss":0},{"damage_healed":0,"gold_gain":0,"player_choice":"Donut","damage_taken":0,"max_hp_gain":5,"max_hp_loss":0,"event_name":"Big Fish","floor":5,"gold_loss":0},{"cards_removed":["Doubt"],"damage_healed":0,"gold_gain":0,"player_choice":"Purged","damage_taken":0,"max_hp_gain":0,"max_hp_loss":0,"event_name":"Purifier","floor":10,"gold_loss":0},{"cards_removed":["ats:Strike V"],"damage_healed":0,"gold_gain":0,"player_choice":"Gave Gold","damage_taken":0,"max_hp_gain":0,"max_hp_loss":0,"event_name":"Beggar","floor":20,"gold_loss":75},{"damage_healed":0,"gold_gain":0,"player_choice":"Shed Blood","damage_taken":21,"max_hp_gain":5,"max_hp_loss":0,"event_name":"Forgotten Altar","floor":22,"gold_loss":0}],"is_beta":false,"boss_relics":[{"not_picked":["Painkiller Herb","aspiration:WatcherSkillbook"],"picked":"ReplayTheSpireMod:DimensionalGlitch"}],"items_purged_floors":[],"is_endless":false,"potions_floor_spawned":[1,6,12,25],"killed_by":"Book of Stabbing","ascension_level":0}}