{"host":"j4g6ia6asvpyu2b0","time":1611416725,"event":{"mods":["BaseMod","Colored Map","Minty Spire (QoL Compilation)","Permanent Neow","Quick Restart","Relic Stats","StSLib","Unceasing Turn Reminder"],"gold_per_floor":[112,112,126,138,151,151,186,186,261,273,307,318,318,332,332,409,409,409,409,409,253,178,178,178,178,178,178,178,178,178,178,178,178,178,178,178,178,178,178,178,178,178,178,178,178,178,178,178,178,178,178,178,35,35,35,35],"floor_reached":55,"language":"ENG","playtime":1969,"items_purged":["Writhe"],"score":1369,"play_id":"570b72ef-1987-43ce-b210-640f319c8323","local_time":"20210123084525","is_ascension_mode":true,"campfire_choices":[{"data":"Apotheosis","floor":6,"key":"SMITH"},{"floor":8,"key":"REST"},{"floor":15,"key":"RECALL"},{"data":"Defragment","floor":23,"key":"SMITH"},{"data":"Strike_B","floor":32,"key":"PURGE"},{"data":"Strike_B","floor":40,"key":"PURGE"},{"data":"Strike_B","floor":45,"key":"PURGE"},{"data":"Defend_B","floor":49,"key":"PURGE"},{"data":"Defend_B","floor":52,"key":"PURGE"}],"circlet_count":0,"master_deck":["AscendersBane","Defend_B","Defend_B","Zap","Dualcast","Apotheosis+1","Sweeping Beam","Sweeping Beam","Glacier","Coolheaded","Doom and Gloom","Sunder","Loop","Self Repair","Core Surge","Hologram+1","Lockon","Static Discharge","Defragment+1","Darkness","White Noise","Double Energy","Static Discharge","Creative AI","BootSequence","Ball Lightning+1","Biased Cognition","Chill","Ball Lightning+1","Meteor Strike+1","Undo","Fission","Coolheaded+1"],"relics":["Cracked Core","Bird Faced Urn","Bottled Lightning","DataDisk","Ectoplasm","Gremlin Horn","Peace Pipe","Lantern","Philosopher\u0027s Stone","Gambling Chip","Old Coin","Molten Egg 2","CeramicFish","Kunai","Incense Burner"],"acts_visited":["Exordium","TheCity","TheBeyond","TheEnding"],"potions_floor_usage":[7,11,36,55,55],"damage_taken":[{"damage":0,"enemies":"Cultist","floor":1,"turns":3},{"damage":13,"enemies":"Jaw Worm","floor":3,"turns":3},{"damage":0,"enemies":"Small Slimes","floor":4,"turns":2},{"damage":17,"enemies":"2 Fungi Beasts","floor":5,"turns":4},{"damage":4,"enemies":"Lagavulin","floor":7,"turns":9},{"damage":8,"enemies":"Exordium Thugs","floor":10,"turns":5},{"damage":2,"enemies":"3 Sentries","floor":11,"turns":3},{"damage":6,"enemies":"Red Slaver","floor":12,"turns":2},{"damage":7,"enemies":"Blue Slaver","floor":14,"turns":2},{"damage":22,"enemies":"The Guardian","floor":16,"turns":9},{"damage":1,"enemies":"3 Byrds","floor":18,"turns":4},{"damage":6,"enemies":"Spheric Guardian","floor":19,"turns":6},{"damage":9,"enemies":"Centurion and Healer","floor":20,"turns":8},{"damage":4,"enemies":"Book of Stabbing","floor":24,"turns":5},{"damage":18,"enemies":"Chosen and Byrds","floor":27,"turns":5},{"damage":16,"enemies":"Sentry and Sphere","floor":28,"turns":4},{"damage":27,"enemies":"Slavers","floor":30,"turns":5},{"damage":0,"enemies":"Snake Plant","floor":31,"turns":2},{"damage":43,"enemies":"Collector","floor":33,"turns":6},{"damage":24,"enemies":"Orb Walker","floor":35,"turns":3},{"damage":22,"enemies":"2 Orb Walkers","floor":36,"turns":3},{"damage":3,"enemies":"Mind Bloom Boss Battle","floor":37,"turns":4},{"damage":0,"enemies":"3 Shapes","floor":38,"turns":4},{"damage":11,"enemies":"Giant Head","floor":42,"turns":7},{"damage":38,"enemies":"Nemesis","floor":44,"turns":7},{"damage":5,"enemies":"Reptomancer","floor":47,"turns":5},{"damage":18,"enemies":"Transient","floor":48,"turns":5},{"damage":30,"enemies":"Donu and Deca","floor":50,"turns":8},{"damage":73,"enemies":"Shield and Spear","floor":54,"turns":5},{"damage":59,"enemies":"The Heart","floor":55,"turns":2}],"seed_played":"6818439427300241186","potions_obtained":[{"floor":1,"key":"Block Potion"},{"floor":3,"key":"DuplicationPotion"},{"floor":12,"key":"Dexterity Potion"},{"floor":14,"key":"AttackPotion"},{"floor":16,"key":"Block Potion"},{"floor":25,"key":"CultistPotion"},{"floor":27,"key":"PowerPotion"},{"floor":36,"key":"Strength Potion"}],"is_trial":false,"path_per_floor":["M","?","M","M","M","R","E","R","T","M","E","M","?","M","R","B",null,"M","M","M","$","?","R","E","?","T","M","M","$","E","M","R","B",null,"M","?","?","M","$","R","?","E","T","E","R","?","E","M","R","B",null,"R","$","E","B"],"character_chosen":"DEFECT","items_purchased":["Defragment","Fission"],"campfire_rested":1,"item_purchase_floors":[21,53],"current_hp_per_floor":[64,64,51,51,34,34,30,51,51,43,41,35,35,28,28,20,58,69,71,71,71,71,71,67,67,67,65,53,53,46,46,46,25,60,56,56,71,71,71,71,71,71,71,71,71,67,67,63,63,67,67,67,67,20,0,0],"gold":35,"neow_bonus":"RANDOM_COLORLESS_2","is_daily":false,"chose_seed":false,"campfire_upgraded":2,"win_rate":0.0,"timestamp":1611416725,"path_taken":["M","?","M","M","M","R","E","R","T","M","E","?","?","M","R","BOSS","M","M","M","$","?","R","E","?","T","?","M","?","E","M","R","BOSS","M","?","?","M","?","R","?","E","T","E","R","?","E","M","R","BOSS","R","$","E","BOSS"],"items_purchased_type":["Card","Card"],"build_version":"2020-12-22","purchased_purges":1,"victory":false,"max_hp_per_floor":[71,71,71,71,71,71,71,71,71,71,71,71,71,71,71,71,71,71,71,71,71,71,71,71,71,71,71,71,71,71,71,71,71,71,71,71,71,71,71,71,71,71,71,71,71,67,67,67,67,67,67,67,67,67,67,67],"relic_stats":{"Peace Pipe":5,"Gremlin Horn":[16,16],"counters":[30,140],"Bird Faced Urn":[175],"Gambling Chip":[16],"CeramicFish":0,"Ectoplasm":829,"Kunai":[4],"obtain_stats":[{"Lantern":30,"Gremlin Horn":24,"CeramicFish":44,"Incense Burner":54,"Old Coin":37,"Peace Pipe":26,"DataDisk":11,"Bird Faced Urn":7,"Gambling Chip":36,"Philosopher\u0027s Stone":34,"Molten Egg 2":42,"Ectoplasm":17,"Bottled Lightning":9,"Kunai":47,"Cracked Core":0},{"Lantern":17,"Gremlin Horn":14,"CeramicFish":25,"Incense Burner":29,"Old Coin":22,"Peace Pipe":14,"DataDisk":7,"Bird Faced Urn":5,"Gambling Chip":21,"Philosopher\u0027s Stone":19,"Molten Egg 2":24,"Ectoplasm":10,"Bottled Lightning":5,"Kunai":26,"Cracked Core":0},{"Lantern":79,"Gremlin Horn":65,"CeramicFish":115,"Incense Burner":138,"Old Coin":97,"Peace Pipe":65,"DataDisk":29,"Bird Faced Urn":21,"Gambling Chip":93,"Philosopher\u0027s Stone":87,"Molten Egg 2":108,"Ectoplasm":42,"Bottled Lightning":21,"Kunai":120,"Cracked Core":0}]},"card_choices":[{"not_picked":["Mayhem","Secret Technique"],"picked":"Apotheosis","floor":0},{"not_picked":["Compile Driver","Redo"],"picked":"Sweeping Beam","floor":1},{"not_picked":["Hello World","Turbo"],"picked":"Sweeping Beam","floor":3},{"not_picked":["Hello World","Go for the Eyes"],"picked":"Glacier","floor":4},{"not_picked":["Streamline","Turbo"],"picked":"Coolheaded","floor":5},{"not_picked":["Hello World","Meteor Strike","Go for the Eyes"],"picked":"SKIP","floor":7},{"not_picked":["Melter","Steam"],"picked":"Doom and Gloom","floor":10},{"not_picked":["Streamline","Scrape"],"picked":"Sunder","floor":11},{"not_picked":["Conserve Battery","Rebound"],"picked":"Loop","floor":12},{"not_picked":["Go for the Eyes","Undo"],"picked":"Self Repair","floor":14},{"not_picked":["Thunder Strike","Reboot"],"picked":"Core Surge","floor":16},{"not_picked":["Heatsinks","Turbo"],"picked":"Hologram+1","floor":18},{"not_picked":["Go for the Eyes","Streamline"],"picked":"Lockon","floor":19},{"not_picked":["Ball Lightning","Rebound+1"],"picked":"Static Discharge","floor":20},{"not_picked":["Stack","Hello World","Hyperbeam"],"picked":"SKIP","floor":24},{"not_picked":["Steam+1","Tempest"],"picked":"Darkness","floor":27},{"not_picked":["Ball Lightning","Recycle"],"picked":"White Noise","floor":28},{"not_picked":["Leap","Stack+1"],"picked":"Double Energy","floor":30},{"not_picked":["Turbo","Compile Driver"],"picked":"Static Discharge","floor":31},{"not_picked":["Fission","Electrodynamics"],"picked":"Creative AI","floor":33},{"not_picked":["Scrape","Leap"],"picked":"BootSequence","floor":35},{"not_picked":["Undo","Barrage+1"],"picked":"Ball Lightning+1","floor":37},{"not_picked":["Gash+1","Hologram"],"picked":"Biased Cognition","floor":38},{"not_picked":["Leap","Hyperbeam+1"],"picked":"Chill","floor":42},{"not_picked":["BootSequence","Auto Shields"],"picked":"Ball Lightning+1","floor":44},{"not_picked":["Coolheaded+1","Lockon+1"],"picked":"Meteor Strike+1","floor":47},{"not_picked":["Sunder+1","BootSequence+1"],"picked":"Undo","floor":48},{"not_picked":["Cold Snap+1","Conserve Battery"],"picked":"Coolheaded+1","floor":54}],"player_experience":950379,"relics_obtained":[{"floor":7,"key":"Bird Faced Urn"},{"floor":9,"key":"Bottled Lightning"},{"floor":11,"key":"DataDisk"},{"floor":24,"key":"Gremlin Horn"},{"floor":26,"key":"Peace Pipe"},{"floor":30,"key":"Lantern"},{"floor":36,"key":"Gambling Chip"},{"floor":37,"key":"Old Coin"},{"floor":42,"key":"Molten Egg 2"},{"floor":44,"key":"CeramicFish"},{"floor":47,"key":"Kunai"},{"floor":54,"key":"Incense Burner"}],"event_choices":[{"damage_healed":0,"gold_gain":0,"player_choice":"Cursed","damage_taken":0,"max_hp_gain":0,"max_hp_loss":0,"event_name":"Wheel of Change","floor":2,"gold_loss":0,"cards_obtained":["Decay"]},{"damage_healed":0,"gold_gain":0,"player_choice":"Ignored","damage_taken":0,"max_hp_gain":0,"max_hp_loss":0,"event_name":"Shining Light","floor":13,"gold_loss":0},{"cards_removed":["Decay"],"damage_healed":0,"gold_gain":0,"player_choice":"Gave Gold","damage_taken":0,"max_hp_gain":0,"max_hp_loss":0,"event_name":"Beggar","floor":22,"gold_loss":75},{"damage_healed":0,"gold_gain":0,"player_choice":"Got Potions","damage_taken":0,"max_hp_gain":0,"max_hp_loss":0,"event_name":"Lab","floor":25,"gold_loss":0},{"damage_healed":0,"gold_gain":0,"player_choice":"Fight","damage_taken":0,"max_hp_gain":0,"max_hp_loss":0,"event_name":"Mysterious Sphere","floor":36,"gold_loss":0},{"damage_healed":0,"gold_gain":0,"player_choice":"Fight","damage_taken":0,"max_hp_gain":0,"max_hp_loss":0,"event_name":"MindBloom","floor":37,"gold_loss":0},{"cards_removed":["Strike_B"],"damage_healed":0,"gold_gain":0,"player_choice":"Removed Attack","damage_taken":0,"max_hp_gain":0,"max_hp_loss":0,"event_name":"Falling","floor":41,"gold_loss":0},{"damage_healed":0,"gold_gain":0,"player_choice":"Max HP","damage_taken":0,"max_hp_gain":0,"max_hp_loss":4,"event_name":"Winding Halls","floor":46,"gold_loss":0}],"is_beta":false,"boss_relics":[{"not_picked":["Tiny House","Velvet Choker"],"picked":"Ectoplasm"},{"not_picked":["Calling Bell","FrozenCore"],"picked":"Philosopher\u0027s Stone"}],"items_purged_floors":[21],"is_endless":false,"potions_floor_spawned":[1,3,12,14,16,18,27,30,31,33,36,38,42,47],"killed_by":"The Heart","ascension_level":15}}