{"host":"c52z9ixzgdjttcmx","time":1611440280,"event":{"mods":["BaseMod","Colored Powertips","Downfall","Filter the Spire","Minty Spire (QoL Compilation)","Rare Cards Sparkle","Relic Stats","StSLib"],"gold_per_floor":[112,122,137,147,167,202,202,214,214,46,77,87,87,105,105,204,204,222,17,17,34,34,61,61,81,81,81,81,114,38,38,38,38,38],"floor_reached":33,"language":"ENG","playtime":1453,"items_purged":["Strike_G"],"score":347,"play_id":"456e168d-bc3f-4dfd-a09c-464c9afb4b42","local_time":"20210123161800","is_ascension_mode":false,"campfire_choices":[{"data":"Crippling Poison","floor":7,"key":"SMITH"},{"data":"Poisoned Stab","floor":13,"key":"SMITH"},{"floor":15,"key":"REST"},{"floor":24,"key":"REST"},{"data":"Ghostly","floor":27,"key":"SMITH"},{"data":"Ghostly","floor":28,"key":"SMITH"},{"floor":32,"key":"REST"}],"circlet_count":0,"master_deck":["Strike_G","Strike_G","Strike_G","Strike_G","Defend_G","Defend_G","Defend_G","Defend_G","Defend_G","Survivor","Neutralize","Leg Sweep","Sucker Punch","All Out Attack","Poisoned Stab+1","Crippling Poison+1","Dash","Outmaneuver","Prepared","PiercingWail","Deadly Poison","Acrobatics","Envenom","Envenom","Dagger Throw","Noxious Fumes","Blade Dance","downfall:Bewildered","Quick Slash","Ghostly+1","Ghostly+1","Ghostly","Ghostly","Ghostly","Leg Sweep","Phantasmal Killer","Injury","Dodge and Roll+1","Heel Hook","Cloak And Dagger"],"relics":["Ring of the Snake","The Specimen","Du-Vu Doll","Akabeko","Matryoshka","Cursed Key","sneckomod:BabySnecko","Pocketwatch","Art of War","WingedGreaves","Boot"],"acts_visited":["Exordium","TheCity"],"potions_floor_usage":[29,33],"damage_taken":[{"damage":0,"enemies":"Cultist","floor":1,"turns":5},{"damage":0,"enemies":"2 Louse","floor":2,"turns":2},{"damage":0,"enemies":"Small Slimes","floor":3,"turns":5},{"damage":4,"enemies":"Exordium Thugs","floor":4,"turns":5},{"damage":7,"enemies":"Exordium Wildlife","floor":5,"turns":5},{"damage":23,"enemies":"Lagavulin","floor":6,"turns":7},{"damage":0,"enemies":"3 Louse","floor":8,"turns":3},{"damage":8,"enemies":"3 Sentries","floor":11,"turns":6},{"damage":0,"enemies":"Large Slime","floor":12,"turns":5},{"damage":0,"enemies":"Looter","floor":14,"turns":2},{"damage":20,"enemies":"Hexaghost","floor":16,"turns":10},{"damage":12,"enemies":"Chosen","floor":18,"turns":5},{"damage":11,"enemies":"Spheric Guardian","floor":21,"turns":4},{"damage":16,"enemies":"Gremlin Leader","floor":23,"turns":5},{"damage":11,"enemies":"Shelled Parasite and Fungi","floor":25,"turns":6},{"damage":9,"enemies":"Slavers","floor":29,"turns":4},{"damage":21,"enemies":"Champ","floor":33,"turns":9}],"seed_played":"8016162887257127551","potions_obtained":[{"floor":2,"key":"Swift Potion"},{"floor":3,"key":"SneckoOil"},{"floor":4,"key":"Block Potion"},{"floor":16,"key":"sneckomod:MuddlingPotion"}],"is_trial":false,"path_per_floor":["M","M","M","M","M","E","R","M","T","$","E","M","R","M","R","B",null,"M","$","?","M","?","E","R","M","T","R","R","E","$","?","R","B"],"character_chosen":"THE_SILENT","items_purchased":["Akabeko","PiercingWail","Noxious Fumes","Blade Dance","Heel Hook"],"campfire_rested":3,"item_purchase_floors":[10,10,19,19,30],"current_hp_per_floor":[70,70,70,66,59,36,36,36,36,36,28,28,28,28,49,29,70,58,58,58,47,35,19,29,18,18,18,18,9,9,9,19,0,0],"gold":38,"neow_bonus":"THREE_CARDS","is_daily":false,"chose_seed":false,"campfire_upgraded":4,"win_rate":0.0,"timestamp":1611440280,"path_taken":["M","M","M","M","M","E","R","M","T","?","E","M","R","M","R","BOSS","M","$","?","M","?","E","R","M","T","R","R","E","$","?","R","BOSS"],"items_purchased_type":["Relic","Card","Card","Card","Card"],"build_version":"2020-12-22","purchased_purges":1,"victory":false,"max_hp_per_floor":[70,70,70,70,70,70,70,70,70,70,70,70,70,70,70,70,70,70,70,70,70,35,35,35,35,35,35,35,35,35,35,35,35,35],"relic_stats":{"counters":[17,88],"Art of War":[1],"Cursed Key":1,"Boot":[1],"obtain_stats":[{"Du-Vu Doll":9,"sneckomod:BabySnecko":20,"Matryoshka":11,"The Specimen":6,"WingedGreaves":26,"Art of War":26,"Cursed Key":17,"Boot":29,"Akabeko":10,"Ring of the Snake":0,"Pocketwatch":23},{"Du-Vu Doll":7,"sneckomod:BabySnecko":12,"Matryoshka":8,"The Specimen":6,"WingedGreaves":15,"Art of War":15,"Cursed Key":11,"Boot":16,"Akabeko":7,"Ring of the Snake":0,"Pocketwatch":14},{"Du-Vu Doll":32,"sneckomod:BabySnecko":60,"Matryoshka":38,"The Specimen":29,"WingedGreaves":75,"Art of War":75,"Cursed Key":55,"Boot":79,"Akabeko":32,"Ring of the Snake":0,"Pocketwatch":69}],"Ring of the Snake":[34],"Pocketwatch":[18]},"card_choices":[{"not_picked":["Acrobatics","Deadly Poison"],"picked":"Leg Sweep","floor":0},{"not_picked":["Catalyst","Concentrate"],"picked":"Sucker Punch","floor":1},{"not_picked":["Well Laid Plans","Dagger Throw"],"picked":"All Out Attack","floor":2},{"not_picked":["Sucker Punch","Slice"],"picked":"Poisoned Stab","floor":3},{"not_picked":["Prepared","Deadly Poison"],"picked":"Crippling Poison","floor":4},{"not_picked":["Slice","Reflex"],"picked":"Dash","floor":5},{"not_picked":["Choke","Tactician"],"picked":"Outmaneuver","floor":6},{"not_picked":["Distraction","Expertise"],"picked":"Prepared","floor":8},{"not_picked":["Prepared","Flying Knee"],"picked":"Deadly Poison","floor":11},{"not_picked":["Eviscerate","Bane"],"picked":"Acrobatics","floor":12},{"not_picked":["Acrobatics","Distraction"],"picked":"Envenom","floor":14},{"not_picked":["Grand Finale","Glass Knife"],"picked":"Envenom","floor":16},{"not_picked":["Deflect","Accuracy"],"picked":"Dagger Throw","floor":18},{"not_picked":["Flying Knee","Outmaneuver+1"],"picked":"Quick Slash","floor":21},{"not_picked":["Blade Dance","Dodge and Roll"],"picked":"Leg Sweep","floor":23},{"not_picked":["Dagger Throw","Masterful Stab+1"],"picked":"Phantasmal Killer","floor":25},{"not_picked":["Expertise","Leg Sweep"],"picked":"Dodge and Roll+1","floor":29}],"player_experience":3321027,"relics_obtained":[{"floor":6,"key":"The Specimen"},{"floor":9,"key":"Du-Vu Doll"},{"floor":11,"key":"Matryoshka"},{"floor":23,"key":"Pocketwatch"},{"floor":26,"key":"Art of War"},{"floor":26,"key":"WingedGreaves"},{"floor":29,"key":"Boot"}],"event_choices":[{"damage_healed":0,"gold_gain":0,"player_choice":"Became a Ghost","damage_taken":0,"max_hp_gain":0,"max_hp_loss":35,"event_name":"Ghosts","floor":22,"gold_loss":0,"cards_obtained":["Ghostly","Ghostly","Ghostly","Ghostly","Ghostly"]},{"damage_healed":0,"gold_gain":0,"player_choice":"Read","damage_taken":0,"max_hp_gain":0,"max_hp_loss":0,"event_name":"The Library","floor":31,"gold_loss":0,"cards_obtained":["Cloak And Dagger"]}],"is_beta":false,"boss_relics":[{"not_picked":["Philosopher\u0027s Stone","Astrolabe"],"picked":"Cursed Key"}],"items_purged_floors":[19],"is_endless":false,"potions_floor_spawned":[2,3,4,16,18,25],"killed_by":"Champ","ascension_level":0}}