{"host":"7sni158j623xchr2","time":1611380920,"event":{"mods":["BaseMod","Colored Map","Highlight Path","Minty Spire (QoL Compilation)","Permanent Neow","Potion Indicator Mod","Rare Cards Sparkle","Relic Sorter","Relic Stats","StSLib","everything is the same but u backflip on backflip"],"gold_per_floor":[361,361,165,181,181,181,211,211,211,231,245,271,288,319,319,420,420,434,447,447,461,461,486,486,521,521,541,541,541,8,28,28,127,127,147,167,178,226,576,576,603,603,626,646,673,683,708,722,722,722,722,722,10,37,37],"floor_reached":56,"language":"ENG","playtime":2358,"items_purged":["Defend_R","Strike_R","Strike_R"],"score":1654,"play_id":"ba76ad1a-2755-4ef1-99c0-15c9e2867ed5","local_time":"20210122234840","is_ascension_mode":true,"campfire_choices":[{"data":"Fiend Fire","floor":6,"key":"SMITH"},{"data":"Feed","floor":8,"key":"SMITH"},{"data":"Pummel","floor":15,"key":"SMITH"},{"data":"Feel No Pain","floor":24,"key":"SMITH"},{"data":"Inflame","floor":29,"key":"SMITH"},{"data":"True Grit","floor":32,"key":"SMITH"},{"data":"Limit Break","floor":40,"key":"SMITH"},{"floor":49,"key":"RECALL"},{"data":"1","floor":52,"key":"LIFT"}],"circlet_count":0,"master_deck":["Strike_R","Defend_R","Defend_R","Bash+1","Pummel+1","Shrug It Off","Feed+1","Fiend Fire+1","Shrug It Off","Headbutt","Shrug It Off","Corruption","True Grit+1","Feel No Pain+1","Pommel Strike+1","Ghostly","Ghostly","Ghostly","Ghostly","Ghostly","True Grit+1","Inflame+1","Wild Strike","Blood for Blood","Power Through+1","Limit Break+1","Battle Trance+1","Warcry+1","Sword Boomerang+1","Seeing Red","Twin Strike","Inflame","Shrug It Off+1","Flame Barrier"],"relics":["Black Blood","Charon\u0027s Ashes","Matryoshka","Blood Vial","MealTicket","Snecko Eye","Bag of Preparation","Ancient Tea Set","Orichalcum","The Courier","Self Forming Clay","Shuriken","Lizard Tail","Old Coin","Eternal Feather","PreservedInsect","Girya","Mercury Hourglass","Anchor","Torii","HornCleat","Pear"],"acts_visited":["Exordium","TheCity","TheBeyond","TheEnding"],"potions_floor_usage":[7,12,14,16,18,20,33,39,45,50,55,55,55],"damage_taken":[{"damage":9,"enemies":"Jaw Worm","floor":1,"turns":5},{"damage":6,"enemies":"Cultist","floor":4,"turns":3},{"damage":24,"enemies":"Gremlin Nob","floor":7,"turns":4},{"damage":0,"enemies":"Small Slimes","floor":10,"turns":2},{"damage":8,"enemies":"Blue Slaver","floor":11,"turns":4},{"damage":4,"enemies":"3 Sentries","floor":12,"turns":6},{"damage":0,"enemies":"Looter","floor":13,"turns":1},{"damage":42,"enemies":"Lagavulin","floor":14,"turns":9},{"damage":37,"enemies":"The Guardian","floor":16,"turns":8},{"damage":12,"enemies":"3 Byrds","floor":18,"turns":2},{"damage":0,"enemies":"Chosen","floor":19,"turns":4},{"damage":0,"enemies":"Centurion and Healer","floor":20,"turns":1},{"damage":0,"enemies":"Snecko","floor":21,"turns":4},{"damage":1,"enemies":"Gremlin Leader","floor":23,"turns":6},{"damage":1,"enemies":"Book of Stabbing","floor":25,"turns":5},{"damage":0,"enemies":"3 Cultists","floor":27,"turns":4},{"damage":0,"enemies":"Snake Plant","floor":31,"turns":2},{"damage":7,"enemies":"Champ","floor":33,"turns":8},{"damage":0,"enemies":"Orb Walker","floor":35,"turns":4},{"damage":0,"enemies":"3 Shapes","floor":36,"turns":2},{"damage":4,"enemies":"Spire Growth","floor":37,"turns":6},{"damage":0,"enemies":"2 Orb Walkers","floor":38,"turns":3},{"damage":0,"enemies":"Mind Bloom Boss Battle","floor":39,"turns":6},{"damage":21,"enemies":"Nemesis","floor":41,"turns":7},{"damage":0,"enemies":"3 Darklings","floor":44,"turns":3},{"damage":0,"enemies":"Giant Head","floor":45,"turns":5},{"damage":0,"enemies":"Writhing Mass","floor":46,"turns":5},{"damage":6,"enemies":"Reptomancer","floor":47,"turns":6},{"damage":0,"enemies":"Transient","floor":48,"turns":5},{"damage":9,"enemies":"Awakened One","floor":50,"turns":9},{"damage":0,"enemies":"Shield and Spear","floor":54,"turns":2},{"damage":5,"enemies":"The Heart","floor":55,"turns":7}],"seed_played":"-2182472701287416695","potions_obtained":[{"floor":4,"key":"PowerPotion"},{"floor":12,"key":"Block Potion"},{"floor":14,"key":"LiquidBronze"},{"floor":16,"key":"LiquidBronze"},{"floor":18,"key":"SmokeBomb"},{"floor":21,"key":"Dexterity Potion"},{"floor":33,"key":"Fruit Juice"},{"floor":36,"key":"Fruit Juice"},{"floor":39,"key":"Ancient Potion"},{"floor":45,"key":"DistilledChaos"},{"floor":47,"key":"LiquidBronze"},{"floor":54,"key":"DistilledChaos"}],"is_trial":false,"path_per_floor":["M","?","$","M","?","R","E","R","T","M","M","E","M","E","R","B",null,"M","M","M","M","?","E","R","E","T","M","?","R","$","M","R","B",null,"M","M","M","?","?","R","E","?","T","M","E","M","E","M","R","B",null,"R","$","E","B",null],"character_chosen":"IRONCLAD","items_purchased":["Shrug It Off","LiquidMemories","Self Forming Clay","Shuriken","FearPotion","Anchor","Torii","HornCleat","Strength Potion"],"campfire_rested":0,"item_purchase_floors":[3,3,30,30,30,53,53,53,53],"current_hp_per_floor":[69,69,69,69,69,69,54,54,54,64,66,72,80,50,50,25,95,93,99,99,103,51,55,55,59,59,63,63,63,63,67,67,66,67,71,75,79,83,92,92,83,83,83,96,105,109,113,113,113,117,117,117,117,131,131],"gold":37,"neow_bonus":"TWO_FIFTY_GOLD","is_daily":false,"chose_seed":false,"campfire_upgraded":7,"win_rate":0.0,"timestamp":1611380920,"path_taken":["M","?","$","M","?","R","E","R","T","M","M","E","M","E","R","BOSS","M","M","M","M","?","E","R","E","T","M","?","R","$","M","R","BOSS","M","M","M","?","?","R","E","?","T","M","E","M","E","M","R","BOSS","R","$","E","BOSS"],"items_purchased_type":["Card","Potion","Relic","Relic","Potion","Relic","Relic","Relic","Potion"],"build_version":"2020-12-22","purchased_purges":3,"victory":true,"max_hp_per_floor":[72,72,72,72,72,72,75,75,75,79,83,87,87,91,91,95,95,99,99,99,103,51,55,55,59,59,63,63,63,63,67,67,67,67,71,75,79,83,92,92,92,92,92,96,105,109,113,113,113,117,117,117,117,131,131],"relic_stats":{"Torii":0,"counters":[32,148],"Self Forming Clay":[45],"Black Blood":115,"Eternal Feather":0,"Charon\u0027s Ashes":[1368],"PreservedInsect":250,"Bag of Preparation":[36],"Orichalcum":[30],"Mercury Hourglass":[93],"Blood Vial":10,"Lizard Tail":0,"Shuriken":[15],"Snecko Eye":[232,218,220,229],"MealTicket":0,"obtain_stats":[{"Girya":45,"Pear":54,"Torii":53,"Self Forming Clay":30,"Black Blood":34,"Eternal Feather":41,"Charon\u0027s Ashes":7,"The Courier":26,"PreservedInsect":43,"Bag of Preparation":23,"Orichalcum":26,"Ancient Tea Set":25,"Burning Blood":0,"Old Coin":39,"Mercury Hourglass":47,"Blood Vial":12,"Lizard Tail":38,"Anchor":53,"Matryoshka":9,"HornCleat":53,"Shuriken":30,"Snecko Eye":17,"MealTicket":14},{"Girya":26,"Pear":31,"Torii":30,"Self Forming Clay":16,"Black Blood":18,"Eternal Feather":24,"Charon\u0027s Ashes":3,"The Courier":15,"PreservedInsect":24,"Bag of Preparation":14,"Orichalcum":15,"Ancient Tea Set":15,"Burning Blood":0,"Old Coin":23,"Mercury Hourglass":28,"Blood Vial":6,"Lizard Tail":22,"Anchor":30,"Matryoshka":3,"HornCleat":30,"Shuriken":16,"Snecko Eye":9,"MealTicket":8},{"Girya":114,"Pear":141,"Torii":139,"Self Forming Clay":68,"Black Blood":78,"Eternal Feather":106,"Charon\u0027s Ashes":12,"The Courier":64,"PreservedInsect":106,"Bag of Preparation":59,"Orichalcum":64,"Ancient Tea Set":64,"Burning Blood":0,"Old Coin":99,"Mercury Hourglass":125,"Blood Vial":24,"Lizard Tail":93,"Anchor":139,"Matryoshka":12,"HornCleat":139,"Shuriken":68,"Snecko Eye":42,"MealTicket":34}]},"card_choices":[{"not_picked":["Body Slam","Armaments"],"picked":"Pummel","floor":1},{"not_picked":["Reckless Charge","Wild Strike"],"picked":"Feed","floor":4},{"not_picked":["Sword Boomerang","Rupture"],"picked":"Shrug It Off","floor":7},{"not_picked":["Havoc","Iron Wave","Metallicize"],"picked":"SKIP","floor":10},{"not_picked":["Shrug It Off","Clothesline"],"picked":"Headbutt","floor":11},{"not_picked":["Bloodletting","Warcry"],"picked":"Shrug It Off","floor":12},{"not_picked":["Twin Strike","Cleave","Perfected Strike"],"picked":"SKIP","floor":13},{"not_picked":["Sever Soul","Armaments"],"picked":"Corruption","floor":14},{"not_picked":["Heavy Blade","Pommel Strike"],"picked":"True Grit","floor":18},{"not_picked":["Shrug It Off","Pommel Strike"],"picked":"Feel No Pain","floor":19},{"not_picked":["Twin Strike","Iron Wave"],"picked":"Pommel Strike+1","floor":21},{"not_picked":["Perfected Strike","Burning Pact"],"picked":"True Grit+1","floor":23},{"not_picked":["Limit Break","Evolve+1"],"picked":"Inflame","floor":25},{"not_picked":["Perfected Strike","Thunderclap","Pommel Strike"],"picked":"SKIP","floor":27},{"not_picked":["Havoc","Headbutt"],"picked":"Power Through+1","floor":31},{"not_picked":["Berserk","Feed"],"picked":"Limit Break","floor":33},{"not_picked":["Anger","Inflame"],"picked":"Battle Trance+1","floor":35},{"not_picked":["Heavy Blade+1","Havoc+1"],"picked":"Warcry+1","floor":36},{"not_picked":["Armaments+1","Sever Soul+1"],"picked":"Sword Boomerang+1","floor":37},{"not_picked":["Rage","Warcry"],"picked":"Seeing Red","floor":41},{"not_picked":["Warcry+1","Dual Wield+1"],"picked":"Inflame","floor":44},{"not_picked":["Reckless Charge","Heavy Blade+1","Searing Blow+1"],"picked":"SKIP","floor":45},{"not_picked":["Immolate","Twin Strike+1"],"picked":"Shrug It Off+1","floor":46},{"not_picked":["Havoc","Heavy Blade","Perfected Strike"],"picked":"SKIP","floor":47},{"not_picked":["Havoc","Heavy Blade","Perfected Strike"],"picked":"SKIP","floor":47},{"not_picked":["Armaments","Pummel","Havoc"],"picked":"SKIP","floor":48},{"not_picked":["Bloodletting","Perfected Strike+1"],"picked":"Flame Barrier","floor":54}],"player_experience":1681235,"relics_obtained":[{"floor":7,"key":"Charon\u0027s Ashes"},{"floor":9,"key":"Matryoshka"},{"floor":12,"key":"Blood Vial"},{"floor":14,"key":"MealTicket"},{"floor":23,"key":"Bag of Preparation"},{"floor":25,"key":"Ancient Tea Set"},{"floor":26,"key":"Orichalcum"},{"floor":26,"key":"The Courier"},{"floor":38,"key":"Lizard Tail"},{"floor":39,"key":"Old Coin"},{"floor":41,"key":"Eternal Feather"},{"floor":43,"key":"PreservedInsect"},{"floor":45,"key":"Girya"},{"floor":47,"key":"Mercury Hourglass"},{"floor":54,"key":"Pear"}],"event_choices":[{"damage_healed":0,"gold_gain":0,"player_choice":"Grow","damage_taken":0,"max_hp_gain":0,"max_hp_loss":0,"event_name":"Living Wall","floor":2,"gold_loss":0,"cards_upgraded":["Bash"]},{"damage_healed":0,"gold_gain":0,"player_choice":"1 cards matched","damage_taken":0,"max_hp_gain":0,"max_hp_loss":0,"event_name":"Match and Keep!","floor":5,"gold_loss":0,"cards_obtained":["Fiend Fire"]},{"damage_healed":0,"gold_gain":0,"player_choice":"Became a Ghost","damage_taken":0,"max_hp_gain":0,"max_hp_loss":52,"event_name":"Ghosts","floor":22,"gold_loss":0,"cards_obtained":["Ghostly","Ghostly","Ghostly","Ghostly","Ghostly"]},{"damage_healed":0,"gold_gain":0,"cards_transformed":["Strike_R","Defend_R"],"player_choice":"Became Test Subject","damage_taken":0,"max_hp_gain":0,"max_hp_loss":0,"event_name":"Drug Dealer","floor":28,"gold_loss":0,"cards_obtained":["Wild Strike","Blood for Blood"]},{"damage_healed":0,"gold_gain":0,"player_choice":"Fight","damage_taken":0,"max_hp_gain":0,"max_hp_loss":0,"event_name":"Mysterious Sphere","floor":38,"gold_loss":0},{"damage_healed":0,"gold_gain":0,"player_choice":"Fight","damage_taken":0,"max_hp_gain":0,"max_hp_loss":0,"event_name":"MindBloom","floor":39,"gold_loss":0},{"damage_healed":0,"gold_gain":0,"cards_transformed":["Strike_R"],"player_choice":"Transformed","damage_taken":0,"max_hp_gain":0,"max_hp_loss":0,"event_name":"Transmorgrifier","floor":42,"gold_loss":0,"cards_obtained":["Twin Strike"]}],"is_beta":false,"boss_relics":[{"not_picked":["Busted Crown","Runic Cube"],"picked":"Snecko Eye"},{"not_picked":["Runic Dome","Fusion Hammer"],"picked":"Black Blood"}],"items_purged_floors":[3,30,53],"is_endless":false,"potions_floor_spawned":[4,12,14,16,18,20,21,33,36,37,39,44,45,47,54],"ascension_level":4}}