{"host":"7gewg82ormp6yt4e","time":1611381893,"event":{"mods":["BaseMod","Block Reminder","Colored Map","DeckTracker","Highlight Path","Minty Spire (QoL Compilation)","Relic Stats","StSLib","ojb\u0027s Info Mod"],"gold_per_floor":[362,372,372,244,258,258,283,298,325,337,337,369,369,389,389,467,467,487,501,551,551,551],"floor_reached":21,"language":"JPN","playtime":1311,"items_purged":[],"score":382,"play_id":"af0dcbf9-72f0-401d-80cd-f84d93992901","local_time":"20210123150453","is_ascension_mode":true,"campfire_choices":[{"data":"Defragment","floor":6,"key":"SMITH"},{"data":"Zap","floor":11,"key":"SMITH"},{"floor":15,"key":"REST"}],"circlet_count":0,"master_deck":["AscendersBane","Strike_B","Strike_B","Strike_B","Strike_B","Defend_B","Defend_B","Defend_B","Defend_B","Zap+1","Dualcast","Defragment+1","Leap","FTL","Cold Snap","Skim","FTL","Loop+1","Echo Form","Creative AI","Coolheaded","Conserve Battery"],"relics":["Cracked Core","Vajra","Omamori","MealTicket","Snecko Eye"],"acts_visited":["Exordium","TheCity"],"potions_floor_usage":[7,7,16,16,19],"damage_taken":[{"damage":4,"enemies":"Small Slimes","floor":1,"turns":3},{"damage":8,"enemies":"Cultist","floor":2,"turns":4},{"damage":2,"enemies":"Jaw Worm","floor":5,"turns":4},{"damage":20,"enemies":"Gremlin Nob","floor":7,"turns":4},{"damage":2,"enemies":"Looter","floor":8,"turns":3},{"damage":1,"enemies":"2 Fungi Beasts","floor":10,"turns":3},{"damage":17,"enemies":"3 Sentries","floor":12,"turns":9},{"damage":5,"enemies":"Exordium Thugs","floor":14,"turns":3},{"damage":13,"enemies":"Hexaghost","floor":16,"turns":8},{"damage":30,"enemies":"Shell Parasite","floor":18,"turns":5},{"damage":22,"enemies":"2 Thieves","floor":19,"turns":4},{"damage":6,"enemies":"Masked Bandits","floor":21,"turns":2}],"seed_played":"3253740384120119653","potions_obtained":[{"floor":2,"key":"FocusPotion"},{"floor":8,"key":"Weak Potion"},{"floor":10,"key":"LiquidBronze"},{"floor":18,"key":"ColorlessPotion"}],"is_trial":false,"path_per_floor":["M","M","?","$","M","R","E","M","T","M","R","E","?","M","R","B",null,"M","M","?","?"],"character_chosen":"DEFECT","items_purchased":["FTL","Strength Potion"],"campfire_rested":1,"item_purchase_floors":[4,4],"current_hp_per_floor":[60,52,52,52,50,50,30,28,28,27,27,10,10,5,26,13,57,27,5,5,0,0],"gold":551,"neow_bonus":"TWO_FIFTY_GOLD","is_daily":false,"chose_seed":false,"campfire_upgraded":2,"win_rate":0.0,"timestamp":1611381893,"path_taken":["M","M","?","$","M","R","E","?","T","M","R","E","?","?","R","BOSS","M","M","?","?"],"items_purchased_type":["Card","Potion"],"build_version":"2020-12-22","purchased_purges":0,"victory":false,"max_hp_per_floor":[71,71,71,71,71,71,71,71,71,71,71,71,71,71,71,71,71,71,71,71,71,71],"relic_stats":{"counters":[12,52],"Snecko Eye":[21,14,24,21],"MealTicket":0,"obtain_stats":[{"Vajra":7,"Snecko Eye":17,"MealTicket":12,"Omamori":9,"Cracked Core":0},{"Vajra":4,"Snecko Eye":9,"MealTicket":7,"Omamori":5,"Cracked Core":0},{"Vajra":15,"Snecko Eye":41,"MealTicket":30,"Omamori":18,"Cracked Core":0}]},"card_choices":[{"not_picked":["Recycle","Beam Cell"],"picked":"Defragment","floor":1},{"not_picked":["Compile Driver","Rebound"],"picked":"Leap","floor":2},{"not_picked":["Stack","Sweeping Beam"],"picked":"Cold Snap","floor":5},{"not_picked":["Reinforced Body","Stack"],"picked":"Skim","floor":7},{"not_picked":["Go for the Eyes","Recycle","Leap"],"picked":"SKIP","floor":8},{"not_picked":["Compile Driver","Force Field"],"picked":"FTL","floor":10},{"not_picked":["Streamline","Rebound"],"picked":"Loop","floor":12},{"not_picked":["Ball Lightning","Auto Shields"],"picked":"Echo Form","floor":14},{"not_picked":["Amplify","Rainbow"],"picked":"Creative AI","floor":16},{"not_picked":["Sweeping Beam","Cold Snap"],"picked":"Coolheaded","floor":18},{"not_picked":["FTL","Steam"],"picked":"Conserve Battery","floor":19}],"player_experience":2657586,"relics_obtained":[{"floor":7,"key":"Vajra"},{"floor":9,"key":"Omamori"},{"floor":12,"key":"MealTicket"}],"event_choices":[{"cards_removed":["Pain"],"damage_healed":0,"gold_gain":0,"player_choice":"Purged","damage_taken":0,"max_hp_gain":0,"max_hp_loss":0,"event_name":"Purifier","floor":3,"gold_loss":0},{"damage_healed":0,"gold_gain":0,"player_choice":"Forge","damage_taken":0,"max_hp_gain":0,"max_hp_loss":0,"event_name":"Accursed Blacksmith","floor":13,"gold_loss":0,"cards_upgraded":["Loop"]},{"damage_healed":0,"gold_gain":50,"player_choice":"Stole From Cult","damage_taken":0,"max_hp_gain":0,"max_hp_loss":0,"event_name":"Nest","floor":20,"gold_loss":0},{"damage_healed":0,"gold_gain":0,"player_choice":"Fought Bandits","damage_taken":0,"max_hp_gain":0,"max_hp_loss":0,"event_name":"Masked Bandits","floor":21,"gold_loss":0}],"is_beta":false,"boss_relics":[{"not_picked":["SacredBark","Calling Bell"],"picked":"Snecko Eye"}],"items_purged_floors":[],"is_endless":false,"potions_floor_spawned":[2,5,8,10,18],"killed_by":"Masked Bandits","ascension_level":20}}