{"host":"s3s7xsmblwiz356v","time":1611439072,"event":{"mods":["AchievementEnabler","BaseMod","Block Reminder","Colored Map","Colored Powertips","Minty Spire (QoL Compilation)"],"gold_per_floor":[117,137,148,298,44,69,69,69,146,146,146,146],"floor_reached":11,"language":"ENG","playtime":481,"items_purged":["Doubt"],"score":128,"play_id":"0d376ba8-b23f-49cd-9c7e-0bc7b26bad65","local_time":"20210123165752","is_ascension_mode":true,"campfire_choices":[{"data":"Blade Dance","floor":7,"key":"SMITH"}],"circlet_count":0,"master_deck":["AscendersBane","Strike_G","Strike_G","Strike_G","Strike_G","Strike_G","Defend_G","Defend_G","Defend_G","Defend_G","Defend_G","Survivor","Neutralize","Acrobatics","Well Laid Plans","Cloak And Dagger","Slice","Swift Strike","Blade Dance+1","A Thousand Cuts"],"relics":["WristBlade","Toy Ornithopter","Golden Idol","Meat on the Bone","Darkstone Periapt"],"acts_visited":["Exordium"],"potions_floor_usage":[6],"damage_taken":[{"damage":2,"enemies":"Cultist","floor":1,"turns":5},{"damage":3,"enemies":"2 Louse","floor":2,"turns":3},{"damage":9,"enemies":"Jaw Worm","floor":3,"turns":4},{"damage":11,"enemies":"Lagavulin","floor":6,"turns":6},{"damage":6,"enemies":"Gremlin Nob","floor":11,"turns":3}],"seed_played":"-3250288034174491550","potions_obtained":[{"floor":2,"key":"FearPotion"}],"is_trial":false,"path_per_floor":["M","M","M","?","$","E","R","?","T","?","E"],"character_chosen":"THE_SILENT","items_purchased":["Slice","Swift Strike","Blade Dance"],"campfire_rested":0,"item_purchase_floors":[5,5,5],"current_hp_per_floor":[57,54,45,45,45,34,34,34,34,8,2,2],"gold":146,"neow_bonus":"BOSS_RELIC","is_daily":false,"chose_seed":false,"campfire_upgraded":1,"win_rate":0.0,"timestamp":1611439072,"path_taken":["M","M","M","?","$","E","R","?","T","?","E"],"items_purchased_type":["Card","Card","Card"],"build_version":"2020-12-22","purchased_purges":1,"victory":false,"max_hp_per_floor":[66,66,66,66,66,66,66,60,60,60,60,60],"card_choices":[{"not_picked":["Dodge and Roll","Flying Knee"],"picked":"Acrobatics","floor":1},{"not_picked":["Deflect","Outmaneuver"],"picked":"Well Laid Plans","floor":2},{"not_picked":["Sucker Punch","Outmaneuver"],"picked":"Cloak And Dagger","floor":3},{"not_picked":["Bane","PiercingWail"],"picked":"A Thousand Cuts","floor":6}],"player_experience":498082,"relics_obtained":[{"floor":6,"key":"Toy Ornithopter"},{"floor":9,"key":"Meat on the Bone"}],"event_choices":[{"damage_healed":0,"gold_gain":150,"player_choice":"AGREE","damage_taken":0,"max_hp_gain":0,"max_hp_loss":0,"event_name":"Liars Game","floor":4,"gold_loss":0,"cards_obtained":["Doubt"]},{"damage_healed":0,"gold_gain":0,"player_choice":"Lose Max HP","damage_taken":0,"relics_obtained":["Golden Idol"],"max_hp_gain":0,"max_hp_loss":6,"event_name":"Golden Idol","floor":8,"gold_loss":0},{"damage_healed":0,"gold_gain":0,"player_choice":"Success","damage_taken":26,"relics_obtained":["Darkstone Periapt"],"max_hp_gain":0,"max_hp_loss":0,"event_name":"Scrap Ooze","floor":10,"gold_loss":0}],"is_beta":false,"boss_relics":[],"items_purged_floors":[5],"is_endless":false,"potions_floor_spawned":[2],"killed_by":"Gremlin Nob","ascension_level":16}}