{"host":"gqcohn9v5baj3dmw","time":1611374948,"event":{"mods":["BaseMod","Better Note","Better Sensory Stone","Better Skull","Colored Map","Downfall","Marked Mod","Minty Spire (QoL Compilation)","Rare Cards Sparkle","Relic Stats","StSLib"],"gold_per_floor":[99,117,136,148,164,164,164,196,208,226,238,238,6,41,54,157,157,157,170,182,182,196,206,257,273,306,322,322,342,355,14,25,127,127,127,138,138,71,89,89,89,89,107,158,158,176,176,193,203,203],"floor_reached":51,"language":"ENG","playtime":4816,"items_purged":["bronze:Defend"],"score":793,"play_id":"6a805c46-8725-4fb7-9552-7a126bbb0007","local_time":"20210123050908","is_ascension_mode":false,"campfire_choices":[{"data":"bronze:Replicate","floor":1.0,"key":"SMITH"},{"data":"bronze:GetLatest","floor":6.0,"key":"SMITH"},{"data":"bronze:Frontload","floor":12,"key":"SMITH"},{"data":"bronze:Overload","floor":18,"key":"SMITH"},{"data":"bronze:ClassDefault","floor":28,"key":"SMITH"},{"data":"bronze:ForLoop","floor":35,"key":"SMITH"}],"circlet_count":0,"master_deck":["bronze:Strike","bronze:Strike","bronze:Strike","bronze:Strike","bronze:Defend","bronze:Defend","bronze:Defend","bronze:Replicate+1","bronze:Goto","bronze:GetLatest+1","bronze:Branch","bronze:Overload+1","bronze:Frontload+1","bronze:ForceShield","bronze:ClassDefault+1","bronze:BronzeOrb","bronze:ChildClass","bronze:Overheat","bronze:DelayedSlice","bronze:WhirlingStrike","bronze:ForLoop+1","bronze:Branch+1","bronze:Frontload+1","bronze:ClassDefault","bronze:WildBeam+1","bronze:Overheat+1","bronze:Frontload","bronze:Philosophize+1","CurseOfTheBell","CurseOfTheBell","bronze:Frontload+1","bronze:ClassDefault+1"],"relics":["bronze:BronzeCore","Kunai","Pocketwatch","Bronze Scales","SlaversCollar","Toy Ornithopter","Question Card","Blue Candle","Cursed Key","downfall:ExtraCursedBell","Dream Catcher","Sundial","Dead Branch","bronze:BottledCode","Ginger"],"acts_visited":["Exordium","TheCity","TheBeyond"],"potions_floor_usage":[14,44,45],"damage_taken":[{"damage":1.0,"enemies":"Cultist","floor":2.0,"turns":4.0},{"damage":2.0,"enemies":"2 Louse","floor":3.0,"turns":3.0},{"damage":0.0,"enemies":"Small Slimes","floor":4.0,"turns":3.0},{"damage":4.0,"enemies":"Blue Slaver","floor":5.0,"turns":4.0},{"damage":16.0,"enemies":"Gremlin Nob","floor":8.0,"turns":4.0},{"damage":0.0,"enemies":"Large Slime","floor":9.0,"turns":5.0},{"damage":0.0,"enemies":"Exordium Wildlife","floor":10.0,"turns":3.0},{"damage":0,"enemies":"2 Fungi Beasts","floor":11,"turns":2},{"damage":0,"enemies":"downfall:FleeingMerchant","floor":13,"turns":4},{"damage":0,"enemies":"Lagavulin","floor":14,"turns":7},{"damage":0,"enemies":"Large Slime","floor":15,"turns":4},{"damage":16,"enemies":"WA_ARCHETYPE_RETAIN","floor":16,"turns":10},{"damage":8,"enemies":"Shell Parasite","floor":19,"turns":11},{"damage":4,"enemies":"Chosen","floor":20,"turns":3},{"damage":6,"enemies":"Shelled Parasite and Fungi","floor":22,"turns":6},{"damage":0,"enemies":"Cultist and Chosen","floor":23,"turns":10},{"damage":1,"enemies":"3 Cultists","floor":25,"turns":4},{"damage":2,"enemies":"Book of Stabbing","floor":26,"turns":6},{"damage":7,"enemies":"Snake Plant","floor":27,"turns":4},{"damage":0,"enemies":"Chosen and Byrds","floor":29,"turns":7},{"damage":0,"enemies":"Cultist and Chosen","floor":30,"turns":8},{"damage":0,"enemies":"downfall:FleeingMerchant","floor":31,"turns":4},{"damage":2,"enemies":"Centurion and Healer","floor":32,"turns":8},{"damage":24,"enemies":"IC_MUSHROOM_ARCHETYPE","floor":33,"turns":12},{"damage":0,"enemies":"Orb Walker","floor":36,"turns":3},{"damage":0,"enemies":"downfall:FleeingMerchant","floor":38,"turns":4},{"damage":2,"enemies":"3 Darklings","floor":39,"turns":4},{"damage":5,"enemies":"4 Shapes","floor":43,"turns":5},{"damage":9,"enemies":"2 Orb Walkers","floor":44,"turns":4},{"damage":2,"enemies":"Sphere and 2 Shapes","floor":45,"turns":3},{"damage":33,"enemies":"Writhing Mass","floor":46,"turns":6},{"damage":0,"enemies":"3 Darklings","floor":48,"turns":7},{"damage":3,"enemies":"Transient","floor":49,"turns":5},{"damage":2,"enemies":"SI_POISON_ARCHETYPE","floor":50,"turns":11}],"seed_played":"454712929599714867","potions_obtained":[{"floor":4.0,"key":"Regen Potion"},{"floor":8.0,"key":"EssenceOfSteel"},{"floor":9.0,"key":"PowerPotion"},{"floor":16,"key":"Guardian:BlockOnCardUsePotion"},{"floor":39,"key":"SmokeBomb"},{"floor":44,"key":"FairyPotion"},{"floor":48,"key":"Slimebound:ThreeZeroPotion"}],"is_trial":false,"path_per_floor":["R","M","M","M","M","R","T","E","M","M","M","R","$","E","M","B",null,"R","M","M","?","M","M","T","M","E","M","R","M","M","$","M","B",null,"R","M","?","$","M","?","T","?","M","?","M","M","?","M","M","B",null],"character_chosen":"THE_AUTOMATON","items_purchased":["bronze:ClassDefault","bronze:BronzeOrb","bronze:ClassDefault","Blue Candle","bronze:Frontload"],"campfire_rested":0,"item_purchase_floors":[13,13,31,31,38],"current_hp_per_floor":[77,76,74,74,70,70,70,54,54,54,54,54,54,54,54,38,77,77,69,65,65,59,59,59,58,56,49,49,49,49,49,47,23,77,77,77,77,77,75,75,75,67,62,58,61,28,28,28,25,23],"gold":203,"neow_bonus":"TEN_PERCENT_HP_BONUS","is_daily":false,"chose_seed":false,"campfire_upgraded":6,"win_rate":0.0,"timestamp":1611374948,"path_taken":["R","M","?","M","M","R","T","E","?","M","M","R","$","E","M","BOSS","R","M","M","?","?","M","T","?","E","M","R","M","?","$","M","BOSS","R","M","?","$","M","?","T","?","?","?","M","M","?","M","M","BOSS"],"items_purchased_type":["Card","Card","Card","Relic","Card"],"build_version":"2020-12-22","purchased_purges":1,"victory":true,"max_hp_per_floor":[77,77,77,77,77,77,77,77,77,77,77,77,77,77,77,77,77,77,77,77,77,77,77,77,77,77,77,77,77,77,77,77,77,77,77,77,77,77,77,77,77,67,67,67,67,67,67,67,67,67],"relic_stats":{"counters":[34,188],"Blue Candle":[10],"Dead Branch":[67],"Ginger":[11],"Question Card":14,"Cursed Key":0,"Dream Catcher":0,"Sundial":[0],"Bronze Scales":[430],"Kunai":[88],"obtain_stats":[{"bronze:BronzeCore":0,"Blue Candle":31,"Dead Branch":40,"Ginger":44,"Question Card":26,"Cursed Key":34,"bronze:BottledCode":42,"SlaversCollar":17,"Dream Catcher":40,"Sundial":40,"Bronze Scales":14,"Kunai":7,"downfall:ExtraCursedBell":40,"Toy Ornithopter":24,"Pocketwatch":8},{"bronze:BronzeCore":0,"Blue Candle":22,"Dead Branch":27,"Ginger":29,"Question Card":18,"Cursed Key":24,"bronze:BottledCode":27,"SlaversCollar":12,"Dream Catcher":27,"Sundial":27,"Bronze Scales":10,"Kunai":4,"downfall:ExtraCursedBell":27,"Toy Ornithopter":16,"Pocketwatch":5},{"bronze:BronzeCore":0,"Blue Candle":116,"Dead Branch":147,"Ginger":156,"Question Card":93,"Cursed Key":136,"bronze:BottledCode":147,"SlaversCollar":53,"Dream Catcher":147,"Sundial":147,"Bronze Scales":39,"Kunai":14,"downfall:ExtraCursedBell":147,"Toy Ornithopter":83,"Pocketwatch":18}],"Toy Ornithopter":10,"Pocketwatch":[162]},"card_choices":[{"not_picked":["bronze:Overheat","bronze:DarkDash","bronze:ItsAFeature"],"picked":"SKIP","floor":2.0},{"not_picked":["bronze:Turbo","bronze:Flail"],"picked":"bronze:GetLatest","floor":3.0},{"not_picked":["bronze:BronzeArmor","bronze:Turbo"],"picked":"bronze:Branch","floor":4.0},{"not_picked":["bronze:DigitalCarnage","bronze:WhirlingStrike","bronze:DelayedSlice"],"picked":"SKIP","floor":5.0},{"not_picked":["bronze:ThunderWave","bronze:BitShift"],"picked":"bronze:Overload","floor":8.0},{"not_picked":["bronze:Frontload","bronze:ForLoop","bronze:Fortify"],"picked":"SKIP","floor":9.0},{"not_picked":["bronze:FineTuning","bronze:Flail","bronze:ChosenStrike"],"picked":"SKIP","floor":10},{"not_picked":["bronze:Overheat","bronze:DelayedGuard"],"picked":"bronze:Frontload","floor":11},{"not_picked":["bronze:Philosophize","bronze:Break"],"picked":"bronze:ForceShield","floor":13},{"not_picked":["bronze:Invalidate","bronze:WildBeam"],"picked":"bronze:ChildClass","floor":14},{"not_picked":["bronze:Backtrace","bronze:Iterate"],"picked":"bronze:Overheat","floor":15},{"not_picked":["bronze:Overheat","bronze:BitShift","bronze:Shield"],"picked":"SKIP","floor":19},{"not_picked":["bronze:BitShift","bronze:Overheat+1"],"picked":"bronze:DelayedSlice","floor":20},{"not_picked":["bronze:FineTuning+1","bronze:Return+1","bronze:BuggyMess"],"picked":"SKIP","floor":22},{"not_picked":["bronze:OilSpill","bronze:FineTuning"],"picked":"bronze:WhirlingStrike","floor":23},{"not_picked":["bronze:AlphaBuild","bronze:FineTuning","bronze:Safeguard"],"picked":"SKIP","floor":25},{"not_picked":["bronze:Invalidate","bronze:Backtrace","bronze:WildBeam+1"],"picked":"SKIP","floor":26},{"not_picked":["bronze:Invalidate","bronze:Backtrace","bronze:WildBeam+1"],"picked":"SKIP","floor":26},{"not_picked":["bronze:CloningBeam","bronze:Turbo","bronze:Iterate"],"picked":"bronze:ForLoop","floor":27},{"not_picked":["bronze:Flail","bronze:Iterate","bronze:Shield","bronze:DarkDash"],"picked":"SKIP","floor":29},{"not_picked":["bronze:BitShift","bronze:OilSpill","bronze:FollowUp"],"picked":"bronze:Branch+1","floor":30},{"not_picked":["bronze:Iterate","bronze:BuggyMess","bronze:FineTuning"],"picked":"bronze:Frontload+1","floor":31},{"not_picked":["bronze:Safeguard","bronze:Repair","bronze:Overload+1"],"picked":"bronze:WildBeam+1","floor":32},{"not_picked":["bronze:CutThrough+1","bronze:Philosophize","bronze:DelayedGuard"],"picked":"bronze:Overheat+1","floor":36},{"not_picked":["bronze:NullPointer+1","bronze:BronzeArmor+1","bronze:Safeguard","bronze:Shell"],"picked":"SKIP","floor":38},{"not_picked":["bronze:BugBarrage","bronze:Repulsor+1","bronze:MaxOutput"],"picked":"bronze:Philosophize+1","floor":39},{"not_picked":["bronze:BuggyMess","bronze:OilSpill","bronze:DelayedGuard"],"picked":"bronze:ItsAFeature","floor":43},{"not_picked":["bronze:BugBarrage","bronze:Shield+1","bronze:Branch"],"picked":"bronze:Frontload+1","floor":46},{"not_picked":["bronze:FineTuning+1","bronze:Branch","bronze:Optimize"],"picked":"bronze:ClassDefault+1","floor":48},{"not_picked":["bronze:FineTuning","bronze:WildBeam+1","bronze:Frontload","bronze:SpaghettiCode"],"picked":"SKIP","floor":49}],"player_experience":512215,"relics_obtained":[{"floor":7.0,"key":"Kunai"},{"floor":8.0,"key":"Pocketwatch"},{"floor":14,"key":"Bronze Scales"},{"floor":24,"key":"Toy Ornithopter"},{"floor":26,"key":"Question Card"},{"floor":40,"key":"Dream Catcher"},{"floor":40,"key":"Sundial"},{"floor":40,"key":"Dead Branch"},{"floor":44,"key":"Ginger"}],"event_choices":[{"cards_removed":["bronze:Defend"],"damage_healed":0,"gold_gain":0,"player_choice":"Give","damage_taken":0,"max_hp_gain":0,"max_hp_loss":0,"event_name":"betterNote:BetterNote","floor":21,"gold_loss":0,"cards_obtained":["champ:ShieldThrow"]},{"damage_healed":0,"gold_gain":0,"player_choice":"Fight","damage_taken":0,"max_hp_gain":0,"max_hp_loss":0,"event_name":"Mysterious Sphere","floor":44,"gold_loss":0},{"cards_removed":["bronze:ItsAFeature"],"damage_healed":0,"gold_gain":0,"player_choice":"Removed Power","damage_taken":0,"max_hp_gain":0,"max_hp_loss":0,"event_name":"Falling","floor":47,"gold_loss":0}],"is_beta":false,"boss_relics":[{"not_picked":["Black Star","Coffee Dripper"],"picked":"SlaversCollar"},{"not_picked":["SacredBark","bronze:PlatinumCore"],"picked":"Cursed Key"}],"items_purged_floors":[13],"is_endless":false,"potions_floor_spawned":[4,8,9,10,11,16,20,22,26,27,32,33,36,39,44,48,49],"ascension_level":0}}