{"host":"1vqon1dbpr5c1qll","time":1611394852,"event":{"mods":["2.2 Compatiblity","AchievementEnabler","BaseMod","BetterRewards","Colored Map","DeckTracker","GungeonMod","Hermit","Highlight Path","Lobotomy","Minty Spire (QoL Compilation)","Permanent Neow","Quick Restart","Random Character Button","Replay The Spire","StSLib","SuperFastMode","The Cursed","The Dragon Tamer","The Servant 0.9.4","everything is the same but u backflip on backflip"],"gold_per_floor":[144,144,144,104,149,149,194,194,219,309,354,399,489,534,534,834,834,879,924,330,375,420,420,510,510,510,510,600,645,645,735,735,1035,1035,1080,1125,1125,159,204,294,339,429,454,499,499,589,238,238,238,238],"floor_reached":51,"language":"KOR","playtime":3879,"items_purged":[],"score":982,"play_id":"4b5cd6e5-a415-46a3-849e-df922a9db69a","local_time":"20210123184051","daily_mods":["Allstar","Purple Cards","Midas"],"is_ascension_mode":false,"metric_token":1375,"campfire_choices":[{"floor":6.0,"key":"REST"},{"floor":8.0,"key":"REST"},{"floor":23.0,"key":"REST"},{"floor":25.0,"key":"REST"},{"floor":30.0,"key":"REST"},{"floor":32.0,"key":"REST"},{"floor":45.0,"key":"REST"},{"floor":49.0,"key":"REST"}],"dtmod_dragon_data":[43,58,1,0,12,7],"circlet_count":0,"master_deck":["DTMod:Strike+1","DTMod:Strike","DTMod:Strike+1","DTMod:Strike","DTMod:DoubleHit","DTMod:TargetDefense+1","DTMod:TargetDefense","DTMod:TargetDefense","DTMod:TargetDefense+1","DTMod:SwitchingTactic+1","Replay:BasicMightCard","Metamorphosis","Replay:BasicMightCard","ReplayTheSpireMod:Brewmster+1","Trip","DTMod:MagiciansMark","DTMod:Threaten+1","DTMod:MasterPlan","DTMod:FlameSlash","DTMod:BurningEnergy","DTMod:MagicField","DTMod:TauntingStrike","DTMod:Hide+1","DTMod:BalancedStrike","DTMod:FierySynthesis","DTMod:ComboAttack+1","DTMod:Hide","Mind Blast","DTMod:Feint","DTMod:MasterPlan+1","DTMod:LastStand","DTMod:CrossStep","DTMod:Astonish","DTMod:Observe+1","DTMod:Inferno+1","DTMod:FierySynthesis","DTMod:QuickFly+1","DTMod:FlameSlash+1","Apotheosis","ReplayTheSpireMod:Private Reserves","DTMod:SneakAttack+1","DTMod:BlazingStrike+1","DTMod:BlazingStrike+1","DTMod:BalancedStrike+1","DTMod:HeadStart","DTMod:BlueScale+1","DTMod:Training"],"relics":["DTMod:PactStone","Anchor","Replay:Mystery Machine","Replay:Baseball","Ring of Chaos","ClockworkSouvenir","Simple Rune","War Paint","Replay:Ringing Soul","DTMod:DragonFood","DemoMod:Antibody","Iron Hammer","Fusion Hammer","Guide Book","DTMod:TacticalNote","Turnip","Molten Egg 2","ReplayTheSpireMod:Shallot","Orichalcum","Bag of Preparation","TheAbacus","Juzu Bracelet"],"acts_visited":["Exordium","TheCity","TheBeyond"],"potions_floor_usage":[50,50,50,50,50,50,50,50],"damage_taken":[{"damage":0.0,"enemies":"Small Slimes","floor":1.0,"turns":3.0},{"damage":0.0,"enemies":"Jaw Worm","floor":5.0,"turns":4.0},{"damage":0.0,"enemies":"2 Louse","floor":7.0,"turns":2.0},{"damage":15.0,"enemies":"3 Sentries","floor":10.0,"turns":7.0},{"damage":3.0,"enemies":"2 Fungi Beasts","floor":11.0,"turns":4.0},{"damage":0.0,"enemies":"Blue Slaver","floor":12.0,"turns":4.0},{"damage":6.0,"enemies":"Gremlin Nob","floor":13.0,"turns":4.0},{"damage":0.0,"enemies":"Red Slaver","floor":14.0,"turns":5.0},{"damage":0.0,"enemies":"The Guardian","floor":16.0,"turns":10.0},{"damage":0.0,"enemies":"Spheric Guardian","floor":18.0,"turns":2.0},{"damage":0.0,"enemies":"3 Byrds","floor":19.0,"turns":6.0},{"damage":0.0,"enemies":"Shelled Parasite and Fungi","floor":21.0,"turns":2.0},{"damage":15.0,"enemies":"Snake Plant","floor":22.0,"turns":5.0},{"damage":18.0,"enemies":"Gremlin Leader","floor":24.0,"turns":7.0},{"damage":0.0,"enemies":"Slavers","floor":28.0,"turns":6.0},{"damage":0.0,"enemies":"Sentry and Sphere","floor":29.0,"turns":4.0},{"damage":33.0,"enemies":"Book of Stabbing","floor":31.0,"turns":6.0},{"damage":63.0,"enemies":"Automaton","floor":33.0,"turns":11.0},{"damage":0.0,"enemies":"Orb Walker","floor":35.0,"turns":4.0},{"damage":5.0,"enemies":"3 Shapes","floor":36.0,"turns":4.0},{"damage":0.0,"enemies":"3 Darklings","floor":39.0,"turns":4.0},{"damage":1.0,"enemies":"Giant Head","floor":40.0,"turns":8.0},{"damage":0.0,"enemies":"4 Shapes","floor":41.0,"turns":3.0},{"damage":0.0,"enemies":"Nemesis","floor":42.0,"turns":7.0},{"damage":36.0,"enemies":"Transient","floor":44.0,"turns":5.0},{"damage":19.0,"enemies":"Giant Head","floor":46.0,"turns":6.0},{"damage":14,"enemies":"Time Eater","floor":50,"turns":9}],"seed_played":"3706737729498028133","potions_obtained":[{"floor":1.0,"key":"Elixir"},{"floor":5.0,"key":"Strength Potion"},{"floor":21.0,"key":"BlessingOfTheForge"},{"floor":28.0,"key":"Explosive Potion"},{"floor":31.0,"key":"DemoMod:LeadSkinPotion"},{"floor":35.0,"key":"Block Potion"},{"floor":44.0,"key":"PowerPotion"}],"is_trial":false,"path_per_floor":["M","?","?","$","M","R","M","R","T","E","M","M","E","M","R_BF","B",null,"M","M","$","M","M","R","E","R","T","?","E","M","R","E","R","B",null,"M","M","?","$","M","E","M","E","T","M","R","E","$","?","R","B",null],"character_chosen":"THE_DT","items_purchased":["DTMod:Threaten+1","ClockworkSouvenir","Simple Rune","War Paint","SteroidPotion","Mind Blast","Guide Book","DTMod:TacticalNote","Turnip","Apotheosis","ReplayTheSpireMod:Private Reserves","TheAbacus","DTMod:Training","Juzu Bracelet"],"campfire_rested":8,"item_purchase_floors":[4,20,20,20,20,20,38,38,38,38,38,47,47,47],"current_hp_per_floor":[45,50,50,50,50,50,50,50,50,35,32,32,26,26,41,41,50,50,50,50,50,35,50,35,50,50,53,59,62,62,35,65,15,68,71,69,69,75,78,83,86,89,89,59,92,79,85,85,98,84],"gold":238,"neow_bonus":"","is_daily":true,"chose_seed":false,"campfire_upgraded":0,"win_rate":0.0,"timestamp":1611394851,"path_taken":["M","?","?","?","M","R","M","R","T","E","M","M","E","M","R_BF","BOSS","M","M","$","M","M","R","E","R","T","?","E","M","R","E","R","BOSS","M","M","?","$","M","E","M","E","T","M","R","E","$","?","R","BOSS"],"items_purchased_type":["Card","Relic","Relic","Relic","Potion","Card","Relic","Relic","Relic","Card","Card","Relic","Card","Relic"],"build_version":"2020-12-22","purchased_purges":0,"victory":true,"max_hp_per_floor":[45,50,50,50,50,50,50,50,50,50,50,50,50,50,50,50,50,50,50,50,50,50,50,53,53,53,56,59,62,62,65,65,68,68,71,74,74,77,80,83,86,89,89,92,92,95,98,98,98,98],"card_choices":[{"not_picked":["DTMod:Weaken","DTMod:EchoTactic"],"picked":"DTMod:MagiciansMark","floor":1.0},{"not_picked":["DTMod:Weaken","DTMod:BreakAttack"],"picked":"DTMod:MasterPlan","floor":5.0},{"not_picked":["DTMod:SneakAttack","DTMod:CleansingStrike"],"picked":"DTMod:FlameSlash","floor":7.0},{"not_picked":["DTMod:HeatWave","DTMod:BurningForce"],"picked":"DTMod:BurningEnergy","floor":10.0},{"not_picked":["DTMod:MasterPlan","DTMod:RecklessFlurry"],"picked":"DTMod:MagicField","floor":11.0},{"not_picked":["DTMod:RunningTactic","DTMod:HeatWave"],"picked":"DTMod:TauntingStrike","floor":12.0},{"not_picked":["DTMod:BuildUp","DTMod:HeatWave"],"picked":"DTMod:Hide","floor":13.0},{"not_picked":["DTMod:MaximumCharge","DTMod:ShieldDrain"],"picked":"DTMod:BalancedStrike","floor":14.0},{"not_picked":["DTMod:Safeguard","DTMod:StunTrap"],"picked":"DTMod:FierySynthesis","floor":16.0},{"not_picked":["DTMod:BurningEnergy","DTMod:Hide"],"picked":"DTMod:ComboAttack+1","floor":18.0},{"not_picked":["DTMod:TauntingStrike","DTMod:Training"],"picked":"DTMod:Hide","floor":19.0},{"not_picked":["DTMod:MasterPlan","DTMod:LowKick"],"picked":"DTMod:Feint","floor":21.0},{"not_picked":["DTMod:Feint","DTMod:Harmonize"],"picked":"DTMod:MasterPlan+1","floor":22.0},{"not_picked":["DTMod:Threaten","DTMod:LowKick"],"picked":"DTMod:LastStand","floor":24.0},{"not_picked":["DTMod:DarkBreath","DTMod:BuildUp"],"picked":"DTMod:Astonish","floor":28.0},{"not_picked":["DTMod:PurifyingFlame","DTMod:RecklessFlurry"],"picked":"DTMod:Observe+1","floor":29.0},{"not_picked":["DTMod:QuickFly","DTMod:Shift"],"picked":"DTMod:Inferno","floor":31.0},{"not_picked":["DTMod:GearUp","DTMod:ResonanceForm"],"picked":"DTMod:FierySynthesis","floor":33.0},{"not_picked":["DTMod:HeatWave","DTMod:CalculatedDefense"],"picked":"DTMod:QuickFly+1","floor":35.0},{"not_picked":["DTMod:Conduct","DTMod:LowKick"],"picked":"DTMod:FlameSlash+1","floor":36.0},{"not_picked":["DTMod:LowKick+1","DTMod:Threaten+1"],"picked":"DTMod:SneakAttack+1","floor":39.0},{"not_picked":["DTMod:Observe","DTMod:MasterPlan+1"],"picked":"DTMod:BlazingStrike+1","floor":40.0},{"not_picked":["DTMod:Astonish+1","DTMod:BizarreTactic+1"],"picked":"DTMod:BlazingStrike+1","floor":41.0},{"not_picked":["DTMod:Feint+1","DTMod:BuildUp+1"],"picked":"DTMod:BalancedStrike+1","floor":42.0},{"not_picked":["DTMod:FlameSlash+1","DTMod:BizarreTactic+1"],"picked":"DTMod:HeadStart","floor":44.0},{"not_picked":["DTMod:Hide","DTMod:Cover"],"picked":"DTMod:BlueScale+1","floor":46.0}],"player_experience":963795,"relics_obtained":[{"floor":9.0,"key":"Anchor"},{"floor":10.0,"key":"Replay:Mystery Machine"},{"floor":13.0,"key":"Replay:Baseball"},{"floor":24.0,"key":"Replay:Ringing Soul"},{"floor":26.0,"key":"DTMod:DragonFood"},{"floor":28.0,"key":"DemoMod:Antibody"},{"floor":31.0,"key":"Iron Hammer"},{"floor":40.0,"key":"Molten Egg 2"},{"floor":42.0,"key":"ReplayTheSpireMod:Shallot"},{"floor":43.0,"key":"Orichalcum"},{"floor":46.0,"key":"Bag of Preparation"}],"event_choices":[{"damage_healed":0.0,"max_hp_gain":5.0,"max_hp_loss":0.0,"gold_gain":0.0,"event_name":"Big Fish","player_choice":"Donut","floor":2.0,"gold_loss":0.0,"damage_taken":0.0},{"damage_healed":0.0,"max_hp_gain":0.0,"max_hp_loss":0.0,"gold_gain":0.0,"event_name":"The Library","player_choice":"Read","floor":27.0,"gold_loss":0.0,"damage_taken":0.0,"cards_obtained":["DTMod:CrossStep"]},{"damage_healed":0.0,"max_hp_gain":0.0,"max_hp_loss":0.0,"gold_gain":0.0,"event_name":"Tomb of Lord Red Mask","player_choice":"Ignored","floor":37.0,"gold_loss":0.0,"damage_taken":0.0},{"damage_healed":0.0,"max_hp_gain":0.0,"max_hp_loss":0.0,"gold_gain":0.0,"event_name":"Mysterious Sphere","player_choice":"Ignored","floor":48.0,"gold_loss":0.0,"damage_taken":0.0}],"is_beta":false,"boss_relics":[{"not_picked":["SacredBark","Runic Dome"],"picked":"Ring of Chaos"},{"not_picked":["Velvet Choker","Replay:Wanted Poster"],"picked":"Fusion Hammer"}],"items_purged_floors":[],"is_endless":false,"potions_floor_spawned":[1,5,21,28,31,35,36,44],"ascension_level":0}}