{"host":"j1scnswqkwb5ezp5","time":1611408615,"event":{"mods":["Act Like it!","BaseMod","Hallownest","Minty Spire (QoL Compilation)","StSLib","The Bug Knight"],"gold_per_floor":[110,110,123,22,41,70,70,88,88,88,88,105,105,180,180,285,285,295,322,322,17,37,37,37,50,50,50,0,0,0,20,20,125,125,143,143,167,187,198,223,223,223,223],"floor_reached":42,"language":"ZHS","playtime":1553,"items_purged":["Regret"],"score":689,"play_id":"72bab0eb-efcb-4af4-8ae8-cec442b44aab","local_time":"20210123213014","is_ascension_mode":true,"campfire_choices":[{"data":"Eruption","floor":7.0,"key":"SMITH"},{"data":"Consecrate","floor":10.0,"key":"SMITH"},{"data":"SashWhip","floor":15.0,"key":"SMITH"},{"data":"CrushJoints","floor":24.0,"key":"SMITH"},{"data":"Evaluate","floor":27.0,"key":"SMITH"},{"data":"Vigilance","floor":32.0,"key":"SMITH"},{"floor":41.0,"key":"REST"}],"circlet_count":0,"master_deck":["Strike_P","Strike_P","Strike_P","Strike_P","Defend_P","Defend_P","Defend_P","Defend_P","Eruption+1","Vigilance+1","CrushJoints+1","Consecrate","FlurryOfBlows","Consecrate+1","SashWhip+1","FollowUp","DeusExMachina+1","Blasphemy","Evaluate+1","ReachHeaven+1","EmptyFist+1","WheelKick+1","FlurryOfBlows+1","BowlingBash+1","EmptyFist+1","Crescendo+1"],"relics":["Runic Pyramid","Tiny Chest","Pantograph","Art of War","Pear","Busted Crown","Red Mask","Matryoshka","Medical Kit","Nunchaku","Omamori","Ice Cream","HollowMod:PaleOreRelic","Molten Egg 2","Bronze Scales","Philosopher\u0027s Stone","Orichalcum","Toy Ornithopter"],"acts_visited":["Exordium","TheCity","TheBeyond"],"potions_floor_usage":[],"damage_taken":[{"damage":0.0,"enemies":"Small Slimes","floor":1.0,"turns":3.0},{"damage":0.0,"enemies":"Cultist","floor":3.0,"turns":2.0},{"damage":2.0,"enemies":"Jaw Worm","floor":5.0,"turns":2.0},{"damage":7.0,"enemies":"3 Sentries","floor":6.0,"turns":4.0},{"damage":0.0,"enemies":"2 Fungi Beasts","floor":8.0,"turns":2.0},{"damage":0.0,"enemies":"Blue Slaver","floor":12.0,"turns":1.0},{"damage":49.0,"enemies":"The Guardian","floor":16.0,"turns":9.0},{"damage":0.0,"enemies":"Spheric Guardian","floor":18.0,"turns":2.0},{"damage":0.0,"enemies":"Masked Bandits","floor":19.0,"turns":2.0},{"damage":7.0,"enemies":"3 Byrds","floor":22.0,"turns":3.0},{"damage":24.0,"enemies":"Shelled Parasite and Fungi","floor":25.0,"turns":4.0},{"damage":0.0,"enemies":"Snecko","floor":31.0,"turns":3.0},{"damage":61.0,"enemies":"Collector","floor":33.0,"turns":7.0},{"damage":22.0,"enemies":"Orb Walker","floor":35.0,"turns":3.0},{"damage":0.0,"enemies":"3 Shapes","floor":38.0,"turns":3.0},{"damage":20.0,"enemies":"4 Shapes","floor":39.0,"turns":4.0},{"damage":34.0,"enemies":"Nemesis","floor":40.0,"turns":5.0},{"damage":31,"enemies":"Reptomancer","floor":42,"turns":2}],"seed_played":"-4032017026607945611","potions_obtained":[{"floor":3.0,"key":"DistilledChaos"},{"floor":11.0,"key":"DistilledChaos"},{"floor":11.0,"key":"ColorlessPotion"},{"floor":12.0,"key":"SkillPotion"},{"floor":16.0,"key":"AttackPotion"},{"floor":22.0,"key":"BlessingOfTheForge"},{"floor":39.0,"key":"Block Potion"}],"is_trial":false,"path_per_floor":["M","?","M","$","M","E","R","M","T","R","?","M","?","T","R","B",null,"M","?","T","$","M","T","R","M","T","R","$","?","$","M","R","B",null,"M","?","T","M","M","E","R","E"],"character_chosen":"WATCHER","items_purchased":["FlurryOfBlows","Medical Kit","Nunchaku","EmptyFist+1"],"campfire_rested":1,"item_purchase_floors":[4,21,21,28],"current_hp_per_floor":[72,72,72,72,70,63,63,63,63,63,63,63,63,73,73,33,82,82,82,82,82,75,75,75,51,51,51,51,51,51,51,51,15,82,60,60,60,60,40,6,30,0,0],"gold":223,"neow_bonus":"BOSS_RELIC","is_daily":false,"chose_seed":false,"campfire_upgraded":6,"win_rate":0.0,"timestamp":1611408614,"path_taken":["M","?","M","$","M","E","R","M","T","R","?","?","?","?","R","BOSS","M","?","?","?","M","?","R","?","T","R","$","?","$","M","R","BOSS","M","?","?","?","M","E","R","E"],"items_purchased_type":["Card","Relic","Relic","Card"],"build_version":"2020-12-22","purchased_purges":1,"victory":false,"max_hp_per_floor":[72,72,72,72,72,72,72,72,72,72,72,72,72,82,82,82,82,82,82,82,82,82,82,82,82,82,82,82,82,82,82,82,82,82,82,82,82,82,82,82,82,82,82],"card_choices":[{"not_picked":["PathToVictory","Vengeance"],"picked":"CrushJoints","floor":1.0},{"not_picked":["WheelKick","BowlingBash"],"picked":"Consecrate","floor":3.0},{"not_picked":["CutThroughFate","Adaptation"],"picked":"Consecrate","floor":5.0},{"not_picked":["PathToVictory","Conclude"],"picked":"SashWhip","floor":6.0},{"not_picked":["ForeignInfluence","ClearTheMind"],"picked":"FollowUp","floor":8.0},{"not_picked":["Fasting2","Prostrate"],"picked":"DeusExMachina","floor":12.0},{"not_picked":["Alpha","Brilliance"],"picked":"Blasphemy","floor":16.0},{"not_picked":[],"picked":"Evaluate","floor":18.0},{"not_picked":[],"picked":"ReachHeaven+1","floor":19.0},{"not_picked":["WreathOfFlame"],"picked":"SKIP","floor":22.0},{"not_picked":["Study+1"],"picked":"SKIP","floor":25.0},{"not_picked":[],"picked":"WheelKick+1","floor":31.0},{"not_picked":[],"picked":"FlurryOfBlows+1","floor":35.0},{"not_picked":[],"picked":"BowlingBash+1","floor":38.0},{"not_picked":[],"picked":"EmptyFist+1","floor":39.0},{"not_picked":[],"picked":"Crescendo+1","floor":40.0}],"player_experience":293909,"relics_obtained":[{"floor":6.0,"key":"Pantograph"},{"floor":9.0,"key":"Art of War"},{"floor":14.0,"key":"Pear"},{"floor":19.0,"key":"Red Mask"},{"floor":20.0,"key":"Matryoshka"},{"floor":23.0,"key":"Omamori"},{"floor":23.0,"key":"Ice Cream"},{"floor":26.0,"key":"HollowMod:PaleOreRelic"},{"floor":26.0,"key":"Molten Egg 2"},{"floor":37.0,"key":"Orichalcum"},{"floor":40.0,"key":"Toy Ornithopter"}],"event_choices":[{"damage_healed":0.0,"max_hp_gain":0.0,"max_hp_loss":0.0,"gold_gain":0.0,"event_name":"Big Fish","player_choice":"Box","floor":2.0,"gold_loss":0.0,"damage_taken":0.0,"relics_obtained":["Tiny Chest"],"cards_obtained":["Regret"]},{"damage_healed":0.0,"max_hp_gain":0.0,"max_hp_loss":0.0,"gold_gain":0.0,"event_name":"Lab","player_choice":"Got Potions","floor":11.0,"gold_loss":0.0,"damage_taken":0.0},{"damage_healed":0.0,"max_hp_gain":0.0,"max_hp_loss":0.0,"gold_gain":0.0,"event_name":"Living Wall","player_choice":"Grow","floor":13.0,"gold_loss":0.0,"damage_taken":0.0,"cards_upgraded":["DeusExMachina"]},{"damage_healed":0.0,"max_hp_gain":0.0,"max_hp_loss":0.0,"gold_gain":0.0,"event_name":"Masked Bandits","player_choice":"Fought Bandits","floor":19.0,"gold_loss":0.0,"damage_taken":0.0},{"damage_healed":0.0,"max_hp_gain":0.0,"max_hp_loss":0.0,"gold_gain":0.0,"event_name":"Addict","player_choice":"Stole Relic","floor":29.0,"gold_loss":0.0,"damage_taken":0.0,"relics_obtained":["Bronze Scales"],"cards_obtained":["Shame"]},{"damage_healed":0.0,"max_hp_gain":0.0,"max_hp_loss":0.0,"gold_gain":0.0,"event_name":"Mysterious Sphere","player_choice":"Ignored","floor":36.0,"gold_loss":0.0,"damage_taken":0.0}],"is_beta":false,"boss_relics":[{"not_picked":["Empty Cage","SacredBark"],"picked":"Busted Crown"},{"not_picked":["Black Star","Coffee Dripper"],"picked":"Philosopher\u0027s Stone"}],"items_purged_floors":[4],"is_endless":false,"potions_floor_spawned":[3,12,16,18,22,38,39],"killed_by":"Reptomancer","ascension_level":4}}