{"host":"g5k24uqcth2ihc11","time":1611383079,"event":{"mods":["Arknights The Spire","BaseMod","Downfall","Jorbs\u0027s Wanderer Trilogy","Marisa????????","Minty Spire (QoL Compilation)","Robot Space Explorer","StSLib","The Cursed","The Dragon Tamer","The Marked","The Servant 0.9.4"],"gold_per_floor":[118,118,118,130,13,48,64,64,64,64,26,50,84,99,99,199,199,211,229,229,247,261,261,291,291,315,315,315,315,43,56,56,158,158,177,177,190,201,201,201,220,220,220,246,246,262,262,275,275,275],"floor_reached":51,"language":"ENG","playtime":5384,"items_purged":["downfall:Bewildered"],"score":705,"play_id":"00576a41-6a9a-41bf-9e36-726c29f34497","local_time":"20210122222438","is_ascension_mode":false,"campfire_choices":[{"data":"Predator","floor":8,"key":"SMITH"},{"data":"Neutralize","floor":10,"key":"SMITH"},{"floor":15,"key":"REST"},{"data":"Dash","floor":23,"key":"SMITH"},{"data":"Well Laid Plans","floor":25,"key":"SMITH"},{"data":"Blade Dance","floor":27,"key":"SMITH"},{"data":"The Bomb","floor":32,"key":"SMITH"},{"data":"Dodge and Roll","floor":40,"key":"SMITH"},{"data":"Footwork","floor":45,"key":"SMITH"},{"data":"Sucker Punch","floor":47,"key":"SMITH"},{"floor":49,"key":"REST"}],"circlet_count":0,"master_deck":["Strike_G+1","Strike_G","Strike_G+1","Strike_G","Defend_G","Defend_G","Defend_G+1","Defend_G","Survivor","Neutralize+1","Dash+1","Predator+1","Endless Agony","Well Laid Plans+1","Dash+1","Sucker Punch+1","Terror","Blade Dance+1","Bullet Time","Blur+1","Flechettes+1","Dodge and Roll+1","PiercingWail","Predator+1","Parasite","Writhe","The Bomb+1","Dodge and Roll+1","Phantasmal Killer","Escape Plan","Footwork+1","Backstab+1","Dodge and Roll+1"],"relics":["Ring of the Snake","NeowsBlessing","Paper Crane","Centennial Puzzle","Odd Mushroom","Whetstone","Cursed Key","sneckomod:BabySnecko","Potion Belt","Bag of Marbles","Oddly Smooth Stone","GremlinMask","bronze:MakeshiftBattery","Toy Ornithopter"],"acts_visited":["Exordium","TheCity","TheBeyond"],"potions_floor_usage":[16,16,18,24,33,33,41,44,50],"damage_taken":[{"damage":0,"enemies":"2 Louse","floor":1,"turns":1},{"damage":0,"enemies":"Small Slimes","floor":4,"turns":1},{"damage":0,"enemies":"Lagavulin","floor":6,"turns":1},{"damage":0,"enemies":"Jaw Worm","floor":7,"turns":2},{"damage":9,"enemies":"The Mushroom Lair","floor":12,"turns":5},{"damage":8,"enemies":"3 Sentries","floor":13,"turns":8},{"damage":0,"enemies":"2 Fungi Beasts","floor":14,"turns":3},{"damage":8,"enemies":"The Guardian","floor":16,"turns":10},{"damage":2,"enemies":"2 Thieves","floor":18,"turns":3},{"damage":0,"enemies":"Shell Parasite","floor":19,"turns":4},{"damage":7,"enemies":"Snecko","floor":21,"turns":3},{"damage":0,"enemies":"Snake Plant","floor":22,"turns":4},{"damage":0,"enemies":"Book of Stabbing","floor":24,"turns":6},{"damage":0,"enemies":"Centurion and Healer","floor":31,"turns":4},{"damage":12,"enemies":"Automaton","floor":33,"turns":9},{"damage":0,"enemies":"3 Shapes","floor":35,"turns":3},{"damage":0,"enemies":"Orb Walker","floor":37,"turns":3},{"damage":9,"enemies":"Maw","floor":38,"turns":6},{"damage":0,"enemies":"Spire Growth","floor":41,"turns":3},{"damage":15,"enemies":"Giant Head","floor":44,"turns":8},{"damage":16,"enemies":"Writhing Mass","floor":46,"turns":5},{"damage":1,"enemies":"3 Darklings","floor":48,"turns":4},{"damage":25,"enemies":"Donu and Deca","floor":50,"turns":14}],"seed_played":"-57051602265461753","potions_obtained":[{"floor":1,"key":"Strength Potion"},{"floor":4,"key":"Explosive Potion"},{"floor":12,"key":"Swift Potion"},{"floor":19,"key":"Energy Potion"},{"floor":22,"key":"DuplicationPotion"},{"floor":24,"key":"SkillPotion"},{"floor":35,"key":"LiquidMemories"},{"floor":36,"key":"Explosive Potion"},{"floor":36,"key":"Energy Potion"},{"floor":36,"key":"EssenceOfSteel"},{"floor":44,"key":"sneckomod:MuddlingPotion"}],"is_trial":false,"path_per_floor":["M","?","?","M","$","E","M","R","T","R","?","?","E","M","R","B",null,"M","M","?","M","M","R","E","R","T","R","?","?","$","M","R","B",null,"M","?","M","M","?","R","M","?","T","E","R","M","R","M","R","B",null],"character_chosen":"THE_SILENT","items_purchased":["Well Laid Plans","Dash","The Bomb"],"campfire_rested":2,"item_purchase_floors":[5,5,30],"current_hp_per_floor":[70,56,56,56,56,56,56,56,56,56,56,47,39,39,60,52,70,68,68,68,61,61,61,61,61,61,61,61,61,61,61,61,49,70,70,70,70,61,61,61,61,61,61,46,46,30,30,29,50,30],"gold":275,"neow_bonus":"THREE_ENEMY_KILL","is_daily":false,"chose_seed":false,"campfire_upgraded":9,"win_rate":0.0,"timestamp":1611383078,"path_taken":["M","?","?","M","$","E","M","R","T","R","?","?","E","?","R","BOSS","M","M","?","M","M","R","E","R","T","R","?","?","$","?","R","BOSS","M","?","?","M","?","R","M","?","T","E","R","M","R","M","R","BOSS"],"items_purchased_type":["Card","Card","Card"],"build_version":"2020-12-22","purchased_purges":1,"victory":true,"max_hp_per_floor":[70,70,70,70,70,70,70,70,70,70,70,70,70,70,70,70,70,70,70,70,70,70,70,70,70,70,70,70,70,70,70,70,70,70,70,70,70,70,70,70,70,70,70,70,70,70,70,70,70,70],"card_choices":[{"not_picked":["Bouncing Flask","Outmaneuver"],"picked":"Dash","floor":1},{"not_picked":["Slice","Bouncing Flask"],"picked":"Endless Agony","floor":4},{"not_picked":["Deflect","Calculated Gamble"],"picked":"Sucker Punch","floor":6},{"not_picked":["Choke","Eviscerate"],"picked":"Terror","floor":7},{"not_picked":["Deflect","Calculated Gamble","Bouncing Flask"],"picked":"SKIP","floor":13},{"not_picked":["Quick Slash","Outmaneuver"],"picked":"Blade Dance","floor":14},{"not_picked":["Tools of the Trade","Unload"],"picked":"Bullet Time","floor":16},{"not_picked":["Deflect","Dodge and Roll+1"],"picked":"Blur+1","floor":18},{"not_picked":["Distraction","Poisoned Stab"],"picked":"Flechettes+1","floor":19},{"not_picked":["Endless Agony","Slice+1"],"picked":"Dodge and Roll","floor":21},{"not_picked":["Underhanded Strike","Sucker Punch"],"picked":"PiercingWail","floor":22},{"not_picked":["Sucker Punch+1","Acrobatics"],"picked":"Predator+1","floor":24},{"not_picked":["PiercingWail","Tactician"],"picked":"Dodge and Roll+1","floor":31},{"not_picked":["Burst","Tools of the Trade"],"picked":"Phantasmal Killer","floor":33},{"not_picked":["Bouncing Flask+1","Predator","Dagger Spray"],"picked":"SKIP","floor":35},{"not_picked":["Slice+1","Sucker Punch","Dagger Throw+1"],"picked":"SKIP","floor":37},{"not_picked":["Endless Agony+1","Quick Slash+1"],"picked":"Caltrops+1","floor":38},{"not_picked":["Backflip","Flechettes+1","Deadly Poison+1"],"picked":"SKIP","floor":41},{"not_picked":["Calculated Gamble","Heel Hook"],"picked":"Footwork","floor":44},{"not_picked":["Noxious Fumes","Dodge and Roll"],"picked":"Backstab+1","floor":46},{"not_picked":["Quick Slash","Predator"],"picked":"Dodge and Roll+1","floor":48}],"player_experience":35462,"relics_obtained":[{"floor":6,"key":"Paper Crane"},{"floor":9,"key":"Centennial Puzzle"},{"floor":12,"key":"Odd Mushroom"},{"floor":13,"key":"Whetstone"},{"floor":24,"key":"Potion Belt"},{"floor":26,"key":"Bag of Marbles"},{"floor":44,"key":"Toy Ornithopter"}],"event_choices":[{"damage_healed":0,"gold_gain":0,"player_choice":"Entered Light","damage_taken":14,"max_hp_gain":0,"max_hp_loss":0,"event_name":"Shining Light","floor":2,"gold_loss":0,"cards_upgraded":["Defend_G","Strike_G"]},{"damage_healed":0,"gold_gain":0,"cards_transformed":["Defend_G"],"player_choice":"Change","damage_taken":0,"max_hp_gain":0,"max_hp_loss":0,"event_name":"Living Wall","floor":3,"gold_loss":0,"cards_obtained":["Predator"]},{"damage_healed":0,"gold_gain":0,"player_choice":"Left Gold","damage_taken":0,"max_hp_gain":0,"max_hp_loss":0,"event_name":"World of Goop","floor":11,"gold_loss":38},{"damage_healed":0,"gold_gain":0,"player_choice":"Fought Mushrooms","damage_taken":0,"max_hp_gain":0,"max_hp_loss":0,"event_name":"Mushrooms","floor":12,"gold_loss":0},{"damage_healed":0,"gold_gain":0,"player_choice":"Opened","damage_taken":0,"relics_obtained":["Oddly Smooth Stone"],"max_hp_gain":0,"max_hp_loss":0,"event_name":"The Mausoleum","floor":28,"gold_loss":0,"cards_obtained":["Writhe"]},{"damage_healed":0,"gold_gain":0,"player_choice":"Trade","damage_taken":0,"relics_obtained":["GremlinMask"],"max_hp_gain":0,"max_hp_loss":0,"event_name":"FaceTrader","floor":29,"gold_loss":0},{"damage_healed":0,"gold_gain":0,"player_choice":"Got Potions","damage_taken":0,"max_hp_gain":0,"max_hp_loss":0,"event_name":"Lab","floor":36,"gold_loss":0},{"cards_removed":["Caltrops"],"damage_healed":0,"gold_gain":0,"player_choice":"Removed Power","damage_taken":0,"max_hp_gain":0,"max_hp_loss":0,"event_name":"Falling","floor":39,"gold_loss":0},{"damage_healed":0,"gold_gain":0,"cards_transformed":["Strike_G"],"player_choice":"Transformed","damage_taken":0,"max_hp_gain":0,"max_hp_loss":0,"event_name":"Transmorgrifier","floor":42,"gold_loss":0,"cards_obtained":["Escape Plan"]}],"is_beta":false,"boss_relics":[{"not_picked":["Runic Pyramid","Runic Dome"],"picked":"Cursed Key"},{"not_picked":["Coffee Dripper","Philosopher\u0027s Stone"],"picked":"bronze:MakeshiftBattery"}],"items_purged_floors":[30],"is_endless":false,"potions_floor_spawned":[1,4,12,19,22,24,35,44],"ascension_level":0}}