{"host":"88sw61cmk1203zgj","time":1611369824,"event":{"mods":["BaseMod","Minty Spire (QoL Compilation)"],"gold_per_floor":[110,110,110,122,139,139,13,24,24,0,31,31,72,97,97,217,280,305,305,330,354,367,367,367],"floor_reached":23,"language":"ENG","playtime":1708,"items_purged":[],"score":325,"play_id":"18a7b33c-0144-4e76-82d1-2cfd86b52c6e","local_time":"20210122214344","is_ascension_mode":true,"campfire_choices":[{"data":"Noxious Fumes","floor":6.0,"key":"SMITH"},{"data":"Footwork","floor":15.0,"key":"SMITH"}],"circlet_count":0,"master_deck":["AscendersBane","Strike_G","Strike_G+1","Strike_G","Strike_G+1","Strike_G","Defend_G","Defend_G","Defend_G","Defend_G","Defend_G+1","Survivor","Neutralize","Cloak And Dagger","Flying Knee","Noxious Fumes+1","Footwork+1","Backflip","Dagger Spray","Well Laid Plans","PiercingWail","Die Die Die+1","Crippling Poison","Blur","Deadly Poison"],"relics":["Ring of the Snake","Strawberry","Centennial Puzzle","Darkstone Periapt","Golden Idol","Dream Catcher","Tiny House"],"acts_visited":["Exordium","TheCity"],"potions_floor_usage":[16,20,23,23],"damage_taken":[{"damage":1.0,"enemies":"Cultist","floor":1.0,"turns":5.0},{"damage":0.0,"enemies":"Jaw Worm","floor":4.0,"turns":4.0},{"damage":0.0,"enemies":"2 Louse","floor":5.0,"turns":2.0},{"damage":0.0,"enemies":"Large Slime","floor":8.0,"turns":6.0},{"damage":22.0,"enemies":"Gremlin Nob","floor":11.0,"turns":5.0},{"damage":2.0,"enemies":"Lagavulin","floor":13.0,"turns":7.0},{"damage":4.0,"enemies":"Blue Slaver","floor":14.0,"turns":4.0},{"damage":1,"enemies":"Hexaghost","floor":16,"turns":10},{"damage":12,"enemies":"Spheric Guardian","floor":18,"turns":7},{"damage":16,"enemies":"2 Thieves","floor":20,"turns":5},{"damage":10,"enemies":"Cultist and Chosen","floor":21,"turns":8},{"damage":2,"enemies":"Snecko","floor":22,"turns":6},{"damage":33,"enemies":"Book of Stabbing","floor":23,"turns":5}],"seed_played":"3061256618710032917","potions_obtained":[{"floor":4.0,"key":"Fruit Juice"},{"floor":5.0,"key":"LiquidBronze"},{"floor":14.0,"key":"DuplicationPotion"},{"floor":16,"key":"SpeedPotion"},{"floor":17,"key":"Strength Potion"},{"floor":22,"key":"Block Potion"}],"is_trial":false,"path_per_floor":["M","?","?","M","M","R","$","M","T","?","E","?","E","M","R","B",null,"M","?","M","M","M","E"],"character_chosen":"THE_SILENT","items_purchased":["Footwork","Backflip"],"campfire_rested":0,"item_purchase_floors":[7,7],"current_hp_per_floor":[69,69,54,54,54,54,54,54,54,54,32,32,30,31,31,30,70,58,58,42,32,30,0,0],"gold":367,"neow_bonus":"RANDOM_COMMON_RELIC","is_daily":false,"chose_seed":false,"campfire_upgraded":2,"win_rate":0.0,"timestamp":1611369824,"path_taken":["M","?","?","M","M","R","$","M","T","?","E","?","E","?","R","BOSS","M","?","?","M","M","E"],"items_purchased_type":["Card","Card"],"build_version":"2020-12-22","purchased_purges":0,"victory":false,"max_hp_per_floor":[77,77,77,77,77,77,77,77,77,77,77,71,71,76,76,76,81,81,81,81,81,81,81,81],"card_choices":[{"not_picked":["Underhanded Strike","Dodge and Roll"],"picked":"Cloak And Dagger","floor":1.0},{"not_picked":["Eviscerate","Skewer"],"picked":"Flying Knee","floor":4.0},{"not_picked":["Backflip","Dodge and Roll"],"picked":"Noxious Fumes","floor":5.0},{"not_picked":["Slice","Quick Slash"],"picked":"Dagger Spray","floor":8.0},{"not_picked":["Deflect","Accuracy"],"picked":"Well Laid Plans","floor":11.0},{"not_picked":["Well Laid Plans","Masterful Stab","Sucker Punch"],"picked":"SKIP","floor":13.0},{"not_picked":["Finisher","Cloak And Dagger"],"picked":"PiercingWail","floor":14.0},{"not_picked":["Doppelganger","Unload"],"picked":"Die Die Die","floor":16},{"not_picked":["Backflip","Blade Dance"],"picked":"Crippling Poison","floor":17},{"not_picked":["Prepared","Riddle With Holes"],"picked":"Blur","floor":18},{"not_picked":["Grand Finale","Poisoned Stab","Infinite Blades"],"picked":"SKIP","floor":20},{"not_picked":["Caltrops","Slice"],"picked":"Deadly Poison","floor":21},{"not_picked":["Backstab","Backflip","Dagger Throw"],"picked":"SKIP","floor":22}],"player_experience":1501500,"relics_obtained":[{"floor":9.0,"key":"Centennial Puzzle"},{"floor":11.0,"key":"Darkstone Periapt"},{"floor":13.0,"key":"Dream Catcher"}],"event_choices":[{"damage_healed":0.0,"max_hp_gain":0.0,"max_hp_loss":0.0,"gold_gain":0.0,"event_name":"Liars Game","player_choice":"Ignored","floor":2.0,"gold_loss":0.0,"damage_taken":0.0},{"damage_healed":0.0,"max_hp_gain":0.0,"max_hp_loss":0.0,"gold_gain":0.0,"event_name":"Shining Light","player_choice":"Entered Light","floor":3.0,"gold_loss":0.0,"damage_taken":15.0,"cards_upgraded":["Strike_G","Strike_G"]},{"damage_healed":0.0,"max_hp_gain":0.0,"max_hp_loss":0.0,"gold_gain":0.0,"event_name":"World of Goop","player_choice":"Left Gold","floor":10.0,"gold_loss":24.0,"damage_taken":0.0},{"damage_healed":0.0,"max_hp_gain":0.0,"max_hp_loss":6.0,"gold_gain":0.0,"event_name":"Golden Idol","player_choice":"Lose Max HP","floor":12.0,"gold_loss":0.0,"damage_taken":0.0,"relics_obtained":["Golden Idol"]},{"damage_healed":0,"gold_gain":0,"player_choice":"Upgraded","damage_taken":0,"max_hp_gain":0,"max_hp_loss":0,"event_name":"Upgrade Shrine","floor":19,"gold_loss":0,"cards_upgraded":["Die Die Die"]}],"is_beta":false,"boss_relics":[{"not_picked":["Fusion Hammer","HoveringKite"],"picked":"Tiny House"}],"items_purged_floors":[],"is_endless":false,"potions_floor_spawned":[4,5,14,16,22],"killed_by":"Book of Stabbing","ascension_level":12}}