{"host":"deyrtfrmqzu7hb38","time":1611368712,"event":{"mods":["Act Like it!","BaseMod","Better Note","BetterRewards","Block Reminder","Conspire","Elementarium","Evolution","Fox Events","Friendly Minions","Gold Saver","Infinite Spire","Minty Spire (QoL Compilation)","Puzzle Mod","Rare Cards Sparkle","Relic Filter","Relic Stats","Replay The Spire","Spicy Shops","StSLib","The Death Knight","The Runesmith","Treasure Hunter","Unceasing Turn Reminder","Useless Jewels Mod","Virulent Crown","Wandering Minibosses"],"gold_per_floor":[3239,3239,2723,2742,2318,2344,2363,2390,2390,2418,2418,2418,2418,2429,2429,2525,2525,2541,2591,2609,2620,2620,2620,2635,2662,2662,2662,2662,2253,2285,2285,2285,2389,2389,2415,2432,2452,2088,2105,2140,2140,2170,2170,2264,1736,1736,1762,1779,1779,1779],"floor_reached":51,"language":"ENG","playtime":6944,"items_purged":["Runesmith:Defend_RS","Runesmith:Strike_RS","Runesmith:Strike_RS"],"score":1118,"play_id":"0eda5d7a-200c-4dc9-965a-8bb0fe5913f5","local_time":"20210123102512","is_ascension_mode":false,"campfire_choices":[{"data":"Runesmith:Grindstone","floor":11.0,"key":"SMITH"},{"data":"Runesmith:CraftFirestone","floor":13.0,"key":"SMITH"},{"data":"Runesmith:Fortify","floor":15.0,"key":"SMITH"},{"data":"Runesmith:LithiumIon","floor":23.0,"key":"SMITH"},{"data":"ReplayTheSpireMod:Black Plague","floor":28.0,"key":"SMITH"},{"data":"ReplayTheSpireMod:Chaos Vortex","floor":32.0,"key":"SMITH"},{"data":"infinitespire:Oblivion+1","floor":46,"key":"SMITH"},{"data":"ReplayTheSpireMod:Black Plague+1","floor":49,"key":"SMITH"}],"circlet_count":0,"master_deck":["Runesmith:Strike_RS","Runesmith:Strike_RS+1","Runesmith:Defend_RS","Runesmith:Defend_RS","Runesmith:Defend_RS","Runesmith:CraftFirestone+1","Runesmith:Fortify+1","infinitespire:Oblivion+2","Runesmith:Grindstone+1","Runesmith:CraftMagma","Runesmith:LithiumIon+1","TH:DeckOfManyThings+1","TH:TreasureMap+1","TH:TreasureMap+1","TH:BikiniMail+1","Runesmith:DuctTape+1","TH:BikiniMail+1","Runesmith:Duplicate+1","Runesmith:LithiumIon+1","Runesmith:CreatorForm+1","TH:CopperCoins+1","Runesmith:MetallurgicalResearch+1","TH:ElvenBoots+1","ReplayTheSpireMod:Chaos Vortex+1","ReplayTheSpireMod:Black Plague+2","Runesmith:LithiumIon+1","Runesmith:LithiumIon+1","TH:DeckOfManyThings+1","Runesmith:ReplicatingBarrier+1","Runesmith:BackupBattery+1","Runesmith:BackupBattery+1","Runesmith:PoweredAnvil+1","infinitespire:UltimateForm","TH:DeckOfManyThings+1","TH:PixieDust+1","ReplayTheSpireMod:Chaos Vortex+1","Runesmith:Grindstone+1"],"relics":["Runesmith:BrokenRuby","NeowsBlessing","Garlic","Nunchaku","Membership Card","Golden Egg","Runesmith:AutoHammer","MealTicket","DeathKnight:PutricidesVial","ReplayTheSpireMod:Shallot","Centennial Puzzle","Coffee Dripper","infinitespire:BottledMercury","Replay:Bottled Flurry","ChewingGum","WingedGreaves","Divine Protection","Replay:WaspNest","Lee\u0027s Waffle","Elementarium:GoldenMirage","Elementarium:ElementariumTrophy","conspire:SlowCooker","conspire:InfiniteJournal","Runesmith:EmergencyProvisions","Medical Kit","White Beast Statue","Onion Ring","Bottled Tornado","DollysMirror","infinitespire:Lychee Nut","Toy Ornithopter","Anchor","ClockworkSouvenir","Vajra","wanderingMiniBosses:OtherGremlinHorn"],"acts_visited":["Exordium","Exordium","TheBeyond"],"potions_floor_usage":[48,50],"damage_taken":[{"damage":0.0,"enemies":"Jaw Worm","floor":1.0,"turns":1.0},{"damage":0.0,"enemies":"Cultist","floor":4.0,"turns":1.0},{"damage":0.0,"enemies":"Gremlin Nob","floor":6.0,"turns":1.0},{"damage":2.0,"enemies":"Small Slimes","floor":7.0,"turns":5.0},{"damage":6.0,"enemies":"Replay:BlueRogue","floor":8.0,"turns":4.0},{"damage":18.0,"enemies":"3 Sentries","floor":10.0,"turns":6.0},{"damage":0.0,"enemies":"Exordium Wildlife","floor":14.0,"turns":4.0},{"damage":0.0,"enemies":"Hexaghost","floor":16.0,"turns":8.0},{"damage":11.0,"enemies":"Elementarium:VoidCorruption","floor":18.0,"turns":8.0},{"damage":3.0,"enemies":"Elementarium:2_ELEMENTALS","floor":20.0,"turns":5.0},{"damage":6.0,"enemies":"Elementarium:STONE_GOLEMS","floor":21.0,"turns":6.0},{"damage":9.0,"enemies":"Elementarium:RubyGolem","floor":24.0,"turns":4.0},{"damage":10.0,"enemies":"Elementarium:WarGolem","floor":25.0,"turns":4.0},{"damage":0.0,"enemies":"Elementarium:GOLDEN_STATUES","floor":30.0,"turns":6.0},{"damage":0.0,"enemies":"Elementarium:GolemEmperor","floor":33.0,"turns":9.0},{"damage":0.0,"enemies":"3 Darklings","floor":35.0,"turns":15.0},{"damage":0.0,"enemies":"Orb Walker","floor":36.0,"turns":4.0},{"damage":37.0,"enemies":"Transient","floor":37.0,"turns":6.0},{"damage":12,"enemies":"3 Darklings","floor":39,"turns":5},{"damage":0,"enemies":"R_Hoarder","floor":40,"turns":8},{"damage":10,"enemies":"Reptomancer","floor":42,"turns":5},{"damage":0,"enemies":"4 Shapes","floor":47,"turns":8},{"damage":0,"enemies":"Sphere and 2 Shapes","floor":48,"turns":8},{"damage":0,"enemies":"Time Eater","floor":50,"turns":6}],"seed_played":"-6528518741334851716","potions_obtained":[{"floor":1.0,"key":"Energy Potion"},{"floor":14.0,"key":"Dexterity Potion"},{"floor":16.0,"key":"Block Potion"},{"floor":25.0,"key":"SteroidPotion"},{"floor":33.0,"key":"Reflective Coating"},{"floor":42,"key":"Venom Potion"},{"floor":48,"key":"Energy Potion"}],"is_trial":false,"path_per_floor":["M","?","$","M","$","E","M","E","T","E","R","?","R","M","R","B",null,"M","?","M","M","?","R","M","E","T","AVR","R","$","?","?","R","B",null,"M","M","M","$","M","E","?","E","T","?","$","R","M","M","R","B",null],"character_chosen":"RUNESMITH_CLASS","items_purchased":["Runesmith:Grindstone","Garlic","Nunchaku","Membership Card","Golden Egg","Runesmith:AutoHammer","Runesmith:LithiumIon","Divine Protection","Replay:WaspNest","Lee\u0027s Waffle","Runesmith:LithiumIon","conspire:InfiniteJournal","Runesmith:EmergencyProvisions","Runesmith:BackupBattery","Runesmith:PoweredAnvil","Medical Kit","DollysMirror","infinitespire:Lychee Nut","Toy Ornithopter","Anchor","ClockworkSouvenir","Vajra"],"campfire_rested":0,"item_purchase_floors":[3,3,3,5,5,5,5,29,29,29,29,38,38,38,38,38,45,45,45,45,45,45],"current_hp_per_floor":[70,70,70,70,70,70,68,62,62,44,44,49,49,49,49,49,75,64,64,61,55,55,55,46,36,36,36,36,82,82,90,90,90,90,90,90,53,68,56,56,35,25,25,3,18,18,24,35,35,46],"gold":1779,"neow_bonus":"THREE_ENEMY_KILL","is_daily":false,"chose_seed":false,"campfire_upgraded":8,"win_rate":0.0,"timestamp":1611368712,"path_taken":["M","?","?","M","$","E","M","E","T","E","R","?","R","?","R","BOSS","M","?","?","M","?","R","M","E","T","AVR","R","$","?","?","R","BOSS","M","M","M","$","M","E","?","E","T","?","$","R","M","M","R","BOSS"],"items_purchased_type":["Card","Relic","Relic","Relic","Relic","Relic","Card","Relic","Relic","Relic","Card","Relic","Relic","Card","Card","Relic","Relic","Relic","Relic","Relic","Relic","Relic"],"build_version":"2020-12-22","purchased_purges":3,"victory":true,"max_hp_per_floor":[70,70,70,70,70,70,70,70,70,70,70,75,75,75,75,75,75,75,75,75,75,75,75,75,75,75,75,75,82,82,90,90,90,90,90,90,90,90,90,90,90,90,90,90,67,67,67,67,67,67],"relic_stats":{"Nunchaku":[9],"Centennial Puzzle":[24],"Lee\u0027s Waffle":31,"counters":[24,137],"MealTicket":45,"Medical Kit":[6],"obtain_stats":[{"Golden Egg":5,"infinitespire:BottledMercury":25,"Divine Protection":29,"Vajra":45,"wanderingMiniBosses:OtherGremlinHorn":48,"Bottled Tornado":43,"conspire:InfiniteJournal":38,"ClockworkSouvenir":45,"Nunchaku":3,"Centennial Puzzle":10,"DollysMirror":45,"MealTicket":6,"WingedGreaves":27,"Replay:Bottled Flurry":26,"Runesmith:BrokenRuby":0,"Lee\u0027s Waffle":29,"NeowsBlessing":0,"Replay:WaspNest":29,"conspire:SlowCooker":34,"Runesmith:EmergencyProvisions":38,"Medical Kit":38,"White Beast Statue":40,"Elementarium:GoldenMirage":30,"Anchor":45,"ReplayTheSpireMod:Shallot":9,"Elementarium:ElementariumTrophy":33,"infinitespire:Lychee Nut":45,"DeathKnight:PutricidesVial":8,"ChewingGum":27,"Onion Ring":42,"Garlic":3,"Coffee Dripper":17,"Membership Card":5,"Runesmith:AutoHammer":5,"Toy Ornithopter":45},{"Golden Egg":2,"infinitespire:BottledMercury":13,"Divine Protection":13,"Vajra":21,"wanderingMiniBosses:OtherGremlinHorn":23,"Bottled Tornado":21,"conspire:InfiniteJournal":18,"ClockworkSouvenir":21,"Nunchaku":1,"Centennial Puzzle":6,"DollysMirror":21,"MealTicket":3,"WingedGreaves":13,"Replay:Bottled Flurry":13,"Runesmith:BrokenRuby":0,"Lee\u0027s Waffle":13,"NeowsBlessing":0,"Replay:WaspNest":13,"conspire:SlowCooker":15,"Runesmith:EmergencyProvisions":18,"Medical Kit":18,"White Beast Statue":20,"Elementarium:GoldenMirage":14,"Anchor":21,"ReplayTheSpireMod:Shallot":5,"Elementarium:ElementariumTrophy":15,"infinitespire:Lychee Nut":21,"DeathKnight:PutricidesVial":5,"ChewingGum":13,"Onion Ring":21,"Garlic":1,"Coffee Dripper":8,"Membership Card":2,"Runesmith:AutoHammer":2,"Toy Ornithopter":21},{"Golden Egg":2,"infinitespire:BottledMercury":57,"Divine Protection":57,"Vajra":115,"wanderingMiniBosses:OtherGremlinHorn":131,"Bottled Tornado":115,"conspire:InfiniteJournal":97,"ClockworkSouvenir":115,"Nunchaku":1,"Centennial Puzzle":18,"DollysMirror":115,"MealTicket":3,"WingedGreaves":57,"Replay:Bottled Flurry":57,"Runesmith:BrokenRuby":0,"Lee\u0027s Waffle":57,"NeowsBlessing":0,"Replay:WaspNest":57,"conspire:SlowCooker":72,"Runesmith:EmergencyProvisions":97,"Medical Kit":97,"White Beast Statue":110,"Elementarium:GoldenMirage":63,"Anchor":115,"ReplayTheSpireMod:Shallot":12,"Elementarium:ElementariumTrophy":72,"infinitespire:Lychee Nut":115,"DeathKnight:PutricidesVial":12,"ChewingGum":57,"Onion Ring":115,"Garlic":1,"Coffee Dripper":30,"Membership Card":2,"Runesmith:AutoHammer":2,"Toy Ornithopter":115}],"Toy Ornithopter":10},"card_choices":[{"not_picked":["Runesmith:Repurpose","Runesmith:Firestorm","Runesmith:CraftMagma"],"picked":"SKIP","floor":1.0},{"not_picked":["Runesmith:StaticCage","Runesmith:MakeshiftArmor"],"picked":"Runesmith:CraftMagma","floor":4.0},{"not_picked":["TH:Mimic"],"picked":"TH:DeckOfManyThings","floor":6.0},{"not_picked":["Runesmith:Augment","Runesmith:ChiselStab","Runesmith:BackupBattery"],"picked":"SKIP","floor":6.0},{"not_picked":["Runesmith:Prism","Runesmith:HeatExchange","Runesmith:HammerTime"],"picked":"SKIP","floor":7.0},{"not_picked":["TH:Mimic"],"picked":"TH:TreasureMap","floor":8.0},{"not_picked":["Runesmith:GoWithTheFlow","Runesmith:HammerThrow","Runesmith:Overpower"],"picked":"SKIP","floor":8.0},{"not_picked":["TH:DeckOfManyThings"],"picked":"TH:TreasureMap","floor":9.0},{"not_picked":["TH:PixieDust"],"picked":"TH:BikiniMail","floor":10.0},{"not_picked":["Runesmith:RuneHurl","Runesmith:Repurpose"],"picked":"Runesmith:DuctTape","floor":10.0},{"not_picked":["Runesmith:Refine","Runesmith:Discharge","Runesmith:Repurpose"],"picked":"SKIP","floor":14.0},{"not_picked":["TH:PixieDust"],"picked":"TH:BikiniMail","floor":16.0},{"not_picked":["Runesmith:LastStand","Runesmith:ArcReactor"],"picked":"Runesmith:Duplicate","floor":16.0},{"not_picked":["Runesmith:Accelerate+1","Runesmith:EnergizedChisel","Runesmith:BackupBattery"],"picked":"SKIP","floor":18.0},{"not_picked":["Runesmith:ShiftingStrike+1","Runesmith:HammerAndChisel"],"picked":"Runesmith:LithiumIon","floor":20.0},{"not_picked":["Runesmith:HeatedChisel","Runesmith:Terraform+1"],"picked":"Runesmith:CreatorForm","floor":21.0},{"not_picked":["Runesmith:HeatedChisel","Runesmith:FrozenChisel","Runesmith:HammerTime"],"picked":"SKIP","floor":24.0},{"not_picked":["TH:PixieDust"],"picked":"TH:CopperCoins","floor":25.0},{"not_picked":["Runesmith:EarthShield","Runesmith:Malloc+1"],"picked":"Runesmith:MetallurgicalResearch","floor":25.0},{"not_picked":["TH:PixieDust"],"picked":"TH:ElvenBoots","floor":26.0},{"not_picked":["TH:TreasureMap"],"picked":"TH:DeckOfManyThings","floor":33.0},{"not_picked":["Runesmith:LastStand","Runesmith:ArcReactor"],"picked":"Runesmith:ReplicatingBarrier","floor":33.0},{"not_picked":["Runesmith:Grindstone+1","Runesmith:RuneHurl+1","Runesmith:Overpower"],"picked":"SKIP","floor":35.0},{"not_picked":["Runesmith:Grindstone+1","Runesmith:ChaoticBlast","Runesmith:ShiftingStrike+1"],"picked":"SKIP","floor":36.0},{"not_picked":["Runesmith:EarthShield","Runesmith:HammerThrow+1","Runesmith:CraftMagma+1"],"picked":"SKIP","floor":37.0},{"not_picked":["Runesmith:ChiselStab","Runesmith:GoWithTheFlow+1","Runesmith:Prism"],"picked":"SKIP","floor":39},{"not_picked":["TH:Mimic","TH:CursedSword"],"picked":"SKIP","floor":40},{"not_picked":["Runesmith:StaticCage","Runesmith:EnergizedChisel","Runesmith:CraftProtectio"],"picked":"SKIP","floor":40},{"not_picked":["infinitespire:Fortify","infinitespire:Collect"],"picked":"infinitespire:UltimateForm","floor":41},{"not_picked":["TH:ElvenBoots"],"picked":"TH:DeckOfManyThings","floor":42},{"not_picked":["Runesmith:Repurpose+1","Runesmith:Empowerment+1","Runesmith:ShiftingStrike"],"picked":"SKIP","floor":42},{"not_picked":["TH:CursedSword"],"picked":"TH:PixieDust","floor":43},{"not_picked":["Runesmith:EarthShield+1","Runesmith:Retool"],"picked":"Runesmith:Grindstone+1","floor":47},{"not_picked":["Runesmith:ShiftingStrike+1","Runesmith:CraftProtectio+1","Runesmith:BackupBattery+1"],"picked":"SKIP","floor":48}],"player_experience":400906,"relics_obtained":[{"floor":6.0,"key":"MealTicket"},{"floor":8.0,"key":"DeathKnight:PutricidesVial"},{"floor":9.0,"key":"ReplayTheSpireMod:Shallot"},{"floor":10.0,"key":"Centennial Puzzle"},{"floor":25.0,"key":"infinitespire:BottledMercury"},{"floor":26.0,"key":"Replay:Bottled Flurry"},{"floor":30.0,"key":"Elementarium:GoldenMirage"},{"floor":40,"key":"White Beast Statue"},{"floor":42,"key":"Onion Ring"},{"floor":43,"key":"Bottled Tornado"},{"floor":48,"key":"wanderingMiniBosses:OtherGremlinHorn"}],"event_choices":[{"cards_removed":["Runesmith:Defend_RS"],"damage_healed":0.0,"max_hp_gain":0.0,"max_hp_loss":0.0,"gold_gain":0.0,"event_name":"betterNote:BetterNote","player_choice":"Take \u0026 Give","floor":2.0,"gold_loss":0.0,"damage_taken":0.0,"cards_obtained":["infinitespire:Oblivion"]},{"damage_healed":0.0,"max_hp_gain":5.0,"max_hp_loss":0.0,"gold_gain":0.0,"event_name":"Big Fish","player_choice":"Donut","floor":12.0,"gold_loss":0.0,"damage_taken":0.0},{"damage_healed":0.0,"max_hp_gain":0.0,"max_hp_loss":0.0,"gold_gain":50.0,"event_name":"Elementarium:StickySituation","player_choice":"Take","floor":19.0,"gold_loss":0.0,"damage_taken":0.0},{"damage_healed":0.0,"max_hp_gain":0.0,"max_hp_loss":0.0,"gold_gain":0.0,"event_name":"Elementarium:VoidShrine","player_choice":"Pray","floor":22.0,"gold_loss":0.0,"damage_taken":0.0,"cards_upgraded":["Runesmith:Strike_RS"]},{"damage_healed":0.0,"max_hp_gain":0.0,"max_hp_loss":0.0,"gold_gain":0.0,"event_name":"Elementarium:GoldenStatues","player_choice":"Fight","floor":30.0,"gold_loss":0.0,"damage_taken":0.0},{"damage_healed":0.0,"max_hp_gain":8.0,"max_hp_loss":0.0,"gold_gain":0.0,"event_name":"Elementarium:SculptureGarden","player_choice":"Graft","floor":31.0,"gold_loss":0.0,"damage_taken":0.0}],"is_beta":false,"boss_relics":[{"not_picked":["SlaversCollar","infinitespire:Cupcake"],"picked":"Coffee Dripper"},{"not_picked":["Velvet Choker","conspire:RoyalGoblet"],"picked":"conspire:SlowCooker"}],"items_purged_floors":[3,5,29],"is_endless":false,"potions_floor_spawned":[1,14,16,25,30,33,35,42,47,48],"ascension_level":0}}