{"host":"o6j8h35axmoodbwy","time":1611408440,"event":{"mods":["2.2 Compatiblity","BaseMod","Colored Map","Colored Powertips","MarisaÅiñ∂âJÅ@ñÇóùçπÅj","Minty Spire (QoL Compilation)","Quick Restart","Shop Mod","StSLib","SuperFastMode","Td1madao Mod","The Bug Knight"],"gold_per_floor":[118,130,13,13,32,32,49,49,72,72,84,102,114,179,179,276,276,292,292,292,312,331,331,32,50,50,50,50,63,63,73,73,177,177,195,210,228,278,296,296,315,315,315,332,332,332,344,0,0,0],"floor_reached":51,"language":"JPN","playtime":3189,"items_purged":[],"score":1017,"play_id":"de59fcc5-0464-4363-b898-b1e50b1f5120","local_time":"20210123222720","is_ascension_mode":true,"campfire_choices":[{"data":"Rampage","floor":6,"key":"SMITH"},{"data":"Pommel Strike","floor":8,"key":"SMITH"},{"data":"Carnage","floor":10,"key":"SMITH"},{"data":"Entrench","floor":15,"key":"SMITH"},{"data":"Berserk","floor":23,"key":"SMITH"},{"floor":28,"key":"REST"},{"floor":32,"key":"REST"},{"data":"Body Slam","floor":40,"key":"SMITH"},{"data":"Demon Form","floor":42,"key":"SMITH"},{"data":"Shrug It Off","floor":46,"key":"SMITH"},{"floor":49,"key":"REST"}],"circlet_count":0,"master_deck":["AscendersBane","Strike_R","Strike_R","Defend_R+1","Defend_R","Defend_R+1","Bash+1","Carnage+1","Battle Trance","Fire Breathing","Rampage+1","Power Through+1","Pommel Strike+1","Double Tap","Entrench+1","Seeing Red","Berserk+1","Shrug It Off+1","Second Wind","Fiend Fire","Spot Weakness","Shockwave","Body Slam+1","Power Through+1","Shockwave+1","Immolate","CurseOfTheBell","Demon Form+1","Parasite","True Grit+1","Sentinel+1","Seeing Red","Evolve","Shrug It Off"],"relics":["Burning Blood","War Paint","Bag of Marbles","Mark of Pain","Enchiridion","Incense Burner","Akabeko","Calling Bell","Toy Ornithopter","Meat on the Bone","StoneCalendar","Pocketwatch","InkBottle","Red Mask"],"acts_visited":["Exordium","TheCity","TheBeyond"],"potions_floor_usage":[14,16,25,33,33,37,50,50],"damage_taken":[{"damage":1,"enemies":"2 Louse","floor":1,"turns":2},{"damage":0,"enemies":"Small Slimes","floor":2,"turns":3},{"damage":7,"enemies":"Jaw Worm","floor":5,"turns":3},{"damage":0,"enemies":"3 Louse","floor":7,"turns":4},{"damage":6,"enemies":"Red Slaver","floor":11,"turns":3},{"damage":5,"enemies":"Blue Slaver","floor":12,"turns":3},{"damage":3,"enemies":"Looter","floor":13,"turns":2},{"damage":25,"enemies":"Gremlin Nob","floor":14,"turns":5},{"damage":4,"enemies":"Slime Boss","floor":16,"turns":7},{"damage":21,"enemies":"Shell Parasite","floor":18,"turns":3},{"damage":13,"enemies":"3 Byrds","floor":21,"turns":5},{"damage":0,"enemies":"Snecko","floor":22,"turns":4},{"damage":26,"enemies":"Sentry and Sphere","floor":25,"turns":6},{"damage":16,"enemies":"Centurion and Healer","floor":29,"turns":3},{"damage":0,"enemies":"Shelled Parasite and Fungi","floor":31,"turns":6},{"damage":53,"enemies":"Automaton","floor":33,"turns":9},{"damage":0,"enemies":"3 Darklings","floor":35,"turns":1},{"damage":3,"enemies":"Orb Walker","floor":36,"turns":2},{"damage":1,"enemies":"Writhing Mass","floor":37,"turns":8},{"damage":39,"enemies":"Mind Bloom Boss Battle","floor":38,"turns":8},{"damage":13,"enemies":"3 Darklings","floor":39,"turns":3},{"damage":3,"enemies":"4 Shapes","floor":41,"turns":6},{"damage":11,"enemies":"Jaw Worm Horde","floor":44,"turns":5},{"damage":6,"enemies":"3 Darklings","floor":47,"turns":6},{"damage":28,"enemies":"Donu and Deca","floor":50,"turns":7}],"seed_played":"6405649356952486056","potions_obtained":[{"floor":5,"key":"GamblersBrew"},{"floor":11,"key":"SpeedPotion"},{"floor":13,"key":"Block Potion"},{"floor":14,"key":"Strength Potion"},{"floor":22,"key":"PowerPotion"},{"floor":25,"key":"Strength Potion"},{"floor":35,"key":"GamblersBrew"},{"floor":38,"key":"BloodPotion"},{"floor":39,"key":"SteroidPotion"},{"floor":41,"key":"LiquidMemories"}],"is_trial":false,"path_per_floor":["M","M","$","?","M","R","M","R","T","R","M","M","M","?","R","B",null,"M","?","?","M","M","R","$","M","T","?","R","M","$","M","R","B",null,"M","M","M","?","M","R","M","R","T","M","?","R","M","?","R","B",null],"character_chosen":"IRONCLAD","items_purchased":["Rampage","Power Through","Incense Burner"],"campfire_rested":3,"item_purchase_floors":[3,3,24],"current_hp_per_floor":[77,80,80,64,63,63,69,69,69,69,69,70,73,54,54,56,74,59,43,43,36,42,42,42,22,22,22,46,36,36,42,66,19,65,71,74,80,47,52,52,55,55,55,50,50,50,50,50,74,78],"gold":0,"neow_bonus":"TRANSFORM_CARD","is_daily":false,"chose_seed":false,"campfire_upgraded":8,"win_rate":0.0,"timestamp":1611408440,"path_taken":["M","M","$","?","M","R","M","R","T","R","M","M","M","?","R","BOSS","M","?","?","M","M","R","?","M","T","?","R","M","$","M","R","BOSS","M","M","M","?","M","R","M","R","T","M","?","R","M","?","R","BOSS"],"items_purchased_type":["Card","Card","Relic"],"build_version":"2020-12-22","purchased_purges":0,"victory":true,"max_hp_per_floor":[80,80,80,80,80,80,80,80,80,80,80,80,80,80,80,80,80,80,80,80,80,80,80,80,80,80,80,80,80,80,80,80,80,80,80,80,80,80,80,80,80,80,80,80,80,80,80,80,80,80],"card_choices":[{"not_picked":["Heavy Blade","Rampage"],"picked":"Battle Trance","floor":1},{"not_picked":["Infernal Blade","Warcry"],"picked":"Fire Breathing","floor":2},{"not_picked":["Anger","Thunderclap","Dual Wield"],"picked":"SKIP","floor":5},{"not_picked":["Anger","Thunderclap","Dual Wield"],"picked":"SKIP","floor":5},{"not_picked":["Infernal Blade","Wild Strike"],"picked":"Pommel Strike","floor":7},{"not_picked":["Thunderclap","Shrug It Off"],"picked":"Double Tap","floor":11},{"not_picked":["Flex","Searing Blow"],"picked":"Entrench","floor":12},{"not_picked":["Shrug It Off","Rampage"],"picked":"Seeing Red","floor":13},{"not_picked":["Immolate","Offering"],"picked":"Berserk","floor":16},{"not_picked":["Uppercut","Pummel"],"picked":"Shrug It Off","floor":18},{"not_picked":["Sword Boomerang","Body Slam"],"picked":"Spot Weakness","floor":21},{"not_picked":["Ghostly Armor","Clash"],"picked":"Shockwave","floor":22},{"not_picked":["Sword Boomerang","Whirlwind"],"picked":"Body Slam","floor":25},{"not_picked":["Headbutt","Hemokinesis"],"picked":"Shockwave+1","floor":29},{"not_picked":["Dropkick+1","Uppercut","Inflame"],"picked":"SKIP","floor":31},{"not_picked":["Offering","Corruption"],"picked":"Immolate","floor":33},{"not_picked":["Wild Strike","Perfected Strike","Headbutt"],"picked":"SKIP","floor":35},{"not_picked":["Dark Embrace","Anger"],"picked":"Demon Form","floor":36},{"not_picked":["Havoc","Dual Wield+1"],"picked":"True Grit+1","floor":37},{"not_picked":["Anger+1","Pummel+1"],"picked":"Sentinel+1","floor":38},{"not_picked":["Armaments","Flex+1"],"picked":"Seeing Red","floor":39},{"not_picked":["Headbutt+1","Havoc","Armaments+1"],"picked":"SKIP","floor":41},{"not_picked":["Armaments+1","Headbutt"],"picked":"Evolve","floor":44},{"not_picked":["Rage","Body Slam"],"picked":"Shrug It Off","floor":47}],"player_experience":521848,"relics_obtained":[{"floor":9,"key":"War Paint"},{"floor":14,"key":"Bag of Marbles"},{"floor":19,"key":"Enchiridion"},{"floor":26,"key":"Akabeko"},{"floor":34,"key":"Toy Ornithopter"},{"floor":34,"key":"Meat on the Bone"},{"floor":34,"key":"StoneCalendar"},{"floor":38,"key":"Pocketwatch"},{"floor":43,"key":"InkBottle"}],"event_choices":[{"damage_healed":0,"gold_gain":0,"player_choice":"Entered Light","damage_taken":16,"max_hp_gain":0,"max_hp_loss":0,"event_name":"Shining Light","floor":4,"gold_loss":0,"cards_upgraded":["Defend_R","Bash"]},{"damage_healed":0,"gold_gain":0,"player_choice":"Searched \u00272\u0027 times","damage_taken":0,"max_hp_gain":0,"max_hp_loss":0,"event_name":"Dead Adventurer","floor":14,"gold_loss":0},{"damage_healed":0,"gold_gain":0,"player_choice":"Obtained Book","damage_taken":16,"max_hp_gain":0,"max_hp_loss":0,"event_name":"Cursed Tome","floor":19,"gold_loss":0},{"damage_healed":0,"gold_gain":0,"cards_transformed":["Strike_R","Strike_R"],"player_choice":"Became Test Subject","damage_taken":0,"max_hp_gain":0,"max_hp_loss":0,"event_name":"Drug Dealer","floor":20,"gold_loss":0,"cards_obtained":["Second Wind","Fiend Fire"]},{"damage_healed":0,"gold_gain":0,"player_choice":"Copied","damage_taken":0,"max_hp_gain":0,"max_hp_loss":0,"event_name":"Duplicator","floor":27,"gold_loss":0,"cards_obtained":["Power Through"]},{"damage_healed":0,"gold_gain":0,"player_choice":"Fight","damage_taken":0,"max_hp_gain":0,"max_hp_loss":0,"event_name":"MindBloom","floor":38,"gold_loss":0},{"cards_removed":["Defend_R"],"damage_healed":0,"gold_gain":0,"player_choice":"Removed Skill","damage_taken":0,"max_hp_gain":0,"max_hp_loss":0,"event_name":"Falling","floor":45,"gold_loss":0},{"damage_healed":0,"gold_gain":0,"player_choice":"Paid","damage_taken":0,"relics_obtained":["Red Mask"],"max_hp_gain":0,"max_hp_loss":0,"event_name":"Tomb of Lord Red Mask","floor":48,"gold_loss":344}],"is_beta":false,"boss_relics":[{"not_picked":["Empty Cage","Busted Crown"],"picked":"Mark of Pain"},{"not_picked":["Runic Cube","Fusion Hammer"],"picked":"Calling Bell"}],"items_purged_floors":[],"is_endless":false,"potions_floor_spawned":[5,11,13,14,22,25,29,35,38,39,41],"ascension_level":12}}