{"host":"9n6i2vl93jt4o42q","time":1611394714,"event":{"mods":["BaseMod","Minty Spire (QoL Compilation)","Relic Stats"],"gold_per_floor":[111,28,28,39,56,56,88,88,88,99,63,63,213,241,241,241,241],"floor_reached":16,"language":"ENG","playtime":849,"items_purged":[],"score":216,"play_id":"80e181a8-dc4b-448b-886a-791e4e8324ac","local_time":"20210123103834","is_ascension_mode":true,"campfire_choices":[{"floor":6.0,"key":"REST"},{"data":"Dash","floor":15.0,"key":"SMITH"}],"circlet_count":0,"master_deck":["AscendersBane","Strike_G","Strike_G","Strike_G+1","Strike_G","Defend_G","Defend_G","Defend_G","Defend_G","Defend_G","Survivor","Neutralize","Tools of the Trade","Blade Dance+1","Dash+1","Slice","Dagger Spray","Underhanded Strike","Adrenaline","Doubt","Tactician"],"relics":["Ring of the Snake","Gremlin Horn","Juzu Bracelet","Mummified Hand"],"acts_visited":["Exordium"],"potions_floor_usage":[16],"damage_taken":[{"damage":1.0,"enemies":"Small Slimes","floor":1.0,"turns":4.0},{"damage":0.0,"enemies":"2 Louse","floor":4.0,"turns":3.0},{"damage":0.0,"enemies":"Cultist","floor":5.0,"turns":2.0},{"damage":24.0,"enemies":"3 Sentries","floor":7.0,"turns":8.0},{"damage":0.0,"enemies":"2 Fungi Beasts","floor":10.0,"turns":2.0},{"damage":20.0,"enemies":"Lagavulin","floor":14.0,"turns":9.0},{"damage":24,"enemies":"The Guardian","floor":16,"turns":9}],"seed_played":"6842584297775415662","potions_obtained":[{"floor":7.0,"key":"Dexterity Potion"},{"floor":10.0,"key":"LiquidMemories"}],"is_trial":false,"path_per_floor":["M","$","?","M","M","R","E","?","T","M","?","?","?","E","R","B"],"character_chosen":"THE_SILENT","items_purchased":["Dash"],"campfire_rested":1,"item_purchase_floors":[2],"current_hp_per_floor":[43,43,23,23,23,42,18,18,18,18,18,40,40,20,20,0,0],"gold":241,"neow_bonus":"THREE_RARE_CARDS","is_daily":false,"chose_seed":false,"campfire_upgraded":1,"win_rate":0.0,"timestamp":1611394714,"path_taken":["M","$","?","M","M","R","E","?","T","M","?","?","?","E","R","BOSS"],"items_purchased_type":["Card"],"build_version":"2020-12-22","purchased_purges":0,"victory":false,"max_hp_per_floor":[66,66,66,66,66,66,66,66,66,66,66,66,66,66,66,66,66],"relic_stats":{"Gremlin Horn":[0,0],"counters":[7,37],"Mummified Hand":[1],"Juzu Bracelet":1,"obtain_stats":[{"Gremlin Horn":7,"Mummified Hand":14,"Juzu Bracelet":9,"Ring of the Snake":0},{"Gremlin Horn":4,"Mummified Hand":6,"Juzu Bracelet":4,"Ring of the Snake":0},{"Gremlin Horn":17,"Mummified Hand":28,"Juzu Bracelet":17,"Ring of the Snake":0}],"Ring of the Snake":[14]},"card_choices":[{"not_picked":["Phantasmal Killer","Envenom"],"picked":"Tools of the Trade","floor":0.0},{"not_picked":["Noxious Fumes","Well Laid Plans"],"picked":"Blade Dance","floor":1.0},{"not_picked":["Calculated Gamble","Escape Plan"],"picked":"Slice","floor":4.0},{"not_picked":["Dagger Throw","Sucker Punch"],"picked":"Dagger Spray","floor":5.0},{"not_picked":["Blade Dance","Escape Plan"],"picked":"Underhanded Strike","floor":7.0},{"not_picked":["Deadly Poison","Expertise"],"picked":"Adrenaline","floor":10.0},{"not_picked":["Flying Knee","Prepared"],"picked":"Tactician","floor":14.0}],"player_experience":2235744,"relics_obtained":[{"floor":7.0,"key":"Gremlin Horn"},{"floor":9.0,"key":"Juzu Bracelet"},{"floor":14.0,"key":"Mummified Hand"}],"event_choices":[{"damage_healed":0.0,"max_hp_gain":0.0,"max_hp_loss":0.0,"gold_gain":0.0,"event_name":"Shining Light","player_choice":"Entered Light","floor":3.0,"gold_loss":0.0,"damage_taken":20.0,"cards_upgraded":["Blade Dance","Strike_G"]},{"cards_removed":["Strike_G"],"damage_healed":0.0,"max_hp_gain":0.0,"max_hp_loss":0.0,"gold_gain":0.0,"event_name":"Purifier","player_choice":"Purged","floor":8.0,"gold_loss":0.0,"damage_taken":0.0},{"damage_healed":0.0,"max_hp_gain":0.0,"max_hp_loss":0.0,"gold_gain":0.0,"event_name":"World of Goop","player_choice":"Left Gold","floor":11.0,"gold_loss":36.0,"damage_taken":0.0},{"damage_healed":22.0,"max_hp_gain":0.0,"max_hp_loss":0.0,"gold_gain":0.0,"event_name":"Big Fish","player_choice":"Banana","floor":12.0,"gold_loss":0.0,"damage_taken":0.0},{"damage_healed":0.0,"max_hp_gain":0.0,"max_hp_loss":0.0,"gold_gain":150.0,"event_name":"Liars Game","player_choice":"AGREE","floor":13.0,"gold_loss":0.0,"damage_taken":0.0,"cards_obtained":["Doubt"]}],"is_beta":false,"boss_relics":[],"items_purged_floors":[],"is_endless":false,"potions_floor_spawned":[7,10],"killed_by":"The Guardian","ascension_level":20}}