{"host":"dw8189mw8rzr4e13","time":1611382337,"event":{"mods":["Act Like it!","BaseMod","Better Vampires","Colored Powertips","Minty Spire (QoL Compilation)","Rare Cards Sparkle","StSLib","The Marked"],"gold_per_floor":[40,75,128,50,50,85,85,10,10,10,67,132,165,200,200,301,301,334,351,33,47,63,63,92,7,7,7,23,55,55,112,112,212,212,226,244,244,255,255,255,275,307,332,332,371,385,440,440,440],"floor_reached":48,"language":"ZHS","playtime":2136,"items_purged":["theMarked:Strike"],"score":721,"play_id":"7a07d970-d3d4-43a4-b758-c830315e7969","local_time":"20210123141217","is_ascension_mode":true,"campfire_choices":[{"data":"theMarked:ElementalBlade","floor":7.0,"key":"SMITH"},{"data":"theMarked:ParalyzingBlade","floor":10.0,"key":"SMITH"},{"data":"theMarked:SoldierOfQuellstein","floor":15.0,"key":"SMITH"},{"data":"theMarked:RepellingDischarge","floor":23.0,"key":"SMITH"},{"data":"HandOfGreed","floor":27.0,"key":"SMITH"},{"floor":32.0,"key":"REST"},{"data":"theMarked:SwordAndMagic","floor":40.0,"key":"SMITH"},{"floor":44.0,"key":"RECALL"}],"circlet_count":0,"master_deck":["theMarked:Strike+1","theMarked:Strike","theMarked:Strike","theMarked:Defend","theMarked:Defend","theMarked:Defend+1","theMarked:Defend","theMarked:SoldierOfQuellstein+1","HandOfGreed+1","theMarked:RepellingDischarge+1","theMarked:ParalyzingBlade+1","theMarked:ElementalBlade+1","theMarked:RepellingDischarge+1","theMarked:HeightenedSenses+1","theMarked:EmpowerWeapon+1","theMarked:RepellingDischarge+1","theMarked:ChannelForce+1","theMarked:Reabsorb+1","Master of Strategy+1","theMarked:ChannelForce+1","theMarked:EmpowerWeapon+1","theMarked:SwordAndMagic+1","theMarked:Generate+1","theMarked:Levitate+1","Master of Strategy+1","theMarked:Parry+1","theMarked:TwofoldDefense+1","theMarked:SoldierForm+1"],"relics":["theMarked:ArtifactOfAir","Toxic Egg 2","Mango","Smiling Mask","theMarked:SpiritSword","Singing Bowl","Nunchaku","Ancient Tea Set","Frozen Egg 2","Runic Pyramid","Shuriken","Potion Belt","Dead Branch"],"acts_visited":["Exordium","TheCity","TheBeyond"],"potions_floor_usage":[48],"damage_taken":[{"damage":1.0,"enemies":"Cultist","floor":1.0,"turns":3.0},{"damage":6.0,"enemies":"Jaw Worm","floor":2.0,"turns":5.0},{"damage":2.0,"enemies":"Small Slimes","floor":3.0,"turns":5.0},{"damage":20.0,"enemies":"Gremlin Nob","floor":6.0,"turns":5.0},{"damage":9.0,"enemies":"Gremlin Gang","floor":11.0,"turns":4.0},{"damage":22.0,"enemies":"3 Sentries","floor":12.0,"turns":7.0},{"damage":0.0,"enemies":"Looter","floor":13.0,"turns":3.0},{"damage":6.0,"enemies":"3 Louse","floor":14.0,"turns":4.0},{"damage":0.0,"enemies":"Slime Boss","floor":16.0,"turns":5.0},{"damage":0.0,"enemies":"Shell Parasite","floor":18.0,"turns":5.0},{"damage":0.0,"enemies":"Chosen","floor":19.0,"turns":3.0},{"damage":14.0,"enemies":"Centurion and Healer","floor":21.0,"turns":5.0},{"damage":0.0,"enemies":"Snake Plant","floor":22.0,"turns":2.0},{"damage":25.0,"enemies":"Slavers","floor":24.0,"turns":5.0},{"damage":14.0,"enemies":"Cultist and Chosen","floor":28.0,"turns":4.0},{"damage":0.0,"enemies":"Gremlin Leader","floor":29.0,"turns":3.0},{"damage":24.0,"enemies":"Book of Stabbing","floor":31.0,"turns":5.0},{"damage":1.0,"enemies":"Automaton","floor":33.0,"turns":5.0},{"damage":0.0,"enemies":"Orb Walker","floor":35.0,"turns":1.0},{"damage":18.0,"enemies":"3 Shapes","floor":36.0,"turns":9.0},{"damage":0.0,"enemies":"Maw","floor":38.0,"turns":3.0},{"damage":26.0,"enemies":"Spire Growth","floor":41.0,"turns":4.0},{"damage":20.0,"enemies":"Reptomancer","floor":42.0,"turns":4.0},{"damage":0.0,"enemies":"4 Shapes","floor":45.0,"turns":4.0},{"damage":7.0,"enemies":"Sphere and 2 Shapes","floor":46.0,"turns":5.0},{"damage":17.0,"enemies":"Nemesis","floor":47.0,"turns":7.0},{"damage":17,"enemies":"Writhing Mass","floor":48,"turns":2}],"seed_played":"7604919421815298199","potions_obtained":[{"floor":2.0,"key":"BlessingOfTheForge"},{"floor":3.0,"key":"LiquidMemories"},{"floor":12.0,"key":"Ancient Potion"},{"floor":24.0,"key":"LiquidMemories"},{"floor":28.0,"key":"Strength Potion"},{"floor":33.0,"key":"AttackPotion"},{"floor":35.0,"key":"theMarked:ChargePotion"},{"floor":42.0,"key":"Swift Potion"},{"floor":45.0,"key":"FearPotion"}],"is_trial":false,"path_per_floor":["M","M","M","$","?","E","R","$","T","R","M","E","M","M","R","B",null,"M","M","$","M","M","R","E","?","T","R","M","E","?","E","R","B",null,"M","M","?","M","?","R","M","E","T","R","M","M","E","M"],"character_chosen":"THE_DEFAULT","items_purchased":["theMarked:ElementalBlade","Master of Strategy+1","theMarked:ChannelForce+1"],"campfire_rested":1,"item_purchase_floors":[4,20,20],"current_hp_per_floor":[69,63,61,61,47,27,27,27,41,41,32,10,10,4,4,4,84,84,84,84,70,70,70,47,47,47,47,33,33,33,11,37,36,88,90,74,74,74,74,74,50,30,30,30,32,27,10,0,0],"gold":440,"neow_bonus":"RANDOM_COLORLESS_2","is_daily":false,"chose_seed":false,"campfire_upgraded":6,"win_rate":0.0,"timestamp":1611382337,"path_taken":["M","M","M","$","?","E","R","$","T","R","M","E","M","M","R","BOSS","M","M","$","M","M","R","E","?","T","R","M","E","?","E","R","BOSS","M","M","?","?","?","R","?","E","T","R","M","M","E","M"],"items_purchased_type":["Card","Card","Card"],"build_version":"2020-12-22","purchased_purges":1,"victory":false,"max_hp_per_floor":[70,70,70,70,70,70,70,70,84,84,84,84,84,84,84,84,84,84,84,84,84,84,84,86,86,86,86,86,86,86,88,88,88,88,90,92,92,92,92,92,94,94,94,94,96,98,98,98,98],"card_choices":[{"not_picked":["Thinking Ahead","Transmutation"],"picked":"HandOfGreed","floor":0.0},{"not_picked":["theMarked:TwofoldDefense","theMarked:BanishingStrike"],"picked":"theMarked:RepellingDischarge","floor":1.0},{"not_picked":["theMarked:Aftermath","theMarked:Seal","theMarked:WastefulDefense"],"picked":"SKIP","floor":2.0},{"not_picked":["theMarked:BanishingWave","theMarked:SwordAndMagic"],"picked":"theMarked:ParalyzingBlade","floor":3.0},{"not_picked":["theMarked:ElectricStrings","theMarked:RogueSparks"],"picked":"theMarked:RepellingDischarge+1","floor":6.0},{"not_picked":["theMarked:Indomitable+1","theMarked:WardOff+1","theMarked:ElectricStrings"],"picked":"SKIP","floor":11.0},{"not_picked":["theMarked:Parkour","theMarked:Frustration"],"picked":"theMarked:HeightenedSenses+1","floor":12.0},{"not_picked":["theMarked:Improvise+1","theMarked:ChainLightning"],"picked":"theMarked:EmpowerWeapon+1","floor":13.0},{"not_picked":["theMarked:Levitate+1","theMarked:BanishingStrike"],"picked":"theMarked:RepellingDischarge+1","floor":14.0},{"not_picked":["theMarked:MagicAdept","theMarked:SummonStrength"],"picked":"theMarked:ChannelForce+1","floor":16.0},{"not_picked":["theMarked:Improvise+1","theMarked:Static+1","theMarked:LightningStrikesTwice+1"],"picked":"SKIP","floor":18.0},{"not_picked":["theMarked:WardOff+1","theMarked:ResourceFulStrike"],"picked":"theMarked:Reabsorb+1","floor":19.0},{"not_picked":["theMarked:StartUp","theMarked:TakeCover+1","theMarked:ElectricStrings"],"picked":"SKIP","floor":21.0},{"not_picked":["theMarked:ElectricStrings","theMarked:HeightenedSenses+1"],"picked":"theMarked:EmpowerWeapon+1","floor":22.0},{"not_picked":["theMarked:Overthink+1","theMarked:RogueSparks","theMarked:TakeCover+1"],"picked":"Singing Bowl","floor":24.0},{"not_picked":["theMarked:ShockingTouch","theMarked:RepellingDischarge+1"],"picked":"theMarked:SwordAndMagic","floor":28.0},{"not_picked":["theMarked:Parkour","theMarked:BanishingStrike"],"picked":"theMarked:Generate+1","floor":29.0},{"not_picked":["theMarked:ElectricStrings+1","theMarked:Generate+1","theMarked:Electrify+1"],"picked":"Singing Bowl","floor":31.0},{"not_picked":["theMarked:UnarmedFury","theMarked:SummonStrength+1"],"picked":"theMarked:Levitate+1","floor":33.0},{"not_picked":["theMarked:Generate+1","theMarked:WastefulDefense+1","theMarked:WardOff+1"],"picked":"Singing Bowl","floor":35.0},{"not_picked":["theMarked:ResourceFulStrike","theMarked:Generate+1","theMarked:WastefulDefense+1"],"picked":"Singing Bowl","floor":36.0},{"not_picked":["theMarked:TwofoldDefense+1","theMarked:Polarize+1"],"picked":"theMarked:Parry+1","floor":38.0},{"not_picked":["theMarked:ElectricStrings+1","theMarked:BanishingStrike+1","theMarked:DeterminationOfTheMarked+1"],"picked":"Singing Bowl","floor":41.0},{"not_picked":["theMarked:Frustration+1","theMarked:Improvise+1"],"picked":"theMarked:TwofoldDefense+1","floor":42.0},{"not_picked":["theMarked:TakeCover+1","theMarked:HeritageOfTheMarked+1","theMarked:EnhanceMovement+1"],"picked":"Singing Bowl","floor":45.0},{"not_picked":["theMarked:PowerFlow+1","theMarked:ResourceFulStrike+1","theMarked:LightningStrikesTwice+1"],"picked":"Singing Bowl","floor":46.0},{"not_picked":["theMarked:BanishingStrike","theMarked:Parry+1"],"picked":"theMarked:SoldierForm+1","floor":47.0}],"player_experience":598255,"relics_obtained":[{"floor":6.0,"key":"Toxic Egg 2"},{"floor":9.0,"key":"Mango"},{"floor":12.0,"key":"Smiling Mask"},{"floor":24.0,"key":"Singing Bowl"},{"floor":29.0,"key":"Ancient Tea Set"},{"floor":31.0,"key":"Frozen Egg 2"},{"floor":42.0,"key":"Shuriken"},{"floor":43.0,"key":"Potion Belt"},{"floor":47.0,"key":"Dead Branch"}],"event_choices":[{"damage_healed":0.0,"max_hp_gain":0.0,"max_hp_loss":0.0,"gold_gain":0.0,"event_name":"Shining Light","player_choice":"Entered Light","floor":5.0,"gold_loss":0.0,"damage_taken":14.0,"cards_upgraded":["theMarked:Strike","theMarked:Defend"]},{"damage_healed":0.0,"max_hp_gain":0.0,"max_hp_loss":0.0,"gold_gain":0.0,"event_name":"Addict","player_choice":"Obtained Relic","floor":25.0,"gold_loss":85.0,"damage_taken":0.0,"relics_obtained":["Nunchaku"]},{"cards_removed":["theMarked:Strike"],"damage_healed":0.0,"max_hp_gain":0.0,"max_hp_loss":0.0,"gold_gain":0.0,"event_name":"Back to Basics","player_choice":"Elegance","floor":30.0,"gold_loss":0.0,"damage_taken":0.0},{"damage_healed":0.0,"max_hp_gain":0.0,"max_hp_loss":0.0,"gold_gain":0.0,"event_name":"Duplicator","player_choice":"Copied","floor":37.0,"gold_loss":0.0,"damage_taken":0.0,"cards_obtained":["Master of Strategy"]},{"damage_healed":0.0,"max_hp_gain":0.0,"max_hp_loss":0.0,"gold_gain":0.0,"event_name":"The Woman in Blue","player_choice":"Bought 0 Potions","floor":39.0,"gold_loss":0.0,"damage_taken":0.0}],"is_beta":false,"boss_relics":[{"not_picked":["Philosopher\u0027s Stone","Calling Bell"],"picked":"theMarked:SpiritSword"},{"not_picked":["Snecko Eye","Astrolabe"],"picked":"Runic Pyramid"}],"items_purged_floors":[8],"is_endless":false,"potions_floor_spawned":[2,3,12,13,24,28,33,35,42,45],"killed_by":"Writhing Mass","ascension_level":1}}