{"host":"5fpb1gzflhq9886n","time":1611369337,"event":{"mods":["AchievementEnabler","BaseMod","Colored Map","Colored Powertips","Minty Spire (QoL Compilation)","Permanent Neow"],"gold_per_floor":[109,124,141,141,141,166,178,178,178,178,178,178],"floor_reached":11,"language":"ENG","playtime":724,"items_purged":[],"score":113,"play_id":"b057ce55-054c-4c04-b297-e9247e4261ee","local_time":"20210122213537","is_ascension_mode":true,"campfire_choices":[{"floor":8,"key":"REST"},{"floor":10,"key":"REST"}],"circlet_count":0,"master_deck":["Strike_G","Strike_G","Strike_G","Strike_G","Strike_G","Defend_G","Defend_G","Defend_G","Defend_G","Defend_G","Survivor","Neutralize","Injury","Footwork","PiercingWail","Well Laid Plans","Blur","Wraith Form v2"],"relics":["Ring of the Snake","Mango","Turnip","Kunai"],"acts_visited":["Exordium"],"potions_floor_usage":[2,6],"damage_taken":[{"damage":0,"enemies":"2 Louse","floor":1,"turns":4},{"damage":2,"enemies":"Jaw Worm","floor":2,"turns":7},{"damage":5,"enemies":"Cultist","floor":3,"turns":6},{"damage":36,"enemies":"Gremlin Nob","floor":6,"turns":6},{"damage":23,"enemies":"Lots of Slimes","floor":7,"turns":8},{"damage":79,"enemies":"Lagavulin","floor":11,"turns":17}],"seed_played":"-2658682436241592059","potions_obtained":[{"floor":2,"key":"Fruit Juice"},{"floor":3,"key":"AttackPotion"}],"is_trial":false,"path_per_floor":["M","M","M","?","?","E","M","R","T","R","E"],"character_chosen":"THE_SILENT","items_purchased":[],"campfire_rested":2,"item_purchase_floors":[],"current_hp_per_floor":[84,87,82,82,82,46,23,49,49,75,0,0],"gold":178,"neow_bonus":"ONE_RARE_RELIC","is_daily":false,"chose_seed":false,"campfire_upgraded":0,"win_rate":0.0,"timestamp":1611369337,"path_taken":["M","M","M","?","?","E","M","R","T","R","E"],"items_purchased_type":[],"build_version":"2020-12-22","purchased_purges":0,"victory":false,"max_hp_per_floor":[84,89,89,89,89,89,89,89,89,89,89,89],"card_choices":[{"not_picked":["Dodge and Roll","Poisoned Stab"],"picked":"Footwork","floor":1},{"not_picked":["Infinite Blades","Flying Knee"],"picked":"PiercingWail","floor":2},{"not_picked":["Acrobatics","Blade Dance"],"picked":"Well Laid Plans","floor":3},{"not_picked":["Bane","Dagger Throw"],"picked":"Blur","floor":6},{"not_picked":["Backflip","Quick Slash"],"picked":"Wraith Form v2","floor":7}],"player_experience":747307,"relics_obtained":[{"floor":6,"key":"Turnip"},{"floor":9,"key":"Kunai"}],"event_choices":[{"damage_healed":0,"gold_gain":0,"player_choice":"Ignored","damage_taken":0,"max_hp_gain":0,"max_hp_loss":0,"event_name":"Shining Light","floor":4,"gold_loss":0},{"damage_healed":0,"gold_gain":0,"player_choice":"Ignored","damage_taken":0,"max_hp_gain":0,"max_hp_loss":0,"event_name":"Liars Game","floor":5,"gold_loss":0}],"is_beta":false,"boss_relics":[],"items_purged_floors":[],"is_endless":false,"potions_floor_spawned":[2,3],"killed_by":"Lagavulin","ascension_level":4}}