{"host":"39i3emxub3h8uyq3","time":1611434046,"event":{"mods":["AchievementEnabler","BaseMod","Clockwork Mod","Colored Map","Downfall","Glutton Mod","Gold Saver","Minty Spire (QoL Compilation)","StSLib","TheHeartMod"],"gold_per_floor":[746,475,475,494,509,537,551,551,574,574,589,603,365,365,365,469,469,489,113,132,132,146,146,177,177,177,177,177,206,216,68,68,168,168,180,180,192,202,77,77,87,87,87,87,101,101,119,96,96,96,96],"floor_reached":50,"language":"ENG","playtime":3038,"items_purged":["downfall:Bewildered"],"score":507,"play_id":"d00b9c7a-9111-4187-a2de-803c1612873d","local_time":"20210123153406","is_ascension_mode":false,"campfire_choices":[{"floor":8,"key":"REST"},{"data":"Armaments","floor":10,"key":"SMITH"},{"data":"Metallicize","floor":15,"key":"SMITH"},{"floor":23,"key":"REST"},{"floor":32,"key":"REST"},{"floor":40,"key":"REST"},{"floor":42,"key":"REST"},{"data":"Anger","floor":44,"key":"SMITH"},{"data":"Whirlwind","floor":49,"key":"SMITH"}],"circlet_count":0,"master_deck":["Strike_R","Strike_R","Strike_R","Strike_R","Strike_R","Defend_R+1","Defend_R","Defend_R","Defend_R+1","Bash","Cleave","Armaments+1","Whirlwind+1","Combust","Anger+1","Heavy Blade","Thunderclap","Uppercut","Heavy Blade","Metallicize+1","Feed","Heavy Blade","Intimidate","Uppercut","Infernal Blade","Immolate+1","Flame Barrier","Headbutt+1","Corruption","Clothesline+1","Juggernaut","Anger+1","Shrug It Off","Perfected Strike+1","Carnage+1","Clothesline","Anger"],"relics":["Black Blood","Medical Kit","Vajra","Anchor","Bag of Preparation","War Paint","Boot","bronze:MakeshiftBattery","Regal Pillow","PreservedInsect","Nunchaku","sneckomod:BabySnecko","Bag of Marbles","Pantograph","Ancient Tea Set","Bronze Scales","Kunai","Letter Opener"],"acts_visited":["Exordium","TheCity","TheBeyond"],"potions_floor_usage":[16,16,16,33,33,41,41],"damage_taken":[{"damage":1,"enemies":"Cultist","floor":1,"turns":3},{"damage":1,"enemies":"Jaw Worm","floor":4,"turns":4},{"damage":6,"enemies":"Small Slimes","floor":5,"turns":3},{"damage":29,"enemies":"Gremlin Nob","floor":6,"turns":4},{"damage":0,"enemies":"3 Louse","floor":7,"turns":1},{"damage":3,"enemies":"Gremlin Gang","floor":11,"turns":2},{"damage":12,"enemies":"Blue Slaver","floor":12,"turns":3},{"damage":73,"enemies":"The Guardian","floor":16,"turns":12},{"damage":21,"enemies":"2 Thieves","floor":18,"turns":3},{"damage":0,"enemies":"Chosen","floor":20,"turns":4},{"damage":29,"enemies":"Shelled Parasite and Fungi","floor":22,"turns":5},{"damage":25,"enemies":"Book of Stabbing","floor":24,"turns":4},{"damage":27,"enemies":"Gremlin Leader","floor":29,"turns":4},{"damage":5,"enemies":"Snake Plant","floor":30,"turns":2},{"damage":78,"enemies":"Automaton","floor":33,"turns":10},{"damage":19,"enemies":"3 Shapes","floor":35,"turns":5},{"damage":0,"enemies":"Orb Walker","floor":37,"turns":2},{"damage":26,"enemies":"Sphere and 2 Shapes","floor":38,"turns":5},{"damage":19,"enemies":"3 Darklings","floor":41,"turns":3},{"damage":14,"enemies":"Maw","floor":45,"turns":8},{"damage":0,"enemies":"4 Shapes","floor":47,"turns":1},{"damage":125,"enemies":"Awakened One","floor":50,"turns":9}],"seed_played":"-2825869646369032079","potions_obtained":[{"floor":4,"key":"Fire Potion"},{"floor":11,"key":"Weak Potion"},{"floor":12,"key":"Weak Potion"},{"floor":16,"key":"ElixirPotion"},{"floor":22,"key":"Weak Potion"},{"floor":24,"key":"DistilledChaos"},{"floor":30,"key":"AttackPotion"},{"floor":35,"key":"EntropicBrew"},{"floor":47,"key":"DistilledChaos"}],"is_trial":false,"path_per_floor":["M","$","T","M","M","E","M","R","T","R","M","M","$","?","R","B",null,"M","$","M","$","M","R","E","?","T","T","?","E","M","$","R","B",null,"M","?","M","M","$","R","M","R","T","R","M","?","M","$","R","B"],"character_chosen":"IRONCLAD","items_purchased":["Medical Kit","Armaments","Whirlwind","Metallicize","War Paint","Regal Pillow","PreservedInsect","Intimidate","Bronze Scales","Shrug It Off","Anger"],"campfire_rested":5,"item_purchase_floors":[2,2,2,13,13,19,19,19,31,39,48],"current_hp_per_floor":[88,88,88,88,88,65,71,88,88,88,88,82,82,82,82,15,88,76,76,82,82,59,91,72,72,72,72,72,51,52,52,91,19,91,84,84,91,77,77,91,84,91,91,91,89,89,91,91,91,0,0],"gold":96,"neow_bonus":"TEN_PERCENT_HP_BONUS","is_daily":false,"chose_seed":false,"campfire_upgraded":4,"win_rate":0.0,"timestamp":1611434046,"path_taken":["M","$","?","M","M","E","M","R","T","R","M","?","$","?","R","BOSS","M","$","M","?","M","R","E","?","T","?","?","E","?","$","R","BOSS","M","?","M","M","$","R","?","R","T","R","M","?","M","$","R","BOSS"],"items_purchased_type":["Relic","Card","Card","Card","Relic","Relic","Relic","Card","Relic","Card","Card"],"build_version":"2020-12-22","purchased_purges":1,"victory":false,"max_hp_per_floor":[88,88,88,88,88,88,88,88,88,88,88,88,88,88,88,88,88,91,91,91,91,91,91,91,91,91,91,91,91,91,91,91,91,91,91,91,91,91,91,91,91,91,91,91,91,91,91,91,91,91,91],"card_choices":[{"not_picked":["Iron Wave","Intimidate"],"picked":"Cleave","floor":1},{"not_picked":["Clash","Bloodletting"],"picked":"Combust","floor":4},{"not_picked":["Evolve","Iron Wave"],"picked":"Anger","floor":5},{"not_picked":["Combust","Feel No Pain"],"picked":"Heavy Blade","floor":6},{"not_picked":["Perfected Strike","Battle Trance"],"picked":"Thunderclap","floor":7},{"not_picked":["Feed","Whirlwind"],"picked":"Uppercut","floor":11},{"not_picked":["Flex","True Grit"],"picked":"Heavy Blade","floor":12},{"not_picked":["Brutality","Reaper"],"picked":"Feed","floor":16},{"not_picked":["Bloodletting+1","True Grit+1"],"picked":"Heavy Blade","floor":18},{"not_picked":["Warcry","Clash+1"],"picked":"Uppercut","floor":20},{"not_picked":["Twin Strike","Wild Strike"],"picked":"Infernal Blade","floor":22},{"not_picked":["Iron Wave","Pommel Strike"],"picked":"Immolate","floor":24},{"not_picked":["Rage","Thunderclap"],"picked":"Flame Barrier","floor":29},{"not_picked":["Rupture+1","Shrug It Off"],"picked":"Headbutt+1","floor":30},{"not_picked":["Offering","Fiend Fire"],"picked":"Corruption","floor":33},{"not_picked":["Twin Strike+1","Anger+1"],"picked":"Clothesline+1","floor":35},{"not_picked":["Heavy Blade+1","Body Slam+1"],"picked":"Juggernaut","floor":37},{"not_picked":["Burning Pact","Rupture+1"],"picked":"Anger+1","floor":38},{"not_picked":["Battle Trance","Second Wind"],"picked":"Perfected Strike+1","floor":41},{"not_picked":["Whirlwind","Infernal Blade"],"picked":"Carnage+1","floor":45},{"not_picked":["Iron Wave","Headbutt"],"picked":"Clothesline","floor":47}],"player_experience":26486,"relics_obtained":[{"floor":3,"key":"Vajra"},{"floor":6,"key":"Anchor"},{"floor":9,"key":"Bag of Preparation"},{"floor":14,"key":"Boot"},{"floor":24,"key":"Nunchaku"},{"floor":26,"key":"Bag of Marbles"},{"floor":27,"key":"Pantograph"},{"floor":29,"key":"Ancient Tea Set"},{"floor":43,"key":"Letter Opener"}],"event_choices":[{"damage_healed":0,"gold_gain":0,"player_choice":"Relic","damage_taken":0,"max_hp_gain":0,"max_hp_loss":0,"event_name":"Wheel of Change","floor":14,"gold_loss":0},{"damage_healed":0,"gold_gain":0,"player_choice":"Upgraded","damage_taken":0,"max_hp_gain":0,"max_hp_loss":0,"event_name":"Upgrade Shrine","floor":28,"gold_loss":0,"cards_upgraded":["Immolate"]},{"damage_healed":0,"gold_gain":0,"player_choice":"Gave Potion","damage_taken":0,"relics_obtained":["Kunai"],"max_hp_gain":0,"max_hp_loss":0,"event_name":"WeMeetAgain","floor":36,"gold_loss":0},{"damage_healed":0,"gold_gain":0,"player_choice":"Ignored","damage_taken":0,"max_hp_gain":0,"max_hp_loss":0,"event_name":"Mysterious Sphere","floor":46,"gold_loss":0}],"is_beta":false,"boss_relics":[{"not_picked":["Cursed Key","Mark of Pain"],"picked":"bronze:MakeshiftBattery"},{"not_picked":["SlaversCollar","Fusion Hammer"],"picked":"Black Blood"}],"items_purged_floors":[39],"is_endless":false,"potions_floor_spawned":[4,11,12,16,22,24,30,35,47],"killed_by":"Awakened One","ascension_level":0}}