{"host":"f0dbpmn0khgeoqc0","time":1611363938,"event":{"mods":["2.2 Compatiblity","A Penny For Your Troubles","AchievementEnabler","Act Like it!","Ascension Unlocker","Aspiration","BaseMod","Better Altar","Better Match","Better Sensory Stone","Better Skull","Better Third Choice","BetterRewards","Block Reminder","Colored Map","Colored Powertips","Conspire","DNKmod","Disable Question Mark Monsters","Displayed Cursed Tome","Downfall","Evolution","Friendly Minions","Hermit","Highlight Path","Humility","Infinite Spire","Jorbs\u0027s Wanderer Trilogy","Koishi","Marisa????????","Minty Spire (QoL Compilation)","MostiFishMod","Permanent Neow","Random Character Button","Relic Filter","Relic Stats","Spicy Shops","Spire Arcade","StSLib","Td1madao Mod","The Gatherer","Treasure Hunter","Wandering Minibosses","??????REMEMod"],"gold_per_floor":[427,427,427,446,288,313,110,140,140,140,150,150,166,182,182,284,284,297,297,315,24,25,25,25],"floor_reached":22,"language":"ENG","playtime":1470,"items_purged":[],"score":281,"play_id":"bb10ccf7-3087-4b6c-b5f8-c7ea33a36355","local_time":"20210122200538","is_ascension_mode":true,"campfire_choices":[{"data":"bronze:Shell","floor":10,"key":"SMITH"},{"data":"bronze:SpaghettiCode","floor":12,"key":"SMITH"},{"data":"bronze:Iterate","floor":15,"key":"SMITH"}],"circlet_count":0,"master_deck":["bronze:Strike","bronze:Strike","bronze:Strike","bronze:Strike","bronze:Defend","bronze:Defend","bronze:Defend","bronze:Defend","bronze:Replicate","bronze:Goto","MostiFishMod:Dust+1","bronze:Branch","bronze:DelayedSlice","bronze:Shell+1","bronze:Overheat","TH:TreasureMap","bronze:AlphaBuild","bronze:DelayedGuard","bronze:Iterate+1","bronze:NullPointer","TH:CopperCoins","bronze:SpaghettiCode+1","TH:DeckOfManyThings","bronze:CloningBeam","bronze:WhirlingStrike","bronze:FollowUp","TH:CopperCoins","bronze:Virus","bronze:Deprecate+1","bronze:FineTuning","bronze:BronzeOrb","bronze:Frontload"],"relics":["bronze:BronzeCore","EVO:Axolotl","DaveBox","REME_ComplimentaryCards","Old Coin","NeowsBlessing","SynthV:TestCard","aspiration:SeaSaltIceCream","Pear","Centennial Puzzle","infinitespire:WardingShard","Sozu","Boot","HaiYi:Twilight"],"acts_visited":["Exordium","TheCity"],"potions_floor_usage":[11],"damage_taken":[{"damage":0,"enemies":"Small Slimes","floor":1,"turns":1},{"damage":0,"enemies":"Jaw Worm","floor":4,"turns":1},{"damage":0,"enemies":"Lagavulin","floor":6,"turns":1},{"damage":0,"enemies":"Gremlin Nob","floor":8,"turns":3},{"damage":0,"enemies":"Cultist","floor":11,"turns":6},{"damage":7,"enemies":"Exordium Wildlife","floor":13,"turns":2},{"damage":2,"enemies":"Blue Slaver","floor":14,"turns":4},{"damage":55,"enemies":"Hexaghost","floor":16,"turns":9},{"damage":3,"enemies":"Shell Parasite","floor":18,"turns":5},{"damage":6,"enemies":"Spheric Guardian","floor":20,"turns":5},{"damage":76,"enemies":"Shelled Parasite and Fungi","floor":22,"turns":10}],"seed_played":"8800425290817269949","potions_obtained":[{"floor":1,"key":"Strength Potion"},{"floor":8,"key":"EssenceOfSteel"}],"is_trial":false,"path_per_floor":["M","?","?","M","$","E","$","E","T","R","M","R","M","M","R","B",null,"M","AVR","M","$","M"],"character_chosen":"THE_AUTOMATON","items_purchased":["bronze:Shell","bronze:Overheat","bronze:DelayedGuard","bronze:Iterate","bronze:NullPointer","bronze:BronzeOrb","bronze:Frontload"],"campfire_rested":0,"item_purchase_floors":[5,5,7,7,7,21,21],"current_hp_per_floor":[70,70,75,75,75,85,85,85,85,85,85,85,78,76,76,21,85,82,82,76,76,0,0,0],"gold":25,"neow_bonus":"THREE_ENEMY_KILL","is_daily":false,"chose_seed":false,"campfire_upgraded":3,"win_rate":0.0,"timestamp":1611363938,"path_taken":["M","?","?","M","?","E","$","E","T","R","M","R","M","?","R","BOSS","M","AVR","M","$","M"],"items_purchased_type":["Card","Card","Card","Card","Card","Card","Card"],"build_version":"2020-12-22","purchased_purges":0,"victory":false,"max_hp_per_floor":[70,70,75,75,75,85,85,85,85,85,85,85,85,85,85,85,85,85,85,85,85,85,85,85],"relic_stats":{"Sozu":1,"Centennial Puzzle":[18],"counters":[11,47],"Boot":[7],"obtain_stats":[{"bronze:BronzeCore":0,"Pear":6,"DaveBox":0,"NeowsBlessing":0,"EVO:Axolotl":0,"aspiration:SeaSaltIceCream":6,"Boot":19,"Old Coin":0,"Sozu":17,"Centennial Puzzle":8,"SynthV:TestCard":1,"infinitespire:WardingShard":9,"HaiYi:Twilight":19,"REME_ComplimentaryCards":0},{"bronze:BronzeCore":0,"Pear":3,"DaveBox":0,"NeowsBlessing":0,"EVO:Axolotl":0,"aspiration:SeaSaltIceCream":3,"Boot":9,"Old Coin":0,"Sozu":8,"Centennial Puzzle":4,"SynthV:TestCard":1,"infinitespire:WardingShard":4,"HaiYi:Twilight":9,"REME_ComplimentaryCards":0},{"bronze:BronzeCore":0,"Pear":3,"DaveBox":0,"NeowsBlessing":0,"EVO:Axolotl":0,"aspiration:SeaSaltIceCream":3,"Boot":32,"Old Coin":0,"Sozu":27,"Centennial Puzzle":6,"SynthV:TestCard":1,"infinitespire:WardingShard":6,"HaiYi:Twilight":32,"REME_ComplimentaryCards":0}]},"card_choices":[{"not_picked":["bronze:OilSpill","bronze:BugBarrage"],"picked":"bronze:Branch","floor":1},{"not_picked":["bronze:NullPointer","bronze:BitShift","bronze:ItsAFeature","bronze:Invalidate"],"picked":"bronze:DelayedSlice","floor":4},{"not_picked":["TH:BikiniMail","TH:EnergyPotion","TH:ArmorSpikes"],"picked":"TH:TreasureMap","floor":6},{"not_picked":["bronze:BronzeArmor","bronze:DarkDash","bronze:WhirlingStrike","bronze:Deprecate"],"picked":"bronze:AlphaBuild","floor":6},{"not_picked":["TH:DeckOfManyThings","TH:ArmorSpikes","TH:TreasureMap"],"picked":"TH:CopperCoins","floor":8},{"not_picked":["bronze:WhirlingStrike","bronze:BuggyMess","bronze:MaxOutput","bronze:Frontload"],"picked":"bronze:SpaghettiCode","floor":8},{"not_picked":["TH:ElvenBoots","TH:ArmorSpikes","TH:PixieDust"],"picked":"TH:DeckOfManyThings","floor":9},{"not_picked":["bronze:Shell","bronze:WildBeam","bronze:Branch","bronze:Invalidate"],"picked":"bronze:CloningBeam","floor":11},{"not_picked":["bronze:WildBeam","bronze:ItsAFeature","bronze:OilSpill","bronze:Shield"],"picked":"bronze:WhirlingStrike","floor":13},{"not_picked":["bronze:OilSpill","bronze:WildBeam","bronze:Philosophize","bronze:NullPointer"],"picked":"bronze:FollowUp","floor":14},{"not_picked":["TH:PixieDust","TH:ArmorSpikes","TH:BikiniMail"],"picked":"TH:CopperCoins","floor":16},{"not_picked":["bronze:HardenedForm","bronze:Break","bronze:CleanCode","bronze:BurnOut"],"picked":"bronze:Virus","floor":16},{"not_picked":["bronze:OilSpill","bronze:WhirlingStrike","bronze:Iterate","bronze:Safeguard"],"picked":"bronze:Deprecate+1","floor":18},{"not_picked":["bronze:DelayedSlice","bronze:Turbo","bronze:FollowUp","bronze:BugBarrage"],"picked":"bronze:FineTuning","floor":20}],"player_experience":567785,"relics_obtained":[{"floor":1,"key":"SynthV:TestCard"},{"floor":6,"key":"aspiration:SeaSaltIceCream"},{"floor":8,"key":"Centennial Puzzle"},{"floor":9,"key":"infinitespire:WardingShard"}],"event_choices":[{"damage_healed":0,"gold_gain":0,"player_choice":"Grow","damage_taken":0,"max_hp_gain":0,"max_hp_loss":0,"event_name":"Living Wall","floor":2,"gold_loss":0,"cards_upgraded":["MostiFishMod:Dust"]},{"damage_healed":0,"gold_gain":0,"player_choice":"Donut","damage_taken":0,"max_hp_gain":5,"max_hp_loss":0,"event_name":"Big Fish","floor":3,"gold_loss":0}],"is_beta":false,"boss_relics":[{"not_picked":["Runic Pyramid","Empty Cage"],"picked":"Sozu"}],"items_purged_floors":[],"is_endless":false,"potions_floor_spawned":[1,8,20],"killed_by":"Shelled Parasite and Fungi","ascension_level":1}}