{"host":"v3mpq6flurzldi5g","time":1611429318,"event":{"mods":["AchievementEnabler","BaseMod","Colored Powertips","Highlight Path","Minty Spire (QoL Compilation)","StSLib"],"gold_per_floor":[112,131,131,147,222,222,232,232,304,364,364,60,71,89,89,190,190,204,204,204],"floor_reached":19,"language":"ENG","playtime":758,"items_purged":[],"score":246,"play_id":"e17d201a-2f82-49dc-88a8-f270daef9ac4","local_time":"20210123141518","is_ascension_mode":true,"campfire_choices":[{"floor":6,"key":"REST"},{"floor":8,"key":"REST"},{"floor":11,"key":"REST"},{"floor":15,"key":"REST"}],"circlet_count":0,"master_deck":["AscendersBane","Strike_B","Strike_B","Strike_B","Strike_B","Defend_B","Defend_B","Defend_B","Defend_B","Zap","Dualcast","Loop","Reinforced Body","Gash","Capacitor","Ball Lightning","Doom and Gloom","Loop","Seek","Redo","Buffer"],"relics":["Cracked Core","Bag of Preparation","Darkstone Periapt","InkBottle","PreservedInsect","Orrery","SlaversCollar"],"acts_visited":["Exordium","TheCity"],"potions_floor_usage":[10,19,19],"damage_taken":[{"damage":0,"enemies":"Small Slimes","floor":1,"turns":3},{"damage":13,"enemies":"Jaw Worm","floor":2,"turns":4},{"damage":2,"enemies":"2 Louse","floor":4,"turns":4},{"damage":39,"enemies":"Lots of Slimes","floor":7,"turns":5},{"damage":24,"enemies":"Lagavulin Event","floor":10,"turns":5},{"damage":12,"enemies":"Exordium Wildlife","floor":13,"turns":2},{"damage":10,"enemies":"Looter","floor":14,"turns":4},{"damage":33,"enemies":"Slime Boss","floor":16,"turns":7},{"damage":2,"enemies":"Chosen","floor":18,"turns":6},{"damage":75,"enemies":"Masked Bandits","floor":19,"turns":4}],"seed_played":"198558968206872219","potions_obtained":[{"floor":2,"key":"PotionOfCapacity"},{"floor":7,"key":"Strength Potion"},{"floor":13,"key":"GamblersBrew"},{"floor":16,"key":"Dexterity Potion"},{"floor":18,"key":"Dexterity Potion"}],"is_trial":false,"path_per_floor":["M","M","?","M","?","R","M","R","T","?","R","$","M","M","R","B",null,"M","?"],"character_chosen":"DEFECT","items_purchased":["PreservedInsect","Orrery"],"campfire_rested":4,"item_purchase_floors":[12,12],"current_hp_per_floor":[75,62,55,53,42,66,27,51,51,27,51,51,39,29,53,20,67,65,0,0],"gold":204,"neow_bonus":"TEN_PERCENT_HP_BONUS","is_daily":false,"chose_seed":false,"campfire_upgraded":0,"win_rate":0.0,"timestamp":1611429318,"path_taken":["M","M","?","M","?","R","M","R","T","?","R","$","M","M","R","BOSS","M","?"],"items_purchased_type":["Relic","Relic"],"build_version":"2020-12-22","purchased_purges":0,"victory":false,"max_hp_per_floor":[82,82,82,82,82,82,82,82,82,82,82,82,82,82,82,82,82,82,82,82],"card_choices":[{"not_picked":["Streamline","Sweeping Beam"],"picked":"Loop","floor":1},{"not_picked":["Gash","Cold Snap"],"picked":"Reinforced Body","floor":2},{"not_picked":["Steam","FTL"],"picked":"Gash","floor":4},{"not_picked":["Coolheaded","Force Field","Scrape"],"picked":"SKIP","floor":7},{"not_picked":["Conserve Battery","Skim"],"picked":"Capacitor","floor":10},{"not_picked":["Reinforced Body","Aggregate"],"picked":"Ball Lightning","floor":12},{"not_picked":["Tempest","Chill"],"picked":"Doom and Gloom","floor":12},{"not_picked":["Compile Driver","Go for the Eyes"],"picked":"Loop","floor":12},{"not_picked":["Coolheaded","Cold Snap"],"picked":"Seek","floor":12},{"not_picked":["Steam","Stack"],"picked":"Redo","floor":12},{"not_picked":["Skim","Undo","Steam"],"picked":"SKIP","floor":13},{"not_picked":["Compile Driver","Streamline","Recycle"],"picked":"SKIP","floor":14},{"not_picked":["All For One","Amplify"],"picked":"Buffer","floor":16},{"not_picked":["Compile Driver","Hologram","Heatsinks"],"picked":"SKIP","floor":18}],"player_experience":1008559,"relics_obtained":[{"floor":9,"key":"Darkstone Periapt"},{"floor":10,"key":"InkBottle"}],"event_choices":[{"damage_healed":0,"gold_gain":0,"player_choice":"Success","damage_taken":7,"relics_obtained":["Bag of Preparation"],"max_hp_gain":0,"max_hp_loss":0,"event_name":"Scrap Ooze","floor":3,"gold_loss":0},{"damage_healed":0,"gold_gain":75,"player_choice":"Gather Gold","damage_taken":11,"max_hp_gain":0,"max_hp_loss":0,"event_name":"World of Goop","floor":5,"gold_loss":0},{"damage_healed":0,"gold_gain":0,"player_choice":"Searched \u00271\u0027 times","damage_taken":0,"max_hp_gain":0,"max_hp_loss":0,"event_name":"Dead Adventurer","floor":10,"gold_loss":0},{"damage_healed":0,"gold_gain":0,"player_choice":"Fought Bandits","damage_taken":0,"max_hp_gain":0,"max_hp_loss":0,"event_name":"Masked Bandits","floor":19,"gold_loss":0}],"is_beta":false,"boss_relics":[{"not_picked":["Tiny House","SacredBark"],"picked":"SlaversCollar"}],"items_purged_floors":[],"is_endless":false,"potions_floor_spawned":[2,7,13,14,16,18],"killed_by":"Masked Bandits","ascension_level":11}}