{"host":"5mo0809oo9tcrmpl","time":1611439528,"event":{"mods":["BaseMod","Highlight Path","Minty Spire (QoL Compilation)","Relic Stats","Slay the Relics Exporter"],"gold_per_floor":[119,119,137,151,169,169,199,199,199,227,240,240,283,42,42,138,138,154,154,203,203,224,267,292,323,391,411,430,466,381,415,415,509,509,532,550,550,56,56,56,91,91,91,106,124,165,165,179,179,179,179,179,179,22,58,58],"floor_reached":57,"language":"ENG","playtime":4559,"items_purged":["Strike_B"],"score":3070,"play_id":"373711c2-0e52-48a1-aedb-ef8b81443a28","local_time":"20210123160528","is_ascension_mode":true,"campfire_choices":[{"data":"Loop","floor":6.0,"key":"SMITH"},{"data":"Defragment","floor":8.0,"key":"SMITH"},{"data":"Buffer","floor":15.0,"key":"SMITH"},{"data":"Buffer","floor":32.0,"key":"SMITH"},{"data":"Loop","floor":40.0,"key":"SMITH"},{"data":"Go for the Eyes","floor":42.0,"key":"SMITH"},{"floor":47.0,"key":"RECALL"},{"data":"Loop","floor":49.0,"key":"SMITH"},{"data":"Creative AI","floor":53.0,"key":"SMITH"}],"circlet_count":0,"master_deck":["AscendersBane","Strike_B+1","Strike_B+1","Strike_B+1","Defend_B+1","Defend_B+1","Defend_B+1","Defend_B+1","Zap+1","Dualcast","Loop+1","Glacier","Go for the Eyes+1","Coolheaded","Defragment+1","Self Repair","Ball Lightning+1","Buffer+1","Buffer+1","Electrodynamics","Heatsinks","Decay","Turbo+1","Coolheaded+1","Loop+1","Double Energy+1","Creative AI+1","Core Surge","Coolheaded+1","Loop+1","White Noise+1","Conserve Battery+1"],"relics":["Cracked Core","Tiny Chest","Orichalcum","Mummified Hand","Incense Burner","Golden Idol","Toxic Egg 2","Runic Pyramid","Whetstone","Ornamental Fan","MealTicket","Bottled Lightning","Bag of Marbles","The Courier","Potion Belt","Coffee Dripper","ClockworkSouvenir","Anchor","Lizard Tail","Bottled Tornado","StrikeDummy","Molten Egg 2","Toy Ornithopter","Happy Flower"],"acts_visited":["Exordium","TheCity","TheBeyond","TheEnding"],"potions_floor_usage":[56,56],"damage_taken":[{"damage":7.0,"enemies":"Jaw Worm","floor":1.0,"turns":3.0},{"damage":5.0,"enemies":"Small Slimes","floor":3.0,"turns":3.0},{"damage":0.0,"enemies":"Cultist","floor":4.0,"turns":4.0},{"damage":0.0,"enemies":"Looter","floor":5.0,"turns":3.0},{"damage":30.0,"enemies":"Gremlin Nob","floor":7.0,"turns":4.0},{"damage":6.0,"enemies":"Lagavulin","floor":10.0,"turns":8.0},{"damage":0.0,"enemies":"Large Slime","floor":11.0,"turns":6.0},{"damage":2.0,"enemies":"Gremlin Nob","floor":13.0,"turns":3.0},{"damage":0.0,"enemies":"Slime Boss","floor":16.0,"turns":16.0},{"damage":0.0,"enemies":"Spheric Guardian","floor":18.0,"turns":4.0},{"damage":0.0,"enemies":"Shell Parasite","floor":22.0,"turns":4.0},{"damage":13.0,"enemies":"Book of Stabbing","floor":23.0,"turns":6.0},{"damage":0.0,"enemies":"Cultist and Chosen","floor":24.0,"turns":6.0},{"damage":14.0,"enemies":"Slavers","floor":25.0,"turns":3.0},{"damage":0.0,"enemies":"Sentry and Sphere","floor":27.0,"turns":5.0},{"damage":0.0,"enemies":"3 Cultists","floor":28.0,"turns":3.0},{"damage":0.0,"enemies":"Gremlin Leader","floor":29.0,"turns":6.0},{"damage":4.0,"enemies":"Book of Stabbing","floor":31.0,"turns":6.0},{"damage":4.0,"enemies":"Champ","floor":33.0,"turns":14.0},{"damage":3.0,"enemies":"3 Shapes","floor":35.0,"turns":4.0},{"damage":3.0,"enemies":"Orb Walker","floor":36.0,"turns":4.0},{"damage":6.0,"enemies":"Reptomancer","floor":41.0,"turns":7.0},{"damage":0.0,"enemies":"Transient","floor":44.0,"turns":6.0},{"damage":2.0,"enemies":"Writhing Mass","floor":45.0,"turns":6.0},{"damage":0.0,"enemies":"Nemesis","floor":46.0,"turns":7.0},{"damage":0.0,"enemies":"4 Shapes","floor":48.0,"turns":3.0},{"damage":43.0,"enemies":"Awakened One","floor":50.0,"turns":23.0},{"damage":0.0,"enemies":"Time Eater","floor":51.0,"turns":12.0},{"damage":0.0,"enemies":"Shield and Spear","floor":55.0,"turns":11.0},{"damage":46,"enemies":"The Heart","floor":56,"turns":10}],"seed_played":"4352646633826139350","potions_obtained":[{"floor":1.0,"key":"ColorlessPotion"},{"floor":3.0,"key":"SneckoOil"},{"floor":7.0,"key":"Explosive Potion"},{"floor":13.0,"key":"Block Potion"},{"floor":16.0,"key":"BlessingOfTheForge"},{"floor":24.0,"key":"SkillPotion"},{"floor":27.0,"key":"GamblersBrew"},{"floor":36.0,"key":"SpeedPotion"},{"floor":45.0,"key":"EntropicBrew"},{"floor":48.0,"key":"Ancient Potion"}],"is_trial":false,"path_per_floor":["M","?","M","M","M","R","E","R","T","E","M","?","E","$","R","B",null,"M","?","T","?","M","E","M","E","T","M","M","E","?","E","R","B",null,"M","M","?","$","T","R","E","R","T","M","M","E","R","M","R","B","B",null,"R","$","E","B",null],"character_chosen":"DEFECT","items_purchased":["Buffer","ClockworkSouvenir","Anchor","Lizard Tail","Toy Ornithopter","White Noise+1"],"campfire_rested":0,"item_purchase_floors":[14,38,38,38,54,54],"current_hp_per_floor":[57,57,52,52,52,52,22,22,22,16,16,16,21,21,21,28,55,62,62,62,62,64,58,64,57,57,64,64,64,64,64,64,64,64,64,64,64,64,64,64,64,64,64,64,64,64,64,64,64,28,35,57,57,64,64,30],"gold":58,"neow_bonus":"RANDOM_COMMON_RELIC","is_daily":false,"chose_seed":false,"campfire_upgraded":8,"win_rate":0.0,"timestamp":1611439528,"path_taken":["M","?","M","M","M","R","E","R","T","E","M","?","E","$","R","BOSS","M","?","?","?","M","E","M","E","T","M","M","E","?","E","R","BOSS","M","M","?","$","?","R","E","R","T","M","M","E","R","M","R","BOSS","BOSS","R","$","E","BOSS"],"items_purchased_type":["Card","Relic","Relic","Relic","Relic","Card"],"build_version":"2020-12-22","purchased_purges":1,"victory":true,"max_hp_per_floor":[71,71,71,71,71,71,71,71,71,71,71,64,64,64,64,64,64,64,64,64,64,64,64,64,64,64,64,64,64,64,64,64,64,64,64,64,64,64,64,64,64,64,64,64,64,64,64,64,64,64,64,64,64,64,64,64],"relic_stats":{"Lizard Tail":0,"Happy Flower":[3],"counters":[30,197],"Mummified Hand":[330],"Golden Idol":193,"Ornamental Fan":[76],"Tiny Chest":2,"MealTicket":7,"Whetstone":["Ball Lightning","Strike_B"],"Orichalcum":[150],"obtain_stats":[{"Potion Belt":31,"Happy Flower":55,"Golden Idol":12,"The Courier":30,"Incense Burner":10,"Whetstone":20,"Orichalcum":7,"Bottled Tornado":41,"ClockworkSouvenir":38,"Anchor":38,"Lizard Tail":38,"Mummified Hand":9,"Ornamental Fan":23,"Tiny Chest":0,"MealTicket":25,"Molten Egg 2":46,"Bag of Marbles":29,"Coffee Dripper":34,"Bottled Lightning":26,"Toxic Egg 2":13,"Cracked Core":0,"StrikeDummy":43,"Toy Ornithopter":54,"Runic Pyramid":17},{"Potion Belt":18,"Happy Flower":29,"Golden Idol":7,"The Courier":17,"Incense Burner":6,"Whetstone":10,"Orichalcum":5,"Bottled Tornado":22,"ClockworkSouvenir":21,"Anchor":21,"Lizard Tail":21,"Mummified Hand":5,"Ornamental Fan":12,"Tiny Chest":0,"MealTicket":14,"Molten Egg 2":25,"Bag of Marbles":17,"Coffee Dripper":19,"Bottled Lightning":14,"Toxic Egg 2":8,"Cracked Core":0,"StrikeDummy":22,"Toy Ornithopter":28,"Runic Pyramid":9},{"Potion Belt":91,"Happy Flower":187,"Golden Idol":30,"The Courier":85,"Incense Burner":24,"Whetstone":52,"Orichalcum":17,"Bottled Tornado":119,"ClockworkSouvenir":113,"Anchor":113,"Lizard Tail":113,"Mummified Hand":17,"Ornamental Fan":62,"Tiny Chest":0,"MealTicket":71,"Molten Egg 2":138,"Bag of Marbles":85,"Coffee Dripper":105,"Bottled Lightning":71,"Toxic Egg 2":33,"Cracked Core":0,"StrikeDummy":119,"Toy Ornithopter":176,"Runic Pyramid":48}],"Toy Ornithopter":5},"card_choices":[{"not_picked":["Fusion","Steam"],"picked":"Loop","floor":1.0},{"not_picked":["Streamline","Go for the Eyes"],"picked":"Glacier","floor":3.0},{"not_picked":["Gash","BootSequence"],"picked":"Go for the Eyes","floor":4.0},{"not_picked":["Force Field","Steam"],"picked":"Coolheaded","floor":5.0},{"not_picked":["Chaos","Recycle"],"picked":"Defragment","floor":7.0},{"not_picked":["Reprogram","Beam Cell"],"picked":"Self Repair","floor":10.0},{"not_picked":["Consume","Sunder"],"picked":"Ball Lightning","floor":11.0},{"not_picked":["Chill+1","Lockon"],"picked":"Buffer","floor":13.0},{"not_picked":["Creative AI","Machine Learning"],"picked":"Electrodynamics","floor":16.0},{"not_picked":["Steam Power+1","Rebound"],"picked":"Heatsinks","floor":18.0},{"not_picked":["Barrage+1","Compile Driver","Steam+1"],"picked":"SKIP","floor":22.0},{"not_picked":["Barrage+1","Compile Driver","Steam+1"],"picked":"SKIP","floor":22.0},{"not_picked":["Redo+1","Thunder Strike"],"picked":"Turbo+1","floor":23.0},{"not_picked":["Cold Snap","Tempest+1"],"picked":"Coolheaded+1","floor":24.0},{"not_picked":["Barrage","Heatsinks"],"picked":"Loop","floor":25.0},{"not_picked":["Cold Snap","Streamline","Rebound"],"picked":"SKIP","floor":27.0},{"not_picked":["Scrape","Rip and Tear+1"],"picked":"Double Energy+1","floor":28.0},{"not_picked":["Rebound","Barrage","Turbo+1"],"picked":"SKIP","floor":29.0},{"not_picked":["Redo+1","Meteor Strike"],"picked":"Creative AI","floor":31.0},{"not_picked":["Rainbow+1","Electrodynamics"],"picked":"Core Surge","floor":33.0},{"not_picked":["Conserve Battery+1","Go for the Eyes","Gash"],"picked":"SKIP","floor":35.0},{"not_picked":["Cold Snap+1","Go for the Eyes","Beam Cell"],"picked":"SKIP","floor":36.0},{"not_picked":["Core Surge","Streamline+1","Coolheaded+1"],"picked":"SKIP","floor":41.0},{"not_picked":["Ball Lightning+1","Conserve Battery+1","Compile Driver"],"picked":"SKIP","floor":44.0},{"not_picked":["Tempest+1","Darkness+1","Leap+1"],"picked":"SKIP","floor":45.0},{"not_picked":["Conserve Battery+1","Hologram+1"],"picked":"Loop","floor":46.0},{"not_picked":["Leap+1","Rebound+1","Sweeping Beam+1"],"picked":"SKIP","floor":48.0},{"not_picked":["Reinforced Body+1","Rainbow+1"],"picked":"Conserve Battery+1","floor":55.0}],"player_experience":1216721,"relics_obtained":[{"floor":7.0,"key":"Orichalcum"},{"floor":9.0,"key":"Mummified Hand"},{"floor":10.0,"key":"Incense Burner"},{"floor":13.0,"key":"Toxic Egg 2"},{"floor":20.0,"key":"Whetstone"},{"floor":23.0,"key":"Ornamental Fan"},{"floor":25.0,"key":"MealTicket"},{"floor":26.0,"key":"Bottled Lightning"},{"floor":29.0,"key":"Bag of Marbles"},{"floor":31.0,"key":"Potion Belt"},{"floor":41.0,"key":"Bottled Tornado"},{"floor":43.0,"key":"StrikeDummy"},{"floor":46.0,"key":"Molten Egg 2"},{"floor":55.0,"key":"Happy Flower"}],"event_choices":[{"damage_healed":0.0,"max_hp_gain":0.0,"max_hp_loss":0.0,"gold_gain":0.0,"event_name":"Living Wall","player_choice":"Grow","floor":2.0,"gold_loss":0.0,"damage_taken":0.0,"cards_upgraded":["Zap"]},{"damage_healed":0.0,"max_hp_gain":0.0,"max_hp_loss":7.0,"gold_gain":0.0,"event_name":"Golden Idol","player_choice":"Lose Max HP","floor":12.0,"gold_loss":0.0,"damage_taken":0.0,"relics_obtained":["Golden Idol"]},{"damage_healed":0.0,"max_hp_gain":0.0,"max_hp_loss":0.0,"gold_gain":0.0,"event_name":"Wheel of Change","player_choice":"Cursed","floor":19.0,"gold_loss":0.0,"damage_taken":0.0,"cards_obtained":["Decay"]},{"damage_healed":0.0,"max_hp_gain":0.0,"max_hp_loss":0.0,"gold_gain":0.0,"event_name":"Back to Basics","player_choice":"Simplicity","floor":21.0,"gold_loss":0.0,"damage_taken":0.0,"cards_upgraded":["Strike_B","Strike_B","Defend_B","Defend_B","Defend_B","Defend_B"]},{"damage_healed":0.0,"max_hp_gain":0.0,"max_hp_loss":0.0,"gold_gain":0.0,"event_name":"Addict","player_choice":"Obtained Relic","floor":30.0,"gold_loss":85.0,"damage_taken":0.0,"relics_obtained":["The Courier"]},{"damage_healed":0.0,"max_hp_gain":0.0,"max_hp_loss":0.0,"gold_gain":0.0,"event_name":"Match and Keep!","player_choice":"1 cards matched","floor":37.0,"gold_loss":0.0,"damage_taken":0.0,"cards_obtained":["Coolheaded"]}],"is_beta":false,"boss_relics":[{"not_picked":["Black Star","FrozenCore"],"picked":"Runic Pyramid"},{"not_picked":["Pandora\u0027s Box","Sozu"],"picked":"Coffee Dripper"}],"items_purged_floors":[14],"is_endless":false,"potions_floor_spawned":[1,3,7,13,16,18,24,27,36,45,48],"ascension_level":20}}