{"host":"cimxalwyqyblhb3d","time":1611395666,"event":{"mods":["AchievementEnabler","BaseMod","Colored Powertips","Downfall","Evolution","Minty Spire (QoL Compilation)","Quick Restart","Relic Stats","StSLib"],"gold_per_floor":[113,113,36,54,54,54,66,66,66,81,7,25,53,53,53,149,149,164,182,182,33,45,45,45,45],"floor_reached":24,"language":"FRA","playtime":1188,"items_purged":[],"score":260,"play_id":"939f4731-8048-4b49-8949-9b5e4f751f1f","local_time":"20210123105426","is_ascension_mode":true,"campfire_choices":[{"data":"Wraith Form v2","floor":6.0,"key":"SMITH"},{"data":"Well Laid Plans","floor":8.0,"key":"SMITH"},{"floor":15.0,"key":"REST"},{"data":"Underhanded Strike","floor":23,"key":"SMITH"}],"circlet_count":0,"master_deck":["Dagger Throw","Dagger Throw","Dagger Throw","Dagger Throw+1","Dagger Throw","Defend_G","Defend_G","Defend_G","Survivor","Neutralize","Wraith Form v2+1","All Out Attack+1","Well Laid Plans+1","Underhanded Strike+1","Prepared","Dodge and Roll","Dagger Throw","Bullet Time","Skewer","Infinite Blades"],"relics":["Ring of the Snake","EVO:Axolotl","Art of War","Whetstone","HoveringKite","ClockworkSouvenir"],"acts_visited":["Exordium","TheCity"],"potions_floor_usage":[24],"damage_taken":[{"damage":0.0,"enemies":"Small Slimes","floor":1.0,"turns":2.0},{"damage":1.0,"enemies":"Cultist","floor":4.0,"turns":3.0},{"damage":0.0,"enemies":"2 Louse","floor":7.0,"turns":2.0},{"damage":8.0,"enemies":"Large Slime","floor":10.0,"turns":3.0},{"damage":0.0,"enemies":"Blue Slaver","floor":12.0,"turns":3.0},{"damage":18.0,"enemies":"3 Sentries","floor":13.0,"turns":5.0},{"damage":18.0,"enemies":"Slime Boss","floor":16.0,"turns":7.0},{"damage":0.0,"enemies":"Chosen","floor":18.0,"turns":3.0},{"damage":13,"enemies":"2 Thieves","floor":19,"turns":3},{"damage":27,"enemies":"Snake Plant","floor":22,"turns":5},{"damage":29,"enemies":"Slavers","floor":24,"turns":1}],"seed_played":"-7329211361955225696","potions_obtained":[{"floor":10.0,"key":"GamblersBrew"},{"floor":12.0,"key":"bronze:BurnAndBuffPotion"},{"floor":13.0,"key":"Dexterity Potion"},{"floor":22,"key":"Slimebound:ThreeZeroPotion"}],"is_trial":false,"path_per_floor":["M","?","$","M","$","R","M","R","T","M","$","M","E","?","R","B",null,"M","M","?","$","M","R","E"],"character_chosen":"THE_SILENT","items_purchased":["Well Laid Plans","Dagger Throw","AttackPotion","ClockworkSouvenir"],"campfire_rested":1,"item_purchase_floors":[3,11,11,21],"current_hp_per_floor":[49,54,54,53,53,53,53,53,53,45,45,45,27,20,41,23,70,70,57,44,44,17,17,0,0],"gold":45,"neow_bonus":"TRANSFORM_TWO_CARDS","is_daily":false,"chose_seed":false,"campfire_upgraded":3,"win_rate":0.0,"timestamp":1611395666,"path_taken":["M","?","$","M","?","R","M","R","T","M","$","?","E","?","R","BOSS","M","M","?","$","M","R","E"],"items_purchased_type":["Card","Card","Potion","Relic"],"build_version":"2020-12-22","purchased_purges":0,"victory":false,"max_hp_per_floor":[70,70,70,70,70,70,70,70,70,70,70,70,70,70,70,70,70,70,70,75,75,75,75,75,75],"relic_stats":{"counters":[11,37],"HoveringKite":[12],"Art of War":[1],"Whetstone":["All Out Attack","Dagger Throw"],"obtain_stats":[{"HoveringKite":17,"Art of War":9,"EVO:Axolotl":0,"Whetstone":13,"Ring of the Snake":0,"ClockworkSouvenir":21},{"HoveringKite":7,"Art of War":3,"EVO:Axolotl":0,"Whetstone":6,"Ring of the Snake":0,"ClockworkSouvenir":9},{"HoveringKite":25,"Art of War":7,"EVO:Axolotl":0,"Whetstone":18,"Ring of the Snake":0,"ClockworkSouvenir":31}],"Ring of the Snake":[22]},"card_choices":[{"not_picked":["Blade Dance","Outmaneuver"],"picked":"Flying Knee","floor":1.0},{"not_picked":["Dagger Throw","Terror"],"picked":"Underhanded Strike","floor":4.0},{"not_picked":["Bane","Acrobatics"],"picked":"Prepared","floor":7.0},{"not_picked":["Bane","Escape Plan"],"picked":"Dodge and Roll","floor":10.0},{"not_picked":["Deflect","Poisoned Stab"],"picked":"Dagger Throw","floor":12.0},{"not_picked":["Dodge and Roll","Cloak And Dagger","Night Terror"],"picked":"SKIP","floor":13.0},{"not_picked":["Glass Knife","A Thousand Cuts"],"picked":"Bullet Time","floor":16.0},{"not_picked":["Bane+1","Blade Dance"],"picked":"Skewer","floor":18.0},{"not_picked":["Distraction","Bouncing Flask"],"picked":"Infinite Blades","floor":19},{"not_picked":["Terror","Dagger Throw","Dagger Spray"],"picked":"SKIP","floor":22}],"player_experience":534016,"relics_obtained":[{"floor":9.0,"key":"Art of War"},{"floor":13.0,"key":"Whetstone"}],"event_choices":[{"cards_removed":["Flying Knee"],"damage_healed":5.0,"max_hp_gain":0.0,"max_hp_loss":0.0,"gold_gain":0.0,"event_name":"Bonfire Elementals","player_choice":"Offered Common","floor":2.0,"gold_loss":0.0,"damage_taken":0.0},{"cards_removed":["Flying Knee"],"damage_healed":5.0,"max_hp_gain":0.0,"max_hp_loss":0.0,"gold_gain":0.0,"event_name":"Bonfire Elementals","player_choice":"Offered Special","floor":2.0,"gold_loss":0.0,"damage_taken":0.0},{"cards_removed":["Dagger Throw"],"damage_healed":0.0,"max_hp_gain":0.0,"max_hp_loss":0.0,"gold_gain":0.0,"event_name":"Golden Wing","player_choice":"Card Removal","floor":14.0,"gold_loss":0.0,"damage_taken":7.0},{"damage_healed":0,"gold_gain":0,"player_choice":"Shed Blood","damage_taken":18,"max_hp_gain":5,"max_hp_loss":0,"event_name":"Forgotten Altar","floor":20,"gold_loss":0}],"is_beta":false,"boss_relics":[{"not_picked":["Runic Dome","SlaversCollar"],"picked":"HoveringKite"}],"items_purged_floors":[],"is_endless":false,"potions_floor_spawned":[10,12,13,22],"killed_by":"Slavers","ascension_level":4}}