{"host":"2e5gbsni44p3458r","time":1611363626,"event":{"mods":["BaseMod","Colored Map","Downfall","Hermit","Minty Spire (QoL Compilation)","StSLib","The Cursed"],"gold_per_floor":[99,99,99,199,199,199,199,231,244,271,288,88,113,129,139,235,235,235,249,87,103,121,137,212,247,266,266,277,277,310,358,375,480,480,380,432,448,184,202,202,227,280,305,323,323,323,357,377,396,396,396,396],"floor_reached":50,"language":"ENG","playtime":3716,"items_purged":["bronze:Strike","bronze:Strike","bronze:Strike"],"score":873,"play_id":"a99ee35e-2ba1-4b2c-b3ca-94aed364bfb8","local_time":"20210123100026","is_ascension_mode":true,"campfire_choices":[{"floor":1,"key":"RECALL"},{"floor":12,"key":"REST"},{"data":"bronze:SpaghettiCode","floor":18,"key":"SMITH"},{"floor":27,"key":"REST"},{"data":"bronze:Verify","floor":29,"key":"SMITH"},{"data":"bronze:Optimize","floor":35,"key":"SMITH"},{"data":"bronze:Optimize","floor":40,"key":"SMITH"},{"data":"bronze:Flail","floor":45,"key":"SMITH"}],"circlet_count":0,"master_deck":["bronze:Strike","bronze:Defend","bronze:Defend","bronze:Defend","bronze:Replicate","bronze:Goto","bronze:Boost","bronze:Boost","bronze:Branch","bronze:BronzeOrb","bronze:DarkDash","bronze:SpaghettiCode+1","bronze:DigitalCarnage","bronze:Verify+1","bronze:Fortify","bronze:ClassDefault","bronze:Optimize+1","bronze:Iterate","bronze:CleanCode","bronze:Optimize+1","bronze:Fortify","bronze:Overheat+1","bronze:Flail+1","bronze:Iterate","bronze:Repulsor+1"],"relics":["bronze:BronzeCore","downfall:HeartsMalice","Bag of Marbles","Kunai","Bag of Preparation","Mummified Hand","downfall:HeartBlessingRed","downfall:HeartBlessingGreen","FossilizedHelix","Black Star","Singing Bowl","Strawberry","Mango","Pear","Blood Vial","Philosopher\u0027s Stone","downfall:HeartBlessingBlue","Turnip","Orrery","Pen Nib","Medical Kit","Gambling Chip","Dream Catcher","Smiling Mask","bronze:CableSpool"],"acts_visited":["Exordium","TheCity","TheBeyond"],"potions_floor_usage":[16,16,22,25,32,36,37,42,43,50],"damage_taken":[{"damage":0,"enemies":"Cultist","floor":2,"turns":1},{"damage":0,"enemies":"2 Louse","floor":6,"turns":1},{"damage":0,"enemies":"Lagavulin","floor":8,"turns":1},{"damage":0,"enemies":"Small Slimes","floor":9,"turns":4},{"damage":9,"enemies":"3 Sentries","floor":10,"turns":9},{"damage":7,"enemies":"Gremlin Gang","floor":11,"turns":4},{"damage":6,"enemies":"Lagavulin","floor":13,"turns":6},{"damage":0,"enemies":"Red Slaver","floor":14,"turns":4},{"damage":0,"enemies":"3 Louse","floor":15,"turns":4},{"damage":0,"enemies":"SI_SHIV_ARCHETYPE","floor":16,"turns":6},{"damage":10,"enemies":"Spheric Guardian","floor":19,"turns":6},{"damage":0,"enemies":"downfall:FleeingMerchant","floor":20,"turns":4},{"damage":0,"enemies":"Chosen","floor":21,"turns":2},{"damage":8,"enemies":"Snake Plant","floor":22,"turns":4},{"damage":10,"enemies":"Chosen and Byrds","floor":23,"turns":6},{"damage":30,"enemies":"Gremlin Leader","floor":25,"turns":7},{"damage":0,"enemies":"Shelled Parasite and Fungi","floor":26,"turns":1},{"damage":0,"enemies":"3 Cultists","floor":28,"turns":4},{"damage":0,"enemies":"Slavers","floor":30,"turns":5},{"damage":18,"enemies":"Snake Plant","floor":32,"turns":4},{"damage":37,"enemies":"WA_ARCHETYPE_CALM","floor":33,"turns":10},{"damage":68,"enemies":"2 Orb Walkers","floor":36,"turns":7},{"damage":0,"enemies":"3 Darklings","floor":37,"turns":6},{"damage":12,"enemies":"downfall:FleeingMerchant","floor":38,"turns":4},{"damage":0,"enemies":"Orb Walker","floor":39,"turns":3},{"damage":10,"enemies":"downfall:FleeingMerchant","floor":42,"turns":4},{"damage":0,"enemies":"Giant Head","floor":43,"turns":6},{"damage":0,"enemies":"3 Darklings","floor":44,"turns":3},{"damage":0,"enemies":"Reptomancer","floor":47,"turns":2},{"damage":6,"enemies":"Maw","floor":48,"turns":6},{"damage":0,"enemies":"Sphere and 2 Shapes","floor":49,"turns":1},{"damage":81,"enemies":"IC_BLOCK_ARCHETYPE","floor":50,"turns":9}],"seed_played":"1126488612898560116","potions_obtained":[{"floor":8,"key":"bronze:CleanCodePotion"},{"floor":10,"key":"Strength Potion"},{"floor":11,"key":"Fire Potion"},{"floor":21,"key":"SpeedPotion"},{"floor":25,"key":"GamblersBrew"},{"floor":28,"key":"champ:CounterPotion"},{"floor":33,"key":"DistilledChaos"},{"floor":36,"key":"Regen Potion"},{"floor":39,"key":"Block Potion"},{"floor":48,"key":"Slimebound:ThreeZeroPotion"},{"floor":49,"key":"EntropicBrew"}],"is_trial":false,"path_per_floor":["R","M","?","?","?","M","T","E","M","E","M","R","E","M","M","B",null,"R","M","$","M","M","M","T","E","M","R","M","R","E","T","M","B",null,"R","?","M","$","M","R","T","$","E","M","R","?","E","M","M","B"],"character_chosen":"THE_AUTOMATON","items_purchased":["bronze:ClassDefault","Orrery","Medical Kit"],"campfire_rested":2,"item_purchase_floors":[20,38,42],"current_hp_per_floor":[70,70,45,45,45,45,45,45,45,36,29,50,44,44,44,44,70,70,60,60,60,52,42,42,35,37,65,67,67,79,79,65,30,111,121,55,57,55,59,59,59,51,70,72,72,72,74,72,76,0,0,0],"gold":396,"neow_bonus":"THREE_ENEMY_KILL","is_daily":false,"chose_seed":false,"campfire_upgraded":5,"win_rate":0.0,"timestamp":1611363626,"path_taken":["R","M","?","?","?","M","T","E","M","E","M","R","E","M","M","BOSS","R","M","$","?","M","M","T","E","M","R","M","R","E","?","M","BOSS","R","?","M","$","M","R","T","?","E","M","R","?","E","M","M","BOSS"],"items_purchased_type":["Card","Relic","Relic"],"build_version":"2020-12-22","purchased_purges":3,"victory":false,"max_hp_per_floor":[70,70,70,70,70,70,70,70,70,70,70,70,70,70,70,70,70,70,70,70,70,70,70,70,93,95,95,97,97,109,109,111,111,111,121,123,123,131,133,133,133,133,135,135,135,135,135,137,139,139,139,139],"card_choices":[{"not_picked":["bronze:Safeguard","bronze:Refactor"],"picked":"bronze:Boost","floor":2},{"not_picked":["bronze:Repulsor","bronze:Separator"],"picked":"bronze:Branch","floor":6},{"not_picked":["bronze:Overload","bronze:Invalidate","bronze:Shield"],"picked":"SKIP","floor":8},{"not_picked":["bronze:Mutator","bronze:Invalidate","bronze:BugBarrage"],"picked":"SKIP","floor":9},{"not_picked":["bronze:Optimize","bronze:BitShift"],"picked":"bronze:BronzeOrb","floor":10},{"not_picked":["bronze:Backtrace","bronze:Overheat","bronze:Constructor"],"picked":"SKIP","floor":11},{"not_picked":["bronze:OilSpill","bronze:WildBeam"],"picked":"bronze:DarkDash","floor":13},{"not_picked":["bronze:DelayedSlice","bronze:Constructor"],"picked":"bronze:SpaghettiCode","floor":14},{"not_picked":["bronze:GetLatest","bronze:BitShift"],"picked":"bronze:DigitalCarnage","floor":15},{"not_picked":["bronze:HardenedForm","bronze:ThunderWave"],"picked":"bronze:Verify","floor":16},{"not_picked":["bronze:DarkDash","bronze:DelayedGuard"],"picked":"bronze:Fortify","floor":19},{"not_picked":["bronze:NullPointer","bronze:GetLatest","bronze:ForceShield"],"picked":"SKIP","floor":20},{"not_picked":["bronze:Overload","bronze:ForLoop","bronze:OilSpill"],"picked":"SKIP","floor":21},{"not_picked":["bronze:Overheat","bronze:FineTuning+1"],"picked":"bronze:Optimize","floor":22},{"not_picked":["bronze:DelayedSlice+1","bronze:Boost"],"picked":"bronze:Iterate","floor":23},{"not_picked":["bronze:Terminator","bronze:NullPointer","bronze:Shield"],"picked":"Singing Bowl","floor":25},{"not_picked":["bronze:ChosenStrike","bronze:BurnOut","bronze:Repair"],"picked":"Singing Bowl","floor":26},{"not_picked":["bronze:Overheat","bronze:BuggyMess","bronze:DelayedGuard+1"],"picked":"Singing Bowl","floor":28},{"not_picked":["bronze:Deprecate","bronze:HardenedForm","bronze:BugBarrage"],"picked":"Singing Bowl","floor":30},{"not_picked":["bronze:Boost+1","bronze:Philosophize","bronze:ClassDefault"],"picked":"Singing Bowl","floor":32},{"not_picked":["bronze:BurnOut","bronze:Break"],"picked":"bronze:CleanCode","floor":33},{"not_picked":["bronze:Safeguard+1","bronze:Shell+1","bronze:Overheat"],"picked":"Singing Bowl","floor":36},{"not_picked":["bronze:DelayedGuard+1","bronze:WhirlingStrike+1"],"picked":"bronze:Optimize","floor":37},{"not_picked":["bronze:Deprecate","bronze:BronzeArmor"],"picked":"bronze:Fortify","floor":38},{"not_picked":["bronze:DelayedGuard","bronze:DelayedSlice","bronze:DarkDash"],"picked":"Singing Bowl","floor":38},{"not_picked":["bronze:NullPointer","bronze:DigitalCarnage"],"picked":"bronze:Overheat+1","floor":38},{"not_picked":["bronze:Fortify","bronze:BuggyMess","bronze:WildBeam+1"],"picked":"Singing Bowl","floor":38},{"not_picked":["bronze:Allocate","bronze:CutThrough+1","bronze:Shield+1"],"picked":"Singing Bowl","floor":38},{"not_picked":["bronze:Library","bronze:Deprecate","bronze:FineTuning"],"picked":"Singing Bowl","floor":38},{"not_picked":["bronze:BuggyMess+1","bronze:Philosophize","bronze:ForceShield"],"picked":"Singing Bowl","floor":39},{"not_picked":["bronze:Overload+1","bronze:Branch"],"picked":"bronze:Flail","floor":42},{"not_picked":["bronze:WildBeam+1","bronze:DarkDash","bronze:InfiniteBeams+1"],"picked":"Singing Bowl","floor":43},{"not_picked":["bronze:Shell","bronze:Separator+1"],"picked":"bronze:Iterate","floor":44},{"not_picked":["bronze:Constructor+1","bronze:CutThrough+1"],"picked":"bronze:Repulsor+1","floor":47},{"not_picked":["bronze:Boost","bronze:GetLatest","bronze:Safeguard+1"],"picked":"Singing Bowl","floor":48},{"not_picked":["bronze:Boost+1","bronze:Invalidate+1","bronze:MaxOutput"],"picked":"Singing Bowl","floor":49}],"player_experience":747943,"relics_obtained":[{"floor":7,"key":"Kunai"},{"floor":8,"key":"Bag of Preparation"},{"floor":10,"key":"Mummified Hand"},{"floor":13,"key":"FossilizedHelix"},{"floor":24,"key":"Singing Bowl"},{"floor":25,"key":"Strawberry"},{"floor":25,"key":"Mango"},{"floor":30,"key":"Pear"},{"floor":30,"key":"Blood Vial"},{"floor":36,"key":"Turnip"},{"floor":41,"key":"Pen Nib"},{"floor":43,"key":"Gambling Chip"},{"floor":43,"key":"Dream Catcher"},{"floor":47,"key":"Smiling Mask"},{"floor":47,"key":"bronze:CableSpool"}],"event_choices":[{"damage_healed":0,"gold_gain":0,"player_choice":"Success","damage_taken":25,"relics_obtained":["Bag of Marbles"],"max_hp_gain":0,"max_hp_loss":0,"event_name":"Scrap Ooze","floor":3,"gold_loss":0},{"damage_healed":0,"gold_gain":0,"player_choice":"Fight","damage_taken":0,"max_hp_gain":0,"max_hp_loss":0,"event_name":"Mysterious Sphere","floor":36,"gold_loss":0},{"cards_removed":["bronze:Defend"],"damage_healed":0,"gold_gain":0,"player_choice":"Removed Skill","damage_taken":0,"max_hp_gain":0,"max_hp_loss":0,"event_name":"Falling","floor":46,"gold_loss":0}],"is_beta":false,"boss_relics":[{"not_picked":["Runic Dome","Runic Pyramid"],"picked":"Black Star"},{"not_picked":["Coffee Dripper","sneckomod:SneckoTalon"],"picked":"Philosopher\u0027s Stone"}],"items_purged_floors":[20,38,42],"is_endless":false,"potions_floor_spawned":[8,10,11,15,21,25,28,33,36,39,48,49],"killed_by":"IC_BLOCK_ARCHETYPE","ascension_level":1}}