{"host":"yvb207ks1sg3cxef","time":1611401710,"event":{"mods":["2.2 Compatiblity","BaseMod","Bestiary","Colored Powertips","Minty Spire (QoL Compilation)","Permanent Neow","Quick Restart","Relic Stats","StSLib"],"gold_per_floor":[115,134,152,171,171,203,128,128,154,172,204,204,215,248,248,248,248],"floor_reached":16,"language":"ENG","playtime":877,"items_purged":[],"score":244,"play_id":"1e5471be-f0da-4a41-9116-332f677afa16","local_time":"20210123170510","is_ascension_mode":true,"campfire_choices":[{"floor":8,"key":"REST"},{"data":"Footwork","floor":12,"key":"SMITH"},{"data":"Malaise","floor":15,"key":"SMITH"}],"circlet_count":0,"master_deck":["AscendersBane","Strike_G","Strike_G","Strike_G","Strike_G","Defend_G","Defend_G","Defend_G","Defend_G","Defend_G","Survivor","Neutralize","Leg Sweep","Poisoned Stab","Deadly Poison","Blade Dance","Backflip","PiercingWail","Footwork+1","Malaise+1"],"relics":["Ring of the Snake","Art of War","Dream Catcher","Bag of Marbles","Girya"],"acts_visited":["Exordium"],"potions_floor_usage":[11],"damage_taken":[{"damage":3.0,"enemies":"Cultist","floor":1.0,"turns":5.0},{"damage":0.0,"enemies":"Jaw Worm","floor":2.0,"turns":3.0},{"damage":0.0,"enemies":"Small Slimes","floor":3.0,"turns":4.0},{"damage":10,"enemies":"Gremlin Gang","floor":4,"turns":9},{"damage":36,"enemies":"Gremlin Nob","floor":6,"turns":6},{"damage":9,"enemies":"Large Slime","floor":10,"turns":10},{"damage":22,"enemies":"3 Sentries","floor":11,"turns":12},{"damage":1,"enemies":"Exordium Thugs","floor":13,"turns":8},{"damage":28,"enemies":"Gremlin Nob","floor":14,"turns":4},{"damage":21,"enemies":"Hexaghost","floor":16,"turns":14}],"seed_played":"-118960178907323634","potions_obtained":[{"floor":0.0,"key":"FairyPotion"},{"floor":0.0,"key":"Explosive Potion"},{"floor":1.0,"key":"AttackPotion"},{"floor":6,"key":"LiquidMemories"}],"is_trial":false,"path_per_floor":["M","M","M","M","?","E","?","R","T","M","E","R","M","E","R","B"],"character_chosen":"THE_SILENT","items_purchased":[],"campfire_rested":1,"item_purchase_floors":[],"current_hp_per_floor":[56,56,56,46,51,15,15,36,36,27,5,5,4,21,21,0,0],"gold":248,"neow_bonus":"THREE_SMALL_POTIONS","is_daily":false,"chose_seed":false,"campfire_upgraded":2,"win_rate":0.0,"timestamp":1611401710,"path_taken":["M","M","M","M","?","E","?","R","T","M","E","R","M","E","R","BOSS"],"items_purchased_type":[],"build_version":"2020-12-22","purchased_purges":0,"victory":false,"max_hp_per_floor":[66,66,66,66,71,71,71,71,71,71,71,71,71,71,71,71,71],"relic_stats":{"Dream Catcher":0,"counters":[10,75],"Art of War":[13],"obtain_stats":[{"Girya":14,"Dream Catcher":9,"Art of War":6,"Bag of Marbles":11,"Ring of the Snake":0},{"Girya":9,"Dream Catcher":5,"Art of War":5,"Bag of Marbles":7,"Ring of the Snake":0},{"Girya":61,"Dream Catcher":27,"Art of War":27,"Bag of Marbles":49,"Ring of the Snake":0}],"Ring of the Snake":[20]},"card_choices":[{"not_picked":["Bane","Acrobatics"],"picked":"Leg Sweep","floor":1.0},{"not_picked":["Dagger Spray","Backflip"],"picked":"Poisoned Stab","floor":2.0},{"not_picked":["Endless Agony","PiercingWail"],"picked":"Deadly Poison","floor":3.0},{"not_picked":["Cloak And Dagger","Tactician"],"picked":"Blade Dance","floor":4},{"not_picked":["Underhanded Strike","Flechettes"],"picked":"Backflip","floor":6},{"not_picked":["Flying Knee","Blade Dance"],"picked":"PiercingWail","floor":10},{"not_picked":["Glass Knife","Dodge and Roll"],"picked":"Footwork","floor":11},{"not_picked":["Dagger Throw","Accuracy","Flying Knee"],"picked":"SKIP","floor":13},{"not_picked":["Poisoned Stab","Quick Slash"],"picked":"Malaise","floor":14}],"player_experience":418283,"relics_obtained":[{"floor":6,"key":"Art of War"},{"floor":9,"key":"Dream Catcher"},{"floor":11,"key":"Bag of Marbles"},{"floor":14,"key":"Girya"}],"event_choices":[{"damage_healed":0,"gold_gain":0,"player_choice":"Donut","damage_taken":0,"max_hp_gain":5,"max_hp_loss":0,"event_name":"Big Fish","floor":5,"gold_loss":0},{"cards_removed":["Strike_G"],"damage_healed":0,"gold_gain":0,"player_choice":"Card Removal","damage_taken":0,"max_hp_gain":0,"max_hp_loss":0,"event_name":"The Cleric","floor":7,"gold_loss":75}],"is_beta":false,"boss_relics":[],"items_purged_floors":[],"is_endless":false,"potions_floor_spawned":[1,6],"killed_by":"Hexaghost","ascension_level":20}}