{"host":"t7mx8yfj1no5p62f","time":1611440491,"event":{"mods":["BaseMod","Bestiary","Colored Map","Colored Powertips","Minty Spire (QoL Compilation)","Relic Stats","StSLib","ojb\u0027s Info Mod"],"gold_per_floor":[10,10,31,31,52,52,96,110,134,134,134],"floor_reached":10,"language":"ENG","playtime":326,"items_purged":[],"score":136,"play_id":"e22e850a-d7a5-4dba-9145-ea837ef48c34","local_time":"20210123172131","is_ascension_mode":true,"campfire_choices":[{"data":"Sucker Punch","floor":6,"key":"SMITH"}],"circlet_count":0,"master_deck":["AscendersBane","Strike_G","Strike_G","Strike_G","Strike_G","Strike_G","Defend_G","Defend_G","Defend_G","Defend_G","Defend_G","Survivor","Neutralize","Sucker Punch+1","Well Laid Plans","Poisoned Stab","Masterful Stab"],"relics":["Ring of the Snake","Tingsha","Golden Idol","Nunchaku","Bronze Scales"],"acts_visited":["Exordium"],"potions_floor_usage":[7,7,10],"damage_taken":[{"damage":12,"enemies":"Jaw Worm","floor":1,"turns":8},{"damage":1,"enemies":"Small Slimes","floor":3,"turns":4},{"damage":0,"enemies":"2 Louse","floor":5,"turns":3},{"damage":22,"enemies":"Gremlin Nob","floor":7,"turns":4},{"damage":1,"enemies":"Blue Slaver","floor":8,"turns":6},{"damage":32,"enemies":"Lagavulin","floor":10,"turns":7}],"seed_played":"4071821856278026590","potions_obtained":[{"floor":3,"key":"CunningPotion"},{"floor":5,"key":"Poison Potion"},{"floor":8,"key":"Explosive Potion"}],"is_trial":false,"path_per_floor":["M","?","M","?","M","R","E","M","T","E"],"character_chosen":"THE_SILENT","items_purchased":[],"campfire_rested":0,"item_purchase_floors":[],"current_hp_per_floor":[47,47,46,46,46,46,24,23,23,0,0],"gold":134,"neow_bonus":"ONE_RARE_RELIC","is_daily":false,"chose_seed":false,"campfire_upgraded":1,"win_rate":0.0,"timestamp":1611440491,"path_taken":["M","?","M","?","M","R","E","M","T","E"],"items_purchased_type":[],"build_version":"2020-12-22","purchased_purges":0,"victory":false,"max_hp_per_floor":[66,60,60,60,60,60,60,60,60,60,60],"relic_stats":{"Nunchaku":[2],"counters":[6,32],"Golden Idol":20,"Bronze Scales":[6],"Tingsha":[24],"obtain_stats":[{"Nunchaku":7,"Golden Idol":2,"Bronze Scales":9,"Tingsha":0,"Ring of the Snake":0},{"Nunchaku":4,"Golden Idol":1,"Bronze Scales":5,"Tingsha":0,"Ring of the Snake":0},{"Nunchaku":19,"Golden Idol":8,"Bronze Scales":25,"Tingsha":0,"Ring of the Snake":0}],"Ring of the Snake":[12]},"card_choices":[{"not_picked":["PiercingWail","Reflex"],"picked":"Sucker Punch","floor":1},{"not_picked":["Cloak And Dagger","Caltrops","Tactician"],"picked":"SKIP","floor":3},{"not_picked":["Doppelganger","Backflip"],"picked":"Well Laid Plans","floor":5},{"not_picked":["Deadly Poison","Dodge and Roll"],"picked":"Poisoned Stab","floor":7},{"not_picked":["Quick Slash","Poisoned Stab"],"picked":"Masterful Stab","floor":8}],"player_experience":1843376,"relics_obtained":[{"floor":7,"key":"Nunchaku"},{"floor":9,"key":"Bronze Scales"}],"event_choices":[{"damage_healed":0,"gold_gain":0,"player_choice":"Lose Max HP","damage_taken":0,"relics_obtained":["Golden Idol"],"max_hp_gain":0,"max_hp_loss":6,"event_name":"Golden Idol","floor":2,"gold_loss":0},{"damage_healed":0,"gold_gain":0,"player_choice":"Ignored","damage_taken":0,"max_hp_gain":0,"max_hp_loss":0,"event_name":"Golden Wing","floor":4,"gold_loss":0}],"is_beta":false,"boss_relics":[],"items_purged_floors":[],"is_endless":false,"potions_floor_spawned":[3,5,8],"killed_by":"Lagavulin","ascension_level":20}}