{"host":"94qggqh0xz0sp6ai","time":1611382047,"event":{"mods":["100% Spire Juice","Abigail Mod","Act Like it!","BaseMod","CapriCore","Downfall","Friendly Minions","Gensokyo","Hermit","Jorbs\u0027s Wanderer Trilogy","Koishi","Marisa（霧雨　魔理沙）","Minty Spire (QoL Compilation)","Permanent Neow","Reimu（博??梦）","StSLib","The Alterego","The Construct","The Cursed","The Hierophant","The Immortal","The Marked","The Servant 0.9.4","TheBandit","Waifu the Spire"],"gold_per_floor":[119,132,148,448,395,424,424,452,452,452,470,21,21,49,49,128,128,148,160,179,19,19,19,47,66,119,119,145,145,135,135,135,212,212,231,247,292,91,91,111,111,111,111,137,156,156,189,200,200,200],"floor_reached":51,"language":"ENG","playtime":2181,"items_purged":["TheCursedMod:Dregs"],"score":1593,"play_id":"715e44c2-47aa-460e-97fb-f774e807c669","local_time":"20210123000727","is_ascension_mode":true,"campfire_choices":[{"data":"TheCursedMod:CircleOfAbyss","floor":7,"key":"SMITH"},{"floor":10,"key":"REST"},{"floor":13,"key":"REST"},{"data":"TheCursedMod:Hemoplague","floor":15,"key":"SMITH"},{"floor":23,"key":"REST"},{"floor":27,"key":"REST"},{"data":"TheCursedMod:CircleOfAbyss","floor":29,"key":"SMITH"},{"data":"TheCursedMod:LuckyCharm","floor":32,"key":"SMITH"},{"data":"TheCursedMod:NeowsMight","floor":42,"key":"SMITH"},{"data":"TheCursedMod:FleshFromBone","floor":46,"key":"SMITH"},{"data":"TheCursedMod:StingEye","floor":49,"key":"SMITH"}],"circlet_count":0,"master_deck":["AscendersBane","TheCursedMod:Strike_TheCursed","TheCursedMod:Strike_TheCursed","TheCursedMod:Strike_TheCursed","TheCursedMod:Defend_TheCursed","TheCursedMod:Defend_TheCursed","TheCursedMod:Defend_TheCursed","TheCursedMod:CursedWand","TheCursedMod:CleanUpWorkshop","TheCursedMod:SpitefulPray","TheCursedMod:CursedMace+1","TheCursedMod:Stigma","TheCursedMod:RapidMovement","TheCursedMod:CircleOfAbyss+1","TheCursedMod:RapidMovement","TheCursedMod:SpitefulStrike+1","TheCursedMod:Hemoplague+1","TheCursedMod:HellfireBreathing","TheCursedMod:CircleOfAbyss+1","TheCursedMod:Stigma","TheCursedMod:CursedArmor","TheCursedMod:SurpriseAttack","TheCursedMod:CollectTribute","Bandage Up","TheCursedMod:Stigma","TheCursedMod:SurpriseAttack","TheCursedMod:LuckyCharm+1","TheCursedMod:NeowsMight+1","CurseOfTheBell","TheCursedMod:SmokeScreen","TheCursedMod:Wield+1","TheCursedMod:FleshFromBone+1","TheCursedMod:EmpowerCircles+1","Wraith","TheCursedMod:Mangle","TheCursedMod:StingEye+1"],"relics":["TheCursedMod:BlackMagic101","Old Coin","Shuriken","InkBottle","TheCursedMod:BloodyHarpoon","TheCursedMod:CrystalBall","Odd Mushroom","construct:ClawGrip","FossilizedHelix","Whetstone","Akabeko","TungstenRod","alterego_mod:SomeoneToFightFor","Calling Bell","Happy Flower","Tea:ReiMu","Du-Vu Doll","Incense Burner","Mastiff:ReiMu","Question Card","Torii","Gremlin Horn"],"acts_visited":["Exordium","TheCity","TheBeyond"],"potions_floor_usage":[6,37,50],"damage_taken":[{"damage":2,"enemies":"Small Slimes","floor":1,"turns":5},{"damage":2,"enemies":"Jaw Worm","floor":2,"turns":4},{"damage":4,"enemies":"2 Louse","floor":3,"turns":3},{"damage":18,"enemies":"Lagavulin","floor":6,"turns":5},{"damage":22,"enemies":"Gremlin Nob","floor":8,"turns":4},{"damage":0,"enemies":"Looter","floor":11,"turns":3},{"damage":0,"enemies":"The Mushroom Lair","floor":14,"turns":6},{"damage":22,"enemies":"Hexaghost","floor":16,"turns":8},{"damage":11,"enemies":"Spheric Guardian","floor":18,"turns":5},{"damage":6,"enemies":"3 Byrds","floor":19,"turns":3},{"damage":6,"enemies":"Snake Plant","floor":20,"turns":3},{"damage":47,"enemies":"Book of Stabbing","floor":24,"turns":7},{"damage":0,"enemies":"Centurion and Healer","floor":25,"turns":5},{"damage":2,"enemies":"Gremlin Leader","floor":28,"turns":8},{"damage":7,"enemies":"Sentry and Sphere","floor":30,"turns":5},{"damage":11,"enemies":"Automaton","floor":33,"turns":10},{"damage":0,"enemies":"3 Darklings","floor":35,"turns":4},{"damage":0,"enemies":"Orb Walker","floor":36,"turns":2},{"damage":0,"enemies":"2 Orb Walkers","floor":37,"turns":4},{"damage":4,"enemies":"Maw","floor":40,"turns":6},{"damage":0,"enemies":"Giant Head","floor":44,"turns":4},{"damage":0,"enemies":"Transient","floor":45,"turns":5},{"damage":0,"enemies":"Reptomancer","floor":47,"turns":6},{"damage":5,"enemies":"Sphere and 2 Shapes","floor":48,"turns":3},{"damage":0,"enemies":"Time Eater","floor":50,"turns":9}],"seed_played":"6208956136733206433","potions_obtained":[{"floor":3,"key":"hexamod:SoulburnPotion"},{"floor":14,"key":"Strength Potion"},{"floor":16,"key":"Dexterity Potion"},{"floor":30,"key":"Block Potion"},{"floor":37,"key":"Slimebound:ThreeZeroPotion"},{"floor":45,"key":"SkillPotion"}],"is_trial":false,"path_per_floor":["M","M","M","?","?","E","R","E","T","R","M","$","R","?","R","B",null,"M","M","M","$","?","R","E","M","T","R","E","R","M","?","R","B",null,"M","M","?","$","?","M","?","R","T","E","M","R","E","M","R","B",null],"character_chosen":"THE_CURSED","items_purchased":["TheCursedMod:CrystalBall","TheCursedMod:Hemoplague","TheCursedMod:CollectTribute","Bandage Up","Mastiff:ReiMu","TheCursedMod:FleshFromBone"],"campfire_rested":4,"item_purchase_floors":[12,12,21,21,38,38],"current_hp_per_floor":[62,60,56,45,45,27,27,5,5,26,26,26,47,47,47,25,60,49,43,37,37,37,58,15,19,19,40,42,42,39,39,39,32,61,65,65,71,71,71,71,71,71,71,71,71,71,71,66,66,71],"gold":200,"neow_bonus":"TRANSFORM_CARD","is_daily":false,"chose_seed":false,"campfire_upgraded":7,"win_rate":0.0,"timestamp":1611382047,"path_taken":["M","M","M","?","?","E","R","E","T","R","M","$","R","?","R","BOSS","M","M","M","$","?","R","E","M","T","R","E","R","?","?","R","BOSS","M","M","?","$","?","M","?","R","T","E","M","R","E","M","R","BOSS"],"items_purchased_type":["Relic","Card","Card","Card","Relic","Card"],"build_version":"2020-12-22","purchased_purges":1,"victory":true,"max_hp_per_floor":[71,71,71,71,71,71,71,71,71,71,71,71,71,71,71,71,71,71,71,71,71,71,71,71,71,71,71,71,71,71,71,71,71,71,71,71,71,71,71,71,71,71,71,71,71,71,71,71,71,71],"card_choices":[{"not_picked":["TheCursedMod:CircleOfCorruption","TheCursedMod:CircleOfWindfury"],"picked":"TheCursedMod:CursedMace","floor":1},{"not_picked":["TheCursedMod:AshesToAshes","TheCursedMod:Torture"],"picked":"TheCursedMod:Stigma","floor":2},{"not_picked":["TheCursedMod:CircleOfCorruption","TheCursedMod:Grudge"],"picked":"TheCursedMod:RapidMovement","floor":3},{"not_picked":["TheCursedMod:RapidMovement","TheCursedMod:SpitefulStrike"],"picked":"TheCursedMod:CircleOfAbyss","floor":6},{"not_picked":["TheCursedMod:CursedMace","TheCursedMod:CursedSpellbook"],"picked":"TheCursedMod:RapidMovement","floor":8},{"not_picked":["TheCursedMod:RavingStaff","TheCursedMod:Wield"],"picked":"TheCursedMod:SpitefulStrike","floor":11},{"not_picked":["TheCursedMod:CircleOfFlame","TheCursedMod:CursedMace"],"picked":"TheCursedMod:HellfireBreathing","floor":14},{"not_picked":["TheCursedMod:CursedRelics","TheCursedMod:CollectTribute"],"picked":"TheCursedMod:CircleOfAbyss","floor":16},{"not_picked":["TheCursedMod:Grudge+1","TheCursedMod:Wield"],"picked":"TheCursedMod:Stigma","floor":18},{"not_picked":["TheCursedMod:CursedSpellbook","TheCursedMod:SmokeScreen"],"picked":"TheCursedMod:CursedArmor","floor":19},{"not_picked":["TheCursedMod:AshesToAshes","TheCursedMod:Obscuration"],"picked":"TheCursedMod:SurpriseAttack","floor":20},{"not_picked":["TheCursedMod:TacticalStrike","TheCursedMod:SpitefulStrike"],"picked":"TheCursedMod:Stigma","floor":24},{"not_picked":["TheCursedMod:CircleOfCorruption","TheCursedMod:CursedMace","TheCursedMod:RavingStaff+1"],"picked":"SKIP","floor":25},{"not_picked":["TheCursedMod:CircleOfAmplification","TheCursedMod:CircleOfFlame"],"picked":"TheCursedMod:SurpriseAttack","floor":28},{"not_picked":["TheCursedMod:HellsGateOpen","TheCursedMod:Wield"],"picked":"TheCursedMod:LuckyCharm","floor":30},{"not_picked":["TheCursedMod:DarkBarrier","TheCursedMod:VoidForm"],"picked":"TheCursedMod:NeowsMight","floor":33},{"not_picked":["TheCursedMod:CursedShiv","TheCursedMod:CircleOfWindfury"],"picked":"TheCursedMod:SmokeScreen","floor":35},{"not_picked":["TheCursedMod:VitalStrike","TheCursedMod:RavingStaff+1"],"picked":"TheCursedMod:Wield+1","floor":36},{"not_picked":["TheCursedMod:Hemoplague","TheCursedMod:TacticalStrike+1"],"picked":"TheCursedMod:EmpowerCircles+1","floor":40},{"not_picked":["TheCursedMod:CursedAmulet","TheCursedMod:SurpriseAttack","TheCursedMod:DemonicPact"],"picked":"TheCursedMod:Mangle","floor":44},{"not_picked":["TheCursedMod:Stigma","TheCursedMod:CursedMace","TheCursedMod:SpitefulStrike","TheCursedMod:SmokeScreen"],"picked":"SKIP","floor":45},{"not_picked":["TheCursedMod:CircleOfCorruption","TheCursedMod:SpitefulStrike+1","TheCursedMod:ShockAndAwe","TheCursedMod:BloodBarrier"],"picked":"SKIP","floor":47},{"not_picked":["TheCursedMod:CursedBlade","TheCursedMod:WearCloak","TheCursedMod:CursedShiv"],"picked":"TheCursedMod:StingEye","floor":48}],"player_experience":1415680,"relics_obtained":[{"floor":6,"key":"Shuriken"},{"floor":8,"key":"InkBottle"},{"floor":9,"key":"TheCursedMod:BloodyHarpoon"},{"floor":14,"key":"Odd Mushroom"},{"floor":24,"key":"Whetstone"},{"floor":26,"key":"Akabeko"},{"floor":28,"key":"TungstenRod"},{"floor":34,"key":"Happy Flower"},{"floor":34,"key":"Tea:ReiMu"},{"floor":34,"key":"Du-Vu Doll"},{"floor":37,"key":"Incense Burner"},{"floor":43,"key":"Question Card"},{"floor":44,"key":"Torii"},{"floor":47,"key":"Gremlin Horn"}],"event_choices":[{"damage_healed":0,"gold_gain":0,"player_choice":"Success","damage_taken":11,"relics_obtained":["Old Coin"],"max_hp_gain":0,"max_hp_loss":0,"event_name":"Scrap Ooze","floor":4,"gold_loss":0},{"damage_healed":0,"gold_gain":0,"player_choice":"Left Gold","damage_taken":0,"max_hp_gain":0,"max_hp_loss":0,"event_name":"World of Goop","floor":5,"gold_loss":53},{"damage_healed":0,"gold_gain":0,"player_choice":"Fought Mushrooms","damage_taken":0,"max_hp_gain":0,"max_hp_loss":0,"event_name":"Mushrooms","floor":14,"gold_loss":0},{"damage_healed":0,"gold_gain":0,"player_choice":"Gave Potion","damage_taken":0,"relics_obtained":["FossilizedHelix"],"max_hp_gain":0,"max_hp_loss":0,"event_name":"WeMeetAgain","floor":22,"gold_loss":0},{"damage_healed":0,"gold_gain":0,"player_choice":"Choice 2","damage_taken":0,"relics_obtained":["alterego_mod:SomeoneToFightFor"],"max_hp_gain":0,"max_hp_loss":0,"event_name":"Secret Garden","floor":31,"gold_loss":0},{"damage_healed":0,"gold_gain":0,"player_choice":"Fight","damage_taken":0,"max_hp_gain":0,"max_hp_loss":0,"event_name":"Mysterious Sphere","floor":37,"gold_loss":0},{"cards_removed":["TheCursedMod:Defend_TheCursed"],"damage_healed":0,"gold_gain":0,"player_choice":"Removed Skill","damage_taken":0,"max_hp_gain":0,"max_hp_loss":0,"event_name":"Falling","floor":39,"gold_loss":0},{"damage_healed":0,"gold_gain":0,"player_choice":"Ignored","damage_taken":0,"max_hp_gain":0,"max_hp_loss":0,"event_name":"OrinTheCat","floor":41,"gold_loss":0}],"is_beta":false,"boss_relics":[{"not_picked":["Ectoplasm","Coffee Dripper"],"picked":"construct:ClawGrip"},{"not_picked":["Empty Cage","Velvet Choker"],"picked":"Calling Bell"}],"items_purged_floors":[12],"is_endless":false,"potions_floor_spawned":[3,14,16,18,20,30,37,40,45,47,48],"ascension_level":15}}