{"host":"m5bsg12zcyqnofur","time":1611428847,"event":{"mods":["AchievementEnabler","BaseMod","BetterRewards","Colored Powertips","Hermit","Highlight Path","Minty Spire (QoL Compilation)","Quick Restart","Replay The Spire","Shop Mod","StSLib","The Bug Knight"],"gold_per_floor":[117,133,208,208,218,244,244,244,270,300,319,346,357,357,357,357,357,478,478,492,492,407,451,474,474,505,505,505,549,212,236,270,45,45,169,169,190,190,147,162,185,219,244,288,288,288,288,307,325,325,325,325,403,403,403,403,163,198,198],"floor_reached":60,"language":"ENG","playtime":3074,"items_purged":["Strike_G","Strike_G","Strike_G","Strike_G","Strike_G","Defend_G","Survivor","Neutralize+1"],"score":2320,"play_id":"f510ffdb-aa4b-4955-a870-614170e9b895","local_time":"20210123130727","is_ascension_mode":true,"campfire_choices":[{"data":"Calculated Gamble","floor":7.0,"key":"SMITH"},{"data":"ReplayTheSpireMod:Scrap Shanks","floor":17.0,"key":"SMITH"},{"data":"Tactician","floor":25.0,"key":"SMITH"},{"floor":34.0,"key":"RECALL"},{"data":"Accuracy","floor":46.0,"key":"SMITH"},{"data":"A Thousand Cuts","floor":56.0,"key":"SMITH"}],"circlet_count":0,"master_deck":["AscendersBane","Calculated Gamble+1","Blade Dance","Prepared+1","ReplayTheSpireMod:Scrap Shanks+1","Envenom","Accuracy+1","Tactician+1","A Thousand Cuts+1","ReplayTheSpireMod:Shiv Toss+1","Envenom"],"relics":["Ring of the Snake","Shuriken","Replay:Baseball","Replay:Rubber Ducky","Divine Protection","Omamori","Replay:Drink Me","HornCleat","ReplayTheSpireMod:Ninjato","Lantern","Busted Crown","MerchantsRug","Toxic Egg 2","Replay:Bottled Steam","DollysMirror","Pen Nib"],"acts_visited":["Exordium","TheCity","TheBeyond","TheEnding"],"potions_floor_usage":[59],"damage_taken":[{"damage":0.0,"enemies":"Small Slimes","floor":1.0,"turns":2.0},{"damage":0.0,"enemies":"2 Louse","floor":2.0,"turns":2.0},{"damage":0.0,"enemies":"Cultist","floor":5.0,"turns":2.0},{"damage":0.0,"enemies":"HollowMod:MossKnight","floor":6.0,"turns":2.0},{"damage":0.0,"enemies":"Lagavulin","floor":10.0,"turns":4.0},{"damage":0.0,"enemies":"Exordium Thugs","floor":11.0,"turns":2.0},{"damage":1.0,"enemies":"Replay:BlueRogue","floor":12.0,"turns":4.0},{"damage":0.0,"enemies":"Blue Slaver","floor":13.0,"turns":3.0},{"damage":0.0,"enemies":"Slime Boss","floor":18.0,"turns":3.0},{"damage":0.0,"enemies":"Chosen","floor":20.0,"turns":2.0},{"damage":0.0,"enemies":"Masked Bandits","floor":23.0,"turns":2.0},{"damage":0.0,"enemies":"2 Thieves","floor":24.0,"turns":2.0},{"damage":0.0,"enemies":"HollowMod:Nosk","floor":26.0,"turns":2.0},{"damage":0.0,"enemies":"Replay:Snechameleon","floor":29.0,"turns":1.0},{"damage":0.0,"enemies":"Shelled Parasite and Fungi","floor":31.0,"turns":1.0},{"damage":0.0,"enemies":"Gremlin Leader","floor":32.0,"turns":1.0},{"damage":0.0,"enemies":"Collector","floor":35.0,"turns":1.0},{"damage":0.0,"enemies":"3 Shapes","floor":37.0,"turns":1.0},{"damage":0.0,"enemies":"Orb Walker","floor":40.0,"turns":1.0},{"damage":0.0,"enemies":"Spire Growth","floor":41.0,"turns":1.0},{"damage":0.0,"enemies":"Reptomancer","floor":42.0,"turns":1.0},{"damage":0.0,"enemies":"Jaw Worm Horde","floor":43.0,"turns":1.0},{"damage":0.0,"enemies":"Giant Head","floor":44.0,"turns":1.0},{"damage":0.0,"enemies":"Maw","floor":48.0,"turns":1.0},{"damage":0.0,"enemies":"4 Shapes","floor":49.0,"turns":1.0},{"damage":0.0,"enemies":"Replay:Hell Engine","floor":54.0,"turns":1.0},{"damage":0.0,"enemies":"Shield and Spear","floor":58.0,"turns":1.0},{"damage":50,"enemies":"The Heart","floor":59,"turns":3}],"seed_played":"-6454222748596608525","potions_obtained":[{"floor":5.0,"key":"Toxic Potion"},{"floor":6.0,"key":"BlessingOfTheForge"},{"floor":10.0,"key":"Venom Potion"},{"floor":20.0,"key":"DistilledChaos"}],"is_trial":false,"path_per_floor":["M","M","?","?","M","E","R","T","T","E","M","E","M","PTL","PTL","?","R","B",null,"M","?","?","?","M","R","E","?","T","E","$","M","E","$","R","B",null,"M","?","$","M","M","E","M","E","T","R","?","M","M","?","PTL","PTL","R","B",null,"R","$","E","B",null],"character_chosen":"THE_SILENT","items_purchased":["Shuriken","Calculated Gamble","Blade Dance","Prepared+1","ReplayTheSpireMod:Scrap Shanks","Envenom","Replay:Baseball","Replay:Rubber Ducky","A Thousand Cuts","MerchantsRug","DollysMirror"],"campfire_rested":0,"item_purchase_floors":[0,0,0,0,0,0,0,0,30,39,57],"current_hp_per_floor":[21,21,10,10,10,10,10,10,10,10,10,9,9,9,9,9,9,9,39,39,39,53,53,53,53,53,53,53,53,53,53,53,53,53,53,61,61,60,60,60,60,60,60,60,60,60,60,60,60,60,60,60,60,60,60,60,60,60,10],"gold":198,"neow_bonus":"","is_daily":false,"chose_seed":false,"campfire_upgraded":5,"win_rate":0.0,"timestamp":1611428847,"path_taken":["M","M","?","?","?","E","R","?","T","E","M","E","M","PTL","PTL","?","R","BOSS","M","?","?","?","M","R","E","?","T","E","$","M","E","$","R","BOSS","M","?","$","M","M","E","M","E","T","R","?","?","M","?","PTL","PTL","R","BOSS","R","$","E","BOSS"],"items_purchased_type":["Relic","Card","Card","Card","Card","Card","Relic","Relic","Card","Relic","Relic"],"build_version":"2020-12-22","purchased_purges":8,"victory":true,"max_hp_per_floor":[70,70,70,70,70,70,70,70,70,70,70,70,70,70,70,65,65,65,49,49,49,63,63,63,63,63,63,63,63,63,63,63,63,63,63,63,63,60,60,60,60,60,60,60,60,60,60,60,60,60,60,60,60,60,60,60,60,60,60],"card_choices":[{"not_picked":["Prepared","Blade Dance","Dagger Throw"],"picked":"SKIP","floor":1.0},{"not_picked":["Riddle With Holes","Acrobatics"],"picked":"Accuracy","floor":2.0},{"not_picked":["Slice","Deadly Poison","Sucker Punch"],"picked":"SKIP","floor":5.0},{"not_picked":["Sneak Up","Terror","Wraith Form v2"],"picked":"SKIP","floor":6.0},{"not_picked":["Replay:Poison Smokescreen","Catalyst","ReplayTheSpireMod:The Works"],"picked":"SKIP","floor":10.0},{"not_picked":["Cloak And Dagger","ReplayTheSpireMod:Speed Training","Fluid Movement"],"picked":"SKIP","floor":11.0},{"not_picked":["Endless Agony","Outmaneuver","Bane"],"picked":"SKIP","floor":12.0},{"not_picked":["Terror","Slice","Cloak And Dagger"],"picked":"SKIP","floor":13.0},{"not_picked":["Terror","Slice","Cloak And Dagger"],"picked":"SKIP","floor":13.0},{"not_picked":["Blade Dance","Dash","PiercingWail"],"picked":"SKIP","floor":20.0},{"not_picked":["ReplayTheSpireMod:Scrap Shanks","Well Laid Plans"],"picked":"Tactician","floor":24.0},{"not_picked":["Concentrate","Distraction","Eviscerate"],"picked":"SKIP","floor":26.0},{"not_picked":["Slice","Finisher+1","PiercingWail"],"picked":"SKIP","floor":29.0},{"not_picked":["Flying Knee","Blade Dance","Quick Slash"],"picked":"SKIP","floor":31.0},{"not_picked":["Flying Knee+1","Glass Knife","PiercingWail"],"picked":"SKIP","floor":32.0},{"not_picked":["Sucker Punch"],"picked":"SKIP","floor":37.0},{"not_picked":["Poisoned Stab+1"],"picked":"SKIP","floor":40.0},{"not_picked":["Sucker Punch+1"],"picked":"SKIP","floor":41.0},{"not_picked":[],"picked":"ReplayTheSpireMod:Shiv Toss+1","floor":42.0},{"not_picked":["ReplayTheSpireMod:Speed Training+1"],"picked":"SKIP","floor":43.0},{"not_picked":["Slice+1"],"picked":"SKIP","floor":44.0},{"not_picked":["Dagger Throw"],"picked":"SKIP","floor":48.0},{"not_picked":["Dagger Throw"],"picked":"SKIP","floor":49.0},{"not_picked":["Cloak And Dagger+1"],"picked":"SKIP","floor":58.0}],"player_experience":270348,"relics_obtained":[{"floor":6.0,"key":"Divine Protection"},{"floor":8.0,"key":"Omamori"},{"floor":10.0,"key":"Whetstone"},{"floor":12.0,"key":"Replay:Mystery Machine"},{"floor":23.0,"key":"Red Mask"},{"floor":26.0,"key":"HornCleat"},{"floor":28.0,"key":"ReplayTheSpireMod:Ninjato"},{"floor":29.0,"key":"Lantern"},{"floor":32.0,"key":"Orichalcum"},{"floor":42.0,"key":"Chameleon Ring"},{"floor":44.0,"key":"Toxic Egg 2"},{"floor":45.0,"key":"Replay:Bottled Steam"},{"floor":58.0,"key":"Pen Nib"}],"event_choices":[{"damage_healed":0.0,"max_hp_gain":0.0,"max_hp_loss":0.0,"gold_gain":75.0,"event_name":"World of Goop","player_choice":"Gather Gold","floor":3.0,"gold_loss":0.0,"damage_taken":11.0},{"cards_removed":["Defend_G"],"damage_healed":0.0,"max_hp_gain":0.0,"max_hp_loss":0.0,"gold_gain":0.0,"event_name":"Bonfire Elementals","player_choice":"Offered Basic","floor":4.0,"gold_loss":0.0,"damage_taken":0.0},{"damage_healed":0.0,"max_hp_gain":0.0,"max_hp_loss":5.0,"gold_gain":0.0,"event_name":"Golden Idol","player_choice":"Lose Max HP","floor":16.0,"gold_loss":0.0,"damage_taken":0.0,"relics_obtained":["Golden Idol"]},{"damage_healed":0.0,"max_hp_gain":0.0,"max_hp_loss":0.0,"gold_gain":0.0,"event_name":"Ghosts","player_choice":"Ignored","floor":21.0,"gold_loss":0.0,"damage_taken":0.0},{"damage_healed":0.0,"max_hp_gain":0.0,"max_hp_loss":0.0,"gold_gain":0.0,"event_name":"Addict","player_choice":"Obtained Relic","floor":22.0,"gold_loss":85.0,"damage_taken":0.0,"relics_obtained":["Mango"]},{"damage_healed":0.0,"max_hp_gain":0.0,"max_hp_loss":0.0,"gold_gain":0.0,"event_name":"Masked Bandits","player_choice":"Fought Bandits","floor":23.0,"gold_loss":0.0,"damage_taken":0.0},{"damage_healed":0.0,"max_hp_gain":0.0,"max_hp_loss":0.0,"gold_gain":0.0,"event_name":"Cursed Tome","player_choice":"Ignored","floor":27.0,"gold_loss":0.0,"damage_taken":0.0},{"damage_healed":0.0,"max_hp_gain":0.0,"max_hp_loss":3.0,"gold_gain":0.0,"event_name":"Winding Halls","player_choice":"Max HP","floor":38.0,"gold_loss":0.0,"damage_taken":0.0},{"damage_healed":0.0,"max_hp_gain":0.0,"max_hp_loss":0.0,"gold_gain":0.0,"event_name":"SecretPortal","player_choice":"Ignored","floor":47.0,"gold_loss":0.0,"damage_taken":0.0},{"damage_healed":0.0,"max_hp_gain":0.0,"max_hp_loss":0.0,"gold_gain":0.0,"event_name":"The Woman in Blue","player_choice":"Bought 0 Potions","floor":50.0,"gold_loss":0.0,"damage_taken":0.0}],"is_beta":false,"boss_relics":[{"not_picked":["Tiny House","Replay:Wanted Poster"],"picked":"Replay:Drink Me"},{"not_picked":["Abe\u0027s Treasure","Velvet Choker"],"picked":"Busted Crown"}],"items_purged_floors":[0,0,0,0,0,30,33,57],"is_endless":false,"potions_floor_spawned":[5,6,10,12,13,20,29,31,40,42,43,44],"ascension_level":11}}