{"host":"7sni158j623xchr2","time":1611382893,"event":{"mods":["BaseMod","Colored Map","Highlight Path","Minty Spire (QoL Compilation)","Permanent Neow","Potion Indicator Mod","Rare Cards Sparkle","Relic Sorter","Relic Stats","StSLib","everything is the same but u backflip on backflip"],"gold_per_floor":[126,88,110,122,151,163,175,221,280,292,359,371,393,436,448,460,460],"floor_reached":16,"language":"ENG","playtime":283,"items_purged":[],"score":140,"play_id":"7686293e-73c3-472f-af58-6701a7890c32","local_time":"20210123002133","is_ascension_mode":true,"campfire_choices":[{"data":"Zap","floor":6,"key":"SMITH"},{"data":"Sunder","floor":12,"key":"SMITH"},{"floor":15,"key":"REST"}],"circlet_count":0,"master_deck":["Strike_B","Strike_B","Strike_B","Strike_B","Defend_B","Defend_B","Defend_B+1","Zap+1","Dualcast+1","Ball Lightning","Melter+1","Leap","Sunder+1","Lockon","Ball Lightning"],"relics":["Cracked Core","MawBank","Potion Belt","Matryoshka"],"acts_visited":["Exordium"],"potions_floor_usage":[8],"damage_taken":[{"damage":1,"enemies":"2 Louse","floor":1,"turns":2},{"damage":0,"enemies":"Small Slimes","floor":3,"turns":2},{"damage":7,"enemies":"Jaw Worm","floor":5,"turns":2},{"damage":6,"enemies":"3 Sentries","floor":8,"turns":4},{"damage":6,"enemies":"Exordium Wildlife","floor":13,"turns":3},{"damage":26,"enemies":"Lagavulin","floor":14,"turns":6},{"damage":29,"enemies":"The Guardian","floor":16,"turns":7}],"seed_played":"-6014346277706647041","potions_obtained":[{"floor":5,"key":"Explosive Potion"},{"floor":14,"key":"Explosive Potion"}],"is_trial":false,"path_per_floor":["M","?","M","?","M","R","?","E","T","$","?","R","M","E","R","B"],"character_chosen":"DEFECT","items_purchased":[],"campfire_rested":1,"item_purchase_floors":[],"current_hp_per_floor":[67,67,67,52,45,45,45,39,39,39,39,39,33,7,29,0,0],"gold":460,"neow_bonus":"RANDOM_COMMON_RELIC","is_daily":false,"chose_seed":false,"campfire_upgraded":2,"win_rate":0.0,"timestamp":1611382893,"path_taken":["M","?","M","?","M","R","?","E","T","$","?","R","M","E","R","BOSS"],"items_purchased_type":[],"build_version":"2020-12-22","purchased_purges":0,"victory":false,"max_hp_per_floor":[75,75,75,75,75,75,75,75,75,75,75,75,75,75,75,75,75],"relic_stats":{"counters":[7,26],"MawBank":192,"obtain_stats":[{"Potion Belt":8,"Matryoshka":14,"Cracked Core":0,"MawBank":0},{"Potion Belt":4,"Matryoshka":6,"Cracked Core":0,"MawBank":0},{"Potion Belt":10,"Matryoshka":19,"Cracked Core":0,"MawBank":0}]},"card_choices":[{"not_picked":["Beam Cell","Redo"],"picked":"Ball Lightning","floor":1},{"not_picked":["Gash","Rebound"],"picked":"Melter","floor":3},{"not_picked":["Hologram","Meteor Strike"],"picked":"Leap","floor":5},{"not_picked":["Auto Shields","Coolheaded"],"picked":"Sunder","floor":8},{"not_picked":["Steam","Leap"],"picked":"Lockon","floor":13},{"not_picked":["Melter","Gash"],"picked":"Ball Lightning","floor":14}],"player_experience":1685163,"relics_obtained":[{"floor":8,"key":"Potion Belt"},{"floor":14,"key":"Matryoshka"}],"event_choices":[{"cards_removed":["Defend_B"],"damage_healed":0,"gold_gain":0,"player_choice":"Card Removal","damage_taken":0,"max_hp_gain":0,"max_hp_loss":0,"event_name":"The Cleric","floor":2,"gold_loss":50},{"damage_healed":0,"gold_gain":0,"player_choice":"Entered Light","damage_taken":15,"max_hp_gain":0,"max_hp_loss":0,"event_name":"Shining Light","floor":4,"gold_loss":0,"cards_upgraded":["Defend_B","Melter"]},{"damage_healed":0,"gold_gain":0,"player_choice":"Grow","damage_taken":0,"max_hp_gain":0,"max_hp_loss":0,"event_name":"Living Wall","floor":7,"gold_loss":0,"cards_upgraded":["Dualcast"]},{"damage_healed":0,"gold_gain":55,"player_choice":"Gained Gold","damage_taken":0,"max_hp_gain":0,"max_hp_loss":0,"event_name":"Golden Wing","floor":11,"gold_loss":0}],"is_beta":false,"boss_relics":[],"items_purged_floors":[],"is_endless":false,"potions_floor_spawned":[5,14],"killed_by":"The Guardian","ascension_level":6}}