{"host":"hzinic87vu8p95wn","time":1611408485,"event":{"mods":["BaseMod","Minty Spire (QoL Compilation)"],"gold_per_floor":[119,119,31,106,256,256,282,282,282,282,293,306,317,336,336,336,336],"floor_reached":16,"language":"ENG","playtime":623,"items_purged":[],"score":190,"play_id":"4e15df54-3746-478c-b388-d64eab9e985b","local_time":"20210124002805","is_ascension_mode":true,"campfire_choices":[{"floor":6.0,"key":"REST"},{"floor":8.0,"key":"REST"},{"data":"Footwork","floor":10.0,"key":"SMITH"},{"floor":15.0,"key":"REST"}],"circlet_count":0,"master_deck":["AscendersBane","Strike_G","Strike_G","Strike_G","Strike_G","Strike_G","Defend_G","Defend_G","Defend_G","Defend_G","Defend_G","Survivor","Neutralize","Backstab","Footwork+1","Doubt","Dagger Spray","Deflect"],"relics":["Ring of the Snake","Dead Branch","Peace Pipe","Mummified Hand"],"acts_visited":["Exordium"],"potions_floor_usage":[16],"damage_taken":[{"damage":1.0,"enemies":"Small Slimes","floor":1.0,"turns":5.0},{"damage":24.0,"enemies":"Gremlin Nob","floor":7.0,"turns":4.0},{"damage":0.0,"enemies":"Jaw Worm","floor":11.0,"turns":7.0},{"damage":0.0,"enemies":"2 Louse","floor":12.0,"turns":3.0},{"damage":3.0,"enemies":"Exordium Thugs","floor":13.0,"turns":6.0},{"damage":0.0,"enemies":"2 Fungi Beasts","floor":14.0,"turns":2.0},{"damage":59,"enemies":"Slime Boss","floor":16,"turns":12}],"seed_played":"-5726487816765873484","potions_obtained":[{"floor":1.0,"key":"DistilledChaos"},{"floor":7.0,"key":"CunningPotion"},{"floor":12.0,"key":"SteroidPotion"}],"is_trial":false,"path_per_floor":["M","?","$","?","?","R","E","R","T","R","M","M","M","M","R","B"],"character_chosen":"THE_SILENT","items_purchased":["Footwork"],"campfire_rested":3,"item_purchase_floors":[3],"current_hp_per_floor":[43,48,48,37,37,58,34,55,55,55,55,55,52,52,71,12,12],"gold":336,"neow_bonus":"ONE_RARE_RELIC","is_daily":false,"chose_seed":false,"campfire_upgraded":1,"win_rate":0.0,"timestamp":1611408485,"path_taken":["M","?","$","?","?","R","E","R","T","R","M","M","M","M","R","BOSS"],"items_purchased_type":["Card"],"build_version":"2020-12-22","purchased_purges":0,"victory":false,"max_hp_per_floor":[66,71,71,71,71,71,71,71,71,71,71,71,71,71,71,71,71],"card_choices":[{"not_picked":["Cloak And Dagger","Flying Knee"],"picked":"Backstab","floor":1.0},{"not_picked":["Riddle With Holes","Leg Sweep","Slice"],"picked":"SKIP","floor":7.0},{"not_picked":["Reflex","Deadly Poison"],"picked":"Dagger Spray","floor":11.0},{"not_picked":["Quick Slash","Dagger Throw"],"picked":"Deflect","floor":12.0},{"not_picked":["Riddle With Holes","Dagger Throw","All Out Attack"],"picked":"SKIP","floor":13.0},{"not_picked":["Dagger Throw","Deadly Poison","Deflect"],"picked":"SKIP","floor":14.0}],"player_experience":1596209,"relics_obtained":[{"floor":7.0,"key":"Peace Pipe"},{"floor":9.0,"key":"Mummified Hand"}],"event_choices":[{"damage_healed":0.0,"max_hp_gain":5.0,"max_hp_loss":0.0,"gold_gain":0.0,"event_name":"Big Fish","player_choice":"Donut","floor":2.0,"gold_loss":0.0,"damage_taken":0.0},{"damage_healed":0.0,"max_hp_gain":0.0,"max_hp_loss":0.0,"gold_gain":75.0,"event_name":"World of Goop","player_choice":"Gather Gold","floor":4.0,"gold_loss":0.0,"damage_taken":11.0},{"damage_healed":0.0,"max_hp_gain":0.0,"max_hp_loss":0.0,"gold_gain":150.0,"event_name":"Liars Game","player_choice":"AGREE","floor":5.0,"gold_loss":0.0,"damage_taken":0.0,"cards_obtained":["Doubt"]}],"is_beta":false,"boss_relics":[],"items_purged_floors":[],"is_endless":false,"potions_floor_spawned":[1,7,12],"killed_by":"Slime Boss","ascension_level":18}}