{"host":"w3q5ijqu8eoknil3","time":1611429701,"event":{"mods":["Alarm Clock","BaseMod","Bestiary","Block Reminder","Colored Map","Colored Powertips","Curses Come First","Dark Map","Minty Spire (QoL Compilation)","Quick Restart","RNG Fix","Relic Stats","Slay the Relics Exporter","SpireBot","StSLib","ojb\u0027s Better Paths Mod","ojb\u0027s Info Mod","slay the spire mod where everything is the same but ironclad has a cowboy hat"],"gold_per_floor":[368,368,83,93,106,106,135,152,202,237,253,268,303,315,315,411,411,424,439,439,449,467,493,232,261,261,271,271,297,1,19,19,117,117,128,147,147,163,34,65,65,90,139,172,192,192,207,227,227,227],"floor_reached":51,"language":"ENG","playtime":2363,"items_purged":["Decay"],"score":1014,"play_id":"54efb010-b457-411a-8f45-74da33641723","local_time":"20210123142141","is_ascension_mode":true,"campfire_choices":[{"data":"Perfected Strike","floor":6.0,"key":"SMITH"},{"data":"Uppercut","floor":15.0,"key":"SMITH"},{"data":"Dark Embrace","floor":28,"key":"SMITH"},{"data":"Shockwave","floor":32,"key":"SMITH"},{"data":"Feel No Pain","floor":46,"key":"SMITH"},{"data":"Disarm","floor":49,"key":"SMITH"}],"circlet_count":0,"master_deck":["Strike_R","Strike_R+1","Strike_R","Strike_R+1","Strike_R","Defend_R","Defend_R","Defend_R","Defend_R","Bash","Iron Wave","Fire Breathing","Pommel Strike","Perfected Strike+1","Cleave","Uppercut+1","Power Through","Shrug It Off","Infernal Blade","Corruption","Fiend Fire","Carnage+1","Clothesline+1","Hemokinesis+1","Dark Embrace+1","Impervious","Heavy Blade+1","Shockwave+1","Feel No Pain+1","Disarm+1","Inflame","Offering","Second Wind","Body Slam+1","Flame Barrier+1","Offering","Armaments+1","Flame Barrier","Shockwave+1","Shrug It Off+1"],"relics":["Burning Blood","Meat on the Bone","Paper Frog","Blood Vial","Pocketwatch","Question Card","Calling Bell","Red Skull","Molten Egg 2","Lizard Tail","CaptainsWheel","Frozen Eye","Gremlin Horn","Sundial","HornCleat","Membership Card","Oddly Smooth Stone","Black Star","Pantograph","Regal Pillow","Bottled Flame","Happy Flower","Dream Catcher","Toy Ornithopter","Pear","Darkstone Periapt"],"acts_visited":["TheCity","TheBeyond"],"potions_floor_usage":[25,29,33,50,50,50,50,50,50],"damage_taken":[{"damage":5.0,"enemies":"2 Louse","floor":1.0,"turns":2.0},{"damage":15.0,"enemies":"Jaw Worm","floor":4.0,"turns":3.0},{"damage":2.0,"enemies":"Cultist","floor":5.0,"turns":2.0},{"damage":22.0,"enemies":"Gremlin Nob","floor":7.0,"turns":4.0},{"damage":0.0,"enemies":"3 Louse","floor":8.0,"turns":1.0},{"damage":27.0,"enemies":"Lagavulin","floor":10.0,"turns":7.0},{"damage":3.0,"enemies":"Large Slime","floor":11.0,"turns":4.0},{"damage":8.0,"enemies":"Gremlin Gang","floor":12.0,"turns":3.0},{"damage":0.0,"enemies":"Gremlin Nob","floor":13.0,"turns":4.0},{"damage":0.0,"enemies":"2 Fungi Beasts","floor":14.0,"turns":2.0},{"damage":25.0,"enemies":"Hexaghost","floor":16.0,"turns":8.0},{"damage":2.0,"enemies":"Chosen","floor":18.0,"turns":4.0},{"damage":22.0,"enemies":"3 Byrds","floor":19.0,"turns":4.0},{"damage":26.0,"enemies":"3 Cultists","floor":21.0,"turns":7.0},{"damage":24.0,"enemies":"Snecko","floor":22.0,"turns":5.0},{"damage":28.0,"enemies":"Gremlin Leader","floor":23.0,"turns":5.0},{"damage":16,"enemies":"Book of Stabbing","floor":25,"turns":4},{"damage":2,"enemies":"Centurion and Healer","floor":27,"turns":5},{"damage":21,"enemies":"Slavers","floor":29,"turns":5},{"damage":1,"enemies":"Cultist and Chosen","floor":31,"turns":7},{"damage":14,"enemies":"Collector","floor":33,"turns":10},{"damage":3,"enemies":"Orb Walker","floor":35,"turns":5},{"damage":7,"enemies":"3 Shapes","floor":36,"turns":7},{"damage":26,"enemies":"Transient","floor":38,"turns":5},{"damage":15,"enemies":"Reptomancer","floor":40,"turns":7},{"damage":10,"enemies":"Nemesis","floor":42,"turns":7},{"damage":9,"enemies":"Giant Head","floor":44,"turns":7},{"damage":15,"enemies":"Jaw Worm Horde","floor":45,"turns":4},{"damage":16,"enemies":"Sphere and 2 Shapes","floor":47,"turns":6},{"damage":12,"enemies":"Writhing Mass","floor":48,"turns":4},{"damage":21,"enemies":"Time Eater","floor":50,"turns":9}],"seed_played":"-2038975044482841329","potions_obtained":[{"floor":4.0,"key":"Explosive Potion"},{"floor":8.0,"key":"SpeedPotion"},{"floor":10.0,"key":"Weak Potion"},{"floor":11.0,"key":"Weak Potion"},{"floor":14.0,"key":"BlessingOfTheForge"},{"floor":16.0,"key":"Explosive Potion"},{"floor":18.0,"key":"EntropicBrew"},{"floor":22.0,"key":"ElixirPotion"},{"floor":23.0,"key":"Strength Potion"},{"floor":25,"key":"Explosive Potion"},{"floor":40,"key":"FearPotion"},{"floor":44,"key":"LiquidBronze"},{"floor":45,"key":"Block Potion"},{"floor":47,"key":"CultistPotion"},{"floor":48,"key":"DistilledChaos"}],"is_trial":false,"path_per_floor":["M","?","$","M","M","R","E","M","T","E","M","M","E","M","R","B",null,"M","M","?","M","M","E","$","E","T","M","R","E","$","M","R","B",null,"M","M","?","M","$","E","$","E","T","E","M","R","M","M","R","B",null],"character_chosen":"IRONCLAD","items_purchased":["Meat on the Bone","Fire Breathing","Frozen Eye","Dark Embrace","Membership Card","Feel No Pain","Disarm","Oddly Smooth Stone","Pantograph"],"campfire_rested":0,"item_purchase_floors":[3,3,24,24,30,30,30,30,39],"current_hp_per_floor":[80,64,64,55,59,59,55,61,61,54,59,59,67,75,75,58,80,80,64,64,58,54,46,46,50,50,56,56,55,55,62,62,56,80,80,79,79,60,60,53,53,51,51,60,53,53,57,53,53,86],"gold":227,"neow_bonus":"TWO_FIFTY_GOLD","is_daily":false,"chose_seed":false,"campfire_upgraded":6,"win_rate":0.0,"timestamp":1611429701,"path_taken":["M","?","$","M","M","R","E","M","T","E","?","?","E","M","R","BOSS","M","M","?","M","M","E","$","E","T","M","R","E","$","M","R","BOSS","M","M","?","?","$","E","?","E","T","E","M","R","M","M","R","BOSS"],"items_purchased_type":["Relic","Card","Relic","Card","Relic","Card","Card","Relic","Relic"],"build_version":"2020-12-22","purchased_purges":1,"victory":true,"max_hp_per_floor":[80,80,80,80,80,80,80,80,80,80,80,80,80,80,80,80,80,80,80,80,80,80,80,80,80,80,80,80,80,80,80,80,80,80,80,80,80,80,80,80,80,80,80,90,90,90,90,90,90,90],"relic_stats":{"Darkstone Periapt":0,"Regal Pillow":0,"Gremlin Horn":[17,17],"Happy Flower":[10],"counters":[31,157],"Question Card":22,"Burning Blood":178,"Blood Vial":43,"Lizard Tail":0,"Dream Catcher":0,"Sundial":[12],"Pantograph":25,"Black Star":3,"obtain_stats":[{"Darkstone Periapt":44,"Regal Pillow":40,"Gremlin Horn":25,"Burning Blood":0,"Blood Vial":9,"Frozen Eye":24,"Lizard Tail":17,"Dream Catcher":42,"HornCleat":29,"Sundial":26,"Pantograph":39,"Red Skull":17,"Paper Frog":7,"Pear":44,"Happy Flower":42,"Oddly Smooth Stone":30,"Question Card":13,"Calling Bell":17,"CaptainsWheel":23,"Bottled Flame":40,"Molten Egg 2":17,"Black Star":34,"Membership Card":30,"Toy Ornithopter":43,"Meat on the Bone":3,"Pocketwatch":10},{"Darkstone Periapt":27,"Regal Pillow":25,"Gremlin Horn":17,"Burning Blood":0,"Blood Vial":5,"Frozen Eye":16,"Lizard Tail":11,"Dream Catcher":26,"HornCleat":19,"Sundial":17,"Pantograph":24,"Red Skull":11,"Paper Frog":4,"Pear":27,"Happy Flower":26,"Oddly Smooth Stone":19,"Question Card":9,"Calling Bell":11,"CaptainsWheel":16,"Bottled Flame":25,"Molten Egg 2":11,"Black Star":21,"Membership Card":19,"Toy Ornithopter":26,"Meat on the Bone":1,"Pocketwatch":6},{"Darkstone Periapt":134,"Regal Pillow":120,"Gremlin Horn":69,"Burning Blood":0,"Blood Vial":12,"Frozen Eye":65,"Lizard Tail":40,"Dream Catcher":127,"HornCleat":79,"Sundial":69,"Pantograph":113,"Red Skull":40,"Paper Frog":11,"Pear":134,"Happy Flower":127,"Oddly Smooth Stone":79,"Question Card":30,"Calling Bell":40,"CaptainsWheel":65,"Bottled Flame":120,"Molten Egg 2":40,"Black Star":96,"Membership Card":79,"Toy Ornithopter":127,"Meat on the Bone":2,"Pocketwatch":19}],"Toy Ornithopter":21,"Meat on the Bone":96,"Pocketwatch":[276]},"card_choices":[{"not_picked":["Infernal Blade","Warcry"],"picked":"Iron Wave","floor":1.0},{"not_picked":["Flex","Iron Wave"],"picked":"Pommel Strike","floor":4.0},{"not_picked":["Sword Boomerang","Combust"],"picked":"Perfected Strike","floor":5.0},{"not_picked":["Sword Boomerang","Bludgeon"],"picked":"Cleave","floor":7.0},{"not_picked":["Thunderclap","Clothesline"],"picked":"Uppercut","floor":8.0},{"not_picked":["Perfected Strike","Berserk","Rage"],"picked":"SKIP","floor":10.0},{"not_picked":["Clothesline","Iron Wave"],"picked":"Power Through","floor":11.0},{"not_picked":["Warcry","Dark Embrace"],"picked":"Shrug It Off","floor":12.0},{"not_picked":["Clothesline","Infernal Blade","Cleave"],"picked":"SKIP","floor":13.0},{"not_picked":["Clothesline","Cleave"],"picked":"Infernal Blade","floor":13.0},{"not_picked":["Shrug It Off","Perfected Strike","Clash"],"picked":"Corruption","floor":14.0},{"not_picked":["Juggernaut","Limit Break","Reaper"],"picked":"Fiend Fire","floor":16.0},{"not_picked":["Anger+1","Rage","Warcry","Clash+1"],"picked":"SKIP","floor":18.0},{"not_picked":["Sword Boomerang+1","Armaments","Twin Strike+1"],"picked":"Carnage+1","floor":19.0},{"not_picked":["Bludgeon+1","Cleave+1","Bloodletting"],"picked":"Clothesline+1","floor":21.0},{"not_picked":["Infernal Blade","Pommel Strike+1","Warcry"],"picked":"Metallicize","floor":22.0},{"not_picked":["Berserk","Heavy Blade+1","Warcry"],"picked":"Hemokinesis+1","floor":23.0},{"not_picked":["Rampage+1","Headbutt+1","Iron Wave+1"],"picked":"Impervious","floor":25},{"not_picked":["Dual Wield+1","Headbutt+1","Fire Breathing"],"picked":"Heavy Blade+1","floor":27},{"not_picked":["Berserk","Flex","Power Through"],"picked":"Shockwave","floor":29},{"not_picked":["Warcry+1","Cleave+1","True Grit"],"picked":"Inflame","floor":31},{"not_picked":["Reaper+1","Brutality","Demon Form"],"picked":"Offering","floor":33},{"not_picked":["Combust+1","Heavy Blade+1","Flex+1"],"picked":"Second Wind","floor":35},{"not_picked":["Pummel+1","Entrench","Warcry"],"picked":"Body Slam+1","floor":36},{"not_picked":["Combust","Flex","Shrug It Off+1"],"picked":"Flame Barrier+1","floor":38},{"not_picked":["Cleave+1","Fire Breathing","Armaments"],"picked":"Offering","floor":40},{"not_picked":["Inflame","Second Wind+1","Flex+1"],"picked":"Armaments+1","floor":42},{"not_picked":["Reckless Charge+1","Bludgeon+1","Flex"],"picked":"Flame Barrier","floor":44},{"not_picked":["Seeing Red+1","Perfected Strike+1","Warcry+1","Thunderclap+1"],"picked":"SKIP","floor":45},{"not_picked":["Sword Boomerang+1","Power Through","Body Slam+1"],"picked":"Shockwave+1","floor":47},{"not_picked":["Second Wind","Heavy Blade+1","Carnage+1"],"picked":"Shrug It Off+1","floor":48}],"player_experience":410588,"relics_obtained":[{"floor":7.0,"key":"Paper Frog"},{"floor":9.0,"key":"Blood Vial"},{"floor":10.0,"key":"Pocketwatch"},{"floor":13.0,"key":"Question Card"},{"floor":17.0,"key":"Red Skull"},{"floor":17.0,"key":"Molten Egg 2"},{"floor":17.0,"key":"Lizard Tail"},{"floor":23.0,"key":"CaptainsWheel"},{"floor":25,"key":"Gremlin Horn"},{"floor":26,"key":"Sundial"},{"floor":29,"key":"HornCleat"},{"floor":40,"key":"Regal Pillow"},{"floor":40,"key":"Bottled Flame"},{"floor":42,"key":"Happy Flower"},{"floor":42,"key":"Dream Catcher"},{"floor":43,"key":"Toy Ornithopter"},{"floor":44,"key":"Pear"},{"floor":44,"key":"Darkstone Periapt"}],"event_choices":[{"damage_healed":0.0,"max_hp_gain":0.0,"max_hp_loss":0.0,"gold_gain":0.0,"event_name":"Shining Light","player_choice":"Entered Light","floor":2.0,"gold_loss":0.0,"damage_taken":16.0,"cards_upgraded":["Strike_R","Strike_R"]},{"damage_healed":0.0,"max_hp_gain":0.0,"max_hp_loss":0.0,"gold_gain":0.0,"event_name":"Vampires","player_choice":"Ignored","floor":20.0,"gold_loss":0.0,"damage_taken":0.0},{"cards_removed":["Metallicize"],"damage_healed":0,"gold_gain":0,"player_choice":"Removed Power","damage_taken":0,"max_hp_gain":0,"max_hp_loss":0,"event_name":"Falling","floor":37,"gold_loss":0}],"is_beta":false,"boss_relics":[{"not_picked":["Philosopher\u0027s Stone","Runic Pyramid"],"picked":"Calling Bell"},{"not_picked":["Coffee Dripper","Tiny House"],"picked":"Black Star"}],"items_purged_floors":[24],"is_endless":false,"potions_floor_spawned":[4,8,10,11,14,16,18,22,23,25,40,44,45,47,48],"ascension_level":1}}