{"host":"srk2drlvga69hbot","time":1611414639,"event":{"mods":["BaseMod","Bestiary","Block Reminder","Colored Map","Colored Powertips","Dark Map","DeckTracker","Highlight Path","Minty Spire (QoL Compilation)","Quick Restart","Rare Cards Sparkle","Relic Stats","SuperFastMode","Unceasing Turn Reminder"],"gold_per_floor":[119,119,132,57,57,57,96,112,167,167,167,205,205,205,205,329,329,354,354,43,142,142,176,176,176,203,234,253,253,378,419,419,538,538,551,565,140,156,180,180,224,2,55,89,105,165,205,225,225,225],"floor_reached":51,"language":"ZHS","playtime":2633,"items_purged":["Strike_R","Strike_R"],"score":1353,"play_id":"c89deaf5-9f87-485a-a700-09231a1f04b5","local_time":"20210123231039","is_ascension_mode":true,"campfire_choices":[{"data":"Entrench","floor":6.0,"key":"SMITH"},{"data":"Body Slam","floor":10.0,"key":"SMITH"},{"data":"Power Through","floor":15.0,"key":"SMITH"},{"data":"Offering","floor":24.0,"key":"SMITH"},{"data":"Entrench","floor":29.0,"key":"SMITH"},{"data":"Impervious","floor":32.0,"key":"SMITH"},{"floor":40,"key":"RECALL"},{"floor":49,"key":"REST"}],"circlet_count":0,"master_deck":["Defend_R+1","Defend_R","Defend_R","Defend_R","Bash","Entrench+1","Warcry+1","Power Through+1","Body Slam+1","Impervious+1","Offering+1","Clothesline","Rage","Entrench+1","Juggernaut+1","Apotheosis","Evolve+1"],"relics":["Burning Blood","NeowsBlessing","Golden Idol","Boot","Juzu Bracelet","Ornamental Fan","Frozen Egg 2","Busted Crown","Medical Kit","Vajra","Centennial Puzzle","Red Skull","Bag of Preparation","Magic Flower","Blue Candle","Mango","Fusion Hammer","Oddly Smooth Stone","Kunai","Pen Nib","Ancient Tea Set","Bottled Tornado","Gambling Chip","Anchor"],"acts_visited":["Exordium","TheCity","TheBeyond"],"potions_floor_usage":[33],"damage_taken":[{"damage":0.0,"enemies":"Small Slimes","floor":1.0,"turns":1.0},{"damage":0.0,"enemies":"Jaw Worm","floor":3.0,"turns":1.0},{"damage":0.0,"enemies":"Gremlin Nob","floor":7.0,"turns":1.0},{"damage":0.0,"enemies":"Cultist","floor":8.0,"turns":5.0},{"damage":39.0,"enemies":"Lagavulin","floor":12.0,"turns":8.0},{"damage":42.0,"enemies":"Slime Boss","floor":16.0,"turns":11.0},{"damage":15.0,"enemies":"3 Byrds","floor":18.0,"turns":5.0},{"damage":29.0,"enemies":"Slavers","floor":23.0,"turns":10.0},{"damage":15.0,"enemies":"Book of Stabbing","floor":27.0,"turns":5.0},{"damage":0.0,"enemies":"2 Thieves","floor":28.0,"turns":5.0},{"damage":0.0,"enemies":"Colosseum Slavers","floor":30.0,"turns":3.0},{"damage":1.0,"enemies":"Colosseum Nobs","floor":30.0,"turns":5.0},{"damage":6.0,"enemies":"Gremlin Leader","floor":31.0,"turns":1.0},{"damage":10,"enemies":"Automaton","floor":33,"turns":5},{"damage":6,"enemies":"3 Shapes","floor":35,"turns":5},{"damage":6,"enemies":"Orb Walker","floor":36,"turns":2},{"damage":6,"enemies":"Jaw Worm Horde","floor":38,"turns":5},{"damage":4,"enemies":"Transient","floor":39,"turns":5},{"damage":6,"enemies":"Giant Head","floor":41,"turns":2},{"damage":6,"enemies":"Reptomancer","floor":44,"turns":2},{"damage":0,"enemies":"Sphere and 2 Shapes","floor":45,"turns":4},{"damage":9,"enemies":"2 Orb Walkers","floor":46,"turns":4},{"damage":0,"enemies":"Giant Head","floor":47,"turns":4},{"damage":6,"enemies":"Jaw Worm Horde","floor":48,"turns":5},{"damage":6,"enemies":"Donu and Deca","floor":50,"turns":5}],"seed_played":"-6927305659044825156","potions_obtained":[{"floor":1.0,"key":"SpeedPotion"},{"floor":12.0,"key":"Strength Potion"},{"floor":13.0,"key":"BloodPotion"},{"floor":13.0,"key":"AttackPotion"},{"floor":16.0,"key":"Explosive Potion"},{"floor":27.0,"key":"LiquidMemories"},{"floor":33,"key":"Explosive Potion"},{"floor":39,"key":"AttackPotion"},{"floor":46,"key":"Dexterity Potion"}],"is_trial":false,"path_per_floor":["M","?","M","$","?","R","E","M","T","R","?","E","?","T","R","B",null,"M","?","$","?","?","E","R","?","T","E","M","R","?","E","R","B",null,"M","M","$","M","M","R","E","$","T","E","M","?","E","M","R","B",null],"character_chosen":"IRONCLAD","items_purchased":["Medical Kit","Vajra","Oddly Smooth Stone","Apotheosis","Evolve+1","Pen Nib"],"campfire_rested":1,"item_purchase_floors":[20,20,37,37,42,42],"current_hp_per_floor":[78,58,64,64,48,48,54,60,60,60,60,27,43,43,43,7,62,53,53,53,53,53,30,30,30,30,21,27,27,38,55,55,54,84,87,90,90,93,94,94,94,94,94,94,94,94,94,94,94,94],"gold":225,"neow_bonus":"THREE_ENEMY_KILL","is_daily":false,"chose_seed":false,"campfire_upgraded":6,"win_rate":0.0,"timestamp":1611414639,"path_taken":["M","?","M","$","?","R","E","M","T","R","?","E","?","?","R","BOSS","M","?","$","?","?","E","R","?","T","E","M","R","?","E","R","BOSS","M","M","$","M","M","R","E","$","T","E","M","?","E","M","R","BOSS"],"items_purchased_type":["Relic","Relic","Relic","Card","Card","Relic"],"build_version":"2020-12-22","purchased_purges":2,"victory":true,"max_hp_per_floor":[80,80,80,80,80,80,80,80,80,80,80,80,80,80,80,80,80,80,80,80,80,80,80,80,80,80,80,80,80,80,94,94,94,94,94,94,94,94,94,94,94,94,94,94,94,94,94,94,94,94],"relic_stats":{"counters":[25,109],"Golden Idol":207,"Blue Candle":[0],"Magic Flower":[18],"Pen Nib":[1],"Juzu Bracelet":1,"Bag of Preparation":[32],"Boot":[14],"Medical Kit":[88],"Burning Blood":155,"Centennial Puzzle":[39],"Busted Crown":34,"Ornamental Fan":[28],"Gambling Chip":[9],"Kunai":[0],"obtain_stats":[{"NeowsBlessing":0,"Golden Idol":2,"Blue Candle":30,"Vajra":20,"Magic Flower":30,"Oddly Smooth Stone":37,"Mango":31,"Pen Nib":42,"Juzu Bracelet":9,"Bag of Preparation":27,"Frozen Egg 2":14,"Bottled Tornado":44,"Boot":7,"Medical Kit":20,"Ancient Tea Set":43,"Burning Blood":0,"Centennial Puzzle":23,"Anchor":47,"Busted Crown":17,"Ornamental Fan":12,"Gambling Chip":46,"Fusion Hammer":34,"Kunai":41,"Red Skull":26},{"NeowsBlessing":0,"Golden Idol":1,"Blue Candle":12,"Vajra":7,"Magic Flower":12,"Oddly Smooth Stone":16,"Mango":13,"Pen Nib":19,"Juzu Bracelet":4,"Bag of Preparation":9,"Frozen Egg 2":5,"Bottled Tornado":20,"Boot":3,"Medical Kit":7,"Ancient Tea Set":19,"Burning Blood":0,"Centennial Puzzle":8,"Anchor":23,"Busted Crown":6,"Ornamental Fan":5,"Gambling Chip":22,"Fusion Hammer":14,"Kunai":19,"Red Skull":8},{"NeowsBlessing":0,"Golden Idol":1,"Blue Candle":60,"Vajra":32,"Magic Flower":60,"Oddly Smooth Stone":73,"Mango":61,"Pen Nib":85,"Juzu Bracelet":8,"Bag of Preparation":47,"Frozen Egg 2":16,"Bottled Tornado":87,"Boot":3,"Medical Kit":32,"Ancient Tea Set":85,"Burning Blood":0,"Centennial Puzzle":42,"Anchor":99,"Busted Crown":27,"Ornamental Fan":16,"Gambling Chip":95,"Fusion Hammer":66,"Kunai":85,"Red Skull":42}]},"card_choices":[{"not_picked":["Sword Boomerang","True Grit"],"picked":"Entrench","floor":1.0},{"not_picked":["Heavy Blade","Sword Boomerang"],"picked":"Warcry","floor":3.0},{"not_picked":["Intimidate","Iron Wave"],"picked":"Power Through","floor":7.0},{"not_picked":["Clothesline","Carnage"],"picked":"Body Slam","floor":8.0},{"not_picked":["Twin Strike","Iron Wave"],"picked":"Impervious","floor":12.0},{"not_picked":["Bludgeon","Corruption+1"],"picked":"Offering","floor":16.0},{"not_picked":["Dual Wield"],"picked":"SKIP","floor":18.0},{"not_picked":["Cleave"],"picked":"SKIP","floor":23.0},{"not_picked":["Sentinel"],"picked":"SKIP","floor":27.0},{"not_picked":["Sentinel"],"picked":"SKIP","floor":27.0},{"not_picked":[],"picked":"Entrench","floor":28.0},{"not_picked":["Clash"],"picked":"SKIP","floor":31.0},{"not_picked":[],"picked":"Juggernaut+1","floor":33},{"not_picked":["Reckless Charge"],"picked":"SKIP","floor":35},{"not_picked":["Inflame+1"],"picked":"SKIP","floor":36},{"not_picked":["Inflame+1"],"picked":"SKIP","floor":36},{"not_picked":["Flame Barrier"],"picked":"SKIP","floor":38},{"not_picked":["True Grit"],"picked":"SKIP","floor":39},{"not_picked":["Headbutt+1"],"picked":"SKIP","floor":41},{"not_picked":["Clash"],"picked":"SKIP","floor":44},{"not_picked":["Clash"],"picked":"SKIP","floor":45},{"not_picked":["Searing Blow"],"picked":"SKIP","floor":47},{"not_picked":["Headbutt"],"picked":"SKIP","floor":48}],"player_experience":175452,"relics_obtained":[{"floor":7.0,"key":"Boot"},{"floor":9.0,"key":"Juzu Bracelet"},{"floor":12.0,"key":"Ornamental Fan"},{"floor":14.0,"key":"Frozen Egg 2"},{"floor":23.0,"key":"Centennial Puzzle"},{"floor":26.0,"key":"Red Skull"},{"floor":27.0,"key":"Bag of Preparation"},{"floor":30.0,"key":"Magic Flower"},{"floor":30.0,"key":"Blue Candle"},{"floor":31.0,"key":"Mango"},{"floor":41,"key":"Kunai"},{"floor":43,"key":"Ancient Tea Set"},{"floor":44,"key":"Bottled Tornado"},{"floor":46,"key":"Gambling Chip"},{"floor":47,"key":"Anchor"}],"event_choices":[{"damage_healed":0.0,"max_hp_gain":0.0,"max_hp_loss":0.0,"gold_gain":0.0,"event_name":"Golden Idol","player_choice":"Take Damage","floor":2.0,"gold_loss":0.0,"damage_taken":20.0,"relics_obtained":["Golden Idol"]},{"damage_healed":0.0,"max_hp_gain":0.0,"max_hp_loss":0.0,"gold_gain":0.0,"event_name":"Shining Light","player_choice":"Entered Light","floor":5.0,"gold_loss":0.0,"damage_taken":16.0,"cards_upgraded":["Warcry","Defend_R"]},{"cards_removed":["Strike_R"],"damage_healed":0.0,"max_hp_gain":0.0,"max_hp_loss":0.0,"gold_gain":0.0,"event_name":"Purifier","player_choice":"Purged","floor":11.0,"gold_loss":0.0,"damage_taken":0.0},{"damage_healed":0.0,"max_hp_gain":0.0,"max_hp_loss":0.0,"gold_gain":0.0,"event_name":"Lab","player_choice":"Got Potions","floor":13.0,"gold_loss":0.0,"damage_taken":0.0},{"damage_healed":0.0,"max_hp_gain":0.0,"max_hp_loss":0.0,"gold_gain":0.0,"event_name":"Cursed Tome","player_choice":"Ignored","floor":19.0,"gold_loss":0.0,"damage_taken":0.0},{"damage_healed":0.0,"max_hp_gain":0.0,"max_hp_loss":0.0,"gold_gain":99.0,"event_name":"Nest","player_choice":"Stole From Cult","floor":21.0,"gold_loss":0.0,"damage_taken":0.0},{"damage_healed":0.0,"max_hp_gain":0.0,"max_hp_loss":0.0,"gold_gain":0.0,"cards_transformed":["Strike_R","Strike_R"],"event_name":"Drug Dealer","player_choice":"Became Test Subject","floor":22.0,"gold_loss":0.0,"damage_taken":0.0,"cards_obtained":["Clothesline","Rage"]},{"damage_healed":0.0,"max_hp_gain":0.0,"max_hp_loss":0.0,"gold_gain":0.0,"event_name":"Ghosts","player_choice":"Ignored","floor":25.0,"gold_loss":0.0,"damage_taken":0.0},{"damage_healed":0.0,"max_hp_gain":0.0,"max_hp_loss":0.0,"gold_gain":0.0,"event_name":"Colosseum","player_choice":"Fight","floor":30.0,"gold_loss":0.0,"damage_taken":0.0},{"damage_healed":0.0,"max_hp_gain":0.0,"max_hp_loss":0.0,"gold_gain":0.0,"event_name":"Colosseum","player_choice":"Fought Nobs","floor":30.0,"gold_loss":0.0,"damage_taken":0.0},{"damage_healed":0,"gold_gain":0,"player_choice":"Fight","damage_taken":0,"max_hp_gain":0,"max_hp_loss":0,"event_name":"Mysterious Sphere","floor":46,"gold_loss":0}],"is_beta":false,"boss_relics":[{"not_picked":["Sozu","Velvet Choker"],"picked":"Busted Crown"},{"not_picked":["Black Blood","Tiny House"],"picked":"Fusion Hammer"}],"items_purged_floors":[4,37],"is_endless":false,"potions_floor_spawned":[1,12,16,18,23,27,30,33,38,39,41,46,47],"ascension_level":7}}