{"host":"y1oqg7uy0jc6f5mb","time":1611413662,"event":{"mods":["BaseMod","Better Altar","Better Match","Better Note","Better Sensory Stone","Better Skull","Better Third Choice","BetterRewards","Block Reminder","Colored Map","Colored Powertips","Custom Start","DeckTracker","Displayed Cursed Tome","Highlight Path","Ironclad Rager","Minty Spire (QoL Compilation)","Permanent Neow","Quick Restart","Relic Sorter","Relic Stats","Shop Mod","StSLib"],"gold_per_floor":[110,123,73,90,90,122,122,149,149,149,30,56,0,51,51,152,152,168,168,182,98,98,127,127,156,180,197,214,214,233,233,233,328,328,344,73,89,13,27,27,43,43,89,117,132,144,144,154,154,154],"floor_reached":51,"language":"ENG","playtime":4046,"items_purged":["Defend_B","Strike_B","Strike_B"],"score":719,"play_id":"08a445fc-ad21-4ba0-ab95-a2ee5958cd83","local_time":"20210123225422","is_ascension_mode":true,"campfire_choices":[{"floor":7.0,"key":"REST"},{"floor":10.0,"key":"REST"},{"floor":15.0,"key":"REST"},{"floor":24.0,"key":"REST"},{"floor":29.0,"key":"REST"},{"data":"Capacitor","floor":32.0,"key":"SMITH"},{"data":"Echo Form","floor":40.0,"key":"SMITH"},{"data":"Static Discharge","floor":42.0,"key":"SMITH"},{"floor":47.0,"key":"REST"},{"data":"Tempest","floor":49.0,"key":"SMITH"}],"circlet_count":0,"master_deck":["Defend_B","Defend_B","Zap","Dualcast","Dark Shackles","Go for the Eyes+1","Sunder+1","Redo","Capacitor+1","Compile Driver","Self Repair","Auto Shields","Enlightenment+1","Stack","Hologram+1","Leap+1","Tempest+1","Thunder Strike+1","Doom and Gloom+1","Go for the Eyes+1","Streamline+1","Melter+1","Stack+1","Echo Form+1","Conserve Battery+1","Static Discharge+1","Defragment+1","Ball Lightning+1","Sweeping Beam+1","Sunder+1","Force Field+1","Consume+1","Redo+1"],"relics":["Cracked Core","Smiling Mask","HornCleat","Anchor","Regal Pillow","Runic Dome","Molten Egg 2","Bronze Scales","Singing Bowl","Whetstone","Empty Cage","Blood Vial","Bag of Marbles","Dream Catcher"],"acts_visited":["Exordium","TheCity","TheBeyond"],"potions_floor_usage":[50],"damage_taken":[{"damage":1.0,"enemies":"Cultist","floor":1.0,"turns":4.0},{"damage":4.0,"enemies":"Small Slimes","floor":2.0,"turns":3.0},{"damage":4.0,"enemies":"2 Louse","floor":4.0,"turns":2.0},{"damage":28.0,"enemies":"3 Sentries","floor":6.0,"turns":8.0},{"damage":20.0,"enemies":"Gremlin Nob","floor":8.0,"turns":4.0},{"damage":41.0,"enemies":"3 Sentries","floor":12.0,"turns":6.0},{"damage":18.0,"enemies":"The Guardian","floor":16.0,"turns":13.0},{"damage":17.0,"enemies":"Spheric Guardian","floor":18.0,"turns":4.0},{"damage":0.0,"enemies":"2 Thieves","floor":20.0,"turns":4.0},{"damage":52.0,"enemies":"Book of Stabbing","floor":23.0,"turns":6.0},{"damage":28.0,"enemies":"Slavers","floor":25.0,"turns":4.0},{"damage":0.0,"enemies":"Centurion and Healer","floor":27.0,"turns":4.0},{"damage":28.0,"enemies":"Snake Plant","floor":28.0,"turns":4.0},{"damage":0.0,"enemies":"3 Cultists","floor":30.0,"turns":4.0},{"damage":67.0,"enemies":"Automaton","floor":33.0,"turns":9.0},{"damage":8.0,"enemies":"3 Shapes","floor":35.0,"turns":5.0},{"damage":1.0,"enemies":"Orb Walker","floor":37.0,"turns":4.0},{"damage":15.0,"enemies":"Spire Growth","floor":39.0,"turns":5.0},{"damage":0.0,"enemies":"Maw","floor":41.0,"turns":8.0},{"damage":19.0,"enemies":"Nemesis","floor":44.0,"turns":9.0},{"damage":2.0,"enemies":"4 Shapes","floor":45.0,"turns":4.0},{"damage":29.0,"enemies":"Writhing Mass","floor":46.0,"turns":6.0},{"damage":5.0,"enemies":"Transient","floor":48.0,"turns":5.0},{"damage":82,"enemies":"Donu and Deca","floor":50,"turns":7}],"seed_played":"-9189704984523629912","potions_obtained":[{"floor":1.0,"key":"Block Potion"},{"floor":2.0,"key":"GamblersBrew"},{"floor":20.0,"key":"PowerPotion"},{"floor":23.0,"key":"SneckoOil"},{"floor":28.0,"key":"LiquidMemories"},{"floor":33.0,"key":"Fire Potion"},{"floor":35.0,"key":"BlessingOfTheForge"},{"floor":44.0,"key":"Weak Potion"},{"floor":45.0,"key":"Swift Potion"}],"is_trial":false,"path_per_floor":["M","M","?","M","?","E","R","E","T","R","$","E","?","T","R","B",null,"M","?","M","$","?","E","R","E","T","M","M","R","M","?","R","B",null,"M","$","M","$","M","R","M","R","T","E","M","M","R","M","R","B",null],"character_chosen":"DEFECT","items_purchased":["Compile Driver","Self Repair","Tempest","Blood Vial","Static Discharge","Ball Lightning+1"],"campfire_rested":6,"item_purchase_floors":[11,11,21,36,36,38],"current_hp_per_floor":[74,70,70,66,66,38,60,40,40,62,62,28,34,34,73,62,81,71,71,78,78,78,33,72,51,51,51,30,69,76,76,76,16,81,73,73,81,81,68,68,77,77,77,67,76,56,85,85,85,10],"gold":154,"neow_bonus":"RANDOM_COLORLESS","is_daily":false,"chose_seed":false,"campfire_upgraded":4,"win_rate":0.0,"timestamp":1611413662,"path_taken":["M","M","?","M","?","E","R","E","T","R","$","E","?","?","R","BOSS","M","?","M","$","?","E","R","E","T","M","M","R","M","?","R","BOSS","M","$","M","$","M","R","M","R","T","E","M","M","R","M","R","BOSS"],"items_purchased_type":["Card","Card","Card","Relic","Card","Card"],"build_version":"2020-12-22","purchased_purges":3,"victory":true,"max_hp_per_floor":[75,75,75,75,75,75,75,75,75,75,75,75,81,81,81,81,81,81,81,81,81,81,81,81,81,81,81,81,81,81,81,81,81,81,81,81,81,81,83,83,83,83,83,83,85,85,85,85,85,85],"relic_stats":{"Blood Vial":10,"Regal Pillow":49,"Dream Catcher":1,"Singing Bowl":4,"counters":[24,132],"Bronze Scales":[232],"Whetstone":["Thunder Strike","Sunder"],"Smiling Mask":150,"obtain_stats":[{"Regal Pillow":14,"Singing Bowl":25,"Whetstone":26,"Smiling Mask":6,"Empty Cage":34,"Blood Vial":36,"Runic Dome":17,"Anchor":12,"Dream Catcher":44,"HornCleat":8,"Bronze Scales":23,"Molten Egg 2":22,"Bag of Marbles":43,"Cracked Core":0},{"Regal Pillow":6,"Singing Bowl":11,"Whetstone":11,"Smiling Mask":4,"Empty Cage":15,"Blood Vial":16,"Runic Dome":7,"Anchor":6,"Dream Catcher":20,"HornCleat":5,"Bronze Scales":10,"Molten Egg 2":9,"Bag of Marbles":19,"Cracked Core":0},{"Regal Pillow":27,"Singing Bowl":58,"Whetstone":58,"Smiling Mask":17,"Empty Cage":79,"Blood Vial":84,"Runic Dome":40,"Anchor":27,"Dream Catcher":110,"HornCleat":21,"Bronze Scales":54,"Molten Egg 2":48,"Bag of Marbles":101,"Cracked Core":0}]},"card_choices":[{"not_picked":["Impatience","Purity"],"picked":"Dark Shackles","floor":0.0},{"not_picked":["Gash","Steam"],"picked":"Go for the Eyes","floor":1.0},{"not_picked":["Darkness","Stack"],"picked":"Sunder","floor":2.0},{"not_picked":["Hello World","Reprogram"],"picked":"Redo","floor":4.0},{"not_picked":["Consume","Stack"],"picked":"All For One","floor":6.0},{"not_picked":["White Noise","Aggregate"],"picked":"Capacitor","floor":8.0},{"not_picked":["Rip and Tear","All For One"],"picked":"Auto Shields","floor":12.0},{"not_picked":["Thunder Strike","Amplify"],"picked":"Fission","floor":16.0},{"not_picked":["Sunder+1","Streamline"],"picked":"Hologram","floor":18.0},{"not_picked":["Turbo","Storm"],"picked":"Leap+1","floor":20.0},{"not_picked":["Ball Lightning+1","Redo"],"picked":"Doom and Gloom+1","floor":23.0},{"not_picked":["Heatsinks+1","Undo"],"picked":"Go for the Eyes+1","floor":25.0},{"not_picked":["Go for the Eyes+1","White Noise"],"picked":"Streamline+1","floor":27.0},{"not_picked":["Barrage+1","Coolheaded"],"picked":"Melter+1","floor":28.0},{"not_picked":["Sweeping Beam+1","Steam+1"],"picked":"Stack+1","floor":30.0},{"not_picked":["Seek","Thunder Strike+1"],"picked":"Echo Form","floor":33.0},{"not_picked":["Beam Cell+1","Double Energy+1"],"picked":"Conserve Battery+1","floor":35.0},{"not_picked":["Sweeping Beam+1","Tempest+1"],"picked":"Defragment+1","floor":37.0},{"not_picked":["Reinforced Body+1","Rebound+1","Rip and Tear+1"],"picked":"Singing Bowl","floor":39.0},{"not_picked":["Coolheaded","Defragment"],"picked":"Sweeping Beam+1","floor":41.0},{"not_picked":["Stack","Heatsinks"],"picked":"Sunder+1","floor":44.0},{"not_picked":["Cold Snap+1","Melter+1","Coolheaded"],"picked":"Singing Bowl","floor":45.0},{"not_picked":["BootSequence","Auto Shields"],"picked":"Force Field+1","floor":46.0},{"not_picked":["Rebound+1","Defragment"],"picked":"Consume+1","floor":47.0},{"not_picked":["Glacier","Beam Cell+1"],"picked":"Redo+1","floor":48.0}],"player_experience":148636,"relics_obtained":[{"floor":6.0,"key":"Smiling Mask"},{"floor":8.0,"key":"HornCleat"},{"floor":12.0,"key":"Anchor"},{"floor":14.0,"key":"Regal Pillow"},{"floor":23.0,"key":"Bronze Scales"},{"floor":25.0,"key":"Singing Bowl"},{"floor":26.0,"key":"Whetstone"},{"floor":43.0,"key":"Bag of Marbles"},{"floor":44.0,"key":"Dream Catcher"}],"event_choices":[{"cards_removed":["Strike_B"],"damage_healed":0.0,"max_hp_gain":0.0,"max_hp_loss":0.0,"gold_gain":0.0,"event_name":"The Cleric","player_choice":"Card Removal","floor":3.0,"gold_loss":50.0,"damage_taken":0.0},{"damage_healed":0.0,"max_hp_gain":0.0,"max_hp_loss":0.0,"gold_gain":0.0,"event_name":"Living Wall","player_choice":"Grow","floor":5.0,"gold_loss":0.0,"damage_taken":0.0,"cards_upgraded":["Go for the Eyes"]},{"damage_healed":0.0,"max_hp_gain":0.0,"max_hp_loss":0.0,"gold_gain":0.0,"event_name":"betterThird:BetterSerpent","player_choice":"RENOUNCE","floor":13.0,"gold_loss":56.0,"damage_taken":56.0,"cards_obtained":["Enlightenment"]},{"damage_healed":0.0,"max_hp_gain":0.0,"max_hp_loss":0.0,"gold_gain":0.0,"event_name":"BanditSerpent","player_choice":"Serpent","floor":19.0,"gold_loss":0.0,"damage_taken":0.0},{"damage_healed":0.0,"max_hp_gain":0.0,"max_hp_loss":0.0,"gold_gain":0.0,"event_name":"BanditSerpent","player_choice":"Serpent","floor":19.0,"gold_loss":0.0,"damage_taken":0.0},{"damage_healed":0.0,"max_hp_gain":0.0,"max_hp_loss":0.0,"gold_gain":0.0,"event_name":"The Mausoleum","player_choice":"Opened","floor":22.0,"gold_loss":0.0,"damage_taken":0.0,"relics_obtained":["Molten Egg 2"]},{"damage_healed":0.0,"max_hp_gain":0.0,"max_hp_loss":0.0,"gold_gain":0.0,"event_name":"Accursed Blacksmith","player_choice":"Forge","floor":31.0,"gold_loss":0.0,"damage_taken":0.0,"cards_upgraded":["Hologram"]}],"is_beta":false,"boss_relics":[{"not_picked":["Philosopher\u0027s Stone","FrozenCore"],"picked":"Runic Dome"},{"not_picked":["Black Star","Pandora\u0027s Box"],"picked":"Empty Cage"}],"items_purged_floors":[21,36,38],"is_endless":false,"potions_floor_spawned":[1,2,20,23,28,33,35,44,45],"ascension_level":1}}