{"host":"orwsrz1cc0wttjjy","time":1611383720,"event":{"mods":["100% Spire Juice","2.2 Compatiblity","AchievementEnabler","Arknights The Spire","Astrologer","BaseMod","Better Altar","Better Match","Better Skull","Better Third Choice","BetterRewards","CapriCore","ChefMod","Colored Map","Colored Powertips","Conspire","DeckTracker","Friendly Minions","Halation","Hermit","Hubris","Infinite Spire","Mimic Mod","Minty Spire (QoL Compilation)","MostiFishMod","Permanent Neow","Puzzle Mod","Relic Sorter","Relic Stats","Robot Space Explorer","Shop Mod","Spicy Shops","Spire Arcade","StSLib","Td1madao Mod","The Accelerator","The Animator","The Cursed","The Gatherer","The Hierophant","The Marked","The Poker Player","The Runesmith","Treasure Hunter","everything is the same but u backflip on backflip","vexMod"],"gold_per_floor":[129,145,155,155,165,191,71,83,83,57,90,90,105,117,117,117,117],"floor_reached":16,"language":"KOR","playtime":1196,"items_purged":[],"score":114,"play_id":"172b0946-c58f-4393-9f92-0d29d94b7985","local_time":"20210123153520","is_ascension_mode":false,"campfire_choices":[{"floor":7,"key":"REST"},{"floor":15,"key":"REST"}],"circlet_count":0,"master_deck":["Moonworks:Strike","Moonworks:Strike","Moonworks:Strike","Moonworks:Strike","Moonworks:Defend","Moonworks:Defend","Moonworks:Defend","Moonworks:Defend","Moonworks:Ambush","Moonworks:LongDistanceShot","Moonworks:CastOff+1","Moonworks:CloudOfSeagulls","Moonworks:StiffCrystal","Regret","Moonworks:EvilSpyWorkPreparation","TH:DeckOfManyThings","Moonworks:SakisCookie","Moonworks:Dash","TH:DeckOfManyThings","Moonworks:Assault","TH:DeckOfManyThings","Moonworks:ScrambledEve+1","MostiFishMod:WingOfPhoenix","Moonworks:SealedMemories","Moonworks:ReproductionOfRecords"],"relics":["Moonworks:BrokenBomb","hubris:Reverence","MostiFishMod:Haymaker","Moonworks:Homemark","DaveBox","EGODaCapo","SynthV:TestCard","conspire:Flyswatter","hubris:OldNail","War Paint"],"acts_visited":["Exordium"],"potions_floor_usage":[14],"damage_taken":[{"damage":9,"enemies":"infinitespire:Voidling","floor":1,"turns":5},{"damage":3,"enemies":"conspire:RoseBush","floor":2,"turns":2},{"damage":4,"enemies":"Small Slimes","floor":3,"turns":3},{"damage":6,"enemies":"Exordium Wildlife","floor":5,"turns":4},{"damage":13,"enemies":"3 Sentries","floor":6,"turns":7},{"damage":8,"enemies":"Blue Slaver","floor":8,"turns":3},{"damage":11,"enemies":"Gremlin Nob","floor":11,"turns":5},{"damage":6,"enemies":"Red Slaver","floor":13,"turns":4},{"damage":1,"enemies":"Exordium Wildlife","floor":14,"turns":2},{"damage":21,"enemies":"Hexaghost","floor":16,"turns":8}],"seed_played":"7907941370937018070","potions_obtained":[{"floor":2,"key":"Strength Potion"},{"floor":6,"key":"FearPotion"},{"floor":13,"key":"SkillPotion"},{"floor":14,"key":"Fire Potion"}],"is_trial":false,"path_per_floor":["M","M","M","?","M","E","R","M","T","$","E","?","M","M","R","B"],"character_chosen":"THE_STARBREAKER","items_purchased":["Moonworks:Assault"],"campfire_rested":2,"item_purchase_floors":[10],"current_hp_per_floor":[52,49,45,45,39,26,42,34,34,34,25,8,4,3,19,0,0],"gold":117,"neow_bonus":"TWO_FIFTY_GOLD","is_daily":false,"chose_seed":false,"campfire_upgraded":0,"win_rate":0.0,"timestamp":1611383720,"path_taken":["M","M","?","?","M","E","R","M","T","$","E","?","M","M","R","BOSS"],"items_purchased_type":["Card"],"build_version":"2020-12-22","purchased_purges":0,"victory":false,"max_hp_per_floor":[54,54,54,54,54,54,54,54,54,54,54,54,54,54,54,54,54],"relic_stats":{"counters":[10,43],"War Paint":["Moonworks:ScrambledEve","Moonworks:CastOff"],"obtain_stats":[{"SynthV:TestCard":1,"DaveBox":0,"MostiFishMod:Haymaker":9,"EGODaCapo":0,"Moonworks:Homemark":0,"War Paint":12,"hubris:OldNail":11,"Moonworks:BrokenBomb":0,"conspire:Flyswatter":4,"hubris:Reverence":6},{"SynthV:TestCard":1,"DaveBox":0,"MostiFishMod:Haymaker":6,"EGODaCapo":0,"Moonworks:Homemark":0,"War Paint":7,"hubris:OldNail":7,"Moonworks:BrokenBomb":0,"conspire:Flyswatter":3,"hubris:Reverence":5},{"SynthV:TestCard":5,"DaveBox":0,"MostiFishMod:Haymaker":24,"EGODaCapo":0,"Moonworks:Homemark":0,"War Paint":29,"hubris:OldNail":29,"Moonworks:BrokenBomb":0,"conspire:Flyswatter":10,"hubris:Reverence":21}]},"card_choices":[{"not_picked":["Moonworks:BeyondHell","Moonworks:SelfDestruct"],"picked":"Moonworks:CastOff","floor":1},{"not_picked":["Moonworks:JonathanRush","Moonworks:NicePresent","Moonworks:FinalSurgery","Moonworks:EvilSpyWorkPreparation"],"picked":"Moonworks:CloudOfSeagulls","floor":2},{"not_picked":["Moonworks:DeployBits","Moonworks:MixPhenomenon","Moonworks:Flamethrower","Moonworks:LulusLuckyEgg"],"picked":"Moonworks:StiffCrystal","floor":3},{"not_picked":["Moonworks:MixPhenomenon","Moonworks:DeployBits","Moonworks:MiracleRedBeanIceCream","Moonworks:Wanted"],"picked":"Moonworks:EvilSpyWorkPreparation","floor":5},{"not_picked":["TH:TreasureMap","TH:EnergyPotion","TH:BikiniMail"],"picked":"TH:DeckOfManyThings","floor":6},{"not_picked":["Moonworks:BindingChains","Moonworks:WindyEnchantment","Moonworks:LulusLuckyEgg","Moonworks:BigMagnum"],"picked":"Moonworks:SakisCookie","floor":6},{"not_picked":["Moonworks:MiracleRedBeanIceCream","Moonworks:DeployBits","Moonworks:ScrambledEve","Moonworks:CloudOfSeagulls"],"picked":"Moonworks:Dash","floor":8},{"not_picked":["TH:TreasureMap","TH:PixieDust","TH:BikiniMail"],"picked":"TH:DeckOfManyThings","floor":9},{"not_picked":["TH:CopperCoins","TH:EnergyPotion","TH:BikiniMail"],"picked":"TH:DeckOfManyThings","floor":11},{"not_picked":["Moonworks:BindingChains","Moonworks:LuckyCharm","Moonworks:StiffCrystal","Moonworks:DevilHand"],"picked":"Moonworks:ScrambledEve","floor":11},{"not_picked":["Moonworks:Assault","Moonworks:EvilSpyWorkPreparation","Moonworks:AngelHand","Moonworks:CloudOfSeagulls"],"picked":"Moonworks:SealedMemories","floor":13},{"not_picked":["Moonworks:IndiscriminateFireSupport","Moonworks:StiffCrystal","Moonworks:EvilMastermind","Moonworks:CastOff"],"picked":"Moonworks:ReproductionOfRecords","floor":14}],"player_experience":308804,"relics_obtained":[{"floor":1,"key":"SynthV:TestCard"},{"floor":6,"key":"hubris:Reverence"},{"floor":9,"key":"MostiFishMod:Haymaker"},{"floor":11,"key":"hubris:OldNail"}],"event_choices":[{"damage_healed":0,"gold_gain":0,"player_choice":"Box","damage_taken":0,"relics_obtained":["conspire:Flyswatter"],"max_hp_gain":0,"max_hp_loss":0,"event_name":"Big Fish","floor":4,"gold_loss":0,"cards_obtained":["Regret"]}],"is_beta":false,"boss_relics":[],"items_purged_floors":[],"is_endless":false,"potions_floor_spawned":[2,6,13,14],"killed_by":"Hexaghost","ascension_level":0}}