{"host":"daa8jqyg4gqfaysm","time":1611422128,"event":{"mods":["BaseMod","Colored Powertips","Minty Spire (QoL Compilation)","StSLib"],"gold_per_floor":[111,111,76,90,90,117,136,136,161,176,176,61,86,107,107,231,231,249,348,366,291,291,327,327,365,414,433,156,196,209,242,242,366,366,379,442,456,471,494,562,562,602,681,681,229,229,229,264,264,264,264,264,65,108,108,108],"floor_reached":55,"language":"ENG","playtime":1344,"items_purged":["Strike_B","Zap","Strike_B+1"],"score":878,"play_id":"ae6c1e46-7d9c-4cd3-b303-7d1981c9ba54","local_time":"20210124011528","is_ascension_mode":false,"campfire_choices":[{"floor":11,"key":"REST"},{"data":"Defragment","floor":15,"key":"SMITH"},{"floor":24,"key":"REST"},{"data":"Biased Cognition","floor":32,"key":"SMITH"},{"floor":41,"key":"RECALL"},{"data":"Fission","floor":44,"key":"SMITH"},{"data":"Capacitor","floor":46,"key":"SMITH"},{"data":"Capacitor","floor":47,"key":"SMITH"},{"data":"Electrodynamics","floor":49,"key":"SMITH"},{"data":"Rainbow","floor":52,"key":"SMITH"}],"circlet_count":0,"master_deck":["Strike_B+1","Defend_B+1","Defend_B+1","Defend_B+1","Defend_B+1","Dualcast","Fission+1","Ball Lightning+1","Rebound","Doom and Gloom+1","Cold Snap+1","Beam Cell+1","Melter+1","Conserve Battery","Defragment+1","Electrodynamics+1","BootSequence","Rip and Tear+1","Cold Snap+1","Biased Cognition+1","Sweeping Beam+1","Capacitor+1","Rip and Tear+1","Self Repair","Coolheaded+1","Barrage+1","FTL+1","Rainbow+1","Capacitor+1","Defragment+1","Loop+1","Ball Lightning+1","Cold Snap+1","Glacier+1","Lockon+1"],"relics":["Cracked Core","Orichalcum","Molten Egg 2","Golden Idol","War Paint","Velvet Choker","Centennial Puzzle","Anchor","Orrery","Lantern","Gremlin Horn","Coffee Dripper","Turnip","WingedGreaves","Bag of Marbles","Shuriken","HornCleat","Bag of Preparation","Happy Flower"],"acts_visited":["Exordium","TheCity","TheBeyond","TheEnding"],"potions_floor_usage":[16,23,29,33,40,42,55],"damage_taken":[{"damage":0,"enemies":"2 Louse","floor":1,"turns":3},{"damage":5,"enemies":"Small Slimes","floor":4,"turns":3},{"damage":37,"enemies":"Lagavulin","floor":6,"turns":6},{"damage":5,"enemies":"Jaw Worm","floor":7,"turns":2},{"damage":0,"enemies":"Blue Slaver","floor":10,"turns":3},{"damage":0,"enemies":"Exordium Wildlife","floor":13,"turns":2},{"damage":2,"enemies":"Exordium Thugs","floor":14,"turns":3},{"damage":17,"enemies":"Slime Boss","floor":16,"turns":6},{"damage":5,"enemies":"Shell Parasite","floor":18,"turns":4},{"damage":0,"enemies":"Chosen","floor":20,"turns":3},{"damage":24,"enemies":"Slavers","floor":23,"turns":4},{"damage":8,"enemies":"Gremlin Leader","floor":25,"turns":5},{"damage":2,"enemies":"Centurion and Healer","floor":27,"turns":5},{"damage":0,"enemies":"Slavers","floor":29,"turns":4},{"damage":0,"enemies":"Snecko","floor":30,"turns":2},{"damage":0,"enemies":"Gremlin Leader","floor":31,"turns":4},{"damage":3,"enemies":"Champ","floor":33,"turns":12},{"damage":4,"enemies":"3 Darklings","floor":35,"turns":3},{"damage":0,"enemies":"Mind Bloom Boss Battle","floor":36,"turns":3},{"damage":0,"enemies":"3 Shapes","floor":37,"turns":4},{"damage":0,"enemies":"Transient","floor":38,"turns":5},{"damage":3,"enemies":"3 Darklings","floor":39,"turns":4},{"damage":5,"enemies":"2 Orb Walkers","floor":40,"turns":4},{"damage":36,"enemies":"Giant Head","floor":42,"turns":9},{"damage":8,"enemies":"Reptomancer","floor":48,"turns":4},{"damage":8,"enemies":"Time Eater","floor":50,"turns":11},{"damage":29,"enemies":"Shield and Spear","floor":54,"turns":6},{"damage":51,"enemies":"The Heart","floor":55,"turns":3}],"seed_played":"-1563154381963357891","potions_obtained":[{"floor":7,"key":"ColorlessPotion"},{"floor":10,"key":"SteroidPotion"},{"floor":14,"key":"Block Potion"},{"floor":23,"key":"Dexterity Potion"},{"floor":29,"key":"FocusPotion"},{"floor":33,"key":"Fire Potion"},{"floor":40,"key":"ColorlessPotion"}],"is_trial":false,"path_per_floor":["M","?","?","M","?","E","M","?","T","M","R","$","M","M","R","B",null,"M","?","M","?","?","E","R","E","T","M","$","E","M","E","R","B",null,"M","?","M","M","M","?","R","E","T","R","$","R","R","E","R","B",null,"R","$","E","B"],"character_chosen":"DEFECT","items_purchased":["Melter+1","Capacitor","Orrery","FocusPotion","Cold Snap+1","HornCleat","DistilledChaos","Lockon+1"],"campfire_rested":2,"item_purchase_floors":[12,28,28,28,45,45,45,53],"current_hp_per_floor":[75,50,68,63,63,26,21,21,21,21,41,41,41,39,39,22,69,64,64,64,64,64,40,60,52,52,50,50,57,57,57,57,61,69,69,69,69,69,69,64,64,35,35,35,35,35,35,34,34,26,69,69,69,47,0,0],"gold":108,"neow_bonus":"ONE_RANDOM_RARE_CARD","is_daily":false,"chose_seed":false,"campfire_upgraded":7,"win_rate":0.0,"timestamp":1611422128,"path_taken":["M","?","?","M","?","E","M","?","T","M","R","$","M","M","R","BOSS","M","?","M","?","?","E","R","E","T","M","?","E","M","E","R","BOSS","M","?","M","M","M","?","R","E","T","R","$","R","R","E","R","BOSS","R","$","E","BOSS"],"items_purchased_type":["Card","Card","Relic","Potion","Card","Relic","Potion","Card"],"build_version":"2020-12-22","purchased_purges":3,"victory":false,"max_hp_per_floor":[75,75,75,75,75,75,75,69,69,69,69,69,69,69,69,69,69,69,69,69,69,69,69,69,69,69,69,69,69,69,69,69,69,69,69,69,69,69,69,69,69,69,69,69,69,69,69,69,69,69,69,69,69,69,69,69],"card_choices":[{"not_picked":["Hologram","Conserve Battery"],"picked":"Ball Lightning","floor":1},{"not_picked":["Recycle","Conserve Battery"],"picked":"Rebound","floor":4},{"not_picked":["Coolheaded","Turbo"],"picked":"Doom and Gloom+1","floor":6},{"not_picked":["Reprogram","Coolheaded"],"picked":"Cold Snap+1","floor":7},{"not_picked":["Darkness","Genetic Algorithm"],"picked":"Beam Cell+1","floor":10},{"not_picked":["Stack","Fusion"],"picked":"Conserve Battery","floor":13},{"not_picked":["Doom and Gloom+1","Steam"],"picked":"Defragment","floor":14},{"not_picked":["Creative AI","Amplify"],"picked":"Electrodynamics","floor":16},{"not_picked":["Gash+1","Rebound+1"],"picked":"BootSequence","floor":18},{"not_picked":["Chill","Conserve Battery"],"picked":"Rip and Tear+1","floor":20},{"not_picked":["Scrape+1","Leap+1"],"picked":"Cold Snap+1","floor":23},{"not_picked":["Heatsinks","Coolheaded"],"picked":"Biased Cognition","floor":25},{"not_picked":["Cold Snap+1","Go for the Eyes+1"],"picked":"Sweeping Beam+1","floor":27},{"not_picked":["Conserve Battery","Fission"],"picked":"Rip and Tear+1","floor":28},{"not_picked":["Beam Cell+1","Hologram+1"],"picked":"Self Repair","floor":28},{"not_picked":["Tempest","Reboot"],"picked":"Coolheaded+1","floor":28},{"not_picked":["Genetic Algorithm","Darkness"],"picked":"Barrage+1","floor":28},{"not_picked":["Reprogram","Genetic Algorithm+1","Blizzard+1"],"picked":"SKIP","floor":29},{"not_picked":["Aggregate+1","Sweeping Beam+1","Redo"],"picked":"SKIP","floor":30},{"not_picked":["Auto Shields","Scrape+1"],"picked":"FTL+1","floor":31},{"not_picked":["Electrodynamics","Thunder Strike+1"],"picked":"Rainbow","floor":33},{"not_picked":["Redo+1","Go for the Eyes+1"],"picked":"Capacitor","floor":35},{"not_picked":["Compile Driver+1","Conserve Battery+1"],"picked":"Defragment+1","floor":36},{"not_picked":["Storm+1","Doom and Gloom+1","Barrage+1"],"picked":"SKIP","floor":37},{"not_picked":["Beam Cell+1","Steam Power+1"],"picked":"Loop+1","floor":38},{"not_picked":["Conserve Battery","Stack+1","Hologram"],"picked":"SKIP","floor":39},{"not_picked":["Conserve Battery","Stack+1","Hologram"],"picked":"SKIP","floor":39},{"not_picked":["Hello World+1","Hologram"],"picked":"Ball Lightning+1","floor":42},{"not_picked":["Chill+1","Chaos"],"picked":"Glacier+1","floor":48},{"not_picked":["Coolheaded+1","Sweeping Beam+1","Conserve Battery+1"],"picked":"SKIP","floor":54}],"player_experience":857871,"relics_obtained":[{"floor":6,"key":"Molten Egg 2"},{"floor":9,"key":"War Paint"},{"floor":23,"key":"Centennial Puzzle"},{"floor":25,"key":"Anchor"},{"floor":29,"key":"Lantern"},{"floor":31,"key":"Gremlin Horn"},{"floor":36,"key":"Turnip"},{"floor":40,"key":"WingedGreaves"},{"floor":42,"key":"Bag of Marbles"},{"floor":43,"key":"Shuriken"},{"floor":48,"key":"Bag of Preparation"},{"floor":54,"key":"Happy Flower"}],"event_choices":[{"damage_healed":0,"gold_gain":0,"player_choice":"Success","damage_taken":25,"relics_obtained":["Orichalcum"],"max_hp_gain":0,"max_hp_loss":0,"event_name":"Scrap Ooze","floor":2,"gold_loss":0},{"damage_healed":18,"gold_gain":0,"player_choice":"Healed","damage_taken":0,"max_hp_gain":0,"max_hp_loss":0,"event_name":"The Cleric","floor":3,"gold_loss":35},{"damage_healed":0,"gold_gain":0,"player_choice":"Grow","damage_taken":0,"max_hp_gain":0,"max_hp_loss":0,"event_name":"Living Wall","floor":5,"gold_loss":0,"cards_upgraded":["Ball Lightning"]},{"damage_healed":0,"gold_gain":0,"player_choice":"Lose Max HP","damage_taken":0,"relics_obtained":["Golden Idol"],"max_hp_gain":0,"max_hp_loss":6,"event_name":"Golden Idol","floor":8,"gold_loss":0},{"damage_healed":0,"gold_gain":99,"player_choice":"Stole From Cult","damage_taken":0,"max_hp_gain":0,"max_hp_loss":0,"event_name":"Nest","floor":19,"gold_loss":0},{"cards_removed":["Strike_B"],"damage_healed":0,"gold_gain":0,"player_choice":"Gave Gold","damage_taken":0,"max_hp_gain":0,"max_hp_loss":0,"event_name":"Beggar","floor":21,"gold_loss":75},{"damage_healed":0,"gold_gain":0,"player_choice":"Simplicity","damage_taken":0,"max_hp_gain":0,"max_hp_loss":0,"event_name":"Back to Basics","floor":22,"gold_loss":0,"cards_upgraded":["Strike_B","Strike_B","Defend_B","Defend_B"]},{"damage_healed":0,"gold_gain":0,"player_choice":"Fight","damage_taken":0,"max_hp_gain":0,"max_hp_loss":0,"event_name":"MindBloom","floor":36,"gold_loss":0},{"damage_healed":0,"gold_gain":0,"player_choice":"Fight","damage_taken":0,"max_hp_gain":0,"max_hp_loss":0,"event_name":"Mysterious Sphere","floor":40,"gold_loss":0}],"is_beta":false,"boss_relics":[{"not_picked":["Pandora\u0027s Box","Busted Crown"],"picked":"Velvet Choker"},{"not_picked":["SlaversCollar","Tiny House"],"picked":"Coffee Dripper"}],"items_purged_floors":[12,45,53],"is_endless":false,"potions_floor_spawned":[7,10,14,23,29,30,31,33,35,39,40,48],"killed_by":"The Heart","ascension_level":0}}