{"host":"wuk1ltmmka824l9y","time":1611413354,"event":{"mods":["AchievementEnabler","BaseMod","Custom Start","DeckTracker","Minty Spire (QoL Compilation)","Quick Restart","StSLib","SuperFastMode"],"gold_per_floor":[114,133,208,218,218,244,244,261,261,278,278,228,228,255,255,255,255],"floor_reached":16,"language":"KOR","playtime":398,"items_purged":[],"score":149,"play_id":"f4dc206a-5fae-4a53-8522-d49c62e3ba60","local_time":"20210123234914","is_ascension_mode":true,"campfire_choices":[{"data":"Conclude","floor":7,"key":"SMITH"},{"data":"Omniscience","floor":13,"key":"SMITH"},{"data":"Eruption","floor":15,"key":"SMITH"}],"circlet_count":0,"master_deck":["Strike_P","Strike_P","Strike_P","Strike_P","Defend_P","Defend_P","Defend_P","Eruption+1","Vigilance","Indignation","Prostrate","Conclude+1","Omniscience+1","Evaluate","ClearTheMind","Perseverance"],"relics":["PureWater","NeowsBlessing","Darkstone Periapt","Bottled Flame","Vajra","Letter Opener"],"acts_visited":["Exordium"],"potions_floor_usage":[],"damage_taken":[{"damage":0,"enemies":"Cultist","floor":1,"turns":1},{"damage":0,"enemies":"Small Slimes","floor":2,"turns":2},{"damage":0,"enemies":"Jaw Worm","floor":4,"turns":1},{"damage":21,"enemies":"3 Sentries","floor":6,"turns":6},{"damage":0,"enemies":"Large Slime","floor":8,"turns":3},{"damage":8,"enemies":"Blue Slaver","floor":10,"turns":4},{"damage":0,"enemies":"Gremlin Nob","floor":14,"turns":2},{"damage":19,"enemies":"The Guardian","floor":16,"turns":5}],"seed_played":"1693809745609789578","potions_obtained":[{"floor":1,"key":"StancePotion"},{"floor":8,"key":"SkillPotion"}],"is_trial":false,"path_per_floor":["M","M","?","M","?","E","R","M","T","M","T","?","R","E","R","B"],"character_chosen":"WATCHER","items_purchased":[],"campfire_rested":0,"item_purchase_floors":[],"current_hp_per_floor":[72,72,61,61,61,40,40,40,40,32,32,32,32,32,32,13,13],"gold":255,"neow_bonus":"THREE_ENEMY_KILL","is_daily":false,"chose_seed":false,"campfire_upgraded":3,"win_rate":0.0,"timestamp":1611413354,"path_taken":["M","?","?","M","?","E","R","M","T","M","?","?","R","E","R","BOSS"],"items_purchased_type":[],"build_version":"2020-12-22","purchased_purges":0,"victory":false,"max_hp_per_floor":[72,72,72,72,72,72,72,72,72,72,72,72,72,72,72,72,72],"card_choices":[{"not_picked":["CutThroughFate","JustLucky"],"picked":"Indignation","floor":1},{"not_picked":["ThirdEye","Fasting2"],"picked":"Prostrate","floor":2},{"not_picked":["CarveReality","WreathOfFlame"],"picked":"Conclude","floor":4},{"not_picked":["Halt","Consecrate"],"picked":"Omniscience","floor":6},{"not_picked":["ForeignInfluence","CutThroughFate"],"picked":"Evaluate","floor":8},{"not_picked":["Halt","JustLucky"],"picked":"ClearTheMind","floor":10},{"not_picked":["Prostrate","InnerPeace"],"picked":"Perseverance","floor":14}],"player_experience":360058,"relics_obtained":[{"floor":6,"key":"Darkstone Periapt"},{"floor":9,"key":"Bottled Flame"},{"floor":11,"key":"Vajra"},{"floor":14,"key":"Letter Opener"}],"event_choices":[{"damage_healed":0,"gold_gain":75,"player_choice":"Gather Gold","damage_taken":11,"max_hp_gain":0,"max_hp_loss":0,"event_name":"World of Goop","floor":3,"gold_loss":0},{"damage_healed":0,"gold_gain":0,"player_choice":"Ignored","damage_taken":0,"max_hp_gain":0,"max_hp_loss":0,"event_name":"Liars Game","floor":5,"gold_loss":0},{"cards_removed":["Defend_P"],"damage_healed":0,"gold_gain":0,"player_choice":"Card Removal","damage_taken":0,"max_hp_gain":0,"max_hp_loss":0,"event_name":"The Cleric","floor":12,"gold_loss":50}],"is_beta":false,"boss_relics":[],"items_purged_floors":[],"is_endless":false,"potions_floor_spawned":[1,8],"killed_by":"The Guardian","ascension_level":2}}