{"host":"opg65mucj6ra7dr1","time":1611406436,"event":{"mods":["BaseMod","DeckTracker","Keyboard Shortcuts","Minty Spire (QoL Compilation)","Permanent Neow","Quick Restart","everything is the same but u backflip on backflip"],"gold_per_floor":[113,113,113,124,124,165,165,165,165],"floor_reached":8,"language":"KOR","playtime":150,"items_purged":[],"score":78,"play_id":"8b3ab680-422a-479a-bc4c-8e3af4b2719f","local_time":"20210123215356","is_ascension_mode":true,"campfire_choices":[{"data":"Calculated Gamble","floor":7,"key":"SMITH"}],"circlet_count":0,"master_deck":["Strike_G","Strike_G","Strike_G","Strike_G","Strike_G","Defend_G","Defend_G","Defend_G","Defend_G","Defend_G","Survivor","Neutralize","Calculated Gamble+1","Dagger Throw","Dagger Throw"],"relics":["Ring of the Snake","Bag of Marbles","Frozen Egg 2","Golden Idol","Juzu Bracelet"],"acts_visited":["Exordium"],"potions_floor_usage":[6,6],"damage_taken":[{"damage":9,"enemies":"Jaw Worm","floor":1,"turns":3},{"damage":4,"enemies":"Small Slimes","floor":4,"turns":3},{"damage":13,"enemies":"Gremlin Nob","floor":6,"turns":3},{"damage":26,"enemies":"3 Sentries","floor":8,"turns":8}],"seed_played":"4701591366422650174","potions_obtained":[{"floor":1,"key":"ColorlessPotion"},{"floor":4,"key":"ColorlessPotion"}],"is_trial":false,"path_per_floor":["M","?","T","M","?","E","R","E"],"character_chosen":"THE_SILENT","items_purchased":[],"campfire_rested":0,"item_purchase_floors":[],"current_hp_per_floor":[54,59,59,55,37,24,24,0,0],"gold":165,"neow_bonus":"RANDOM_COMMON_RELIC","is_daily":false,"chose_seed":false,"campfire_upgraded":1,"win_rate":0.0,"timestamp":1611406436,"path_taken":["M","?","?","M","?","E","R","E"],"items_purchased_type":[],"build_version":"2020-12-22","purchased_purges":0,"victory":false,"max_hp_per_floor":[70,75,75,75,75,75,75,75,75],"card_choices":[{"not_picked":["Outmaneuver","Flechettes"],"picked":"Calculated Gamble","floor":1},{"not_picked":["Underhanded Strike","Distraction"],"picked":"Dagger Throw","floor":4},{"not_picked":["Caltrops+1","Deflect"],"picked":"Dagger Throw","floor":6}],"player_experience":150556,"relics_obtained":[{"floor":3,"key":"Frozen Egg 2"},{"floor":6,"key":"Juzu Bracelet"}],"event_choices":[{"damage_healed":0,"gold_gain":0,"player_choice":"Donut","damage_taken":0,"max_hp_gain":5,"max_hp_loss":0,"event_name":"Big Fish","floor":2,"gold_loss":0},{"damage_healed":0,"gold_gain":0,"player_choice":"Take Damage","damage_taken":18,"relics_obtained":["Golden Idol"],"max_hp_gain":0,"max_hp_loss":0,"event_name":"Golden Idol","floor":5,"gold_loss":0}],"is_beta":false,"boss_relics":[],"items_purged_floors":[],"is_endless":false,"potions_floor_spawned":[1,4],"killed_by":"3 Sentries","ascension_level":9}}