{"host":"sian7qp8a9pc9xwd","time":1611380896,"event":{"mods":["BaseMod","Minty Spire (QoL Compilation)","StSLib","SuperFastMode"],"gold_per_floor":[112,112,123,48,60,89,102,117,117,129,159,183,223,249,261,378,390,419,431,459,488,120,120,220,220,220,220,251,265,280,280,280,280,280],"floor_reached":33,"language":"ENG","playtime":1800,"items_purged":["Defend_R","Bash"],"score":494,"play_id":"ee765fd7-aa58-4033-b76b-84f6c900db80","local_time":"20210123004816","is_ascension_mode":true,"campfire_choices":[{"data":"Infernal Blade","floor":15,"key":"SMITH"},{"data":"Corruption","floor":23,"key":"SMITH"},{"data":"Discovery","floor":25,"key":"SMITH"},{"data":"J.A.X.","floor":27,"key":"SMITH"},{"data":"RitualDagger","floor":32,"key":"SMITH"}],"circlet_count":0,"master_deck":["Carnage","Battle Trance","Ghostly Armor","Iron Wave","Corruption+1","Infernal Blade+1","Iron Wave","Shrug It Off","Feed","Exhume","Corruption+1","Carnage","True Grit","Power Through","Seeing Red","Feel No Pain","Warcry","J.A.X.+1","Shrug It Off","Dark Embrace+1","Shrug It Off","Discovery+1","True Grit+1","Burning Pact","Shrug It Off+1","RitualDagger+1"],"relics":["Burning Blood","Mercury Hourglass","MawBank","Orichalcum","Pandora\u0027s Box","ClockworkSouvenir","Sundial","Pear"],"acts_visited":["Exordium","TheCity"],"potions_floor_usage":[13,16,18,28,29,33],"damage_taken":[{"damage":7,"enemies":"Jaw Worm","floor":1,"turns":2},{"damage":0,"enemies":"Cultist","floor":3,"turns":3},{"damage":1,"enemies":"2 Louse","floor":5,"turns":3},{"damage":22,"enemies":"Gremlin Nob","floor":6,"turns":4},{"damage":9,"enemies":"Exordium Thugs","floor":7,"turns":4},{"damage":6,"enemies":"Blue Slaver","floor":8,"turns":3},{"damage":13,"enemies":"Red Slaver","floor":11,"turns":4},{"damage":3,"enemies":"Large Slime","floor":12,"turns":3},{"damage":17,"enemies":"Lagavulin","floor":13,"turns":6},{"damage":3,"enemies":"Blue Slaver","floor":14,"turns":4},{"damage":37,"enemies":"The Guardian","floor":16,"turns":12},{"damage":1,"enemies":"3 Byrds","floor":18,"turns":5},{"damage":17,"enemies":"Shell Parasite","floor":20,"turns":6},{"damage":18,"enemies":"Snake Plant","floor":21,"turns":5},{"damage":3,"enemies":"Slavers","floor":28,"turns":3},{"damage":21,"enemies":"Centurion and Healer","floor":29,"turns":4},{"damage":7,"enemies":"Cultist and Chosen","floor":30,"turns":4},{"damage":63,"enemies":"Champ","floor":33,"turns":8}],"seed_played":"-147933795504199347","potions_obtained":[{"floor":7,"key":"GamblersBrew"},{"floor":8,"key":"Explosive Potion"},{"floor":11,"key":"Dexterity Potion"},{"floor":12,"key":"Dexterity Potion"},{"floor":14,"key":"Swift Potion"},{"floor":16,"key":"SteroidPotion"},{"floor":20,"key":"Fire Potion"},{"floor":21,"key":"ColorlessPotion"}],"is_trial":false,"path_per_floor":["M","?","M","$","M","E","M","M","T","?","M","M","E","M","R","B",null,"M","?","M","M","$","R","?","R","T","R","E","M","M","?","R","B"],"character_chosen":"IRONCLAD","items_purchased":["Shrug It Off","Discovery","ClockworkSouvenir"],"campfire_rested":0,"item_purchase_floors":[22,22,22],"current_hp_per_floor":[71,71,77,77,80,64,61,61,61,61,54,57,46,52,52,21,68,76,76,68,56,56,56,56,56,56,56,72,60,62,56,56,0,0],"gold":280,"neow_bonus":"TRANSFORM_CARD","is_daily":false,"chose_seed":false,"campfire_upgraded":5,"win_rate":0.0,"timestamp":1611380896,"path_taken":["M","?","?","?","M","E","M","M","T","?","?","M","E","M","R","BOSS","M","?","M","M","$","R","?","R","T","R","E","M","?","?","R","BOSS"],"items_purchased_type":["Card","Card","Relic"],"build_version":"2020-12-22","purchased_purges":2,"victory":false,"max_hp_per_floor":[80,80,80,80,80,80,80,80,80,80,80,80,80,83,83,83,83,86,86,89,89,89,89,89,89,89,89,102,105,108,108,108,108,108],"card_choices":[{"not_picked":["Heavy Blade","Iron Wave"],"picked":"Battle Trance","floor":1},{"not_picked":["Body Slam","Whirlwind"],"picked":"Iron Wave","floor":3},{"not_picked":["Havoc","Dropkick","Sword Boomerang"],"picked":"SKIP","floor":5},{"not_picked":["Flex","Body Slam"],"picked":"Corruption","floor":6},{"not_picked":["Feel No Pain","Heavy Blade"],"picked":"Infernal Blade","floor":7},{"not_picked":["Pommel Strike","Flex","Anger"],"picked":"SKIP","floor":8},{"not_picked":["Sword Boomerang","Twin Strike"],"picked":"Iron Wave","floor":11},{"not_picked":["Heavy Blade","Inflame"],"picked":"Shrug It Off","floor":12},{"not_picked":["Thunderclap","Carnage"],"picked":"Feed","floor":13},{"not_picked":["Thunderclap","Pommel Strike","Sword Boomerang"],"picked":"SKIP","floor":14},{"not_picked":["Bludgeon","Juggernaut"],"picked":"Exhume","floor":16},{"not_picked":["Pommel Strike","Thunderclap"],"picked":"Warcry","floor":18},{"not_picked":["Warcry","Flex"],"picked":"Shrug It Off","floor":20},{"not_picked":["Whirlwind","Impervious"],"picked":"Dark Embrace+1","floor":21},{"not_picked":["Cleave","Uppercut"],"picked":"True Grit+1","floor":28},{"not_picked":["Iron Wave","Bloodletting"],"picked":"Burning Pact","floor":29},{"not_picked":["Burning Pact","Sentinel+1"],"picked":"Shrug It Off+1","floor":30}],"player_experience":735136,"relics_obtained":[{"floor":6,"key":"Mercury Hourglass"},{"floor":9,"key":"MawBank"},{"floor":13,"key":"Orichalcum"},{"floor":26,"key":"Sundial"},{"floor":28,"key":"Pear"}],"event_choices":[{"damage_healed":0,"gold_gain":0,"cards_transformed":["Strike_R"],"player_choice":"Transformed","damage_taken":0,"max_hp_gain":0,"max_hp_loss":0,"event_name":"Transmorgrifier","floor":2,"gold_loss":0,"cards_obtained":["Ghostly Armor"]},{"damage_healed":0,"gold_gain":0,"player_choice":"Forge","damage_taken":0,"max_hp_gain":0,"max_hp_loss":0,"event_name":"Accursed Blacksmith","floor":10,"gold_loss":0,"cards_upgraded":["Corruption"]},{"damage_healed":0,"gold_gain":0,"player_choice":"Obtain J.A.X.","damage_taken":0,"max_hp_gain":0,"max_hp_loss":0,"event_name":"Drug Dealer","floor":19,"gold_loss":0,"cards_obtained":["J.A.X."]},{"damage_healed":0,"gold_gain":100,"player_choice":"Pray","damage_taken":0,"max_hp_gain":0,"max_hp_loss":0,"event_name":"Golden Shrine","floor":24,"gold_loss":0},{"damage_healed":0,"gold_gain":0,"player_choice":"Joined the Cult","damage_taken":6,"max_hp_gain":0,"max_hp_loss":0,"event_name":"Nest","floor":31,"gold_loss":0,"cards_obtained":["RitualDagger"]}],"is_beta":false,"boss_relics":[{"not_picked":["Empty Cage","Mark of Pain"],"picked":"Pandora\u0027s Box"}],"items_purged_floors":[4,22],"is_endless":false,"potions_floor_spawned":[7,8,11,12,14,16,20,21],"killed_by":"Champ","ascension_level":9}}