{"host":"fmb9x04chdot191d","time":1611397399,"event":{"mods":["2.2 Compatiblity","AchievementEnabler","BaseMod","BetterRewards","Colored Map","Downfall","Hermit","Highlight Path","Marisa（霧雨　魔理沙）","Minty Spire (QoL Compilation)","Permanent Neow","Quick Restart","Rare Cards Sparkle","StSLib","The Servant 0.9.4","[IsaacMod]以撒尖塔"],"gold_per_floor":[112,123,135,135,147,174,174,194,194,194,228,14,14,30,30,125,125,140,11,38,53,12,12,12,12],"floor_reached":24,"language":"ENG","playtime":1279,"items_purged":["Defend_G","Strike_G"],"score":206,"play_id":"2dd57149-5bd9-4ce6-b8c8-5f36f184c051","local_time":"20210123232319","is_ascension_mode":false,"campfire_choices":[{"floor":7.0,"key":"REST"},{"floor":13.0,"key":"REST"},{"data":"Mayhem","floor":15.0,"key":"SMITH"},{"floor":23,"key":"REST"}],"circlet_count":0,"master_deck":["Strike_G","Strike_G","Strike_G","Strike_G","Defend_G","Defend_G","Defend_G","Defend_G","Survivor","Neutralize","Master of Strategy","Blade Dance","Blade Dance","Infinite Blades","Finisher","Expertise","Mayhem+1","Trip","Acrobatics","A Thousand Cuts","Footwork+1","Enlightenment"],"relics":["Ring of the Snake","HushsDoor","SteamSale","DoctorsRemote","Question Card","Potion Belt","SlaversCollar","Lee\u0027s Waffle","Red Mask"],"acts_visited":["Exordium","TheCity"],"potions_floor_usage":[],"damage_taken":[{"damage":1.0,"enemies":"Cultist","floor":1.0,"turns":4.0},{"damage":3.0,"enemies":"Jaw Worm","floor":2.0,"turns":3.0},{"damage":0.0,"enemies":"Small Slimes","floor":3.0,"turns":3.0},{"damage":3.0,"enemies":"Blue Slaver","floor":5.0,"turns":3.0},{"damage":28.0,"enemies":"Lagavulin","floor":6.0,"turns":7.0},{"damage":8.0,"enemies":"Large Slime","floor":8.0,"turns":4.0},{"damage":22.0,"enemies":"Gremlin Nob","floor":11.0,"turns":4.0},{"damage":0.0,"enemies":"3 Louse","floor":14.0,"turns":1.0},{"damage":42.0,"enemies":"Slime Boss","floor":16.0,"turns":9.0},{"damage":10.0,"enemies":"3 Byrds","floor":18.0,"turns":4.0},{"damage":47.0,"enemies":"Masked Bandits","floor":20.0,"turns":4.0},{"damage":20,"enemies":"Spheric Guardian","floor":21,"turns":4},{"damage":37,"enemies":"Book of Stabbing","floor":24,"turns":4}],"seed_played":"1473703834455827281","potions_obtained":[{"floor":2.0,"key":"Guardian:BlockOnCardUsePotion"},{"floor":5.0,"key":"Poison Potion"},{"floor":6.0,"key":"Ancient Potion"},{"floor":16.0,"key":"Fruit Juice"}],"is_trial":false,"path_per_floor":["M","M","M","?","M","E","R","M","T","?","E","$","R","M","R","B",null,"M","$","?","M","$","R","E"],"character_chosen":"THE_SILENT","items_purchased":["Expertise","Mayhem","Trip","Lee\u0027s Waffle","Enlightenment"],"campfire_rested":3,"item_purchase_floors":[12,12,12,19,22],"current_hp_per_floor":[62,59,59,64,61,33,53,45,45,45,23,23,43,43,43,1,68,63,80,33,13,13,37,0,0],"gold":12,"neow_bonus":"RANDOM_COLORLESS_2","is_daily":false,"chose_seed":false,"campfire_upgraded":1,"win_rate":0.0,"timestamp":1611397399,"path_taken":["M","?","M","?","M","E","R","M","T","?","E","$","R","M","R","BOSS","M","$","?","M","$","R","E"],"items_purchased_type":["Card","Card","Card","Relic","Card"],"build_version":"2020-12-22","purchased_purges":2,"victory":false,"max_hp_per_floor":[63,63,63,68,68,68,68,68,68,68,68,68,68,68,68,68,68,73,80,80,80,80,80,80,80],"card_choices":[{"not_picked":["SuicideKing","BloodyBrimstone"],"picked":"Master of Strategy","floor":0.0},{"not_picked":["Calculated Gamble","Flying Knee"],"picked":"Blade Dance","floor":1.0},{"not_picked":["Backflip","Reflex"],"picked":"Blade Dance","floor":2.0},{"not_picked":["Calculated Gamble","Expertise"],"picked":"Infinite Blades","floor":3.0},{"not_picked":["Backflip","Poisoned Stab","Outmaneuver"],"picked":"SKIP","floor":5.0},{"not_picked":["Escape Plan","Leg Sweep"],"picked":"Finisher","floor":6.0},{"not_picked":["Quick Slash","Corpse Explosion","Bane"],"picked":"SKIP","floor":8.0},{"not_picked":["Flying Knee","Dagger Throw","Dagger Spray","Acrobatics"],"picked":"SKIP","floor":11.0},{"not_picked":["Bouncing Flask","PiercingWail","Bomb"],"picked":"Acrobatics","floor":14.0},{"not_picked":["Envenom","Malaise","Wraith Form v2"],"picked":"A Thousand Cuts","floor":16.0},{"not_picked":["Backflip","Reflex","Dodge and Roll+1"],"picked":"Footwork+1","floor":18.0},{"not_picked":["Dodge and Roll","Dagger Spray","Outmaneuver","Bouncing Flask"],"picked":"SKIP","floor":21}],"player_experience":53397,"relics_obtained":[{"floor":6.0,"key":"DoctorsRemote"},{"floor":9.0,"key":"Question Card"},{"floor":11.0,"key":"Potion Belt"},{"floor":20.0,"key":"Red Mask"}],"event_choices":[{"damage_healed":0.0,"max_hp_gain":5.0,"max_hp_loss":0.0,"gold_gain":0.0,"event_name":"Big Fish","player_choice":"Donut","floor":4.0,"gold_loss":0.0,"damage_taken":0.0},{"damage_healed":0.0,"max_hp_gain":0.0,"max_hp_loss":0.0,"gold_gain":0.0,"event_name":"Golden Idol","player_choice":"Ignored","floor":10.0,"gold_loss":0.0,"damage_taken":0.0},{"damage_healed":0.0,"max_hp_gain":0.0,"max_hp_loss":0.0,"gold_gain":0.0,"event_name":"Masked Bandits","player_choice":"Fought Bandits","floor":20.0,"gold_loss":0.0,"damage_taken":0.0}],"is_beta":false,"boss_relics":[{"not_picked":["Philosopher\u0027s Stone","Black Star"],"picked":"SlaversCollar"},{"not_picked":[]}],"items_purged_floors":[12,19],"is_endless":false,"potions_floor_spawned":[2,5,6,16],"killed_by":"Book of Stabbing","ascension_level":0}}