{"host":"lxihx0b6awoz2w1j","time":1611363627,"event":{"mods":["Act Like it!","BaseMod","Better Third Choice","CapriCore","Colored Powertips","Conspire","Downfall","Fox Events","Gensokyo","Hermit","Hubris","Infinite Spire","JesterMod","Luminous","Marisa????????","Melee Mod","Minty Spire (QoL Compilation)","Prisma Mod","Quick Restart","Relic Stats","Replay The Spire","Shade Mod","Spicy Shops","StSLib","The Alterego","The Blue Laboratory","The Cursed","The Disciple","The Forsaken","The Gatherer","The Immortal","The Jungle","The Marked","The Runesmith","The Senshi","The Servant 0.9.4","The Spell Scribe","Waifu the Spire"],"gold_per_floor":[131,157,169,213,242,279,291,28,159,173,183,183,203,237,237,332,409,420,439,439,459,471,500,500,500,577,577,577,577,603,619,619,718,795,807,807,190,190,201,201,201,201,350,427,427,461,461,471,471,471],"floor_reached":51,"language":"ENG","playtime":2945,"items_purged":[],"score":798,"play_id":"5cfdb046-dda0-4dab-a622-1eba50b6d84a","local_time":"20210123020027","is_ascension_mode":false,"campfire_choices":[{"floor":7.0,"key":"REST"},{"floor":12.0,"key":"REST"},{"data":"alterego_mod:BigMeatyClaws","floor":15.0,"key":"SMITH"},{"floor":24.0,"key":"REST"},{"data":"alterego_mod:PainIsPleasure","floor":27.0,"key":"SMITH"},{"data":"alterego_mod:RidiculouslyBig","floor":29.0,"key":"SMITH"},{"floor":32,"key":"DIG"},{"data":"alterego_mod:Vow","floor":40,"key":"SMITH"},{"floor":42,"key":"REST"},{"data":"alterego_mod:Weigh","floor":45,"key":"SMITH"},{"data":"infinitespire:SevenWalls","floor":47,"key":"SMITH"},{"data":"alterego_mod:Impale","floor":49,"key":"SMITH"}],"circlet_count":1,"master_deck":["alterego_mod:Strike","alterego_mod:Strike","alterego_mod:Strike","alterego_mod:Strike","alterego_mod:Defend","alterego_mod:Defend","alterego_mod:Defend","alterego_mod:Impale+1","alterego_mod:BigMeatyClaws+1","alterego_mod:BrynhildrsRune","alterego_mod:DiscoLights","alterego_mod:1TonWallop","alterego_mod:DeftHands+1","alterego_mod:Bounce","alterego_mod:MaintainEyeContact","alterego_mod:RidiculouslyBig+1","alterego_mod:Mirror","alterego_mod:ChallengeComplete+1","alterego_mod:DiscoLights","alterego_mod:PainIsPleasure+1","alterego_mod:Weigh+1","alterego_mod:MagicResistance","alterego_mod:Support","alterego_mod:Exercise+1","alterego_mod:DiscoLights","infinitespire:Starlight","alterego_mod:Undulate","alterego_mod:Vow+1","alterego_mod:DeftHands+1","alterego_mod:IdEs","alterego_mod:1TonWallop","ReplayTheSpireMod:Private Reserves","alterego_mod:Table+1","infinitespire:SevenWalls+1","alterego_mod:GachaTicket+1","alterego_mod:IndependentAction+1"],"relics":["alterego_mod:MasochisticConstitution","MawBank","foxEvents:LuckyCharm","hubris:CrystalStatue","Kunai","conspire:TopHat","Circlet","infinitespire:Cupcake","Runesmith:AutoHammer","Oddly Smooth Stone","hubris:BottledRain","Pet Ghost","Tiny Chest","Ring of Chaos","Strawberry","Incense Burner","Iron Hammer","Replay:Bottled Snecko","Replay:Ringing Soul"],"acts_visited":["Exordium","TheCity","TheBeyond"],"potions_floor_usage":[46],"damage_taken":[{"damage":4.0,"enemies":"2 Louse","floor":1.0,"turns":4.0},{"damage":0.0,"enemies":"Small Slimes","floor":2.0,"turns":5.0},{"damage":11.0,"enemies":"Colosseum Slavers","floor":4.0,"turns":2.0},{"damage":4.0,"enemies":"Jaw Worm","floor":5.0,"turns":4.0},{"damage":31.0,"enemies":"Lagavulin","floor":6.0,"turns":10.0},{"damage":6.0,"enemies":"Blue Slaver","floor":10.0,"turns":4.0},{"damage":5.0,"enemies":"Exordium Thugs","floor":11.0,"turns":5.0},{"damage":0.0,"enemies":"2 Fungi Beasts","floor":13.0,"turns":3.0},{"damage":3.0,"enemies":"Gremlin Nob","floor":14.0,"turns":5.0},{"damage":19.0,"enemies":"Hexaghost","floor":16.0,"turns":13.0},{"damage":0.0,"enemies":"Chosen","floor":18.0,"turns":4.0},{"damage":17.0,"enemies":"conspire:FuzzyDice","floor":19.0,"turns":7.0},{"damage":10.0,"enemies":"Cultist and Chosen","floor":21.0,"turns":8.0},{"damage":0.0,"enemies":"Sentry and Sphere","floor":22.0,"turns":9.0},{"damage":38.0,"enemies":"Gremlin Leader","floor":23.0,"turns":10.0},{"damage":27.0,"enemies":"Slavers","floor":30.0,"turns":8.0},{"damage":0,"enemies":"conspire:HollyBat","floor":31,"turns":11},{"damage":13,"enemies":"Champ","floor":33,"turns":13},{"damage":0,"enemies":"3 Shapes","floor":35,"turns":4},{"damage":33,"enemies":"3 Darklings","floor":39,"turns":7},{"damage":0,"enemies":"R_Hoarder","floor":46,"turns":12},{"damage":1,"enemies":"Transient","floor":48,"turns":5},{"damage":4,"enemies":"conspire:OrnateMirror","floor":50,"turns":7}],"seed_played":"3353843139519193663","potions_obtained":[{"floor":1.0,"key":"Strength Potion"},{"floor":5.0,"key":"blueLaboratory:BottleOfVodka"},{"floor":6.0,"key":"ColorlessPotion"},{"floor":10.0,"key":"Elixir"},{"floor":18.0,"key":"Venom Potion"},{"floor":21.0,"key":"blueLaboratory:BottleOfRum"},{"floor":39,"key":"EssenceOfSteel"}],"is_trial":false,"path_per_floor":["M","M","?","?","M","E","R","$","T","M","M","R","M","E","R","B",null,"M","M","?","M","M","E","R","AVR","T","R","?","R","E","M","R","B",null,"M","?","$","?","M","R","?","R","T","T","R","E","R","M","R","B",null],"character_chosen":"The_Alterego","items_purchased":["Kunai","alterego_mod:RidiculouslyBig","Strawberry","alterego_mod:IdEs","Incense Burner","alterego_mod:1TonWallop"],"campfire_rested":4,"item_purchase_floors":[8,8,37,37,37,37],"current_hp_per_floor":[67,67,67,57,54,31,53,53,53,48,44,66,73,71,71,65,78,78,62,62,60,74,43,67,67,67,67,67,67,58,75,75,75,83,83,83,90,90,80,80,58,85,85,85,85,94,94,97,97,97],"gold":471,"neow_bonus":"RANDOM_COMMON_RELIC","is_daily":false,"chose_seed":false,"campfire_upgraded":7,"win_rate":0.0,"timestamp":1611363627,"path_taken":["M","M","?","?","M","E","R","?","T","M","M","R","M","E","R","BOSS","M","M","?","M","M","E","R","AVR","T","R","?","R","E","M","R","BOSS","M","?","$","?","M","R","?","R","T","?","R","E","R","M","R","BOSS"],"items_purchased_type":["Relic","Card","Relic","Card","Relic","Card"],"build_version":"2020-12-22","purchased_purges":0,"victory":true,"max_hp_per_floor":[71,71,71,72,73,74,74,74,74,75,76,76,76,77,77,78,78,78,79,79,80,80,81,81,81,81,81,81,81,82,82,82,83,83,83,83,90,90,91,91,91,91,91,91,91,94,94,98,98,99],"relic_stats":{"counters":[23,160],"Tiny Chest":1,"Kunai":[108],"MawBank":96,"obtain_stats":[{"alterego_mod:MasochisticConstitution":0,"hubris:CrystalStatue":6,"Dead Branch":14,"Circlet":0,"Oddly Smooth Stone":25,"Ring of Chaos":34,"Incense Burner":37,"MawBank":0,"conspire:TopHat":9,"Pet Ghost":30,"BranchBurnRelic":15,"Replay:Ringing Soul":46,"Strawberry":37,"Tiny Chest":32,"Iron Hammer":43,"foxEvents:LuckyCharm":4,"Kunai":8,"Runesmith:AutoHammer":23,"Replay:Bottled Snecko":44,"infinitespire:Cupcake":17,"hubris:BottledRain":26},{"alterego_mod:MasochisticConstitution":0,"hubris:CrystalStatue":5,"Dead Branch":9,"Circlet":0,"Oddly Smooth Stone":15,"Ring of Chaos":18,"Incense Burner":19,"MawBank":0,"conspire:TopHat":5,"Pet Ghost":16,"BranchBurnRelic":9,"Replay:Ringing Soul":21,"Strawberry":19,"Tiny Chest":17,"Iron Hammer":20,"foxEvents:LuckyCharm":3,"Kunai":5,"Runesmith:AutoHammer":15,"Replay:Bottled Snecko":20,"infinitespire:Cupcake":10,"hubris:BottledRain":15},{"alterego_mod:MasochisticConstitution":0,"hubris:CrystalStatue":25,"Dead Branch":42,"Circlet":0,"Oddly Smooth Stone":93,"Ring of Chaos":125,"Incense Burner":129,"MawBank":0,"conspire:TopHat":25,"Pet Ghost":101,"BranchBurnRelic":42,"Replay:Ringing Soul":148,"Strawberry":129,"Tiny Chest":112,"Iron Hammer":136,"foxEvents:LuckyCharm":11,"Kunai":25,"Runesmith:AutoHammer":93,"Replay:Bottled Snecko":136,"infinitespire:Cupcake":55,"hubris:BottledRain":93}]},"card_choices":[{"not_picked":["alterego_mod:Rip","alterego_mod:DustData"],"picked":"alterego_mod:DiscoLights","floor":1.0},{"not_picked":["alterego_mod:Cooking","alterego_mod:Belle"],"picked":"alterego_mod:1TonWallop","floor":2.0},{"not_picked":["alterego_mod:Birthday","alterego_mod:Bunnysuit"],"picked":"alterego_mod:Bounce","floor":4.0},{"not_picked":["alterego_mod:BoobPocket","alterego_mod:Santa"],"picked":"alterego_mod:MaintainEyeContact","floor":5.0},{"not_picked":["alterego_mod:Clones","alterego_mod:Clap","alterego_mod:Cooking"],"picked":"SKIP","floor":6.0},{"not_picked":["alterego_mod:Santa","alterego_mod:Rip"],"picked":"alterego_mod:Mirror","floor":10.0},{"not_picked":["alterego_mod:MaintainEyeContact","alterego_mod:Bounce"],"picked":"alterego_mod:ChallengeComplete","floor":11.0},{"not_picked":["alterego_mod:Stockings","alterego_mod:Swimsuit"],"picked":"alterego_mod:DiscoLights","floor":13.0},{"not_picked":["alterego_mod:GachaTicket","alterego_mod:BiFurious"],"picked":"alterego_mod:PainIsPleasure","floor":14.0},{"not_picked":["alterego_mod:Valkyrie","alterego_mod:PainIsPleasure"],"picked":"alterego_mod:Weigh","floor":16.0},{"not_picked":["alterego_mod:DustData","alterego_mod:SakuraLabyrinth","alterego_mod:Rip"],"picked":"SKIP","floor":18.0},{"not_picked":["alterego_mod:Cooking+1","alterego_mod:Birthday+1"],"picked":"alterego_mod:MagicResistance","floor":19.0},{"not_picked":["alterego_mod:Cooking","alterego_mod:TrashNCrash+1"],"picked":"alterego_mod:Support","floor":21.0},{"not_picked":["alterego_mod:Cushion","alterego_mod:MaintainEyeContact"],"picked":"alterego_mod:Exercise+1","floor":22.0},{"not_picked":["alterego_mod:Punishment","alterego_mod:DeftHands"],"picked":"alterego_mod:DiscoLights","floor":23.0},{"not_picked":["alterego_mod:Skirt","alterego_mod:PainIsPleasure"],"picked":"alterego_mod:Undulate","floor":30.0},{"not_picked":["alterego_mod:PerceptionDisorder","alterego_mod:MagicResistance","alterego_mod:Collar"],"picked":"SKIP","floor":31},{"not_picked":["alterego_mod:Venus","alterego_mod:Rake"],"picked":"alterego_mod:Vow","floor":33},{"not_picked":["alterego_mod:Clones+1","alterego_mod:Jiggle"],"picked":"alterego_mod:DeftHands+1","floor":35},{"not_picked":["ReplayTheSpireMod:Necrogeddon","Violence"],"picked":"ReplayTheSpireMod:Private Reserves","floor":38},{"not_picked":["alterego_mod:Birthday","alterego_mod:Nekomimi+1"],"picked":"alterego_mod:Table+1","floor":39},{"not_picked":["infinitespire:DeathsTouch","hubris:InfiniteBlow+1"],"picked":"infinitespire:SevenWalls","floor":41},{"not_picked":["alterego_mod:Cushion+1","alterego_mod:Punishment+1"],"picked":"alterego_mod:GachaTicket+1","floor":46},{"not_picked":["alterego_mod:BiFurious","alterego_mod:Collar+1"],"picked":"alterego_mod:IndependentAction+1","floor":48}],"player_experience":659412,"relics_obtained":[{"floor":4.0,"key":"foxEvents:LuckyCharm"},{"floor":6.0,"key":"hubris:CrystalStatue"},{"floor":9.0,"key":"conspire:TopHat"},{"floor":14.0,"key":"Dead Branch"},{"floor":23.0,"key":"Runesmith:AutoHammer"},{"floor":26.0,"key":"hubris:BottledRain"},{"floor":30.0,"key":"Pet Ghost"},{"floor":32,"key":"Tiny Chest"},{"floor":43,"key":"Iron Hammer"},{"floor":44,"key":"Replay:Bottled Snecko"},{"floor":46,"key":"Replay:Ringing Soul"}],"event_choices":[{"damage_healed":0,"gold_gain":0,"player_choice":"Ignored","damage_taken":0,"max_hp_gain":0,"max_hp_loss":0,"event_name":"Tomb of Lord Red Mask","floor":36,"gold_loss":0},{"damage_healed":0,"gold_gain":0,"player_choice":"Memory 1","damage_taken":0,"max_hp_gain":0,"max_hp_loss":0,"event_name":"SensoryStone","floor":38,"gold_loss":0}],"is_beta":false,"boss_relics":[{"not_picked":["Abe\u0027s Treasure","Replay:Ancient Bell"],"picked":"infinitespire:Cupcake"},{"not_picked":["Runesmith:UraniumAnvil","conspire:RunicOctahedron"],"picked":"Ring of Chaos"}],"items_purged_floors":[],"is_endless":false,"potions_floor_spawned":[1,5,6,10,18,21,30,39],"ascension_level":0}}