{"host":"isy2gwbfe91wqj1j","time":1611375764,"event":{"mods":["AchievementEnabler","BaseMod","Better Altar","Better Match","Better Note","Better Sensory Stone","Better Skull","Better Third Choice","BetterRewards","Minty Spire (QoL Compilation)","StSLib"],"gold_per_floor":[112,112,61,61,61,61,74,92,119,137,212,228,102,118,118,216,216,228,143,126,126,141,141,240,240,264,280,280,307,318,337,337,441,441,452,170,180,230,230,261,277,277,277,296,296,307,307,324,324,324],"floor_reached":51,"language":"ENG","playtime":2638,"items_purged":["Strike_R","Strike_R","Defend_R"],"score":931,"play_id":"54b3ef9a-5662-4c55-8fa6-3a23dda864fa","local_time":"20210122212244","is_ascension_mode":true,"campfire_choices":[{"data":"Body Slam","floor":6,"key":"SMITH"},{"data":"Whirlwind","floor":15,"key":"SMITH"},{"floor":23,"key":"REST"},{"floor":28,"key":"REST"},{"data":"Metallicize","floor":32,"key":"SMITH"},{"floor":42,"key":"REST"},{"floor":47,"key":"REST"},{"floor":49,"key":"REST"}],"circlet_count":0,"master_deck":["Defend_R+1","Defend_R","Defend_R","Armaments+1","Body Slam+1","Shrug It Off+1","Ghostly Armor+1","Whirlwind+1","Shrug It Off+1","Impervious+1","Metallicize+1","Flame Barrier+1","Entrench+1","Wild Strike"],"relics":["Burning Blood","Toxic Egg 2","Calipers","Torii","Dream Catcher","Bronze Scales","Empty Cage","Ancient Tea Set","Bag of Marbles","Tiny Chest","Sozu","Lantern","Gambling Chip","InkBottle","Eternal Feather","Sundial"],"acts_visited":["Exordium","TheCity","TheBeyond"],"potions_floor_usage":[16,40,44],"damage_taken":[{"damage":2,"enemies":"Cultist","floor":1,"turns":4},{"damage":1,"enemies":"2 Louse","floor":7,"turns":4},{"damage":0,"enemies":"Jaw Worm","floor":8,"turns":3},{"damage":0,"enemies":"Exordium Wildlife","floor":10,"turns":7},{"damage":1,"enemies":"3 Louse","floor":12,"turns":4},{"damage":7,"enemies":"Large Slime","floor":14,"turns":11},{"damage":22,"enemies":"Slime Boss","floor":16,"turns":15},{"damage":0,"enemies":"3 Byrds","floor":18,"turns":3},{"damage":0,"enemies":"2 Thieves","floor":20,"turns":4},{"damage":0,"enemies":"Sentry and Sphere","floor":22,"turns":5},{"damage":0,"enemies":"Cultist and Chosen","floor":27,"turns":4},{"damage":1,"enemies":"Book of Stabbing","floor":29,"turns":6},{"damage":0,"enemies":"Shelled Parasite and Fungi","floor":30,"turns":5},{"damage":7,"enemies":"Centurion and Healer","floor":31,"turns":6},{"damage":0,"enemies":"Champ","floor":33,"turns":9},{"damage":0,"enemies":"3 Darklings","floor":35,"turns":9},{"damage":0,"enemies":"3 Shapes","floor":37,"turns":4},{"damage":0,"enemies":"Mind Bloom Boss Battle","floor":38,"turns":6},{"damage":39,"enemies":"Nemesis","floor":40,"turns":15},{"damage":0,"enemies":"Spire Growth","floor":41,"turns":4},{"damage":0,"enemies":"Transient","floor":44,"turns":5},{"damage":0,"enemies":"Maw","floor":46,"turns":6},{"damage":0,"enemies":"3 Darklings","floor":48,"turns":6},{"damage":0,"enemies":"Awakened One","floor":50,"turns":13}],"seed_played":"149195078337906684","potions_obtained":[{"floor":7,"key":"Swift Potion"},{"floor":12,"key":"GamblersBrew"},{"floor":14,"key":"GamblersBrew"},{"floor":16,"key":"AttackPotion"},{"floor":22,"key":"Block Potion"},{"floor":33,"key":"BloodPotion"}],"is_trial":false,"path_per_floor":["M","?","$","?","T","R","M","M","T","M","?","M","$","M","R","B",null,"M","?","M","?","M","R","?","?","T","M","R","E","M","M","R","B",null,"M","$","M","?","?","E","M","R","T","M","T","M","R","M","R","B",null],"character_chosen":"IRONCLAD","items_purchased":["Toxic Egg 2","Calipers","Armaments+1","Shrug It Off+1","Shrug It Off+1","Lantern"],"campfire_rested":5,"item_purchase_floors":[0,0,0,3,13,36],"current_hp_per_floor":[80,80,80,73,73,73,78,80,80,80,69,74,74,73,73,57,80,80,80,80,80,80,80,80,77,77,80,80,80,80,79,79,80,80,80,80,80,80,80,47,53,77,77,80,80,80,80,80,80,80],"gold":324,"neow_bonus":"","is_daily":false,"chose_seed":false,"campfire_upgraded":3,"win_rate":0.0,"timestamp":1611375764,"path_taken":["M","?","$","?","?","R","M","?","T","M","?","M","$","M","R","BOSS","M","?","M","?","M","R","?","?","T","M","R","E","M","M","R","BOSS","M","$","?","?","?","E","M","R","T","M","?","M","R","M","R","BOSS"],"items_purchased_type":["Relic","Relic","Card","Card","Card","Relic"],"build_version":"2020-12-22","purchased_purges":3,"victory":true,"max_hp_per_floor":[80,80,80,80,80,80,80,80,80,80,80,80,80,80,80,80,80,80,80,80,80,80,80,80,80,80,80,80,80,80,80,80,80,80,80,80,80,80,80,80,80,80,80,80,80,80,80,80,80,80],"card_choices":[{"not_picked":["Pommel Strike","Reckless Charge"],"picked":"Body Slam","floor":1},{"not_picked":["Pommel Strike","Pummel"],"picked":"Ghostly Armor+1","floor":7},{"not_picked":["Havoc+1","Intimidate+1","Evolve"],"picked":"SKIP","floor":8},{"not_picked":["Cleave","Infernal Blade+1","Hemokinesis"],"picked":"SKIP","floor":10},{"not_picked":["Cleave","Infernal Blade+1","Hemokinesis"],"picked":"SKIP","floor":10},{"not_picked":["Heavy Blade","Seeing Red+1"],"picked":"Whirlwind","floor":12},{"not_picked":["Wild Strike","Headbutt","Heavy Blade"],"picked":"SKIP","floor":14},{"not_picked":["Offering+1","Double Tap+1"],"picked":"Impervious+1","floor":16},{"not_picked":["Armaments+1","Flex+1","Warcry+1"],"picked":"SKIP","floor":18},{"not_picked":["Shockwave+1","Perfected Strike+1","Headbutt"],"picked":"SKIP","floor":20},{"not_picked":["Feel No Pain","Battle Trance+1","Pommel Strike"],"picked":"SKIP","floor":22},{"not_picked":["Headbutt+1","Clothesline","Perfected Strike"],"picked":"SKIP","floor":27},{"not_picked":["Clash","Second Wind+1"],"picked":"Metallicize","floor":28},{"not_picked":["Fiend Fire","Thunderclap"],"picked":"Flame Barrier+1","floor":29},{"not_picked":["Havoc+1","Cleave","Sword Boomerang"],"picked":"SKIP","floor":30},{"not_picked":["Pommel Strike","Iron Wave","Thunderclap+1"],"picked":"SKIP","floor":31},{"not_picked":["Rampage","Clash","Iron Wave"],"picked":"SKIP","floor":35},{"not_picked":["Perfected Strike","Armaments+1","True Grit+1"],"picked":"SKIP","floor":37},{"not_picked":["Warcry+1","Whirlwind+1","Clash"],"picked":"SKIP","floor":40},{"not_picked":["Uppercut+1","Heavy Blade+1","Wild Strike"],"picked":"SKIP","floor":41},{"not_picked":["Demon Form","Cleave"],"picked":"Entrench+1","floor":44},{"not_picked":["Anger","Reckless Charge+1"],"picked":"Wild Strike","floor":46},{"not_picked":["Sword Boomerang+1","Wild Strike","Heavy Blade+1"],"picked":"SKIP","floor":48}],"player_experience":191358,"relics_obtained":[{"floor":5,"key":"Dream Catcher"},{"floor":9,"key":"Bronze Scales"},{"floor":26,"key":"Bag of Marbles"},{"floor":29,"key":"Tiny Chest"},{"floor":38,"key":"Gambling Chip"},{"floor":40,"key":"InkBottle"},{"floor":43,"key":"Eternal Feather"},{"floor":45,"key":"Sundial"}],"event_choices":[{"cards_removed":["Strike_R"],"damage_healed":0,"gold_gain":0,"player_choice":"Forget","damage_taken":0,"max_hp_gain":0,"max_hp_loss":0,"event_name":"Living Wall","floor":2,"gold_loss":0},{"cards_removed":["Strike_R"],"damage_healed":0,"gold_gain":0,"player_choice":"Card Removal","damage_taken":7,"max_hp_gain":0,"max_hp_loss":0,"event_name":"Golden Wing","floor":4,"gold_loss":0},{"damage_healed":0,"gold_gain":75,"player_choice":"Gold","damage_taken":11,"max_hp_gain":0,"max_hp_loss":0,"event_name":"betterThird:BetterGoop","floor":11,"gold_loss":0},{"damage_healed":0,"gold_gain":0,"player_choice":"Obtained Relic","damage_taken":0,"relics_obtained":["Ancient Tea Set"],"max_hp_gain":0,"max_hp_loss":0,"event_name":"Addict","floor":19,"gold_loss":85},{"damage_healed":0,"gold_gain":2,"player_choice":"1","damage_taken":0,"max_hp_gain":0,"max_hp_loss":0,"event_name":"betterStone:BetterStone","floor":21,"gold_loss":0},{"damage_healed":0,"gold_gain":99,"player_choice":"Steal","damage_taken":0,"max_hp_gain":0,"max_hp_loss":0,"event_name":"betterThird:BetterNest","floor":24,"gold_loss":0},{"damage_healed":0,"gold_gain":0,"player_choice":"Punched","damage_taken":3,"max_hp_gain":0,"max_hp_loss":0,"event_name":"Designer","floor":25,"gold_loss":0},{"damage_healed":0,"gold_gain":0,"player_choice":"Fight","damage_taken":0,"max_hp_gain":0,"max_hp_loss":0,"event_name":"MindBloom","floor":38,"gold_loss":0},{"damage_healed":0,"gold_gain":0,"player_choice":"Upgraded","damage_taken":0,"max_hp_gain":0,"max_hp_loss":0,"event_name":"Upgrade Shrine","floor":39,"gold_loss":0,"cards_upgraded":["Defend_R"]}],"is_beta":false,"boss_relics":[{"not_picked":["Ectoplasm","Runic Cube"],"picked":"Empty Cage"},{"not_picked":["Calling Bell","Fusion Hammer"],"picked":"Sozu"}],"items_purged_floors":[0,13,36],"is_endless":false,"potions_floor_spawned":[7,12,14,16,18,22,30,31,33,35,38,46,48],"ascension_level":3}}