{"host":"ga4s3hj9m6nkn6gp","time":1611366670,"event":{"mods":["AchievementEnabler","BaseMod","Bestiary","Colored Powertips","Highlight Path","Minty Spire (QoL Compilation)","Relic Stats","everything is the same but u backflip on backflip"],"gold_per_floor":[112,112,130,140,156,156,181,181,252,252,108,128,162,34,34,135,135,154,168,184,99,118,118,152,152,206,206,225,225,22,57,57,161,161,171,182,182,34,82,116,128,128,128,128,157,56,0,0,0,0,0],"floor_reached":50,"language":"ENG","playtime":2433,"items_purged":["Strike_B","Strike_B","Strike_B"],"score":994,"play_id":"010e3ba0-2759-4fee-9b35-774c6bbfc501","local_time":"20210123025110","is_ascension_mode":true,"campfire_choices":[{"data":"Sunder","floor":6,"key":"SMITH"},{"data":"Consume","floor":8,"key":"SMITH"},{"data":"Capacitor","floor":10,"key":"SMITH"},{"data":"Biased Cognition","floor":15,"key":"SMITH"},{"data":"Self Repair","floor":23,"key":"SMITH"},{"data":"Coolheaded","floor":25,"key":"SMITH"},{"data":"Electrodynamics","floor":27,"key":"SMITH"},{"data":"Ball Lightning","floor":29,"key":"SMITH"},{"data":"Hologram","floor":32,"key":"SMITH"},{"floor":42,"key":"DIG"},{"floor":49,"key":"RECALL"}],"circlet_count":0,"master_deck":["AscendersBane","Defend_B","Defend_B","Defend_B","Defend_B","Zap","Dualcast","Ball Lightning+1","Capacitor+1","Electrodynamics+1","Sunder+1","Consume+1","Biased Cognition+1","Ball Lightning+1","Coolheaded+1","Compile Driver+1","Self Repair+1","Compile Driver+1","Core Surge+1","Auto Shields+1","Coolheaded+1","Cold Snap+1","Thunder Strike+1","Hologram+1","Buffer","Coolheaded","Loop","Biased Cognition","Go for the Eyes+1","Panacea","Apotheosis+1","Cold Snap+1"],"relics":["Cracked Core","NeowsBlessing","Lizard Tail","Molten Egg 2","Orrery","Smiling Mask","Coffee Dripper","Unceasing Top","Pear","War Paint","Gambling Chip","SlaversCollar","Happy Flower","Shovel","Kunai","Bottled Lightning","Bronze Scales","Red Mask"],"acts_visited":["Exordium","TheCity","TheBeyond"],"potions_floor_usage":[7,7,7,7,13,16,16,24,33,39,45],"damage_taken":[{"damage":0,"enemies":"2 Louse","floor":1,"turns":1},{"damage":0,"enemies":"Cultist","floor":3,"turns":1},{"damage":0,"enemies":"Small Slimes","floor":4,"turns":1},{"damage":10,"enemies":"2 Fungi Beasts","floor":5,"turns":3},{"damage":19,"enemies":"Gremlin Nob","floor":7,"turns":4},{"damage":28,"enemies":"Exordium Thugs","floor":12,"turns":3},{"damage":6,"enemies":"3 Sentries","floor":13,"turns":5},{"damage":0,"enemies":"Slime Boss","floor":16,"turns":5},{"damage":25,"enemies":"Shell Parasite","floor":18,"turns":4},{"damage":9,"enemies":"2 Thieves","floor":19,"turns":2},{"damage":12,"enemies":"Snake Plant","floor":20,"turns":4},{"damage":7,"enemies":"3 Cultists","floor":22,"turns":4},{"damage":37,"enemies":"Book of Stabbing","floor":24,"turns":6},{"damage":15,"enemies":"Shelled Parasite and Fungi","floor":28,"turns":5},{"damage":17,"enemies":"Slavers","floor":31,"turns":4},{"damage":21,"enemies":"Automaton","floor":33,"turns":8},{"damage":3,"enemies":"3 Shapes","floor":35,"turns":3},{"damage":5,"enemies":"Orb Walker","floor":36,"turns":4},{"damage":42,"enemies":"2 Orb Walkers","floor":39,"turns":4},{"damage":21,"enemies":"Reptomancer","floor":40,"turns":5},{"damage":17,"enemies":"3 Darklings","floor":41,"turns":4},{"damage":0,"enemies":"Nemesis","floor":45,"turns":5},{"damage":32,"enemies":"Donu and Deca","floor":50,"turns":4}],"seed_played":"8822509219166850757","potions_obtained":[{"floor":1,"key":"SpeedPotion"},{"floor":5,"key":"EntropicBrew"},{"floor":12,"key":"BlessingOfTheForge"},{"floor":13,"key":"DuplicationPotion"},{"floor":19,"key":"FocusPotion"},{"floor":28,"key":"LiquidMemories"},{"floor":31,"key":"SmokeBomb"},{"floor":33,"key":"FocusPotion"},{"floor":36,"key":"Ancient Potion"},{"floor":41,"key":"Weak Potion"}],"is_trial":false,"path_per_floor":["M","?","M","M","M","R","E","R","T","R","$","M","E","$","R","B",null,"M","M","M","?","M","R","E","R","T","R","M","R","$","E","R","B",null,"M","M","?","$","?","E","M","R","T","?","E","$","?","?","R","B"],"character_chosen":"DEFECT","items_purchased":["Orrery","Regen Potion","Thunder Strike+1","Happy Flower","Dexterity Potion"],"campfire_rested":0,"item_purchase_floors":[11,14,30,38,46],"current_hp_per_floor":[68,68,68,68,58,58,39,39,39,39,39,11,15,15,15,36,65,47,38,33,33,33,33,57,57,57,57,52,52,52,45,45,34,72,79,84,81,81,49,38,31,31,31,21,21,21,21,21,21,0,0],"gold":0,"neow_bonus":"THREE_ENEMY_KILL","is_daily":false,"chose_seed":false,"campfire_upgraded":9,"win_rate":0.0,"timestamp":1611366670,"path_taken":["M","?","M","?","?","R","E","R","T","R","$","?","E","$","R","BOSS","M","M","M","?","M","R","E","R","T","R","M","R","$","E","R","BOSS","M","M","?","$","?","E","?","R","T","?","E","$","?","?","R","BOSS"],"items_purchased_type":["Relic","Potion","Card","Relic","Potion"],"build_version":"2020-12-22","purchased_purges":3,"victory":false,"max_hp_per_floor":[75,75,75,75,75,75,75,75,75,75,75,75,75,75,75,75,75,75,75,75,75,75,75,85,85,85,85,85,85,85,85,85,85,85,85,85,81,81,81,81,81,81,81,81,81,81,81,81,81,81,81],"relic_stats":{"Lizard Tail":37,"Shovel":1,"Happy Flower":[7],"counters":[23,89],"Gambling Chip":[22],"Bronze Scales":[12],"Kunai":[2],"War Paint":["Auto Shields","Coolheaded"],"Smiling Mask":150,"obtain_stats":[{"Pear":24,"NeowsBlessing":0,"Happy Flower":38,"War Paint":26,"Smiling Mask":13,"SlaversCollar":34,"Lizard Tail":7,"Shovel":39,"Gambling Chip":31,"Bronze Scales":45,"Orrery":11,"Molten Egg 2":9,"Coffee Dripper":17,"Red Mask":47,"Kunai":40,"Bottled Lightning":42,"Cracked Core":0,"Unceasing Top":21},{"Pear":13,"NeowsBlessing":0,"Happy Flower":18,"War Paint":13,"Smiling Mask":7,"SlaversCollar":16,"Lizard Tail":5,"Shovel":19,"Gambling Chip":15,"Bronze Scales":22,"Orrery":5,"Molten Egg 2":5,"Coffee Dripper":8,"Red Mask":22,"Kunai":20,"Bottled Lightning":21,"Cracked Core":0,"Unceasing Top":11},{"Pear":43,"NeowsBlessing":0,"Happy Flower":67,"War Paint":43,"Smiling Mask":18,"SlaversCollar":60,"Lizard Tail":10,"Shovel":71,"Gambling Chip":52,"Bronze Scales":85,"Orrery":10,"Molten Egg 2":10,"Coffee Dripper":23,"Red Mask":85,"Kunai":76,"Bottled Lightning":80,"Cracked Core":0,"Unceasing Top":33}],"Unceasing Top":[2]},"card_choices":[{"not_picked":["FTL","Streamline"],"picked":"Ball Lightning","floor":1},{"not_picked":["Redo","Stack"],"picked":"Capacitor","floor":3},{"not_picked":["Melter","Loop"],"picked":"Electrodynamics","floor":4},{"not_picked":["Gash","Steam"],"picked":"Sunder","floor":5},{"not_picked":["Ball Lightning","Defragment"],"picked":"Consume","floor":7},{"not_picked":["Heatsinks","Gash+1"],"picked":"Biased Cognition","floor":11},{"not_picked":["Steam Power","Conserve Battery"],"picked":"Ball Lightning+1","floor":11},{"not_picked":["Reprogram","Chaos"],"picked":"Coolheaded","floor":11},{"not_picked":["Storm","Creative AI"],"picked":"Compile Driver+1","floor":11},{"not_picked":["Steam Power","Rebound+1"],"picked":"Self Repair","floor":12},{"not_picked":["Reprogram","Streamline+1"],"picked":"Compile Driver+1","floor":13},{"not_picked":["Meteor Strike+1","Biased Cognition"],"picked":"Core Surge+1","floor":16},{"not_picked":["Redo","Stack"],"picked":"Auto Shields","floor":18},{"not_picked":["Aggregate","Compile Driver+1"],"picked":"Coolheaded","floor":19},{"not_picked":["Buffer","Force Field","Fusion"],"picked":"SKIP","floor":20},{"not_picked":["Darkness","Beam Cell+1","Sweeping Beam+1"],"picked":"SKIP","floor":22},{"not_picked":["Streamline+1","Static Discharge","Rebound+1"],"picked":"SKIP","floor":24},{"not_picked":["Capacitor","Coolheaded"],"picked":"Cold Snap+1","floor":28},{"not_picked":["Conserve Battery","Genetic Algorithm+1"],"picked":"Hologram","floor":31},{"not_picked":["Hyperbeam+1","All For One+1"],"picked":"Buffer","floor":33},{"not_picked":["White Noise","Gash+1"],"picked":"Coolheaded","floor":35},{"not_picked":["Conserve Battery","Coolheaded"],"picked":"Loop","floor":36},{"not_picked":["Chaos","Leap+1"],"picked":"Biased Cognition","floor":40},{"not_picked":["BootSequence+1","Streamline+1"],"picked":"Go for the Eyes+1","floor":41},{"not_picked":["Bandage Up","Purity"],"picked":"Panacea","floor":44},{"not_picked":["Bandage Up","Discovery"],"picked":"Apotheosis","floor":44},{"not_picked":["Rebound+1","Buffer"],"picked":"Cold Snap+1","floor":45}],"player_experience":669346,"relics_obtained":[{"floor":7,"key":"Lizard Tail"},{"floor":9,"key":"Molten Egg 2"},{"floor":13,"key":"Smiling Mask"},{"floor":24,"key":"Pear"},{"floor":26,"key":"War Paint"},{"floor":31,"key":"Gambling Chip"},{"floor":39,"key":"Shovel"},{"floor":40,"key":"Kunai"},{"floor":42,"key":"Bottled Lightning"},{"floor":45,"key":"Bronze Scales"}],"event_choices":[{"cards_removed":["Strike_B"],"damage_healed":0,"gold_gain":0,"player_choice":"Offered Basic","damage_taken":0,"max_hp_gain":0,"max_hp_loss":0,"event_name":"Bonfire Elementals","floor":2,"gold_loss":0},{"damage_healed":0,"gold_gain":0,"player_choice":"Obtained Relic","damage_taken":0,"relics_obtained":["Unceasing Top"],"max_hp_gain":0,"max_hp_loss":0,"event_name":"Addict","floor":21,"gold_loss":85},{"damage_healed":0,"gold_gain":0,"player_choice":"Max HP","damage_taken":0,"max_hp_gain":0,"max_hp_loss":4,"event_name":"Winding Halls","floor":37,"gold_loss":0},{"damage_healed":0,"gold_gain":0,"player_choice":"Fight","damage_taken":0,"max_hp_gain":0,"max_hp_loss":0,"event_name":"Mysterious Sphere","floor":39,"gold_loss":0},{"damage_healed":0,"gold_gain":0,"player_choice":"Memory 3","damage_taken":10,"max_hp_gain":0,"max_hp_loss":0,"event_name":"SensoryStone","floor":44,"gold_loss":0},{"damage_healed":0,"gold_gain":0,"player_choice":"Paid","damage_taken":0,"relics_obtained":["Red Mask"],"max_hp_gain":0,"max_hp_loss":0,"event_name":"Tomb of Lord Red Mask","floor":47,"gold_loss":56},{"damage_healed":0,"gold_gain":0,"player_choice":"Forge","damage_taken":0,"max_hp_gain":0,"max_hp_loss":0,"event_name":"Accursed Blacksmith","floor":48,"gold_loss":0,"cards_upgraded":["Apotheosis"]}],"is_beta":false,"boss_relics":[{"not_picked":["Tiny House","Astrolabe"],"picked":"Coffee Dripper"},{"not_picked":["Cursed Key","Calling Bell"],"picked":"SlaversCollar"}],"items_purged_floors":[14,30,46],"is_endless":false,"potions_floor_spawned":[1,5,12,13,19,28,31,33,36,41],"killed_by":"Donu and Deca","ascension_level":12}}