{"host":"bbjnqymry46jz0fa","time":1611402992,"event":{"mods":["BaseMod","DeckTracker","Minty Spire (QoL Compilation)","Quick Restart","StSLib","SuperFastMode"],"gold_per_floor":[113,113,388,400,22,22,57,72,72,90,119,19,30,65,65,65,65],"floor_reached":16,"language":"KOR","playtime":377,"items_purged":["Regret","Strike_G"],"score":340,"play_id":"f11333c6-46b9-4eb2-8660-1b338139e7f0","local_time":"20210123205632","is_ascension_mode":true,"campfire_choices":[{"data":"Noxious Fumes","floor":6.0,"key":"SMITH"},{"data":"Well Laid Plans","floor":15,"key":"SMITH"}],"circlet_count":0,"master_deck":["AscendersBane","Strike_G+1","Strike_G","Strike_G","Strike_G","Defend_G","Defend_G","Defend_G","Defend_G","Defend_G","Survivor+1","Neutralize","All Out Attack","Acrobatics","Noxious Fumes+1","Footwork","Storm of Steel+1","Well Laid Plans+1","Blade Dance+1"],"relics":["Ring of the Snake","NeowsBlessing","Regal Pillow","StrikeDummy","Oddly Smooth Stone","Toxic Egg 2","HornCleat"],"acts_visited":["Exordium"],"potions_floor_usage":[10,16],"damage_taken":[{"damage":0.0,"enemies":"2 Louse","floor":1.0,"turns":1.0},{"damage":0.0,"enemies":"Cultist","floor":4.0,"turns":1.0},{"damage":0.0,"enemies":"Lagavulin","floor":7.0,"turns":1.0},{"damage":9,"enemies":"Jaw Worm","floor":8,"turns":4},{"damage":16,"enemies":"Exordium Wildlife","floor":10,"turns":6},{"damage":6,"enemies":"3 Sentries","floor":11,"turns":7},{"damage":0,"enemies":"3 Louse","floor":13,"turns":5},{"damage":0,"enemies":"Lagavulin","floor":14,"turns":7},{"damage":58,"enemies":"Slime Boss","floor":16,"turns":8}],"seed_played":"3806054158528194544","potions_obtained":[{"floor":7.0,"key":"FairyPotion"},{"floor":8,"key":"DistilledChaos"},{"floor":10,"key":"Block Potion"}],"is_trial":false,"path_per_floor":["M","?","?","M","$","R","E","M","T","M","E","$","M","E","R","B"],"character_chosen":"THE_SILENT","items_purchased":["Acrobatics","Regal Pillow","Noxious Fumes"],"campfire_rested":0,"item_purchase_floors":[5,5,5],"current_hp_per_floor":[59,39,39,39,39,39,39,30,30,14,8,8,8,8,8,0,0],"gold":65,"neow_bonus":"THREE_ENEMY_KILL","is_daily":false,"chose_seed":false,"campfire_upgraded":2,"win_rate":0.0,"timestamp":1611402992,"path_taken":["M","?","?","M","$","R","E","?","T","M","E","?","M","E","R","BOSS"],"items_purchased_type":["Card","Relic","Card"],"build_version":"2020-12-22","purchased_purges":2,"victory":false,"max_hp_per_floor":[66,66,66,66,66,66,66,66,66,66,66,66,66,66,66,66,66],"card_choices":[{"not_picked":["Sucker Punch","Prepared"],"picked":"All Out Attack","floor":1.0},{"not_picked":["Accuracy","Dodge and Roll","Quick Slash"],"picked":"SKIP","floor":4.0},{"not_picked":["Dash","Cloak And Dagger","Footwork"],"picked":"SKIP","floor":7.0},{"not_picked":["Dash","Cloak And Dagger","Footwork"],"picked":"SKIP","floor":7.0},{"not_picked":["Acrobatics","Outmaneuver"],"picked":"Footwork","floor":8},{"not_picked":["Noxious Fumes","Flying Knee","Caltrops"],"picked":"SKIP","floor":10},{"not_picked":["Sucker Punch","Choke"],"picked":"Storm of Steel+1","floor":11},{"not_picked":["Bane","Riddle With Holes"],"picked":"Well Laid Plans","floor":13},{"not_picked":["Outmaneuver+1","Backflip+1"],"picked":"Blade Dance+1","floor":14}],"player_experience":733761,"relics_obtained":[{"floor":7.0,"key":"StrikeDummy"},{"floor":9,"key":"Oddly Smooth Stone"},{"floor":11,"key":"Toxic Egg 2"},{"floor":14,"key":"HornCleat"}],"event_choices":[{"damage_healed":0.0,"max_hp_gain":0.0,"max_hp_loss":0.0,"gold_gain":0.0,"event_name":"Shining Light","player_choice":"Entered Light","floor":2.0,"gold_loss":0.0,"damage_taken":20.0,"cards_upgraded":["Strike_G","Survivor"]},{"damage_healed":0.0,"max_hp_gain":0.0,"max_hp_loss":0.0,"gold_gain":275.0,"event_name":"Golden Shrine","player_choice":"Desecrate","floor":3.0,"gold_loss":0.0,"damage_taken":0.0,"cards_obtained":["Regret"]}],"is_beta":false,"boss_relics":[],"items_purged_floors":[5,12],"is_endless":false,"potions_floor_spawned":[7,8,10,13],"killed_by":"Slime Boss","ascension_level":20}}