{"host":"l6vifo5ajdb3p20b","time":1611421883,"event":{"mods":["2.2 Compatiblity","Arknights The Spire","BaseMod","Better Altar","Better Sensory Stone","Better Skull","Better Third Choice","BetterRewards","Block Reminder","Booster Modes","Card Forge","Colored Map","Defuse TimeMaze Blight","Energized Spire","Evolution","Minty Spire (QoL Compilation)","Relic Stats","StSLib","The Marked"],"gold_per_floor":[117,128,147,167,179,179,208,208,208,208,208],"floor_reached":10,"language":"ENG","playtime":384,"items_purged":[],"score":63,"play_id":"d77d195a-66f1-4f55-9f10-2432d5ca0f7f","local_time":"20210124001123","is_ascension_mode":true,"campfire_choices":[{"data":"Zap","floor":6,"key":"SMITH"},{"data":"Beam Cell","floor":8,"key":"SMITH"}],"circlet_count":0,"master_deck":["Strike_B","Strike_B","Strike_B","Strike_B","Defend_B","Defend_B","Defend_B","Defend_B","Zap+1","Dualcast","Glacier","Melter","Gash","Beam Cell+1","Go for the Eyes","Leap"],"relics":["Cracked Core","Hammer of Thor","Seething Fire","Anvil of the Gods","EVO:Axolotl","NeowsBlessing","Odd Mushroom"],"acts_visited":["Exordium"],"potions_floor_usage":[5],"damage_taken":[{"damage":0,"enemies":"Cultist","floor":1,"turns":1},{"damage":0,"enemies":"2 Louse","floor":2,"turns":1},{"damage":0,"enemies":"Small Slimes","floor":3,"turns":1},{"damage":0,"enemies":"Looter","floor":4,"turns":4},{"damage":7,"enemies":"Gremlin Gang","floor":5,"turns":5},{"damage":2,"enemies":"The Mushroom Lair","floor":7,"turns":4},{"damage":0,"enemies":"Lagavulin","floor":10,"turns":1}],"seed_played":"862112164849876601","potions_obtained":[{"floor":1,"key":"ColorlessPotion"},{"floor":2,"key":"Block Potion"}],"is_trial":false,"path_per_floor":["M","M","M","M","M","R","?","R","T","E"],"character_chosen":"DEFECT","items_purchased":[],"campfire_rested":0,"item_purchase_floors":[],"current_hp_per_floor":[75,75,75,75,68,68,66,66,66,66,66],"gold":208,"neow_bonus":"THREE_ENEMY_KILL","is_daily":false,"chose_seed":false,"campfire_upgraded":2,"win_rate":0.0,"timestamp":1611421883,"path_taken":["M","M","?","M","?","R","?","R","T","E"],"items_purchased_type":[],"build_version":"2020-12-22","purchased_purges":0,"victory":false,"max_hp_per_floor":[75,75,75,75,75,75,75,75,75,75,75],"relic_stats":{"counters":[7,17],"obtain_stats":[{"NeowsBlessing":0,"Anvil of the Gods":0,"Hammer of Thor":0,"EVO:Axolotl":0,"Seething Fire":0,"Odd Mushroom":7,"Cracked Core":0},{"NeowsBlessing":0,"Anvil of the Gods":0,"Hammer of Thor":0,"EVO:Axolotl":0,"Seething Fire":0,"Odd Mushroom":6,"Cracked Core":0},{"NeowsBlessing":0,"Anvil of the Gods":0,"Hammer of Thor":0,"EVO:Axolotl":0,"Seething Fire":0,"Odd Mushroom":16,"Cracked Core":0}]},"card_choices":[{"not_picked":["Double Energy","Capacitor"],"picked":"Glacier","floor":1},{"not_picked":["Compile Driver","Gash"],"picked":"Melter","floor":2},{"not_picked":["Ball Lightning","Rip and Tear"],"picked":"Gash","floor":3},{"not_picked":["Rebound","Coolheaded"],"picked":"Beam Cell","floor":4},{"not_picked":["Coolheaded","Streamline"],"picked":"Go for the Eyes","floor":5},{"not_picked":["Stack","Barrage"],"picked":"Leap","floor":7}],"player_experience":859273,"relics_obtained":[{"floor":7,"key":"Odd Mushroom"}],"event_choices":[{"damage_healed":0,"gold_gain":0,"player_choice":"Fought Mushrooms","damage_taken":0,"max_hp_gain":0,"max_hp_loss":0,"event_name":"Mushrooms","floor":7,"gold_loss":0}],"is_beta":false,"boss_relics":[],"items_purged_floors":[],"is_endless":false,"potions_floor_spawned":[1,2],"killed_by":"Lagavulin","ascension_level":1}}