{"host":"tq99ucv8ezzqzioe","time":1611428716,"event":{"mods":["BaseMod","Colored Map","Downfall","Highlight Path","Minty Spire (QoL Compilation)","StSLib"],"gold_per_floor":[99,113,178,198,247,280,280,180,209,9,9,9,25,10,28,128,128,128,148,166,182,24,55,82,51,78,90,130,249,261,273,301,416,428,440,469,481,506,303,316,339,350,360,360,392,406,406,26,43,43,43,70,70,70,70,70,70,70],"floor_reached":56,"language":"ENG","playtime":5980,"items_purged":["hexamod:Defend","hexamod:Defend+1"],"score":782,"play_id":"996842f6-dc3d-4ad0-a219-d4be4c5989a3","local_time":"20210123140516","is_ascension_mode":false,"campfire_choices":[{"data":"hexamod:Float","floor":1,"key":"SMITH"},{"floor":8,"key":"RECALL"},{"floor":10,"key":"REST"},{"data":"hexamod:NightmareGuise","floor":18,"key":"SMITH"},{"data":"hexamod:HauntingEcho","floor":27,"key":"SMITH"},{"data":"hexamod:GhostLash","floor":30,"key":"SMITH"},{"data":"hexamod:ParanormalForm","floor":35,"key":"SMITH"},{"data":"hexamod:StepThrough","floor":44,"key":"SMITH"},{"data":"hexamod:Defend","floor":47,"key":"SMITH"},{"floor":54,"key":"REST"}],"circlet_count":0,"master_deck":["hexamod:Strike+1","hexamod:Strike+1","hexamod:Strike+1","hexamod:Defend+1","hexamod:Sear+1","hexamod:Float+1","Parasite","hexamod:StepThrough+1","hexamod:NightmareGuise+1","hexamod:Hexaguard+1","hexamod:StepThrough+1","downfall:Malfunctioning","hexamod:ShieldOfDarkness+1","hexamod:SkipABeat+1","hexamod:EmpoweredFlame+1","hexamod:EmpoweredFlame+1","hexamod:TimeOfNeed+1","hexamod:EtherealExpedition+1","hexamod:HauntingEcho+1","hexamod:SpectersWail+1","hexamod:FlamesFromBeyond+1","hexamod:GhostShield+1","hexamod:StepThrough+1","hexamod:AdvancingGuard+1","hexamod:Hexaguard+1","hexamod:GhostLash+1","hexamod:AdvancingGuard+1","hexamod:ParanormalForm+1","sneckomod:Unknown+1","hexamod:HauntingEcho+1","hexamod:EtherealExpedition+1","hexamod:Incineration+1","Parasite","hexamod:Hexaguard+1","hexamod:GhostShield+1","hexamod:GhostLash+1","hexamod:EtherealExpedition+1","Parasite","hexamod:PowerFromBeyond+1","hexamod:EmpoweredFlame+1"],"relics":["hexamod:SpiritBrand","Du-Vu Doll","StrikeDummy","Toxic Egg 2","Shuriken","downfall:HeartBlessingBlue","Lantern","downfall:HeartBlessingRed","downfall:HeartBlessingGreen","Empty Cage","Red Mask","Bag of Marbles","MawBank","hexamod:TheBrokenSeal","Lizard Tail","Pear","hexamod:IceCube","Art of War","OrangePellets","Whetstone","Darkstone Periapt","TungstenRod","Incense Burner"],"acts_visited":["Exordium","TheCity","TheBeyond","TheEnding"],"potions_floor_usage":[6,14,14,16,16,16,19,23,23,26,26,33,39,50,50,50,55],"damage_taken":[{"damage":1,"enemies":"Jaw Worm","floor":2,"turns":3},{"damage":37,"enemies":"3 Sentries","floor":3,"turns":12},{"damage":0,"enemies":"Small Slimes","floor":4,"turns":3},{"damage":9,"enemies":"Gremlin Nob","floor":6,"turns":4},{"damage":8,"enemies":"3 Sentries","floor":9,"turns":9},{"damage":0,"enemies":"Cultist","floor":13,"turns":3},{"damage":0,"enemies":"downfall:FleeingMerchant","floor":14,"turns":4},{"damage":0,"enemies":"3 Louse","floor":15,"turns":4},{"damage":17,"enemies":"WA_ARCHETYPE_RETAIN","floor":16,"turns":8},{"damage":23,"enemies":"3 Byrds","floor":19,"turns":4},{"damage":8,"enemies":"Shell Parasite","floor":20,"turns":8},{"damage":16,"enemies":"Snake Plant","floor":21,"turns":5},{"damage":0,"enemies":"downfall:FleeingMerchant","floor":22,"turns":4},{"damage":0,"enemies":"Masked Bandits","floor":23,"turns":3},{"damage":0,"enemies":"downfall:FleeingMerchant","floor":25,"turns":4},{"damage":39,"enemies":"Gremlin Leader","floor":26,"turns":6},{"damage":0,"enemies":"Centurion and Healer","floor":28,"turns":7},{"damage":13,"enemies":"SI_SHIV_ARCHETYPE","floor":29,"turns":7},{"damage":5,"enemies":"Sentry and Sphere","floor":32,"turns":3},{"damage":16,"enemies":"DF_ARCHETYPE_CLAW","floor":33,"turns":7},{"damage":3,"enemies":"Orb Walker","floor":36,"turns":3},{"damage":0,"enemies":"3 Shapes","floor":38,"turns":4},{"damage":0,"enemies":"downfall:FleeingMerchant","floor":39,"turns":1},{"damage":0,"enemies":"Writhing Mass","floor":40,"turns":4},{"damage":4,"enemies":"3 Darklings","floor":42,"turns":5},{"damage":0,"enemies":"Spire Growth","floor":43,"turns":3},{"damage":4,"enemies":"Giant Head","floor":45,"turns":7},{"damage":0,"enemies":"Maw","floor":46,"turns":5},{"damage":18,"enemies":"Writhing Mass","floor":49,"turns":4},{"damage":45,"enemies":"IC_BLOCK_ARCHETYPE","floor":50,"turns":6},{"damage":94,"enemies":"downfall:CharBossMerchant","floor":52,"turns":9},{"damage":105,"enemies":"downfall:NeowBoss","floor":55,"turns":18},{"damage":32,"enemies":"downfall:NeowBossFinal","floor":56,"turns":8}],"seed_played":"-1445735343371259266","potions_obtained":[{"floor":2,"key":"DuplicationPotion"},{"floor":3,"key":"DistilledChaos"},{"floor":4,"key":"Dexterity Potion"},{"floor":6,"key":"Block Potion"},{"floor":6,"key":"Block Potion"},{"floor":13,"key":"PowerPotion"},{"floor":14,"key":"CultistPotion"},{"floor":15,"key":"LiquidMemories"},{"floor":16,"key":"hexamod:EctoCoolerPotion"},{"floor":19,"key":"Explosive Potion"},{"floor":20,"key":"DuplicationPotion"},{"floor":20,"key":"SteroidPotion"},{"floor":23,"key":"hexamod:SoulburnPotion"},{"floor":23,"key":"Fruit Juice"},{"floor":28,"key":"SneckoOil"},{"floor":32,"key":"Weak Potion"},{"floor":33,"key":"Regen Potion"},{"floor":42,"key":"SneckoOil"},{"floor":49,"key":"hexamod:EctoCoolerPotion"},{"floor":52,"key":"Weak Potion"}],"is_trial":false,"path_per_floor":["R","M","?","M","T","E","T","R","E","R","?","?","M","$","M","B",null,"R","M","M","M","$","?","T","$","E","R","M","?","R","?","M","B",null,"R","M","?","M","$","M","T","M","M","R","E","M","R","$","M","B",null,"E","$","R","B","B"],"character_chosen":"THE_SPIRIT","items_purchased":["hexamod:FlamesFromBeyond+1","hexamod:GhostShield+1","hexamod:AdvancingGuard+1","hexamod:Incineration","Art of War","DuplicationPotion","OrangePellets","TungstenRod","hexamod:EtherealExpedition+1"],"campfire_rested":2,"item_purchase_floors":[22,22,25,39,39,39,39,48,48],"current_hp_per_floor":[70,69,32,32,32,23,23,33,25,49,49,49,49,49,49,32,80,80,57,56,47,47,59,59,66,27,27,34,105,105,115,110,94,115,115,112,112,112,112,112,112,108,108,108,104,104,104,104,92,61,121,27,27,63,26,0,0,0],"gold":70,"neow_bonus":"ONE_RARE_RELIC","is_daily":false,"chose_seed":false,"campfire_upgraded":7,"win_rate":0.0,"timestamp":1611428716,"path_taken":["R","M","?","M","?","E","T","R","E","R","?","?","?","$","M","BOSS","R","M","?","M","$","?","T","$","E","R","M","?","R","?","M","BOSS","R","M","?","?","$","M","T","M","M","R","E","M","R","$","M","BOSS","E","$","R","BOSS","BOSS"],"items_purchased_type":["Card","Card","Card","Card","Relic","Potion","Relic","Relic","Card"],"build_version":"2020-12-22","purchased_purges":2,"victory":false,"max_hp_per_floor":[70,70,70,70,70,70,70,80,80,80,80,80,80,80,80,80,80,80,80,80,80,80,85,85,85,85,85,85,105,105,115,115,115,115,115,115,115,115,115,115,115,115,115,115,115,115,115,115,121,121,121,121,121,121,121,121,121,121],"card_choices":[{"not_picked":["hexamod:ShieldOfDarkness","hexamod:BurningTouch"],"picked":"hexamod:FourthSeal","floor":2},{"not_picked":["hexamod:BurningTouch","hexamod:RainOfEmbers"],"picked":"hexamod:StepThrough","floor":3},{"not_picked":["hexamod:FastForward","hexamod:Again"],"picked":"hexamod:NightmareGuise","floor":4},{"not_picked":["hexamod:EtherealExpedition+1","hexamod:GhostShield+1"],"picked":"hexamod:Hexaguard+1","floor":6},{"not_picked":["hexamod:Firestarter","hexamod:GhostShield+1"],"picked":"hexamod:StepThrough","floor":9},{"not_picked":["hexamod:BacktrackSmack","hexamod:RainOfEmbers"],"picked":"hexamod:ShieldOfDarkness+1","floor":13},{"not_picked":["hexamod:GhostLash","hexamod:SpectralSpark+1"],"picked":"hexamod:FifthSeal","floor":14},{"not_picked":["hexamod:FourthSeal","hexamod:ThirdSeal"],"picked":"hexamod:SixthSeal","floor":15},{"not_picked":["hexamod:CatchUp+1","hexamod:Firestarter"],"picked":"hexamod:SkipABeat+1","floor":15},{"not_picked":["hexamod:SixthSeal","hexamod:FirstSeal"],"picked":"hexamod:ThirdSeal","floor":16},{"not_picked":["hexamod:FifthSeal","hexamod:GiftsFromTheDead"],"picked":"hexamod:UnlimitedPower+1","floor":16},{"not_picked":["hexamod:SixthSeal","hexamod:SecondSeal"],"picked":"hexamod:FirstSeal","floor":19},{"not_picked":["hexamod:SuperheatedStrike","hexamod:Rewind+1","hexamod:ShieldOfDarkness+1"],"picked":"SKIP","floor":19},{"not_picked":["hexamod:GhostLash","hexamod:GhostShield+1"],"picked":"hexamod:EmpoweredFlame+1","floor":20},{"not_picked":["hexamod:ThirdSeal","hexamod:FourthSeal"],"picked":"hexamod:SecondSeal","floor":20},{"not_picked":["hexamod:FastForward+1","hexamod:BacktrackSmack"],"picked":"hexamod:EmpoweredFlame","floor":20},{"not_picked":["hexamod:BacktrackSmack","hexamod:ShieldOfDarkness+1"],"picked":"hexamod:TimeOfNeed+1","floor":21},{"not_picked":["hexamod:Haunt+1","hexamod:SuperheatedStrike"],"picked":"hexamod:EtherealExpedition+1","floor":21},{"not_picked":["hexamod:GhostflameBarrier+1","hexamod:TimeWarp"],"picked":"hexamod:HauntingEcho","floor":22},{"not_picked":["hexamod:NightmareStrike","hexamod:SkipABeat+1"],"picked":"hexamod:SpectersWail","floor":22},{"not_picked":["hexamod:DynamicBlow+1","hexamod:PhantomFireball"],"picked":"hexamod:StepThrough","floor":23},{"not_picked":["hexamod:Hexaguard+1","hexamod:HeatShield+1","hexamod:SuperheatedStrike"],"picked":"SKIP","floor":25},{"not_picked":["hexamod:ThermalTransfer+1","hexamod:PhantomFireball"],"picked":"hexamod:Hexaguard+1","floor":26},{"not_picked":["hexamod:GhostflameBarrier+1","hexamod:SpectersWail"],"picked":"hexamod:GhostLash","floor":28},{"not_picked":["hexamod:FastForward+1","hexamod:NecessarySacrifice+1","hexamod:Hexaguard+1"],"picked":"SKIP","floor":28},{"not_picked":["hexamod:SwordOfDarkness","hexamod:HeatCrush"],"picked":"hexamod:AdvancingGuard+1","floor":32},{"not_picked":["hexamod:HexaLevel","hexamod:FifthSeal"],"picked":"hexamod:ParanormalForm","floor":33},{"not_picked":["hexamod:SpectersWail","hexamod:PowerFromBeyond+1"],"picked":"hexamod:DynamicBlow","floor":36},{"not_picked":["hexamod:PowerFromBeyond+1","hexamod:NightmareGuise+1"],"picked":"hexamod:HauntingEcho+1","floor":38},{"not_picked":["hexamod:ThirdSeal","hexamod:SwordOfDarkness"],"picked":"hexamod:EtherealExpedition+1","floor":39},{"not_picked":["hexamod:SpectersWail","hexamod:HeatShield+1"],"picked":"hexamod:Hexaguard+1","floor":40},{"not_picked":["hexamod:SoulSteal+1","hexamod:RecurringNightmare+1","hexamod:GhostflameBarrier+1"],"picked":"SKIP","floor":42},{"not_picked":["hexamod:GhostShield+1","hexamod:GhostflameBarrier+1","hexamod:BacktrackSmack+1"],"picked":"SKIP","floor":43},{"not_picked":["hexamod:SkipABeat+1","hexamod:ThermalTransfer"],"picked":"hexamod:GhostShield+1","floor":45},{"not_picked":["hexamod:RadiantFlame","hexamod:ChargedBarrage+1"],"picked":"hexamod:GhostLash+1","floor":46},{"not_picked":["hexamod:FastForward+1","hexamod:FirstSeal"],"picked":"hexamod:PowerFromBeyond+1","floor":49},{"not_picked":["hexamod:TurnItUp+1","hexamod:SuperheatedStrike+1"],"picked":"hexamod:EmpoweredFlame+1","floor":52}],"player_experience":730493,"relics_obtained":[{"floor":3,"key":"StrikeDummy"},{"floor":6,"key":"Toxic Egg 2"},{"floor":7,"key":"Shuriken"},{"floor":9,"key":"Lantern"},{"floor":23,"key":"Red Mask"},{"floor":24,"key":"Bag of Marbles"},{"floor":26,"key":"MawBank"},{"floor":29,"key":"Lizard Tail"},{"floor":29,"key":"Pear"},{"floor":41,"key":"Whetstone"},{"floor":45,"key":"Darkstone Periapt"},{"floor":52,"key":"Incense Burner"}],"event_choices":[{"damage_healed":0,"gold_gain":0,"player_choice":"Fought Bandits","damage_taken":0,"max_hp_gain":0,"max_hp_loss":0,"event_name":"Masked Bandits","floor":23,"gold_loss":0},{"cards_removed":["hexamod:UnlimitedPower"],"damage_healed":0,"gold_gain":0,"player_choice":"Offered Rare","damage_taken":0,"max_hp_gain":10,"max_hp_loss":0,"event_name":"Bonfire Elementals","floor":31,"gold_loss":0},{"cards_removed":["hexamod:DynamicBlow"],"damage_healed":0,"gold_gain":0,"player_choice":"Took Card","damage_taken":0,"max_hp_gain":0,"max_hp_loss":0,"event_name":"NoteForYourself","floor":37,"gold_loss":0,"cards_obtained":["sneckomod:Unknown"]}],"is_beta":false,"boss_relics":[{"not_picked":["hexamod:UnbrokenSoul","Tiny House"],"picked":"Empty Cage"},{"not_picked":["SlaversCollar","Runic Pyramid"],"picked":"hexamod:IceCube"}],"items_purged_floors":[22,39],"is_endless":false,"potions_floor_spawned":[2,6,9,13,19,20,23,32,33,42,45,49,52],"killed_by":"downfall:NeowBossFinal","ascension_level":0}}