{"host":"qie2g20yrau14p9p","time":1611437670,"event":{"mods":["A Magickal Journey","BaseMod","Downfall","Minty Spire (QoL Compilation)","Replay The Spire","StSLib","The Construct","The Cursed","The Hierophant","The Necromancer","The Runesmith"],"gold_per_floor":[112,112,112,112,128,128,171,171,216,210,204,52,63,81,81,165,165,151,151,151],"floor_reached":19,"playtime":1300,"items_purged":[],"score":144,"play_id":"039f3d61-7a4b-4380-a4ce-4bad36db3fe6","local_time":"20210123153430","is_ascension_mode":false,"campfire_choices":[{"data":"hierophant:Punish","floor":6.0,"key":"SMITH"},{"data":"hierophant:PassingBell","floor":15.0,"key":"SMITH"}],"circlet_count":0,"master_deck":["hierophant:Strike_Hierophant","hierophant:Strike_Hierophant","hierophant:Strike_Hierophant+1","hierophant:Strike_Hierophant+1","hierophant:Punish+1","hierophant:Defend_Hierophant","hierophant:Defend_Hierophant","hierophant:Defend_Hierophant","hierophant:Defend_Hierophant","hierophant:ChurchCoffers","hierophant:Shelter","Regret","Spreading Infection","Injury","hierophant:Zeal","hierophant:Batter","hierophant:Sermon","hierophant:Prophecy","hierophant:DisplayOfPower","hierophant:PassingBell+1","hierophant:WrathOfGod","hierophant:Zeal+1"],"relics":["hierophant:PropheticMaskRelic","NeowsBlessing","Simple Rune","Ring of Misfortune","Ring of Peace","Golden Idol","Replay:Wax Seal","ReplayTheSpireMod:Shallot","Centennial Puzzle","Lantern","SacredBark"],"acts_visited":["Exordium","TheCity"],"potions_floor_usage":[18],"damage_taken":[{"damage":0.0,"enemies":"Jaw Worm","floor":1.0,"turns":1.0},{"damage":0.0,"enemies":"Small Slimes","floor":5.0,"turns":2.0},{"damage":0.0,"enemies":"Gremlin Nob","floor":7.0,"turns":1.0},{"damage":0.0,"enemies":"Cultist","floor":10.0,"turns":4.0},{"damage":0.0,"enemies":"Gremlin Gang","floor":11.0,"turns":3.0},{"damage":0.0,"enemies":"Exordium Thugs","floor":13.0,"turns":5.0},{"damage":0.0,"enemies":"Blue Slaver","floor":14.0,"turns":4.0},{"damage":40.0,"enemies":"Slime Boss","floor":16.0,"turns":20.0},{"damage":6,"enemies":"Shell Parasite","floor":18,"turns":5},{"damage":0,"enemies":"Chosen","floor":19,"turns":2}],"seed_played":"-728815745250486876","potions_obtained":[{"floor":7.0,"key":"Languid Potion"},{"floor":11.0,"key":"AttackPotion"},{"floor":16.0,"key":"Languid Potion"}],"is_trial":false,"path_per_floor":["M","?","?","?","M","R","E","?","T","M","M","$","M","M","R","B",null,"M","M"],"character_chosen":"HIEROPHANT","items_purchased":["Lantern"],"campfire_rested":0,"item_purchase_floors":[12],"current_hp_per_floor":[75,75,75,75,75,75,75,75,75,75,75,75,75,75,75,35,75,69,69,69],"gold":151,"neow_bonus":"THREE_ENEMY_KILL","is_daily":false,"chose_seed":false,"campfire_upgraded":2,"win_rate":0.0,"timestamp":1611437670,"path_taken":["M","?","?","?","M","R","E","?","T","M","M","$","M","M","R","BOSS","M","?"],"items_purchased_type":["Relic"],"build_version":"2020-12-13","purchased_purges":0,"victory":false,"max_hp_per_floor":[75,75,75,75,75,75,75,75,75,75,75,75,75,75,75,75,75,75,75,75],"card_choices":[{"not_picked":["hierophant:Martyrdom","hierophant:Racketeering"],"picked":"hierophant:Shelter","floor":1.0},{"not_picked":["hierophant:Doomsaying","hierophant:SolarFlare"],"picked":"hierophant:Zeal","floor":5.0},{"not_picked":["hierophant:Sermon","hierophant:Zeal"],"picked":"hierophant:Batter","floor":7.0},{"not_picked":["hierophant:Glossolalia","hierophant:Empathy"],"picked":"hierophant:Sermon","floor":10.0},{"not_picked":["hierophant:SecretStash","hierophant:OrnateJavelin"],"picked":"hierophant:Prophecy","floor":11.0},{"not_picked":["hierophant:AuricShield","hierophant:Doubloon"],"picked":"hierophant:DisplayOfPower","floor":13.0},{"not_picked":["hierophant:Purify","hierophant:Mercenaries"],"picked":"hierophant:PassingBell","floor":14.0},{"not_picked":["hierophant:Batter","hierophant:DeathKnell"],"picked":"hierophant:WrathOfGod","floor":16.0},{"not_picked":["hierophant:AuricBeam+1","hierophant:Community"],"picked":"hierophant:Zeal+1","floor":18}],"player_experience":32955,"relics_obtained":[{"floor":3.0,"key":"Ring of Misfortune"},{"floor":3.0,"key":"Ring of Peace"},{"floor":7.0,"key":"Replay:Wax Seal"},{"floor":9.0,"key":"Centennial Puzzle"}],"event_choices":[{"damage_healed":0.0,"max_hp_gain":0.0,"max_hp_loss":0.0,"gold_gain":0.0,"event_name":"Big Fish","player_choice":"Box","floor":2.0,"gold_loss":0.0,"damage_taken":0.0,"relics_obtained":["Simple Rune"],"cards_obtained":["Regret"]},{"damage_healed":0.0,"max_hp_gain":0.0,"max_hp_loss":0.0,"gold_gain":0.0,"event_name":"Golden Idol","player_choice":"Take Wound","floor":4.0,"gold_loss":0.0,"damage_taken":0.0,"relics_obtained":["Golden Idol"],"cards_obtained":["Injury"]},{"damage_healed":0.0,"max_hp_gain":0.0,"max_hp_loss":0.0,"gold_gain":0.0,"event_name":"WeMeetAgain","player_choice":"Gave Potion","floor":8.0,"gold_loss":0.0,"damage_taken":0.0,"relics_obtained":["ReplayTheSpireMod:Shallot"]}],"is_beta":false,"boss_relics":[{"not_picked":["Busted Crown","Ring of Chaos"],"picked":"SacredBark"}],"items_purged_floors":[],"is_endless":false,"potions_floor_spawned":[7,11,16],"killed_by":"Chosen","ascension_level":0}}