{"host":"760a56s19xsdubqb","time":1611420324,"event":{"mods":["BaseMod","Minty Spire (QoL Compilation)","Quick Restart","Remove Card Discount Mod","StSLib"],"gold_per_floor":[114,114,114,129,144,144,174,20,20,20,50,50,65,80,80,80,80],"floor_reached":16,"language":"ENG","playtime":729,"items_purged":["Defend_R","Strike_R"],"score":110,"play_id":"52b85bd1-0342-48c2-b9b9-a0034c81ab9e","local_time":"20210123114524","daily_mods":["Cursed Run","Purple Cards","DeadlyEvents"],"is_ascension_mode":false,"campfire_choices":[{"data":"Bash","floor":6,"key":"SMITH"},{"floor":12,"key":"REST"},{"floor":15,"key":"REST"}],"circlet_count":0,"master_deck":["Strike_R","Strike_R","Strike_R","Strike_R","Defend_R","Defend_R","Defend_R","Bash+1","Thunderclap+1","Flex","FollowUp","Normality","Flex","FollowUp"],"relics":["Cursed Key","Darkstone Periapt","Du-Vu Doll","Turnip","Chemical X","InkBottle","Bag of Preparation"],"acts_visited":["Exordium"],"potions_floor_usage":[],"damage_taken":[{"damage":1,"enemies":"Jaw Worm","floor":1,"turns":3},{"damage":0,"enemies":"2 Louse","floor":4,"turns":2},{"damage":0,"enemies":"Cultist","floor":5,"turns":3},{"damage":26,"enemies":"Lagavulin","floor":7,"turns":4},{"damage":45,"enemies":"3 Sentries","floor":11,"turns":7},{"damage":27,"enemies":"Exordium Thugs","floor":13,"turns":3},{"damage":10,"enemies":"Exordium Wildlife","floor":14,"turns":2},{"damage":26,"enemies":"Hexaghost","floor":16,"turns":7}],"seed_played":"-4692305807027556167","potions_obtained":[{"floor":5,"key":"ElixirPotion"},{"floor":7,"key":"LiquidBronze"},{"floor":11,"key":"Weak Potion"}],"is_trial":false,"path_per_floor":["M","?","?","M","M","R","E","$","T","$","E","R","M","M","R","B"],"character_chosen":"IRONCLAD","items_purchased":["Chemical X"],"campfire_rested":2,"item_purchase_floors":[8],"current_hp_per_floor":[79,79,79,79,79,79,53,53,59,59,14,39,12,2,27,1,1],"gold":80,"neow_bonus":"","is_daily":true,"chose_seed":false,"campfire_upgraded":1,"win_rate":0.0,"timestamp":1611420324,"path_taken":["M","?","?","M","M","R","E","$","T","$","E","R","?","M","R","BOSS"],"items_purchased_type":["Relic"],"build_version":"2020-12-22","purchased_purges":2,"victory":false,"max_hp_per_floor":[80,80,80,80,80,80,80,80,86,86,86,86,86,86,86,86,86],"card_choices":[{"not_picked":["CrushJoints","Prostrate"],"picked":"Thunderclap","floor":1},{"not_picked":["Combust","Seeing Red"],"picked":"Flex","floor":4},{"not_picked":["Clash","Flame Barrier"],"picked":"FollowUp","floor":5},{"not_picked":["Halt","Warcry","True Grit"],"picked":"SKIP","floor":7},{"not_picked":["Flame Barrier","Anger"],"picked":"Flex","floor":11},{"not_picked":["Pommel Strike","SignatureMove","Nirvana"],"picked":"SKIP","floor":13},{"not_picked":["Rage","Warcry"],"picked":"FollowUp","floor":14}],"player_experience":971251,"relics_obtained":[{"floor":7,"key":"Turnip"},{"floor":9,"key":"InkBottle"},{"floor":11,"key":"Bag of Preparation"}],"event_choices":[{"damage_healed":0,"gold_gain":0,"player_choice":"Grow","damage_taken":0,"max_hp_gain":0,"max_hp_loss":0,"event_name":"Living Wall","floor":2,"gold_loss":0,"cards_upgraded":["Thunderclap"]},{"damage_healed":0,"gold_gain":0,"player_choice":"Leave","damage_taken":0,"max_hp_gain":0,"max_hp_loss":0,"event_name":"The Cleric","floor":3,"gold_loss":0}],"is_beta":false,"boss_relics":[],"items_purged_floors":[8,8],"is_endless":false,"potions_floor_spawned":[5,7,11],"killed_by":"Hexaghost","ascension_level":0}}