{"host":"ebj6lkgm8suah319","time":1611371961,"event":{"mods":["2.2 Compatiblity","AchievementEnabler","BaseMod","Block Reminder","Colored Map","Colored Powertips","Minty Spire (QoL Compilation)","Quick Restart","Rare Cards Sparkle","Relic Stats","SuperFastMode"],"gold_per_floor":[112,127,127,127,3,30,41,41,87,125,137,149,161,183,195,207,207],"floor_reached":16,"language":"ENG","playtime":336,"items_purged":["Regret"],"score":184,"play_id":"5f0583f6-16f9-429b-9b2c-5b4e259e7fa7","local_time":"20210122221921","is_ascension_mode":true,"campfire_choices":[{"floor":8,"key":"REST"},{"floor":11,"key":"REST"},{"data":"Rupture","floor":13,"key":"SMITH"},{"data":"Rupture","floor":15,"key":"SMITH"}],"circlet_count":0,"master_deck":["AscendersBane","Strike_R","Strike_R","Strike_R","Strike_R","Strike_R","Defend_R","Defend_R","Defend_R","Defend_R","Bash","Secret Weapon","Combust+1","Iron Wave","Warcry","Rupture+1","Pain","Rupture+1"],"relics":["Burning Blood","Happy Flower","Charon\u0027s Ashes","MawBank","Vajra","WarpedTongs"],"acts_visited":["Exordium"],"potions_floor_usage":[6,10],"damage_taken":[{"damage":17,"enemies":"Small Slimes","floor":1,"turns":4},{"damage":13,"enemies":"2 Louse","floor":2,"turns":3},{"damage":27,"enemies":"Lagavulin","floor":6,"turns":6},{"damage":5,"enemies":"Cultist","floor":7,"turns":4},{"damage":29,"enemies":"Gremlin Nob","floor":10,"turns":4},{"damage":8,"enemies":"Exordium Wildlife","floor":14,"turns":4},{"damage":42,"enemies":"The Guardian","floor":16,"turns":8}],"seed_played":"-436436152684428001","potions_obtained":[{"floor":6,"key":"SteroidPotion"}],"is_trial":false,"path_per_floor":["M","M","?","?","$","E","M","R","T","E","R","?","R","M","R","B"],"character_chosen":"IRONCLAD","items_purchased":["AttackPotion"],"campfire_rested":2,"item_purchase_floors":[5],"current_hp_per_floor":[57,50,43,43,43,22,23,45,45,22,44,44,44,42,42,0,0],"gold":207,"neow_bonus":"RANDOM_COLORLESS_2","is_daily":false,"chose_seed":false,"campfire_upgraded":2,"win_rate":0.0,"timestamp":1611371961,"path_taken":["M","M","?","?","$","E","M","R","T","E","R","?","R","M","R","BOSS"],"items_purchased_type":["Potion"],"build_version":"2020-12-22","purchased_purges":1,"victory":false,"max_hp_per_floor":[75,75,75,75,75,75,75,75,75,75,75,75,75,75,75,75,75],"relic_stats":{"Happy Flower":[8],"counters":[7,33],"Charon\u0027s Ashes":[21],"MawBank":84,"obtain_stats":[{"Happy Flower":3,"Vajra":10,"Charon\u0027s Ashes":6,"MawBank":9,"Burning Blood":0,"WarpedTongs":12},{"Happy Flower":2,"Vajra":5,"Charon\u0027s Ashes":3,"MawBank":4,"Burning Blood":0,"WarpedTongs":5},{"Happy Flower":7,"Vajra":21,"Charon\u0027s Ashes":13,"MawBank":17,"Burning Blood":0,"WarpedTongs":21}],"Burning Blood":36,"WarpedTongs":[12]},"card_choices":[{"not_picked":["Sadistic Nature","Metamorphosis"],"picked":"Secret Weapon","floor":0},{"not_picked":["Seeing Red","Cleave"],"picked":"Combust","floor":1},{"not_picked":["Intimidate","Wild Strike"],"picked":"Iron Wave","floor":2},{"not_picked":["Pommel Strike","Rage"],"picked":"Warcry","floor":6},{"not_picked":["Sword Boomerang","Whirlwind"],"picked":"Rupture","floor":7},{"not_picked":["Body Slam","Clash","Armaments"],"picked":"SKIP","floor":10},{"not_picked":["Perfected Strike","Wild Strike"],"picked":"Rupture","floor":14}],"player_experience":42537,"relics_obtained":[{"floor":6,"key":"Charon\u0027s Ashes"},{"floor":9,"key":"MawBank"},{"floor":10,"key":"Vajra"}],"event_choices":[{"damage_healed":0,"gold_gain":0,"player_choice":"Success","damage_taken":7,"relics_obtained":["Happy Flower"],"max_hp_gain":0,"max_hp_loss":0,"event_name":"Scrap Ooze","floor":3,"gold_loss":0},{"damage_healed":0,"gold_gain":0,"player_choice":"Grow","damage_taken":0,"max_hp_gain":0,"max_hp_loss":0,"event_name":"Living Wall","floor":4,"gold_loss":0,"cards_upgraded":["Combust"]},{"damage_healed":0,"gold_gain":0,"player_choice":"Rummage","damage_taken":0,"relics_obtained":["WarpedTongs"],"max_hp_gain":0,"max_hp_loss":0,"event_name":"Accursed Blacksmith","floor":12,"gold_loss":0,"cards_obtained":["Pain"]}],"is_beta":false,"boss_relics":[],"items_purged_floors":[5],"is_endless":false,"potions_floor_spawned":[6],"killed_by":"The Guardian","ascension_level":14}}