{"host":"gudagy66iu284b8o","time":1611396316,"event":{"mods":["Aspiration","BaseMod","Marisa（F雨　魔理沙）","Minty Spire (QoL Compilation)","Nova Terra(诺娃・泰拉)","StSLib","The Alterego","The Senshi","The Servant 0.9.4","UnlockEverythingMod","WarShipGirlsR/战舰少女R mod"],"gold_per_floor":[117,131,144,144,155,184,184,212,239,239,270,256,273,287,287,391,391,401,401,401,416,416,433,433,433,433,348,121,139,139,139],"floor_reached":30,"language":"ZHS","playtime":1381,"items_purged":["Writhe"],"score":290,"play_id":"f3dbf004-4c49-4d9c-bb50-05156d5534c2","local_time":"20210123180516","is_ascension_mode":true,"campfire_choices":[{"data":"Hello World","floor":7,"key":"SMITH"},{"floor":10,"key":"REST"},{"floor":15,"key":"REST"},{"data":"Loop","floor":25,"key":"SMITH"}],"circlet_count":0,"master_deck":["Strike_B","Strike_B","Strike_B","Defend_B","Defend_B","Defend_B","Defend_B","Zap","Dualcast+1","Hello World+1","Gash","Auto Shields","Hello World","Loop+1","Beam Cell","Go for the Eyes","Gash","Redo","Electrodynamics","Darkness+1","Necronomicurse","Turbo","Static Discharge","Self Repair"],"relics":["Cracked Core","Blood Vial","Thread and Needle","Happy Flower","Girya","Inserter","Necronomicon","Juzu Bracelet","aspiration:FaultyCoupler","Bronze Scales","Pen Nib"],"acts_visited":["Exordium","TheCity"],"potions_floor_usage":[18],"damage_taken":[{"damage":8,"enemies":"Small Slimes","floor":1,"turns":2},{"damage":1,"enemies":"Cultist","floor":2,"turns":3},{"damage":2,"enemies":"Jaw Worm","floor":3,"turns":3},{"damage":1,"enemies":"Looter","floor":5,"turns":3},{"damage":28,"enemies":"Gremlin Nob","floor":6,"turns":5},{"damage":24,"enemies":"Lagavulin","floor":8,"turns":5},{"damage":17,"enemies":"Gremlin Nob","floor":11,"turns":4},{"damage":6,"enemies":"Exordium Thugs","floor":12,"turns":4},{"damage":4,"enemies":"Blue Slaver","floor":13,"turns":3},{"damage":8,"enemies":"Exordium Wildlife","floor":14,"turns":5},{"damage":14,"enemies":"The Guardian","floor":16,"turns":10},{"damage":24,"enemies":"3 Byrds","floor":18,"turns":5},{"damage":27,"enemies":"Chosen","floor":21,"turns":5},{"damage":19,"enemies":"Centurion and Healer","floor":23,"turns":7},{"damage":10,"enemies":"Snecko","floor":29,"turns":6},{"damage":20,"enemies":"Gremlin Leader","floor":30,"turns":2}],"seed_played":"2689517446703356449","potions_obtained":[{"floor":1,"key":"DistilledChaos"},{"floor":2,"key":"PowerPotion"},{"floor":3,"key":"BlessingOfTheForge"},{"floor":6,"key":"EssenceOfSteel"},{"floor":16,"key":"Regen Potion"},{"floor":18,"key":"Block Potion"}],"is_trial":false,"path_per_floor":["M","M","M","?","M","E","R","E","T","R","E","M","M","M","R","B",null,"M","?","?","M","?","M","?","R","T","?","$","M","E"],"character_chosen":"DEFECT","items_purchased":["Pen Nib"],"campfire_rested":2,"item_purchase_floors":[28],"current_hp_per_floor":[67,66,64,64,63,35,35,13,13,35,20,16,14,8,30,18,75,56,40,65,40,40,23,23,23,23,23,23,15,0,0],"gold":139,"neow_bonus":"UPGRADE_CARD","is_daily":false,"chose_seed":false,"campfire_upgraded":2,"win_rate":0.0,"timestamp":1611396316,"path_taken":["M","M","M","?","M","E","R","E","T","R","E","?","M","M","R","BOSS","M","?","?","M","?","M","?","R","T","?","$","M","E"],"items_purchased_type":["Relic"],"build_version":"2020-12-22","purchased_purges":1,"victory":false,"max_hp_per_floor":[75,75,75,75,75,75,75,75,75,75,75,75,75,75,75,75,75,75,75,75,75,75,75,75,75,75,75,75,75,75,75],"card_choices":[{"not_picked":["Compile Driver","Conserve Battery"],"picked":"Hello World","floor":1},{"not_picked":["Tempest","Aggregate"],"picked":"Gash","floor":2},{"not_picked":["Barrage","Reinforced Body"],"picked":"Auto Shields","floor":3},{"not_picked":["Rebound","Steam"],"picked":"Hello World","floor":5},{"not_picked":["Go for the Eyes","Conserve Battery"],"picked":"Loop","floor":6},{"not_picked":["Turbo","Cold Snap"],"picked":"Beam Cell","floor":8},{"not_picked":["Tempest","Steam"],"picked":"Go for the Eyes","floor":11},{"not_picked":["Hologram","Coolheaded"],"picked":"Gash","floor":12},{"not_picked":["Tempest","Steam","Hologram"],"picked":"SKIP","floor":13},{"not_picked":["Melter","Beam Cell"],"picked":"Redo","floor":14},{"not_picked":["Seek","All For One"],"picked":"Electrodynamics","floor":16},{"not_picked":["Hologram","Melter"],"picked":"Darkness+1","floor":18},{"not_picked":["Sweeping Beam","Blizzard+1"],"picked":"Turbo","floor":21},{"not_picked":["Beam Cell","aspiration:Polymerization"],"picked":"Static Discharge","floor":23},{"not_picked":["Stack","Blizzard"],"picked":"Self Repair","floor":29}],"player_experience":4598,"relics_obtained":[{"floor":6,"key":"Blood Vial"},{"floor":8,"key":"Thread and Needle"},{"floor":9,"key":"Happy Flower"},{"floor":11,"key":"Girya"},{"floor":19,"key":"Necronomicon"},{"floor":26,"key":"aspiration:FaultyCoupler"}],"event_choices":[{"cards_removed":["Strike_B"],"damage_healed":0,"gold_gain":0,"player_choice":"Card Removal","damage_taken":0,"max_hp_gain":0,"max_hp_loss":0,"event_name":"Wheel of Change","floor":4,"gold_loss":0},{"damage_healed":0,"gold_gain":0,"player_choice":"Obtained Book","damage_taken":16,"max_hp_gain":0,"max_hp_loss":0,"event_name":"Cursed Tome","floor":19,"gold_loss":0},{"damage_healed":25,"gold_gain":0,"player_choice":"Heal","damage_taken":0,"max_hp_gain":0,"max_hp_loss":0,"event_name":"The Library","floor":20,"gold_loss":0},{"damage_healed":0,"gold_gain":0,"player_choice":"Opened","damage_taken":0,"relics_obtained":["Juzu Bracelet"],"max_hp_gain":0,"max_hp_loss":0,"event_name":"The Mausoleum","floor":22,"gold_loss":0,"cards_obtained":["Writhe"]},{"damage_healed":0,"gold_gain":0,"player_choice":"Ignored","damage_taken":0,"max_hp_gain":0,"max_hp_loss":0,"event_name":"Ghosts","floor":24,"gold_loss":0},{"damage_healed":0,"gold_gain":0,"player_choice":"Obtained Relic","damage_taken":0,"relics_obtained":["Bronze Scales"],"max_hp_gain":0,"max_hp_loss":0,"event_name":"Addict","floor":27,"gold_loss":85}],"is_beta":false,"boss_relics":[{"not_picked":["Velvet Choker","Nuclear Battery"],"picked":"Inserter"}],"items_purged_floors":[28],"is_endless":false,"potions_floor_spawned":[1,2,3,6,13,16,18,21],"killed_by":"Gremlin Leader","ascension_level":3}}