{"host":"bxn2em57qlx5u4i0","time":1611373892,"event":{"mods":["BaseMod","Colored Map","Colored Powertips","Highlight Path","Minty Spire (QoL Compilation)","Random Character Button","Relic Sorter","Relic Stats","StSLib","SuperFastMode"],"gold_per_floor":[114,114,114,130,144,172,200,234,234,234,250,275,275,307,307,384,384,384,118,118,118,118,118,118,118,118,118,118,118,118,33,33,33,33,33,33,0,0,0,0,0,0,0,0,0,0,0,0,0,0,0,0,0,0,0,0],"floor_reached":57,"language":"ENG","playtime":936,"items_purged":[],"score":4395,"play_id":"8082e17b-e851-4400-b23a-5775c373d8e6","local_time":"20210122225132","daily_mods":["SealedDeck","Flight","Binary"],"is_ascension_mode":true,"campfire_choices":[{"data":"Accuracy","floor":10.0,"key":"SMITH"},{"data":"Accuracy","floor":13.0,"key":"SMITH"},{"data":"Blade Dance","floor":15.0,"key":"SMITH"},{"data":"Blade Dance","floor":25.0,"key":"SMITH"},{"data":"Blade Dance","floor":32.0,"key":"SMITH"},{"floor":49.0,"key":"RECALL"},{"data":"Deflect","floor":53.0,"key":"SMITH"}],"circlet_count":0,"master_deck":["AscendersBane","Backflip+1","Accuracy+1","Blade Dance+1","Blade Dance+1","Accuracy+1","Deflect+1","Deflect+1","Blade Dance+1","Terror+1"],"relics":["Ring of the Snake","Busted Crown","Mango","MealTicket","TungstenRod","Centennial Puzzle","Unceasing Top","Ectoplasm","Ninja Scroll","Letter Opener","Art of War","Bottled Tornado","Ornamental Fan","Sundial","Bronze Scales","Kunai","Sozu","Red Mask","Calipers","CeramicFish","Du-Vu Doll","Pantograph","Toxic Egg 2","Toy Ornithopter","Strawberry","War Paint","FossilizedHelix"],"acts_visited":["Exordium","TheCity","TheBeyond","TheEnding"],"potions_floor_usage":[56,56],"damage_taken":[{"damage":0.0,"enemies":"Small Slimes","floor":1.0,"turns":2.0},{"damage":0.0,"enemies":"Jaw Worm","floor":4.0,"turns":1.0},{"damage":0.0,"enemies":"Cultist","floor":5.0,"turns":1.0},{"damage":6.0,"enemies":"3 Sentries","floor":6.0,"turns":2.0},{"damage":0.0,"enemies":"Lagavulin","floor":7.0,"turns":3.0},{"damage":0.0,"enemies":"3 Sentries","floor":8.0,"turns":1.0},{"damage":0.0,"enemies":"Blue Slaver","floor":11.0,"turns":1.0},{"damage":0.0,"enemies":"Gremlin Nob","floor":12.0,"turns":1.0},{"damage":0.0,"enemies":"Lagavulin","floor":14.0,"turns":2.0},{"damage":0.0,"enemies":"Hexaghost","floor":16.0,"turns":2.0},{"damage":0.0,"enemies":"Shell Parasite","floor":18.0,"turns":1.0},{"damage":0.0,"enemies":"Slavers","floor":23.0,"turns":2.0},{"damage":5.0,"enemies":"Book of Stabbing","floor":24.0,"turns":1.0},{"damage":0.0,"enemies":"Gremlin Leader","floor":27.0,"turns":2.0},{"damage":0.0,"enemies":"3 Byrds","floor":28.0,"turns":1.0},{"damage":0.0,"enemies":"Slavers","floor":29.0,"turns":1.0},{"damage":0.0,"enemies":"Book of Stabbing","floor":30.0,"turns":1.0},{"damage":0.0,"enemies":"Collector","floor":33.0,"turns":2.0},{"damage":0.0,"enemies":"Orb Walker","floor":35.0,"turns":1.0},{"damage":6.0,"enemies":"3 Shapes","floor":36.0,"turns":2.0},{"damage":0.0,"enemies":"Jaw Worm Horde","floor":38.0,"turns":1.0},{"damage":0.0,"enemies":"2 Orb Walkers","floor":39.0,"turns":1.0},{"damage":0.0,"enemies":"Nemesis","floor":40.0,"turns":1.0},{"damage":0.0,"enemies":"Giant Head","floor":41.0,"turns":2.0},{"damage":0.0,"enemies":"Sphere and 2 Shapes","floor":42.0,"turns":1.0},{"damage":0.0,"enemies":"Reptomancer","floor":44.0,"turns":2.0},{"damage":0.0,"enemies":"Nemesis","floor":45.0,"turns":1.0},{"damage":0.0,"enemies":"Giant Head","floor":46.0,"turns":2.0},{"damage":0.0,"enemies":"Reptomancer","floor":47.0,"turns":1.0},{"damage":0.0,"enemies":"Awakened One","floor":50.0,"turns":4.0},{"damage":0.0,"enemies":"Donu and Deca","floor":51.0,"turns":3.0},{"damage":0.0,"enemies":"Shield and Spear","floor":55.0,"turns":2.0},{"damage":84,"enemies":"The Heart","floor":56,"turns":5}],"seed_played":"-8765290850687499757","potions_obtained":[{"floor":1.0,"key":"ColorlessPotion"},{"floor":7.0,"key":"SneckoOil"},{"floor":11.0,"key":"LiquidBronze"},{"floor":12.0,"key":"Fire Potion"},{"floor":28.0,"key":"Swift Potion"},{"floor":30.0,"key":"LiquidMemories"}],"is_trial":true,"path_per_floor":["M","?","?","M","M","E","E","E","T","R","M","E","R","E","R","B",null,"M","$","?","?","?","E","E","R","T","E","M","E","E","?","R","B",null,"M","M","?","M","?","E","E","M","T","E","E","E","E","?","R","B","B",null,"R","$","E","B",null],"character_chosen":"THE_SILENT","items_purchased":["Ninja Scroll"],"campfire_rested":0,"item_purchase_floors":[19],"current_hp_per_floor":[59,59,64,64,64,72,72,72,72,72,72,72,72,72,72,72,78,78,80,80,80,80,80,75,75,75,75,75,75,75,75,75,75,79,79,73,73,73,73,73,73,73,73,73,73,80,80,80,80,87,87,87,87,87,87,8],"gold":0,"neow_bonus":"","is_daily":false,"chose_seed":false,"campfire_upgraded":6,"win_rate":0.0,"timestamp":1611373892,"path_taken":["M","?","?","M","?","E","E","E","T","R","M","E","R","E","R","BOSS","M","$","?","?","?","E","E","R","T","E","?","E","E","?","R","BOSS","M","M","?","M","?","E","E","M","T","E","E","E","E","?","R","BOSS","BOSS","R","$","E","BOSS"],"items_purchased_type":["Relic"],"build_version":"2020-12-22","purchased_purges":0,"victory":true,"max_hp_per_floor":[66,66,66,66,66,80,80,80,80,80,80,80,80,80,80,80,80,80,80,80,80,80,80,80,80,80,80,80,80,80,80,80,80,80,80,80,80,80,80,80,80,80,80,80,80,87,87,87,87,87,87,87,87,87,87,87],"relic_stats":{"counters":[33,56],"CeramicFish":0,"Letter Opener":[221],"War Paint":["Deflect","Backflip"],"Sozu":6,"Centennial Puzzle":[6],"Busted Crown":60,"Ornamental Fan":[344],"Sundial":[10],"Bronze Scales":[66],"Pantograph":7,"MealTicket":2,"Ectoplasm":614,"Art of War":[1],"Kunai":[77],"obtain_stats":[{"Calipers":39,"CeramicFish":40,"Mango":6,"Bottled Tornado":26,"Sozu":34,"Centennial Puzzle":12,"Ninja Scroll":19,"Sundial":29,"Pantograph":43,"Strawberry":46,"MealTicket":7,"Red Mask":37,"Kunai":31,"Toxic Egg 2":44,"Ring of the Snake":0,"Letter Opener":23,"War Paint":47,"Du-Vu Doll":41,"Busted Crown":0,"Ornamental Fan":27,"Bronze Scales":30,"Ectoplasm":17,"Art of War":24,"TungstenRod":8,"Unceasing Top":14,"Toy Ornithopter":45,"FossilizedHelix":55},{"Calipers":22,"CeramicFish":23,"Mango":4,"Bottled Tornado":13,"Sozu":18,"Centennial Puzzle":8,"Ninja Scroll":11,"Sundial":16,"Pantograph":25,"Strawberry":28,"MealTicket":5,"Red Mask":20,"Kunai":17,"Toxic Egg 2":26,"Ring of the Snake":0,"Letter Opener":12,"War Paint":29,"Du-Vu Doll":24,"Busted Crown":0,"Ornamental Fan":14,"Bronze Scales":17,"Ectoplasm":10,"Art of War":13,"TungstenRod":6,"Unceasing Top":9,"Toy Ornithopter":27,"FossilizedHelix":32},{"Calipers":32,"CeramicFish":33,"Mango":6,"Bottled Tornado":20,"Sozu":27,"Centennial Puzzle":12,"Ninja Scroll":17,"Sundial":24,"Pantograph":36,"Strawberry":41,"MealTicket":9,"Red Mask":30,"Kunai":25,"Toxic Egg 2":38,"Ring of the Snake":0,"Letter Opener":19,"War Paint":42,"Du-Vu Doll":35,"Busted Crown":0,"Ornamental Fan":22,"Bronze Scales":25,"Ectoplasm":16,"Art of War":20,"TungstenRod":10,"Unceasing Top":14,"Toy Ornithopter":39,"FossilizedHelix":51}],"TungstenRod":17,"Unceasing Top":[1],"Toy Ornithopter":5,"Ring of the Snake":[66]},"card_choices":[],"player_experience":2915453,"relics_obtained":[{"floor":6.0,"key":"Mango"},{"floor":7.0,"key":"MealTicket"},{"floor":8.0,"key":"TungstenRod"},{"floor":12.0,"key":"Centennial Puzzle"},{"floor":14.0,"key":"Unceasing Top"},{"floor":23.0,"key":"Letter Opener"},{"floor":24.0,"key":"Art of War"},{"floor":26.0,"key":"Bottled Tornado"},{"floor":27.0,"key":"Ornamental Fan"},{"floor":29.0,"key":"Sundial"},{"floor":30.0,"key":"Bronze Scales"},{"floor":39.0,"key":"Calipers"},{"floor":40.0,"key":"CeramicFish"},{"floor":41.0,"key":"Du-Vu Doll"},{"floor":43.0,"key":"Pantograph"},{"floor":44.0,"key":"Toxic Egg 2"},{"floor":45.0,"key":"Toy Ornithopter"},{"floor":46.0,"key":"Strawberry"},{"floor":47.0,"key":"War Paint"},{"floor":55.0,"key":"FossilizedHelix"}],"event_choices":[{"damage_healed":0.0,"max_hp_gain":0.0,"max_hp_loss":0.0,"gold_gain":0.0,"event_name":"Living Wall","player_choice":"Grow","floor":2.0,"gold_loss":0.0,"damage_taken":0.0,"cards_upgraded":["Terror"]},{"cards_removed":["Dodge and Roll"],"damage_healed":5.0,"max_hp_gain":0.0,"max_hp_loss":0.0,"gold_gain":0.0,"event_name":"Bonfire Elementals","player_choice":"Offered Common","floor":3.0,"gold_loss":0.0,"damage_taken":0.0},{"cards_removed":["Dodge and Roll"],"damage_healed":5.0,"max_hp_gain":0.0,"max_hp_loss":0.0,"gold_gain":0.0,"event_name":"Bonfire Elementals","player_choice":"Offered Special","floor":3.0,"gold_loss":0.0,"damage_taken":0.0},{"damage_healed":0.0,"max_hp_gain":0.0,"max_hp_loss":0.0,"gold_gain":0.0,"event_name":"Vampires","player_choice":"Ignored","floor":20.0,"gold_loss":0.0,"damage_taken":0.0},{"damage_healed":0.0,"max_hp_gain":0.0,"max_hp_loss":0.0,"gold_gain":0.0,"event_name":"The Mausoleum","player_choice":"Ignored","floor":21.0,"gold_loss":0.0,"damage_taken":0.0},{"damage_healed":0.0,"max_hp_gain":0.0,"max_hp_loss":0.0,"gold_gain":0.0,"event_name":"Lab","player_choice":"Got Potions","floor":22.0,"gold_loss":0.0,"damage_taken":0.0},{"damage_healed":0.0,"max_hp_gain":0.0,"max_hp_loss":0.0,"gold_gain":0.0,"event_name":"Addict","player_choice":"Obtained Relic","floor":31.0,"gold_loss":85.0,"damage_taken":0.0,"relics_obtained":["Kunai"]},{"damage_healed":0.0,"max_hp_gain":0.0,"max_hp_loss":0.0,"gold_gain":0.0,"event_name":"Tomb of Lord Red Mask","player_choice":"Paid","floor":37.0,"gold_loss":33.0,"damage_taken":0.0,"relics_obtained":["Red Mask"]},{"damage_healed":0.0,"max_hp_gain":0.0,"max_hp_loss":0.0,"gold_gain":0.0,"event_name":"Mysterious Sphere","player_choice":"Fight","floor":39.0,"gold_loss":0.0,"damage_taken":0.0},{"damage_healed":0.0,"max_hp_gain":0.0,"max_hp_loss":0.0,"gold_gain":50.0,"event_name":"Golden Shrine","player_choice":"Pray","floor":48.0,"gold_loss":0.0,"damage_taken":0.0}],"is_beta":false,"boss_relics":[{"not_picked":["Snecko Eye","Empty Cage"],"picked":"Ectoplasm"},{"not_picked":["Velvet Choker","Runic Dome"],"picked":"Sozu"}],"items_purged_floors":[],"is_endless":false,"potions_floor_spawned":[1,7,11,12,18,23,28,30,39,40,44,46,47,55],"ascension_level":20}}