{"host":"5p9hybygolzp0efr","time":1611406090,"event":{"mods":["AchievementEnabler","BaseMod","Bestiary","Colored Map","Minty Spire (QoL Compilation)","Permanent Neow","Relic Stats"],"gold_per_floor":[218,230,33,33,58,97,97,121,121,121,141,141,177,127,127,127,127],"floor_reached":16,"language":"ENG","playtime":507,"items_purged":[],"score":116,"play_id":"1c7d0e35-0806-456c-90ca-70222f3cff25","local_time":"20210123204810","is_ascension_mode":true,"campfire_choices":[{"data":"Defragment","floor":7,"key":"SMITH"},{"floor":12,"key":"REST"},{"data":"Streamline","floor":15,"key":"SMITH"}],"circlet_count":0,"master_deck":["Strike_B","Strike_B","Strike_B","Defend_B","Defend_B","Defend_B","Defend_B","Zap","Dualcast","Leap","Streamline+1","Defragment+1","Barrage","Sweeping Beam","Melter"],"relics":["Cracked Core","Happy Flower","Golden Idol","Letter Opener","HornCleat","Potion Belt"],"acts_visited":["Exordium"],"potions_floor_usage":[16,16],"damage_taken":[{"damage":6,"enemies":"Cultist","floor":1,"turns":3},{"damage":1,"enemies":"Jaw Worm","floor":2,"turns":3},{"damage":0,"enemies":"2 Louse","floor":5,"turns":1},{"damage":32,"enemies":"Lagavulin","floor":6,"turns":9},{"damage":6,"enemies":"Large Slime","floor":8,"turns":3},{"damage":1,"enemies":"Looter","floor":11,"turns":2},{"damage":8,"enemies":"Gremlin Nob","floor":13,"turns":4},{"damage":36,"enemies":"Hexaghost","floor":16,"turns":9}],"seed_played":"-1655377184621084107","potions_obtained":[{"floor":11,"key":"FearPotion"},{"floor":13,"key":"Strength Potion"}],"is_trial":false,"path_per_floor":["M","M","$","?","M","E","R","M","T","?","M","R","E","?","R","B"],"character_chosen":"DEFECT","items_purchased":["Happy Flower","Streamline"],"campfire_rested":1,"item_purchase_floors":[3,3],"current_hp_per_floor":[69,68,68,68,68,36,36,30,30,23,22,44,36,36,36,0,0],"gold":127,"neow_bonus":"HUNDRED_GOLD","is_daily":false,"chose_seed":false,"campfire_upgraded":2,"win_rate":0.0,"timestamp":1611406090,"path_taken":["M","?","$","?","M","E","R","M","T","?","M","R","E","?","R","BOSS"],"items_purchased_type":["Relic","Card"],"build_version":"2020-12-22","purchased_purges":0,"victory":false,"max_hp_per_floor":[75,75,75,75,75,75,75,75,75,75,75,75,75,75,75,75,75],"relic_stats":{"Happy Flower":[9],"counters":[8,34],"Golden Idol":29,"Letter Opener":[5],"obtain_stats":[{"Potion Belt":13,"HornCleat":9,"Happy Flower":3,"Golden Idol":4,"Letter Opener":6,"Cracked Core":0},{"Potion Belt":7,"HornCleat":5,"Happy Flower":2,"Golden Idol":2,"Letter Opener":4,"Cracked Core":0},{"Potion Belt":25,"HornCleat":19,"Happy Flower":6,"Golden Idol":6,"Letter Opener":16,"Cracked Core":0}]},"card_choices":[{"not_picked":["Blizzard","Turbo"],"picked":"Leap","floor":1},{"not_picked":["Scrape","Steam","Rebound"],"picked":"SKIP","floor":2},{"not_picked":["FTL","Go for the Eyes"],"picked":"Defragment","floor":5},{"not_picked":["Heatsinks","Recycle"],"picked":"Barrage","floor":6},{"not_picked":["Scrape","Blizzard"],"picked":"Sweeping Beam","floor":8},{"not_picked":["Steam","Stack"],"picked":"Melter","floor":11},{"not_picked":["FTL","Reprogram","Beam Cell"],"picked":"SKIP","floor":13}],"player_experience":521046,"relics_obtained":[{"floor":6,"key":"Letter Opener"},{"floor":9,"key":"HornCleat"},{"floor":13,"key":"Potion Belt"}],"event_choices":[{"damage_healed":0,"gold_gain":0,"player_choice":"Take Wound","damage_taken":0,"relics_obtained":["Golden Idol"],"max_hp_gain":0,"max_hp_loss":0,"event_name":"Golden Idol","floor":4,"gold_loss":0,"cards_obtained":["Injury"]},{"cards_removed":["Injury"],"damage_healed":0,"gold_gain":0,"player_choice":"Card Removal","damage_taken":7,"max_hp_gain":0,"max_hp_loss":0,"event_name":"Golden Wing","floor":10,"gold_loss":0},{"cards_removed":["Strike_B"],"damage_healed":0,"gold_gain":0,"player_choice":"Card Removal","damage_taken":0,"max_hp_gain":0,"max_hp_loss":0,"event_name":"The Cleric","floor":14,"gold_loss":50}],"is_beta":false,"boss_relics":[],"items_purged_floors":[],"is_endless":false,"potions_floor_spawned":[11,13],"killed_by":"Hexaghost","ascension_level":1}}