{"host":"vyjryxuuuxkt43k4","time":1611369236,"event":{"mods":["AchievementEnabler","BaseMod","Colored Map","DeckTracker","Keyboard Shortcuts","Minty Spire (QoL Compilation)","Permanent Neow","Quick Restart","StSLib","SuperFastMode","everything is the same but u backflip on backflip"],"gold_per_floor":[13,24,44,62,79,79,109,109,109,135,135,135,155,172,172,249,249,249,249],"floor_reached":18,"language":"KOR","playtime":971,"items_purged":[],"score":339,"play_id":"c0f1e468-cf48-45e5-9c1f-443f81483e3b","local_time":"20210123113356","is_ascension_mode":true,"campfire_choices":[{"data":"Perfected Strike","floor":6.0,"key":"SMITH"},{"data":"Burning Pact","floor":8.0,"key":"SMITH"},{"floor":12.0,"key":"REST"},{"floor":15.0,"key":"REST"}],"circlet_count":0,"master_deck":["AscendersBane","Strike_R","Strike_R","Strike_R","Strike_R","Strike_R","Defend_R","Defend_R","Defend_R","Defend_R","Bash","Perfected Strike+1","Evolve","Perfected Strike","Headbutt","Flame Barrier","Burning Pact+1","Impervious","Second Wind","Perfected Strike","Corruption"],"relics":["Burning Blood","Champion Belt","Blood Vial","Singing Bowl","Blue Candle","Philosopher\u0027s Stone"],"acts_visited":["Exordium","TheCity"],"potions_floor_usage":[],"damage_taken":[{"damage":14.0,"enemies":"2 Louse","floor":1.0,"turns":4.0},{"damage":9.0,"enemies":"Jaw Worm","floor":2.0,"turns":5.0},{"damage":5.0,"enemies":"Small Slimes","floor":3.0,"turns":4.0},{"damage":4.0,"enemies":"Looter","floor":4.0,"turns":3.0},{"damage":10.0,"enemies":"Blue Slaver","floor":5.0,"turns":4.0},{"damage":29.0,"enemies":"Lagavulin","floor":7.0,"turns":7.0},{"damage":32.0,"enemies":"Gremlin Nob","floor":10.0,"turns":4.0},{"damage":9.0,"enemies":"Large Slime","floor":13.0,"turns":9.0},{"damage":13.0,"enemies":"2 Fungi Beasts","floor":14.0,"turns":4.0},{"damage":47.0,"enemies":"Hexaghost","floor":16.0,"turns":12.0},{"damage":62,"enemies":"3 Byrds","floor":18,"turns":5}],"seed_played":"-4095060932193139467","potions_obtained":[{"floor":1.0,"key":"Strength Potion"},{"floor":3.0,"key":"EssenceOfSteel"},{"floor":7.0,"key":"Dexterity Potion"},{"floor":10.0,"key":"Ancient Potion"},{"floor":14.0,"key":"LiquidMemories"}],"is_trial":false,"path_per_floor":["M","M","M","M","M","R","E","R","T","E","?","R","M","M","R","B",null,"M"],"character_chosen":"IRONCLAD","items_purchased":[],"campfire_rested":2,"item_purchase_floors":[],"current_hp_per_floor":[60,57,58,60,56,56,33,33,33,9,9,31,30,25,47,8,58,0,0],"gold":249,"neow_bonus":"ONE_RARE_RELIC","is_daily":false,"chose_seed":false,"campfire_upgraded":2,"win_rate":0.0,"timestamp":1611369236,"path_taken":["M","M","M","M","M","R","E","R","T","E","?","R","M","M","R","BOSS","M"],"items_purchased_type":[],"build_version":"2020-12-22","purchased_purges":0,"victory":false,"max_hp_per_floor":[75,75,75,75,75,75,75,75,75,75,75,75,75,75,75,75,75,75,75],"card_choices":[{"not_picked":["Battle Trance","Fire Breathing"],"picked":"Perfected Strike","floor":1.0},{"not_picked":["Headbutt","Cleave"],"picked":"Evolve","floor":2.0},{"not_picked":["Power Through","Headbutt"],"picked":"Perfected Strike","floor":3.0},{"not_picked":["Rupture","Rampage"],"picked":"Headbutt","floor":4.0},{"not_picked":["Burning Pact","Thunderclap"],"picked":"Flame Barrier","floor":5.0},{"not_picked":["Headbutt","Sword Boomerang"],"picked":"Burning Pact","floor":7.0},{"not_picked":["Whirlwind","Pommel Strike"],"picked":"Impervious","floor":10.0},{"not_picked":["Burning Pact","Pummel"],"picked":"Second Wind","floor":13.0},{"not_picked":["Warcry","Twin Strike"],"picked":"Perfected Strike","floor":14.0},{"not_picked":["Double Tap","Feed"],"picked":"Corruption","floor":16.0}],"player_experience":240572,"relics_obtained":[{"floor":7.0,"key":"Blood Vial"},{"floor":9.0,"key":"Singing Bowl"},{"floor":10.0,"key":"Blue Candle"}],"event_choices":[{"damage_healed":0.0,"max_hp_gain":0.0,"max_hp_loss":0.0,"gold_gain":0.0,"event_name":"Shining Light","player_choice":"Ignored","floor":11.0,"gold_loss":0.0,"damage_taken":0.0}],"is_beta":false,"boss_relics":[{"not_picked":["Black Star","Ectoplasm"],"picked":"Philosopher\u0027s Stone"}],"items_purged_floors":[],"is_endless":false,"potions_floor_spawned":[1,3,7,10,14],"killed_by":"3 Byrds","ascension_level":19}}