{"host":"athd8lg4sftw81ak","time":1611433862,"event":{"mods":["BaseMod","Downfall","Hermit","Jorbs\u0027s Wanderer Trilogy","Minty Spire (QoL Compilation)","StSLib"],"gold_per_floor":[112,112,125,144,144,176,176,186,186,204,204,231,231,262,262,357,357,377,3,3,20,34,68,81,81,81,98,133,133,151,161,161,266,266,281,298,298,235,255,281,294,312,337,337,369,45,59,70,70,70,70],"floor_reached":50,"language":"ENG","playtime":2697,"items_purged":["Strike_R","Juggernaut"],"score":853,"play_id":"233e43e2-ccf5-4d30-8d85-ce85b37727b3","local_time":"20210123143102","is_ascension_mode":true,"campfire_choices":[{"floor":7,"key":"REST"},{"data":"Rupture","floor":11,"key":"SMITH"},{"data":"Seeing Red","floor":13,"key":"SMITH"},{"data":"Heavy Blade","floor":15,"key":"SMITH"},{"floor":25,"key":"REST"},{"data":"Iron Wave","floor":29,"key":"SMITH"},{"data":"True Grit","floor":32,"key":"SMITH"},{"data":"Limit Break","floor":44,"key":"SMITH"},{"data":"Warcry","floor":49,"key":"SMITH"}],"circlet_count":0,"master_deck":["Strike_R","Strike_R","Strike_R","Defend_R","Defend_R","Defend_R","Defend_R","Bash","Shrug It Off","Sword Boomerang","Combust","Rupture+1","Heavy Blade+1","Ghostly Armor","Seeing Red+1","Shrug It Off","Reaper","Metallicize+1","Twin Strike+1","Headbutt+1","Iron Wave+1","Shrug It Off+1","Shrug It Off","Twin Strike+1","Flame Barrier","Clash","True Grit+1","Headbutt","Limit Break+1","Hemokinesis+1","Havoc+1","Pummel","Shockwave+1","True Grit+1","Anger","Bloodletting+1","Rupture","Fiend Fire","Warcry+1","Disarm+1"],"relics":["Burning Blood","PreservedInsect","Omamori","Ginger","Question Card","Strawberry","The Courier","Black Star","Sling","Kunai","Meat on the Bone","Prayer Wheel","Pantograph","Gremlin Horn","Ornamental Fan","Sozu","Pocketwatch","CaptainsWheel","Akabeko","Toy Ornithopter","Ice Cream","Darkstone Periapt","Art of War","Bag of Preparation"],"acts_visited":["Exordium","TheCity","TheBeyond"],"potions_floor_usage":[18,21,21,21,21,27,28,33,36],"damage_taken":[{"damage":11,"enemies":"Small Slimes","floor":1,"turns":3},{"damage":11,"enemies":"Jaw Worm","floor":3,"turns":6},{"damage":1,"enemies":"Cultist","floor":4,"turns":3},{"damage":27,"enemies":"Lagavulin","floor":6,"turns":6},{"damage":13,"enemies":"Red Slaver","floor":8,"turns":4},{"damage":18,"enemies":"Lots of Slimes","floor":10,"turns":3},{"damage":15,"enemies":"3 Sentries","floor":12,"turns":5},{"damage":14,"enemies":"Gremlin Nob","floor":14,"turns":3},{"damage":18,"enemies":"Hexaghost","floor":16,"turns":9},{"damage":5,"enemies":"Shell Parasite","floor":18,"turns":6},{"damage":13,"enemies":"2 Thieves","floor":21,"turns":5},{"damage":25,"enemies":"Snake Plant","floor":22,"turns":5},{"damage":5,"enemies":"Gremlin Leader","floor":23,"turns":6},{"damage":22,"enemies":"Centurion and Healer","floor":24,"turns":9},{"damage":20,"enemies":"Shelled Parasite and Fungi","floor":27,"turns":7},{"damage":25,"enemies":"Book of Stabbing","floor":28,"turns":6},{"damage":34,"enemies":"Snecko","floor":30,"turns":6},{"damage":32,"enemies":"Centurion and Healer","floor":31,"turns":10},{"damage":44,"enemies":"Automaton","floor":33,"turns":8},{"damage":3,"enemies":"Orb Walker","floor":35,"turns":4},{"damage":49,"enemies":"3 Darklings","floor":36,"turns":6},{"damage":33,"enemies":"Jaw Worm Horde","floor":39,"turns":5},{"damage":25,"enemies":"Giant Head","floor":40,"turns":6},{"damage":12,"enemies":"Maw","floor":41,"turns":6},{"damage":9,"enemies":"4 Shapes","floor":42,"turns":6},{"damage":6,"enemies":"Nemesis","floor":45,"turns":5},{"damage":8,"enemies":"Sphere and 2 Shapes","floor":47,"turns":6},{"damage":11,"enemies":"Spire Growth","floor":48,"turns":4},{"damage":127,"enemies":"Awakened One","floor":50,"turns":10}],"seed_played":"-4269917918510350649","potions_obtained":[{"floor":1,"key":"SmokeBomb"},{"floor":3,"key":"Ancient Potion"},{"floor":10,"key":"EntropicBrew"},{"floor":18,"key":"ElixirPotion"},{"floor":20,"key":"FairyPotion"},{"floor":20,"key":"PowerPotion"},{"floor":22,"key":"SpeedPotion"},{"floor":24,"key":"Dexterity Potion"},{"floor":31,"key":"LiquidMemories"},{"floor":33,"key":"Guardian:BlockOnCardUsePotion"}],"is_trial":false,"path_per_floor":["M","?","M","M","T","E","R","M","T","M","R","E","R","E","R","B",null,"M","$","?","M","M","E","M","R","T","M","E","R","M","M","R","B",null,"M","M","?","?","M","E","M","M","T","R","E","$","M","M","R","B"],"character_chosen":"IRONCLAD","items_purchased":["Sling","Kunai","Art of War","Bag of Preparation"],"campfire_rested":2,"item_purchase_floors":[19,19,46,46],"current_hp_per_floor":[67,60,55,60,60,39,63,56,56,44,44,42,42,34,34,22,71,72,72,72,71,52,53,55,81,81,67,60,60,47,41,41,58,80,87,56,56,56,57,59,74,71,71,71,87,87,85,87,87,0,0],"gold":70,"neow_bonus":"RANDOM_COMMON_RELIC","is_daily":false,"chose_seed":false,"campfire_upgraded":7,"win_rate":0.0,"timestamp":1611433862,"path_taken":["M","?","M","M","?","E","R","?","T","M","R","E","R","E","R","BOSS","M","$","?","M","M","E","M","R","T","M","E","R","?","M","R","BOSS","M","M","?","?","M","E","M","?","T","R","E","$","M","M","R","BOSS"],"items_purchased_type":["Relic","Relic","Relic","Relic"],"build_version":"2020-12-22","purchased_purges":2,"victory":false,"max_hp_per_floor":[80,80,80,80,80,80,80,80,80,80,80,87,87,87,87,87,87,87,87,87,87,87,87,87,87,87,87,87,87,87,87,87,87,87,87,87,87,87,87,87,87,87,87,87,87,87,87,87,87,87,87],"card_choices":[{"not_picked":["Ghostly Armor","Perfected Strike"],"picked":"Shrug It Off","floor":1},{"not_picked":["Flex","Armaments"],"picked":"Sword Boomerang","floor":3},{"not_picked":["Havoc","Sentinel"],"picked":"Combust","floor":4},{"not_picked":["Flex","Disarm"],"picked":"Rupture","floor":6},{"not_picked":["Armaments","Cleave"],"picked":"Heavy Blade","floor":8},{"not_picked":["Headbutt","Havoc","Intimidate"],"picked":"Ghostly Armor","floor":10},{"not_picked":["Carnage","Inflame","Heavy Blade"],"picked":"Seeing Red","floor":12},{"not_picked":["Reckless Charge","Dual Wield","Clash"],"picked":"Shrug It Off","floor":14},{"not_picked":["Impervious","Barricade","Corruption"],"picked":"Reaper","floor":16},{"not_picked":["Headbutt","Blood for Blood","Infernal Blade+1"],"picked":"Metallicize+1","floor":18},{"not_picked":["Flex+1","Cleave","Feel No Pain"],"picked":"Twin Strike+1","floor":21},{"not_picked":["Warcry","Pommel Strike+1","Combust+1"],"picked":"Headbutt+1","floor":22},{"not_picked":["Twin Strike","Hemokinesis","Entrench+1"],"picked":"Iron Wave","floor":23},{"not_picked":["Spot Weakness","Twin Strike","Havoc"],"picked":"Shrug It Off+1","floor":24},{"not_picked":["Wild Strike","Perfected Strike","Ghostly Armor"],"picked":"Shrug It Off","floor":24},{"not_picked":["Pommel Strike","Flex+1","Blood for Blood"],"picked":"Twin Strike+1","floor":27},{"not_picked":["Shrug It Off","Rage+1","Heavy Blade"],"picked":"Juggernaut","floor":27},{"not_picked":["Second Wind+1","Burning Pact+1","Headbutt","Heavy Blade"],"picked":"SKIP","floor":28},{"not_picked":["Intimidate","Twin Strike","Cleave"],"picked":"Flame Barrier","floor":30},{"not_picked":["Havoc","Searing Blow","Carnage+1"],"picked":"Clash","floor":30},{"not_picked":["Wild Strike+1","Demon Form","Sword Boomerang+1"],"picked":"True Grit","floor":31},{"not_picked":["Shrug It Off","True Grit","Sentinel"],"picked":"Headbutt","floor":31},{"not_picked":["Impervious","Demon Form","Double Tap"],"picked":"Limit Break","floor":33},{"not_picked":["Entrench+1","Clothesline","Dropkick+1"],"picked":"Hemokinesis+1","floor":35},{"not_picked":["Heavy Blade+1","Dark Embrace","Dropkick","Thunderclap+1"],"picked":"SKIP","floor":35},{"not_picked":["Iron Wave+1","Entrench+1","Perfected Strike"],"picked":"Havoc+1","floor":36},{"not_picked":["Sword Boomerang","Clothesline","Twin Strike"],"picked":"Pummel","floor":36},{"not_picked":["Wild Strike","Hemokinesis+1","Clothesline+1"],"picked":"Shockwave+1","floor":39},{"not_picked":["Twin Strike","Wild Strike","Iron Wave+1"],"picked":"True Grit+1","floor":39},{"not_picked":["Ghostly Armor+1","Power Through","Intimidate"],"picked":"Anger","floor":40},{"not_picked":["Ghostly Armor+1","Heavy Blade","Wild Strike+1"],"picked":"Bloodletting+1","floor":41},{"not_picked":["Fire Breathing","Havoc+1","Perfected Strike","Iron Wave+1"],"picked":"SKIP","floor":41},{"not_picked":["Headbutt","Hemokinesis+1","Demon Form"],"picked":"Rupture","floor":42},{"not_picked":["Burning Pact+1","Sword Boomerang","Entrench","Clothesline"],"picked":"SKIP","floor":42},{"not_picked":["Twin Strike","Intimidate","Impervious"],"picked":"Fiend Fire","floor":45},{"not_picked":["Fire Breathing","Perfected Strike","Twin Strike"],"picked":"Warcry","floor":47},{"not_picked":["Dual Wield+1","Entrench","Bloodletting","Shrug It Off+1"],"picked":"SKIP","floor":47},{"not_picked":["Whirlwind+1","Dark Embrace+1","Shrug It Off"],"picked":"Disarm+1","floor":48},{"not_picked":["Dropkick","Clash","Dual Wield","Havoc+1"],"picked":"SKIP","floor":48}],"player_experience":589347,"relics_obtained":[{"floor":5,"key":"Omamori"},{"floor":6,"key":"Ginger"},{"floor":9,"key":"Question Card"},{"floor":12,"key":"Strawberry"},{"floor":14,"key":"The Courier"},{"floor":23,"key":"Meat on the Bone"},{"floor":23,"key":"Prayer Wheel"},{"floor":26,"key":"Pantograph"},{"floor":28,"key":"Gremlin Horn"},{"floor":28,"key":"Ornamental Fan"},{"floor":40,"key":"CaptainsWheel"},{"floor":40,"key":"Akabeko"},{"floor":43,"key":"Toy Ornithopter"},{"floor":45,"key":"Ice Cream"},{"floor":45,"key":"Darkstone Periapt"}],"event_choices":[{"cards_removed":["Strike_R"],"damage_healed":0,"gold_gain":0,"player_choice":"Card Removal","damage_taken":7,"max_hp_gain":0,"max_hp_loss":0,"event_name":"Golden Wing","floor":2,"gold_loss":0},{"damage_healed":0,"gold_gain":0,"player_choice":"Got Potions","damage_taken":0,"max_hp_gain":0,"max_hp_loss":0,"event_name":"Lab","floor":20,"gold_loss":0},{"damage_healed":0,"gold_gain":0,"player_choice":"Ignored","damage_taken":0,"max_hp_gain":0,"max_hp_loss":0,"event_name":"Mysterious Sphere","floor":37,"gold_loss":0},{"damage_healed":0,"gold_gain":0,"player_choice":"Paid Gold","damage_taken":0,"relics_obtained":["Pocketwatch"],"max_hp_gain":0,"max_hp_loss":0,"event_name":"WeMeetAgain","floor":38,"gold_loss":63}],"is_beta":false,"boss_relics":[{"not_picked":["bronze:MakeshiftBattery","Runic Dome"],"picked":"Black Star"},{"not_picked":["Fusion Hammer","Astrolabe"],"picked":"Sozu"}],"items_purged_floors":[19,46],"is_endless":false,"potions_floor_spawned":[1,3,10,18,22,24,31,33,36,41,47,48],"killed_by":"Awakened One","ascension_level":6}}