{"host":"jvd5k9mqzerszifx","time":1611387628,"event":{"mods":["AchievementEnabler","Act Like it!","BaseMod","Better Note","Better Third Choice","Colored Map","Colored Powertips","Conspire","DeckTracker","Downfall","Gensokyo","GungeonMod","Hallownest","Hermit","Hubris","Infinite Spire","Jorbs\u0027s Wanderer Trilogy","Koishi","Marisa（F雨　魔理沙）","Minty Spire (QoL Compilation)","MostiFishMod","Relic Stats","Reworked Bosses","Spicy Shops","StSLib","The Administrix","The Bug Knight","The Cursed","The Hierophant","The Jungle","The Servant 0.9.4","【功能Mod】聪明的最终Boss"],"gold_per_floor":[154,208,208,9,9,9,96,96,96,96,96,96,171,49,49,340,340,385,385,22,22,70,160,196,280,385,421,457,493,529,565,601,949,985,1063,1099,1135,1171,1207,1243,1279,1402,1438,1474,1552,1588,1717,1753,1789,1825,1861,1897,54,129,129],"floor_reached":56,"language":"ZHS","playtime":2158,"items_purged":[],"score":1715,"play_id":"81a57747-6445-43df-9178-2581a70790a7","local_time":"20210123154028","is_ascension_mode":true,"campfire_choices":[{"data":"Strike_S","floor":6,"key":"PURGE"},{"data":"Strike_S","floor":6,"key":"PURGE"},{"data":"Defend_S","floor":6,"key":"PURGE"},{"data":"Defend_S","floor":6,"key":"PURGE"},{"data":"Defend_S","floor":6,"key":"PURGE"},{"data":"KidneyShot","floor":6,"key":"SMITH"},{"data":"Exchange","floor":6,"key":"SMITH"},{"data":"TrueSight","floor":6,"key":"SMITH"},{"data":"Revamp","floor":6,"key":"SMITH"},{"data":"Shuttle","floor":6,"key":"SMITH"},{"data":"Trip","floor":6,"key":"SMITH"},{"floor":6,"key":"REST"},{"data":"Misdirection","floor":15,"key":"SMITH"},{"data":"Rearm","floor":15,"key":"SMITH"},{"floor":15,"key":"RECALL"},{"data":"Strike_S+1","floor":30,"key":"PURGE"},{"data":"Defend_S+1","floor":30,"key":"PURGE"},{"data":"Spin","floor":30,"key":"SMITH"},{"data":"Dilation","floor":30,"key":"SMITH"},{"floor":30,"key":"DIG"},{"floor":32,"key":"DIG"},{"data":"Gensokyo:MorningStar","floor":40,"key":"SMITH"},{"floor":40,"key":"DIG"},{"floor":44,"key":"REST"},{"data":"infinitespire:TheBestDefense","floor":49,"key":"SMITH"},{"floor":49,"key":"DIG"},{"floor":52,"key":"DIG"}],"circlet_count":0,"master_deck":["Exchange+1","Revamp+1","Shuttle+1","Trip+1","Misdirection+1","Rearm+1","LightFlow+1","Spin+1","Dilation+1","StarChef+1","Gensokyo:MorningStar+1","infinitespire:TheBestDefense+1","conspire:Banana","Blind","Reset+1"],"relics":["SplendidAttire","Peace Pipe","Ginger","Turnip","Unceasing Top","Omamori","Ice Cream","The Courier","Medical Kit","WingedGreaves","HandDrill","Frozen Eye","Blue Candle","SynthV","DaveBox","SynthV:C4","hubris:OldNail","Bird Faced Urn","White Beast Statue","Juzu Bracelet","hubris:Icosahedron","PreservedInsect","hubris:EmptyBottle","Sling","hexamod:BolsterEngine","Bronze Scales","MawBank","sneckomod:BlankCard","MetatronsCube","Shovel","WarpedTongs","theJungle:BirthdayCake","Meat on the Bone","DemoMod:GlassGuonStoneRelic","RhineCircuit","conspire:DecoderRing","Darkstone Periapt","hubris:Towel","Anchor","infinitespire:CheckeredPen","conspire:TreasureMap","ArrowTower","hubris:TinFlute","ImprovedEquipment","infinitespire:Joker Card","DemoMod:JetPack","TheAbacus","Bag of Marbles","hubris:DeckOfHolding","DemoMod:OrangeGuonStone","conspire:Dentures","Strawberry","Chemical X","Bag of Preparation","Centennial Puzzle","infinitespire:Lucky Rock"],"acts_visited":["Exordium","Exordium","Gensokyo:Gensokyoest","TheEnding"],"potions_floor_usage":[16,55,55,55,55,55],"damage_taken":[{"damage":10,"enemies":"conspire:RoseBush","floor":1,"turns":2},{"damage":0,"enemies":"Cultist","floor":2,"turns":4},{"damage":10,"enemies":"HollowMod:MossKnight","floor":7,"turns":6},{"damage":3,"enemies":"3 Sentries","floor":13,"turns":6},{"damage":29,"enemies":"Slime Boss","floor":16,"turns":8},{"damage":0,"enemies":"Shell Parasite","floor":18,"turns":2},{"damage":0,"enemies":"theJungle:GiantWrat","floor":22,"turns":1},{"damage":0,"enemies":"theJungle:MamaSnecko","floor":23,"turns":2},{"damage":0,"enemies":"Snake Plant","floor":25,"turns":2},{"damage":2,"enemies":"theJungle:TotemBoss","floor":33,"turns":2},{"damage":0,"enemies":"Gensokyo:AncientGuardian","floor":35,"turns":2},{"damage":0,"enemies":"Gensokyo:Doremy","floor":42,"turns":2},{"damage":0,"enemies":"Gensokyo:3_Bats","floor":45,"turns":1},{"damage":0,"enemies":"conspire:MimicChest","floor":47,"turns":1},{"damage":0,"enemies":"Gensokyo:Shinki","floor":50,"turns":4},{"damage":0,"enemies":"Shield and Spear","floor":54,"turns":2},{"damage":0,"enemies":"The Heart","floor":55,"turns":3}],"seed_played":"106846890546939833","potions_obtained":[{"floor":1,"key":"DemoMod:LeadSkinPotion"},{"floor":13,"key":"Explosive Potion"},{"floor":16,"key":"LiquidBronze"},{"floor":18,"key":"Fire Potion"}],"is_trial":false,"path_per_floor":["M","M","?","$","?","R","E","T","T","?","?","?","E","$","R","B",null,"M","?","$","?","M","E","$","M","T","AVR","?","?","R","?","R","B",null,"M","?","?","?","?","R","?","E","T","R","M","?","?","AVR","R","B",null,"R","$","E","B",null],"character_chosen":"THE_SERVANT","items_purchased":["hubris:OldNail","Trip","hubris:EmptyBottle","Sling","hexamod:BolsterEngine","Bronze Scales","ImprovedEquipment","infinitespire:Joker Card","DemoMod:JetPack","TheAbacus","Bag of Marbles","hubris:DeckOfHolding","DemoMod:OrangeGuonStone","conspire:Dentures","Strawberry","Chemical X","Bag of Preparation","Centennial Puzzle","conspire:Banana","Blind"],"campfire_rested":2,"item_purchase_floors":[4,4,14,20,20,20,53,53,53,53,53,53,53,53,53,53,53,53,53,53],"current_hp_per_floor":[55,55,55,55,42,61,51,51,51,51,75,75,72,72,72,47,75,75,75,75,75,75,75,75,75,75,75,75,75,75,95,95,93,95,95,95,76,76,76,76,76,82,82,95,95,95,95,95,95,95,95,95,102,104,106],"gold":129,"neow_bonus":"TRANSFORM_CARD","is_daily":false,"chose_seed":false,"campfire_upgraded":12,"win_rate":0.0,"timestamp":1611387628,"path_taken":["M","M","?","?","?","R","E","?","T","?","?","?","E","$","R","BOSS","M","?","?","?","M","E","?","M","T","AVR","?","?","R","?","R","BOSS","M","?","?","?","?","R","?","E","T","R","M","?","?","AVR","R","BOSS","R","$","E","BOSS"],"items_purchased_type":["Relic","Card","Relic","Relic","Relic","Relic","Relic","Relic","Relic","Relic","Relic","Relic","Relic","Relic","Relic","Relic","Relic","Relic","Card","Card"],"build_version":"2020-12-22","purchased_purges":0,"victory":true,"max_hp_per_floor":[65,65,65,65,65,65,65,65,65,65,75,75,75,75,75,75,75,75,75,75,75,75,75,75,75,75,75,75,75,75,95,95,95,95,95,95,95,95,95,95,95,95,95,95,95,95,95,95,95,95,95,95,102,104,106],"relic_stats":{"Darkstone Periapt":0,"counters":[17,50],"Blue Candle":[1],"PreservedInsect":170,"Juzu Bracelet":6,"Bag of Preparation":[4],"Ginger":[42],"Medical Kit":[7],"MawBank":1080,"WarpedTongs":[5],"Peace Pipe":7,"Centennial Puzzle":[0],"Shovel":5,"TheAbacus":[24],"Bird Faced Urn":[10],"Bronze Scales":[20],"Turnip":[39],"HandDrill":[16],"Chemical X":[1],"obtain_stats":[{"Ice Cream":0,"SplendidAttire":17,"DemoMod:GlassGuonStoneRelic":1,"Uniform":0,"Ginger":0,"Sling":20,"Centennial Puzzle":53,"conspire:DecoderRing":37,"Strawberry":53,"hubris:DeckOfHolding":53,"HandDrill":0,"theJungle:BirthdayCake":31,"hubris:TinFlute":52,"conspire:Dentures":53,"conspire:TreasureMap":48,"Blue Candle":0,"DemoMod:OrangeGuonStone":53,"WarpedTongs":29,"RhineCircuit":34,"Bird Faced Urn":7,"Bronze Scales":20,"ArrowTower":49,"Unceasing Top":0,"MetatronsCube":27,"Meat on the Bone":32,"Darkstone Periapt":40,"DaveBox":0,"SynthV":0,"sneckomod:BlankCard":26,"Juzu Bracelet":9,"Bag of Preparation":53,"hubris:EmptyBottle":14,"SynthV:C4":1,"Frozen Eye":0,"hubris:Icosahedron":12,"Shovel":28,"TheAbacus":53,"WingedGreaves":0,"Chemical X":53,"DemoMod:JetPack":53,"ImprovedEquipment":53,"The Courier":0,"PreservedInsect":13,"infinitespire:Joker Card":53,"Omamori":0,"infinitespire:CheckeredPen":47,"infinitespire:Lucky Rock":54,"hubris:Towel":41,"Medical Kit":0,"MawBank":23,"White Beast Statue":8,"Peace Pipe":0,"Anchor":42,"Turnip":0,"Bag of Marbles":53,"hexamod:BolsterEngine":20,"hubris:OldNail":4},{"Ice Cream":0,"SplendidAttire":5,"DemoMod:GlassGuonStoneRelic":1,"Uniform":0,"Ginger":0,"Sling":6,"Centennial Puzzle":15,"conspire:DecoderRing":11,"Strawberry":15,"hubris:DeckOfHolding":15,"HandDrill":0,"theJungle:BirthdayCake":9,"hubris:TinFlute":15,"conspire:Dentures":15,"conspire:TreasureMap":14,"Blue Candle":0,"DemoMod:OrangeGuonStone":15,"WarpedTongs":9,"RhineCircuit":10,"Bird Faced Urn":3,"Bronze Scales":6,"ArrowTower":14,"Unceasing Top":0,"MetatronsCube":9,"Meat on the Bone":9,"Darkstone Periapt":11,"DaveBox":0,"SynthV":0,"sneckomod:BlankCard":9,"Juzu Bracelet":3,"Bag of Preparation":15,"hubris:EmptyBottle":4,"SynthV:C4":1,"Frozen Eye":0,"hubris:Icosahedron":3,"Shovel":9,"TheAbacus":15,"WingedGreaves":0,"Chemical X":15,"DemoMod:JetPack":15,"ImprovedEquipment":15,"The Courier":0,"PreservedInsect":4,"infinitespire:Joker Card":15,"Omamori":0,"infinitespire:CheckeredPen":14,"infinitespire:Lucky Rock":16,"hubris:Towel":11,"Medical Kit":0,"MawBank":8,"White Beast Statue":3,"Peace Pipe":0,"Anchor":12,"Turnip":0,"Bag of Marbles":15,"hexamod:BolsterEngine":6,"hubris:OldNail":2},{"Ice Cream":0,"SplendidAttire":26,"DemoMod:GlassGuonStoneRelic":2,"Uniform":0,"Ginger":0,"Sling":28,"Centennial Puzzle":45,"conspire:DecoderRing":37,"Strawberry":45,"hubris:DeckOfHolding":45,"HandDrill":0,"theJungle:BirthdayCake":33,"hubris:TinFlute":45,"conspire:Dentures":45,"conspire:TreasureMap":41,"Blue Candle":0,"DemoMod:OrangeGuonStone":45,"WarpedTongs":33,"RhineCircuit":35,"Bird Faced Urn":12,"Bronze Scales":28,"ArrowTower":41,"Unceasing Top":0,"MetatronsCube":33,"Meat on the Bone":33,"Darkstone Periapt":37,"DaveBox":0,"SynthV":0,"sneckomod:BlankCard":33,"Juzu Bracelet":12,"Bag of Preparation":45,"hubris:EmptyBottle":18,"SynthV:C4":1,"Frozen Eye":0,"hubris:Icosahedron":12,"Shovel":33,"TheAbacus":45,"WingedGreaves":0,"Chemical X":45,"DemoMod:JetPack":45,"ImprovedEquipment":45,"The Courier":0,"PreservedInsect":18,"infinitespire:Joker Card":45,"Omamori":0,"infinitespire:CheckeredPen":41,"infinitespire:Lucky Rock":47,"hubris:Towel":37,"Medical Kit":0,"MawBank":31,"White Beast Statue":12,"Peace Pipe":0,"Anchor":39,"Turnip":0,"Bag of Marbles":45,"hexamod:BolsterEngine":28,"hubris:OldNail":6}],"Unceasing Top":[83],"Meat on the Bone":0},"card_choices":[{"not_picked":["Snipe","Defy"],"picked":"Revamp","floor":1},{"not_picked":["TimeWarp","Ricochet"],"picked":"Shuttle","floor":2},{"not_picked":["Defy","BottledTime"],"picked":"Misdirection","floor":7},{"not_picked":["Potential","Manipulate"],"picked":"Rearm","floor":13},{"not_picked":["TrueSight","FloweringNight"],"picked":"LightFlow","floor":16},{"not_picked":["Starlight","Hightail+1"],"picked":"Potential+1","floor":18},{"not_picked":["Rearm+1","Alleviate"],"picked":"Spin","floor":22},{"not_picked":["Sabotage+1","Unruled"],"picked":"Dilation","floor":23},{"not_picked":["Rearm","FastForward+1","Misdirection"],"picked":"SKIP","floor":25},{"not_picked":["TimeWarp","BottledTime+1"],"picked":"StarChef","floor":35},{"not_picked":["Gensokyo:RainbowDanmaku","Gensokyo:NewMoon"],"picked":"Gensokyo:MorningStar","floor":39},{"not_picked":["TimeTheft+1","Replace","SoulSculpture"],"picked":"SKIP","floor":42},{"not_picked":["Spin","Gouge","Replace+1"],"picked":"SKIP","floor":45},{"not_picked":["infinitespire:NeuralNetwork","infinitespire:UltimateForm"],"picked":"infinitespire:TheBestDefense","floor":46},{"not_picked":["DualDimension","Snipe+1"],"picked":"Reset+1","floor":54}],"player_experience":313977,"relics_obtained":[{"floor":7,"key":"Bird Faced Urn"},{"floor":8,"key":"White Beast Statue"},{"floor":9,"key":"Juzu Bracelet"},{"floor":13,"key":"PreservedInsect"},{"floor":23,"key":"MawBank"},{"floor":26,"key":"sneckomod:BlankCard"},{"floor":32,"key":"Meat on the Bone"},{"floor":40,"key":"Darkstone Periapt"},{"floor":42,"key":"Anchor"},{"floor":47,"key":"infinitespire:CheckeredPen"},{"floor":49,"key":"ArrowTower"},{"floor":52,"key":"hubris:TinFlute"},{"floor":54,"key":"infinitespire:Lucky Rock"}],"event_choices":[{"damage_healed":0,"gold_gain":0,"player_choice":"Bought 0 Potions","damage_taken":0,"max_hp_gain":0,"max_hp_loss":0,"event_name":"The Woman in Blue","floor":3,"gold_loss":0},{"damage_healed":55,"gold_gain":0,"player_choice":"Upgrade","damage_taken":13,"max_hp_gain":0,"max_hp_loss":65,"event_name":"betterThird:BetterShining","floor":5,"gold_loss":0,"cards_upgraded":["Strike_S","Defend_S"]},{"cards_removed":["TrueSight"],"damage_healed":14,"gold_gain":0,"player_choice":"Offered Rare","damage_taken":0,"max_hp_gain":10,"max_hp_loss":0,"event_name":"Bonfire Elementals","floor":11,"gold_loss":0},{"damage_healed":0,"gold_gain":0,"player_choice":"Cursed","damage_taken":0,"max_hp_gain":0,"max_hp_loss":0,"event_name":"Wheel of Change","floor":19,"gold_loss":0,"cards_obtained":["Decay"]},{"damage_healed":0,"gold_gain":0,"player_choice":"Upgraded","damage_taken":0,"max_hp_gain":0,"max_hp_loss":0,"event_name":"Upgrade Shrine","floor":21,"gold_loss":0,"cards_upgraded":["LightFlow"]},{"damage_healed":0,"gold_gain":0,"player_choice":"Rummage","damage_taken":0,"relics_obtained":["WarpedTongs"],"max_hp_gain":0,"max_hp_loss":0,"event_name":"Accursed Blacksmith","floor":29,"gold_loss":0,"cards_obtained":["Pain"]}],"is_beta":false,"boss_relics":[{"not_picked":["hubris:HollowSoul","Busted Crown"],"picked":"SplendidAttire"},{"not_picked":["TakeMeEscape","RhineFirstAidKit"],"picked":"RhineCircuit"}],"items_purged_floors":[],"is_endless":false,"potions_floor_spawned":[1,13,16,18,22,23,25,33,35,42,45,47,54],"ascension_level":2}}