{"host":"5fpb1gzflhq9886n","time":1611376265,"event":{"mods":["AchievementEnabler","BaseMod","Colored Map","Colored Powertips","Minty Spire (QoL Compilation)","Permanent Neow"],"gold_per_floor":[115,135,85,85,7,7,37,37,62,91,91,110,140,156,156,261,261,272,272,93,93,93,122,47,47,47,47,73,73,104,120,120,215,215,234,234,244,244,244,244],"floor_reached":39,"language":"ENG","playtime":2138,"items_purged":["Defend_G"],"score":554,"play_id":"80f87528-dfc4-4207-aa58-baae78fee0e2","local_time":"20210122233105","is_ascension_mode":true,"campfire_choices":[{"data":"Footwork","floor":6.0,"key":"SMITH"},{"data":"Dagger Spray","floor":8.0,"key":"SMITH"},{"floor":11.0,"key":"RECALL"},{"floor":15.0,"key":"REST"},{"data":"A Thousand Cuts","floor":25.0,"key":"SMITH"},{"data":"Doppelganger","floor":27.0,"key":"SMITH"},{"data":"Wraith Form v2","floor":29.0,"key":"SMITH"},{"floor":32.0,"key":"REST"}],"circlet_count":0,"master_deck":["Strike_G","Strike_G","Strike_G","Defend_G","Defend_G","Defend_G","Survivor","Neutralize","Dagger Spray+1","Infinite Blades","Footwork+1","Endless Agony","Dagger Throw","Crippling Poison","Terror","Backflip","Doppelganger+1","A Thousand Cuts+1","Leg Sweep","Ghostly","Ghostly","Ghostly","Ghostly","Ghostly","Bane","Wraith Form v2+1","Blade Dance","Caltrops","Phantasmal Killer","Crippling Poison+1","Calculated Gamble+1","Pain","Dodge and Roll+1","Skewer+1"],"relics":["Ring of the Snake","Ninja Scroll","Pear","Odd Mushroom","Philosopher\u0027s Stone","MutagenicStrength","Bronze Scales","Happy Flower","Centennial Puzzle","Ornamental Fan","Boot","Astrolabe"],"acts_visited":["Exordium","TheCity","TheBeyond"],"potions_floor_usage":[37],"damage_taken":[{"damage":0.0,"enemies":"2 Louse","floor":1.0,"turns":2.0},{"damage":4.0,"enemies":"Jaw Worm","floor":2.0,"turns":4.0},{"damage":14.0,"enemies":"Lagavulin","floor":7.0,"turns":10.0},{"damage":20.0,"enemies":"Gremlin Nob","floor":10.0,"turns":5.0},{"damage":0.0,"enemies":"Small Slimes","floor":12.0,"turns":1.0},{"damage":12.0,"enemies":"The Mushroom Lair","floor":13.0,"turns":3.0},{"damage":0.0,"enemies":"Blue Slaver","floor":14.0,"turns":3.0},{"damage":31.0,"enemies":"Hexaghost","floor":16.0,"turns":10.0},{"damage":22.0,"enemies":"Spheric Guardian","floor":18.0,"turns":4.0},{"damage":6.0,"enemies":"Gremlin Leader","floor":23.0,"turns":6.0},{"damage":5.0,"enemies":"Book of Stabbing","floor":28.0,"turns":5.0},{"damage":3.0,"enemies":"Slavers","floor":30.0,"turns":5.0},{"damage":5.0,"enemies":"2 Thieves","floor":31.0,"turns":4.0},{"damage":31.0,"enemies":"Champ","floor":33.0,"turns":10.0},{"damage":1.0,"enemies":"Orb Walker","floor":35.0,"turns":2.0},{"damage":25,"enemies":"3 Darklings","floor":37,"turns":3},{"damage":14,"enemies":"Jaw Worm Horde","floor":39,"turns":4}],"seed_played":"-9028153498568174666","potions_obtained":[{"floor":7.0,"key":"Poison Potion"},{"floor":10.0,"key":"DistilledChaos"},{"floor":16.0,"key":"Block Potion"},{"floor":23.0,"key":"PowerPotion"},{"floor":35.0,"key":"SteroidPotion"}],"is_trial":false,"path_per_floor":["M","M","?","?","$","R","E","R","T","E","R","M","?","M","R","B",null,"M","?","$","?","?","E","$","R","T","R","E","R","E","M","R","B",null,"M","?","M","?","M"],"character_chosen":"THE_SILENT","items_purchased":["Endless Agony","Bronze Scales","Leg Sweep"],"campfire_rested":2,"item_purchase_floors":[5,20,20],"current_hp_per_floor":[70,66,66,66,66,66,52,52,52,42,42,42,30,30,54,23,80,58,58,58,58,40,34,34,34,34,34,29,29,26,21,33,2,40,39,39,14,14,0,0],"gold":244,"neow_bonus":"THREE_CARDS","is_daily":false,"chose_seed":false,"campfire_upgraded":5,"win_rate":0.0,"timestamp":1611376265,"path_taken":["M","M","?","?","$","R","E","R","T","E","R","M","?","M","R","BOSS","M","?","$","?","?","E","?","R","T","R","E","R","E","M","R","BOSS","M","?","?","?","?"],"items_purchased_type":["Card","Relic","Card"],"build_version":"2020-12-22","purchased_purges":1,"victory":false,"max_hp_per_floor":[70,70,70,70,70,70,70,70,70,80,80,80,80,80,80,80,80,80,80,80,80,40,40,40,40,40,40,40,40,40,40,40,40,40,40,40,40,40,40,40],"card_choices":[{"not_picked":["Poisoned Stab","Heel Hook"],"picked":"Dagger Spray","floor":0.0},{"not_picked":["PiercingWail","Escape Plan"],"picked":"Infinite Blades","floor":1.0},{"not_picked":["Dagger Spray","Flying Knee"],"picked":"Footwork","floor":2.0},{"not_picked":["Predator","Underhanded Strike"],"picked":"Dagger Throw","floor":7.0},{"not_picked":["Deadly Poison","Dodge and Roll"],"picked":"Crippling Poison","floor":10.0},{"not_picked":["Outmaneuver","Dagger Spray"],"picked":"Terror","floor":12.0},{"not_picked":["Dodge and Roll","Outmaneuver"],"picked":"Backflip","floor":13.0},{"not_picked":["Dagger Throw","Flying Knee"],"picked":"Doppelganger","floor":14.0},{"not_picked":["Die Die Die","Glass Knife"],"picked":"A Thousand Cuts","floor":16.0},{"not_picked":["Prepared","Heel Hook","Tactician"],"picked":"SKIP","floor":18.0},{"not_picked":["Infinite Blades","Eviscerate"],"picked":"Bane","floor":23.0},{"not_picked":["Noxious Fumes","Venomology"],"picked":"Wraith Form v2","floor":28.0},{"not_picked":["Flechettes","Backflip+1"],"picked":"Blade Dance","floor":30.0},{"not_picked":["Blade Dance","Dagger Spray"],"picked":"Caltrops","floor":31.0},{"not_picked":["Glass Knife","Adrenaline"],"picked":"Phantasmal Killer","floor":33.0},{"not_picked":["Slice","Backflip"],"picked":"Dodge and Roll+1","floor":35.0},{"not_picked":["Reflex+1","Underhanded Strike+1"],"picked":"Skewer+1","floor":37}],"player_experience":749306,"relics_obtained":[{"floor":7.0,"key":"Ninja Scroll"},{"floor":10.0,"key":"Pear"},{"floor":13.0,"key":"Odd Mushroom"},{"floor":23.0,"key":"Happy Flower"},{"floor":26.0,"key":"Centennial Puzzle"},{"floor":28.0,"key":"Ornamental Fan"},{"floor":30.0,"key":"Boot"}],"event_choices":[{"cards_removed":["Strike_G"],"damage_healed":0.0,"max_hp_gain":0.0,"max_hp_loss":0.0,"gold_gain":0.0,"event_name":"The Cleric","player_choice":"Card Removal","floor":3.0,"gold_loss":50.0,"damage_taken":0.0},{"damage_healed":0.0,"max_hp_gain":0.0,"max_hp_loss":0.0,"gold_gain":0.0,"event_name":"Golden Wing","player_choice":"Ignored","floor":4.0,"gold_loss":0.0,"damage_taken":0.0},{"damage_healed":0.0,"max_hp_gain":0.0,"max_hp_loss":0.0,"gold_gain":0.0,"event_name":"Mushrooms","player_choice":"Fought Mushrooms","floor":13.0,"gold_loss":0.0,"damage_taken":0.0},{"damage_healed":0.0,"max_hp_gain":0.0,"max_hp_loss":0.0,"gold_gain":0.0,"event_name":"Drug Dealer","player_choice":"Inject Mutagens","floor":19.0,"gold_loss":0.0,"damage_taken":0.0,"relics_obtained":["MutagenicStrength"]},{"damage_healed":0.0,"max_hp_gain":0.0,"max_hp_loss":0.0,"gold_gain":0.0,"event_name":"Forgotten Altar","player_choice":"Smashed Altar","floor":21.0,"gold_loss":0.0,"damage_taken":0.0,"cards_obtained":["Decay"]},{"damage_healed":0.0,"max_hp_gain":0.0,"max_hp_loss":40.0,"gold_gain":0.0,"event_name":"Ghosts","player_choice":"Became a Ghost","floor":22.0,"gold_loss":0.0,"damage_taken":0.0,"cards_obtained":["Ghostly","Ghostly","Ghostly","Ghostly","Ghostly"]},{"damage_healed":0.0,"max_hp_gain":0.0,"max_hp_loss":0.0,"gold_gain":0.0,"event_name":"SecretPortal","player_choice":"Ignored","floor":36.0,"gold_loss":0.0,"damage_taken":0.0},{"damage_healed":0,"gold_gain":0,"player_choice":"Ignored","damage_taken":0,"max_hp_gain":0,"max_hp_loss":0,"event_name":"Transmorgrifier","floor":38,"gold_loss":0}],"is_beta":false,"boss_relics":[{"not_picked":["Empty Cage","Runic Pyramid"],"picked":"Philosopher\u0027s Stone"},{"not_picked":["Coffee Dripper","Runic Dome"],"picked":"Astrolabe"}],"items_purged_floors":[24],"is_endless":false,"potions_floor_spawned":[7,10,16,23,35],"killed_by":"Jaw Worm Horde","ascension_level":4}}