{"host":"jkv7p1g4a08kh4zt","time":1611400078,"event":{"mods":["BaseMod","Downfall","Minty Spire (QoL Compilation)","StSLib"],"gold_per_floor":[99,119,139,156,156,256,281,347,138,138,363,395,408,458,477,477,477,477],"floor_reached":16,"language":"ENG","playtime":1034,"items_purged":[],"score":102,"play_id":"b8b45033-a7cc-4d1b-b404-a87bda56a3b7","local_time":"20210123110758","is_ascension_mode":false,"campfire_choices":[{"data":"hexamod:Sear","floor":1,"key":"SMITH"},{"data":"hexamod:RadiantFlame","floor":10,"key":"SMITH"}],"circlet_count":0,"master_deck":["hexamod:Strike","hexamod:Strike","hexamod:Strike","hexamod:Strike","hexamod:Defend","hexamod:Defend","hexamod:Defend","hexamod:Defend","hexamod:Sear+1","hexamod:Float","hexamod:ShieldOfDarkness","hexamod:ThermalTransfer+1","hexamod:GhostLash","hexamod:Incineration","hexamod:RadiantFlame+1","Doubt","hexamod:ExtraCrispy","hexamod:GhostShield","hexamod:NightmareStrike"],"relics":["hexamod:SpiritBrand","downfall:CloakOfManyFaces","CultistMask","FaceOfCleric","NlothsMask","GremlinMask","SsserpentHead","Shuriken","Bottled Tornado","Dream Catcher"],"acts_visited":["Exordium"],"potions_floor_usage":[13,13],"damage_taken":[{"damage":5,"enemies":"Jaw Worm","floor":2,"turns":4},{"damage":0,"enemies":"2 Louse","floor":3,"turns":3},{"damage":0,"enemies":"Cultist","floor":4,"turns":3},{"damage":23,"enemies":"downfall:FaceTrader","floor":6,"turns":12},{"damage":3,"enemies":"Red Slaver","floor":8,"turns":4},{"damage":5,"enemies":"downfall:FleeingMerchant","floor":9,"turns":4},{"damage":16,"enemies":"3 Sentries","floor":12,"turns":9},{"damage":6,"enemies":"Large Slime","floor":13,"turns":3},{"damage":1,"enemies":"3 Louse","floor":15,"turns":5},{"damage":24,"enemies":"DF_ARCHETYPE_STREAMLINE","floor":16,"turns":3}],"seed_played":"7615785089250430909","potions_obtained":[{"floor":3,"key":"hexamod:SoulburnPotion"},{"floor":4,"key":"hexamod:DoubleChargePotion"},{"floor":6,"key":"Energy Potion"}],"is_trial":false,"path_per_floor":["R","M","M","M","?","?","T","M","$","R","?","E","M","?","M","B"],"character_chosen":"THE_SPIRIT","items_purchased":["Shuriken"],"campfire_rested":0,"item_purchase_floors":[9],"current_hp_per_floor":[77,72,72,72,72,49,49,47,43,43,43,28,23,20,20,0,0,0],"gold":477,"neow_bonus":"TEN_PERCENT_HP_BONUS","is_daily":false,"chose_seed":false,"campfire_upgraded":2,"win_rate":0.0,"timestamp":1611400078,"path_taken":["R","M","M","M","?","?","T","?","?","R","?","E","M","?","M","BOSS"],"items_purchased_type":["Relic"],"build_version":"2020-12-22","purchased_purges":0,"victory":false,"max_hp_per_floor":[77,77,77,77,77,77,77,78,79,79,79,80,81,81,82,82,82,82],"card_choices":[{"not_picked":["hexamod:EtherealExpedition","hexamod:FourthSeal"],"picked":"hexamod:ShieldOfDarkness","floor":2},{"not_picked":["hexamod:NightmareStrike","hexamod:AdvancingGuard"],"picked":"hexamod:ThermalTransfer","floor":3},{"not_picked":["hexamod:BacktrackSmack","hexamod:HauntingEcho","hexamod:ThermalTransfer"],"picked":"SKIP","floor":4},{"not_picked":["hexamod:FastForward","hexamod:Rewind"],"picked":"hexamod:GhostLash","floor":6},{"not_picked":["hexamod:NightmareGuise","hexamod:CatchUp"],"picked":"hexamod:Incineration","floor":8},{"not_picked":["hexamod:HauntingEcho","hexamod:GhostOfSpirePast"],"picked":"hexamod:RadiantFlame","floor":9},{"not_picked":["hexamod:FourthSeal","hexamod:UnleashSpirits"],"picked":"hexamod:ExtraCrispy","floor":12},{"not_picked":["hexamod:NecessarySacrifice","hexamod:PhantomCloak"],"picked":"hexamod:GhostShield","floor":13},{"not_picked":["hexamod:GhostShield","hexamod:Incineration"],"picked":"hexamod:NightmareStrike","floor":15}],"player_experience":46769,"relics_obtained":[{"floor":6,"key":"downfall:CloakOfManyFaces"},{"floor":12,"key":"Bottled Tornado"}],"event_choices":[{"damage_healed":0,"gold_gain":0,"player_choice":"Grow","damage_taken":0,"max_hp_gain":0,"max_hp_loss":0,"event_name":"Living Wall","floor":5,"gold_loss":0,"cards_upgraded":["hexamod:ThermalTransfer"]},{"damage_healed":0,"gold_gain":0,"player_choice":"Success","damage_taken":3,"relics_obtained":["Dream Catcher"],"max_hp_gain":0,"max_hp_loss":0,"event_name":"Scrap Ooze","floor":14,"gold_loss":0}],"is_beta":false,"boss_relics":[],"items_purged_floors":[],"is_endless":false,"potions_floor_spawned":[3,4,6,8],"killed_by":"DF_ARCHETYPE_STREAMLINE","ascension_level":0}}