{"host":"haq22x9zdvtvc76a","time":1611441930,"event":{"mods":["BaseMod","Downfall","Minty Spire (QoL Compilation)","StSLib"],"gold_per_floor":[99,113,113,128,128,155,155,168,3,34,34,47,47,107,121,217,217,117,129,139,150,150,181,181,200,210,110,145,45,60,90,107,210,210,210,221,49,66,79,90,90,90,123,123,136,136,136,80,93,93,93,119,40,40,40,40,40,40],"floor_reached":56,"language":"ENG","playtime":5276,"items_purged":["Normality","downfall:Aged"],"score":866,"play_id":"1394e68c-fb9c-4b0b-9f94-91dd7aa604a5","local_time":"20210123174530","is_ascension_mode":true,"campfire_choices":[{"floor":1,"key":"RECALL"},{"data":"champ:UltimateStance","floor":11,"key":"SMITH"},{"data":"champ:MurderStrike","floor":13,"key":"SMITH"},{"data":"champ:TripleStrike","floor":18,"key":"SMITH"},{"data":"champ:DefensiveStyle","floor":27,"key":"SMITH"},{"data":"champ:MurderStrike","floor":29,"key":"SMITH"},{"data":"champ:CalledShot","floor":35,"key":"SMITH"},{"data":"champ:MurderStrike","floor":42,"key":"SMITH"},{"data":"champ:ShieldSlam","floor":44,"key":"SMITH"},{"floor":54,"key":"REST"}],"circlet_count":0,"master_deck":["champ:Execute","champ:Taunt+1","champ:FaceSlap","champ:CalledShot+1","champ:DefensiveStyle+1","champ:EnGarde","champ:ShieldWall","champ:UltimateStance+1","champ:Duel","champ:MurderStrike+1","champ:GutPunch","champ:SkillfulDodge","champ:TripleStrike+1","champ:AdrenalArmor","champ:MurderStrike+1","champ:FaceSlap+1","champ:ShieldThrow","champ:HeartStrike","champ:FaceSlap","champ:TornadoPunch","champ:SwordSigil","champ:FalseCounter","champ:ShieldSlam+1","champ:FancyFootwork","champ:RageSigil+1","champ:MurderStrike+1","Clumsy","champ:RageSigil","champ:DefensiveShout+1","champ:BerserkerStyle","champ:ShieldSlam+1"],"relics":["champ:ChampionCrown","FossilizedHelix","Mercury Hourglass","champ:DefensiveTrainingManual","Bottled Flame","Cursed Key","downfall:HeartBlessingRed","Bag of Marbles","downfall:HeartBlessingBlue","Blue Candle","downfall:HeartBlessingGreen","Juzu Bracelet","Pandora\u0027s Box","Mummified Hand","Ancient Tea Set","Membership Card","Ginger","Shuriken","Bronze Scales"],"acts_visited":["Exordium","TheCity","TheBeyond","TheEnding"],"potions_floor_usage":[19,21,23,23,23,31,37,56,56,56],"damage_taken":[{"damage":0,"enemies":"Small Slimes","floor":2,"turns":5},{"damage":4,"enemies":"Jaw Worm","floor":4,"turns":4},{"damage":16,"enemies":"Gremlin Nob","floor":6,"turns":3},{"damage":0,"enemies":"2 Louse","floor":8,"turns":1},{"damage":10,"enemies":"downfall:FleeingMerchant","floor":9,"turns":4},{"damage":14,"enemies":"Lagavulin","floor":10,"turns":8},{"damage":5,"enemies":"Large Slime","floor":12,"turns":5},{"damage":15,"enemies":"Lagavulin Event","floor":14,"turns":5},{"damage":0,"enemies":"Red Slaver","floor":15,"turns":2},{"damage":55,"enemies":"SI_SHIV_ARCHETYPE","floor":16,"turns":9},{"damage":7,"enemies":"3 Byrds","floor":19,"turns":4},{"damage":15,"enemies":"Spheric Guardian","floor":20,"turns":3},{"damage":20,"enemies":"Snake Plant","floor":21,"turns":2},{"damage":34,"enemies":"Slavers","floor":23,"turns":4},{"damage":15,"enemies":"Centurion and Healer","floor":25,"turns":3},{"damage":30,"enemies":"Shelled Parasite and Fungi","floor":26,"turns":2},{"damage":51,"enemies":"Gremlin Leader","floor":28,"turns":6},{"damage":52,"enemies":"Cultist and Chosen","floor":30,"turns":4},{"damage":30,"enemies":"Book of Stabbing","floor":31,"turns":3},{"damage":20,"enemies":"Snecko","floor":32,"turns":3},{"damage":54,"enemies":"IC_MUSHROOM_ARCHETYPE","floor":33,"turns":4},{"damage":60,"enemies":"3 Darklings","floor":36,"turns":4},{"damage":25,"enemies":"downfall:FleeingMerchant","floor":37,"turns":4},{"damage":25,"enemies":"3 Shapes","floor":38,"turns":2},{"damage":55,"enemies":"Transient","floor":39,"turns":5},{"damage":1,"enemies":"3 Darklings","floor":40,"turns":4},{"damage":61,"enemies":"Giant Head","floor":43,"turns":6},{"damage":1,"enemies":"4 Shapes","floor":45,"turns":1},{"damage":0,"enemies":"downfall:FleeingMerchant","floor":48,"turns":1},{"damage":51,"enemies":"Jaw Worm Horde","floor":49,"turns":3},{"damage":63,"enemies":"WA_ARCHETYPE_DIVINITY","floor":50,"turns":5},{"damage":88,"enemies":"downfall:CharBossMerchant","floor":52,"turns":5},{"damage":136,"enemies":"downfall:NeowBoss","floor":55,"turns":9},{"damage":84,"enemies":"downfall:NeowBossFinal","floor":56,"turns":5}],"seed_played":"-8122710691498912597","potions_obtained":[{"floor":2,"key":"Explosive Potion"},{"floor":8,"key":"GamblersBrew"},{"floor":10,"key":"Strength Potion"},{"floor":12,"key":"Fire Potion"},{"floor":14,"key":"LiquidMemories"},{"floor":20,"key":"DistilledChaos"},{"floor":21,"key":"GamblersBrew"},{"floor":28,"key":"AttackPotion"},{"floor":32,"key":"champ:CounterPotion"},{"floor":33,"key":"EssenceOfSteel"},{"floor":36,"key":"Dexterity Potion"},{"floor":38,"key":"Strength Potion"},{"floor":52,"key":"EssenceOfSteel"}],"is_trial":false,"path_per_floor":["R","M","?","M","?","E","T","M","$","E","R","M","R","?","M","B",null,"R","M","M","M","?","E","T","M","M","R","E","R","M","E","M","B",null,"R","M","?","M","M","M","T","R","E","R","M","?","?","$","M","B",null,"E","$","R","B","B"],"character_chosen":"THE_CHAMP","items_purchased":["champ:UltimateStance","champ:FancyFootwork","Membership Card","Ginger","champ:BerserkerStyle","Bronze Scales"],"campfire_rested":1,"item_purchase_floors":[9,37,48,48,48,53],"current_hp_per_floor":[99,99,99,95,95,89,89,89,99,95,95,99,99,99,99,94,99,99,97,99,99,99,90,90,95,95,105,104,104,102,99,99,80,109,109,104,104,104,104,109,109,109,79,79,78,78,95,95,89,95,95,61,61,89,79,0,0,0],"gold":40,"neow_bonus":"TEN_PERCENT_HP_BONUS","is_daily":false,"chose_seed":false,"campfire_upgraded":8,"win_rate":0.0,"timestamp":1611441930,"path_taken":["R","M","?","M","?","E","T","M","$","E","R","M","R","?","M","BOSS","R","M","M","M","?","E","T","?","M","R","E","R","M","E","M","BOSS","R","M","?","M","M","M","T","R","E","R","M","?","?","?","M","BOSS","E","$","R","BOSS","BOSS"],"items_purchased_type":["Card","Card","Relic","Relic","Card","Relic"],"build_version":"2020-12-22","purchased_purges":2,"victory":false,"max_hp_per_floor":[99,99,99,99,99,99,99,99,99,99,99,99,99,99,99,99,99,99,99,99,99,99,99,99,99,99,109,109,109,109,109,109,109,109,109,109,109,109,109,109,109,109,109,109,109,109,95,95,95,95,95,95,95,95,95,95,95,95],"card_choices":[{"not_picked":["champ:Haymaker","champ:DefensiveShout"],"picked":"champ:FaceSlap","floor":2},{"not_picked":["champ:BerserkersShout","champ:StanceDance"],"picked":"champ:CalledShot","floor":4},{"not_picked":["champ:RecklessLeap","champ:Backstep"],"picked":"champ:DefensiveStyle","floor":6},{"not_picked":["champ:TornadoPunch","champ:SetATrap"],"picked":"champ:EnGarde","floor":8},{"not_picked":["champ:Endure","champ:CalledShot"],"picked":"champ:ShieldWall","floor":9},{"not_picked":["champ:Lariat","champ:DeathBlow"],"picked":"champ:Duel","floor":10},{"not_picked":["champ:FlashCut","champ:HeartStrike"],"picked":"champ:MurderStrike","floor":12},{"not_picked":["champ:RapidStrikes","champ:FocusedBerserking"],"picked":"champ:GutPunch","floor":14},{"not_picked":["champ:ShieldWall","champ:PreciseThrust"],"picked":"champ:SkillfulDodge","floor":15},{"not_picked":["champ:IgnorePain","champ:StrikeOfGenius"],"picked":"champ:TripleStrike","floor":16},{"not_picked":["champ:FanOfKnives","champ:PerfectedStrike+1","champ:BladeFlurry"],"picked":"SKIP","floor":19},{"not_picked":["champ:DefensiveShout","champ:ShieldSigil+1"],"picked":"champ:AdrenalArmor","floor":20},{"not_picked":["champ:Shatter","champ:FanOfKnives+1","champ:StanceDance+1"],"picked":"SKIP","floor":21},{"not_picked":["champ:Lariat","champ:ViciousMockery+1"],"picked":"champ:MurderStrike","floor":23},{"not_picked":["champ:TornadoPunch","champ:BladeFlurry","champ:SkillfulDodge"],"picked":"SKIP","floor":25},{"not_picked":["champ:CrownThrow+1","champ:PreciseThrust","champ:PerfectedStrike"],"picked":"SKIP","floor":26},{"not_picked":["champ:Haymaker","champ:DefensiveShout"],"picked":"champ:FaceSlap+1","floor":28},{"not_picked":["champ:CrookedStrike","champ:Shatter","champ:TornadoPunch+1"],"picked":"SKIP","floor":30},{"not_picked":["champ:Duel","champ:RapidStrikes","champ:PreemptiveStrike+1"],"picked":"SKIP","floor":31},{"not_picked":["champ:GladiatorStyle+1","champ:PerfectedStrike","champ:Duel"],"picked":"SKIP","floor":32},{"not_picked":["champ:TripleStrike","champ:Devastate"],"picked":"champ:ShieldThrow","floor":33},{"not_picked":["champ:DefensiveShout","champ:SetATrap"],"picked":"champ:BringItOn+1","floor":36},{"not_picked":["champ:CrownThrow","champ:DefensiveShout+1"],"picked":"champ:ShieldSlam","floor":37},{"not_picked":["champ:FanOfKnives+1","champ:ShieldWall+1"],"picked":"champ:RageSigil+1","floor":38},{"not_picked":["champ:RapidStrikes+1","champ:MurderStrike","champ:PreciseThrust"],"picked":"SKIP","floor":39},{"not_picked":["champ:RapidStrikes+1","champ:PreciseThrust"],"picked":"champ:MurderStrike","floor":39},{"not_picked":["champ:BerserkersShout+1","champ:CrownThrow+1","champ:EnGarde"],"picked":"SKIP","floor":40},{"not_picked":["champ:Backstep+1","champ:BringItOn","champ:HeavySlash"],"picked":"SKIP","floor":43},{"not_picked":["champ:BringItOn+1","champ:ShieldSigil+1"],"picked":"champ:RageSigil","floor":45},{"not_picked":["champ:DeathBlow","champ:ShieldSigil"],"picked":"champ:DefensiveShout+1","floor":48},{"not_picked":["champ:EndlessRage","champ:RisingSlash+1","champ:Parry"],"picked":"SKIP","floor":49},{"not_picked":["champ:FlashCut","champ:PerfectedStrike+1"],"picked":"champ:ShieldSlam+1","floor":52}],"player_experience":1661931,"relics_obtained":[{"floor":6,"key":"FossilizedHelix"},{"floor":7,"key":"Mercury Hourglass"},{"floor":10,"key":"champ:DefensiveTrainingManual"},{"floor":14,"key":"Bottled Flame"},{"floor":23,"key":"Bag of Marbles"},{"floor":28,"key":"Blue Candle"},{"floor":31,"key":"Juzu Bracelet"},{"floor":41,"key":"Mummified Hand"},{"floor":43,"key":"Ancient Tea Set"},{"floor":52,"key":"Shuriken"}],"event_choices":[{"cards_removed":["downfall:Malfunctioning"],"damage_healed":0,"gold_gain":0,"player_choice":"Card Removal","damage_taken":0,"max_hp_gain":0,"max_hp_loss":0,"event_name":"The Cleric","floor":5,"gold_loss":0},{"cards_removed":["champ:BringItOn"],"damage_healed":0,"gold_gain":0,"player_choice":"Removed Skill","damage_taken":0,"max_hp_gain":0,"max_hp_loss":0,"event_name":"Falling","floor":46,"gold_loss":0}],"is_beta":false,"boss_relics":[{"not_picked":["Tiny House","SlaversCollar"],"picked":"Cursed Key"},{"not_picked":["SacredBark","bronze:MakeshiftBattery"],"picked":"Pandora\u0027s Box"}],"items_purged_floors":[37,48],"is_endless":false,"potions_floor_spawned":[2,8,10,12,14,20,21,28,32,33,36,38,39,45,52],"killed_by":"downfall:NeowBossFinal","ascension_level":1}}