{"host":"2p6teegtjitvh23g","time":1611408598,"event":{"mods":["Act Like it!","Ascension Reborn","BaseMod","Better Note","Better Third Choice","Colored Map","Colored Powertips","Defuse TimeMaze Blight","Marisa£®ÏF”Í°°ƒß¿Ì…≥£©","Marked Mod","Minty Spire (QoL Compilation)","MostiFishMod","Quick Restart","Reimu£®≤©¿ˆ¡È√Œ£©","Relic Stats","Shop Mod","Spicy Shops","StSLib","The Runesmith","UnlockEverythingMod","Waifu the Spire","noobMod","vexMod"],"gold_per_floor":[115,115,129,304,319,516,603,809,809,958,118,177,202,352,352,950,950,969,115,115,225,225,225],"floor_reached":22,"language":"ZHS","playtime":1371,"items_purged":["ShootingEcho"],"score":557,"play_id":"075ec3a8-08f0-40b0-82ea-0d744bc4c8ef","local_time":"20210123212958","daily_mods":["SealedDeck","Allstar","Heirloom","Time Dilation","Flight","DeadlyEvents","Elite Swarm","Lethality"],"is_ascension_mode":true,"campfire_choices":[{"data":"SatelliteIllusion","floor":15,"key":"SMITH"}],"circlet_count":0,"master_deck":["SporeBomb","Runesmith:Firestorm","Orbital","BlazeAway","MagicChant","EarthLightRay","PulseMagic","Runesmith:Repurpose+1","Runesmith:FieryHammer","Runesmith:Empowerment+1","Doubt","Robbery+1","TreasureHunter","EscapeVelocity","SatelliteIllusion+1","Runesmith:DuctTape+1","Master of Strategy","Decay","Runesmith:Repurpose","Runesmith:CraftIndustria","UltimateShortwave","EarthLightRay+1","Pain","MostiFishMod:MusicBox+1","MostiFishMod:ForestofLight"],"relics":["MiniHakkero","ice","DaveBox","Civilization","SynthV:TestCard","Pantograph","vexMod:ScavengeHelm","Kunai","Runesmith:Nanobots","MerchantsRug","Question Card","InkBottle","PreservedInsect","Dream Catcher","Blue Candle","Frozen Egg 2","Singing Bowl","Mummified Hand","RedLine:ReiMu","SimpleLauncher","Ginger","Gremlin Horn"],"acts_visited":["Exordium","TheCity"],"potions_floor_usage":[],"damage_taken":[{"damage":0,"enemies":"2 Louse","floor":1,"turns":1},{"damage":209,"enemies":"Jaw Worm","floor":3,"turns":21},{"damage":0,"enemies":"Cultist","floor":5,"turns":2},{"damage":0,"enemies":"3 Sentries","floor":6,"turns":2},{"damage":0,"enemies":"Lagavulin","floor":7,"turns":3},{"damage":6,"enemies":"3 Sentries","floor":8,"turns":3},{"damage":0,"enemies":"Lagavulin","floor":10,"turns":2},{"damage":29,"enemies":"2 Fungi Beasts","floor":12,"turns":3},{"damage":2,"enemies":"Gremlin Nob","floor":13,"turns":2},{"damage":0,"enemies":"3 Sentries","floor":14,"turns":1},{"damage":65,"enemies":"Hexaghost","floor":16,"turns":3},{"damage":0,"enemies":"Shell Parasite","floor":18,"turns":1},{"damage":13,"enemies":"2 Thieves","floor":21,"turns":2},{"damage":0,"enemies":"Snake Plant","floor":22,"turns":1}],"seed_played":"9043867513103399588","potions_obtained":[{"floor":3,"key":"BottledSpark"},{"floor":5,"key":"Block Potion"},{"floor":8,"key":"Block Potion"},{"floor":10,"key":"Ancient Potion"}],"is_trial":true,"path_per_floor":["M","?","M","?","M","E","E","E","T","E","$","M","E","E","R","B",null,"M","$","?","M","M"],"character_chosen":"MARISA","items_purchased":["MerchantsRug","Master of Strategy","Question Card","InkBottle","vexMod:PaidLearning","PreservedInsect","Dream Catcher","SimpleLauncher","Ginger","Gremlin Horn","MostiFishMod:MusicBox+1"],"campfire_rested":0,"item_purchase_floors":[11,11,11,11,11,11,11,19,19,19,19],"current_hp_per_floor":[77,82,91,91,95,100,105,115,115,127,127,132,137,142,142,152,161,166,166,166,166,166,166],"gold":225,"neow_bonus":"","is_daily":false,"chose_seed":false,"campfire_upgraded":1,"win_rate":0.0,"timestamp":1611408598,"path_taken":["M","?","M","?","?","E","?","E","T","E","?","?","E","?","R","BOSS","M","$","?","?","?"],"items_purchased_type":["Relic","Card","Relic","Relic","Relic","Relic","Relic","Relic","Relic","Relic","Card"],"build_version":"2020-12-22","purchased_purges":1,"victory":false,"max_hp_per_floor":[77,82,91,91,95,100,105,115,115,127,127,132,137,142,142,161,161,166,166,166,173,173,173],"relic_stats":{"Singing Bowl":4,"Gremlin Horn":[1,1],"counters":[14,47],"Blue Candle":[0],"PreservedInsect":53,"Ginger":[0],"Question Card":6,"Dream Catcher":0,"Mummified Hand":[10],"Pantograph":0,"Kunai":[1],"obtain_stats":[{"DaveBox":0,"Singing Bowl":14,"Gremlin Horn":19,"ice":0,"Ginger":19,"RedLine:ReiMu":17,"Civilization":0,"Dream Catcher":11,"Mummified Hand":14,"Pantograph":7,"Strawberry":10,"Kunai":8,"InkBottle":11,"SimpleLauncher":19,"MerchantsRug":11,"Runesmith:Nanobots":9,"vexMod:ScavengeHelm":7,"Blue Candle":13,"PreservedInsect":11,"vexMod:PaidLearning":11,"Orichalcum":6,"War Paint":10,"Frozen Egg 2":13,"Question Card":11,"vexMod:Dragonfruit":8,"SynthV:TestCard":1,"Bird Faced Urn":0,"MiniHakkero":0},{"DaveBox":0,"Singing Bowl":10,"Gremlin Horn":12,"ice":0,"Ginger":12,"RedLine:ReiMu":11,"Civilization":0,"Dream Catcher":7,"Mummified Hand":10,"Pantograph":5,"Strawberry":7,"Kunai":6,"InkBottle":7,"SimpleLauncher":12,"MerchantsRug":7,"Runesmith:Nanobots":6,"vexMod:ScavengeHelm":5,"Blue Candle":9,"PreservedInsect":7,"vexMod:PaidLearning":7,"Orichalcum":4,"War Paint":7,"Frozen Egg 2":9,"Question Card":7,"vexMod:Dragonfruit":6,"SynthV:TestCard":1,"Bird Faced Urn":0,"MiniHakkero":0},{"DaveBox":0,"Singing Bowl":40,"Gremlin Horn":44,"ice":0,"Ginger":44,"RedLine:ReiMu":43,"Civilization":0,"Dream Catcher":34,"Mummified Hand":40,"Pantograph":29,"Strawberry":34,"Kunai":32,"InkBottle":34,"SimpleLauncher":44,"MerchantsRug":34,"Runesmith:Nanobots":32,"vexMod:ScavengeHelm":29,"Blue Candle":39,"PreservedInsect":34,"vexMod:PaidLearning":34,"Orichalcum":26,"War Paint":34,"Frozen Egg 2":39,"Question Card":34,"vexMod:Dragonfruit":32,"SynthV:TestCard":1,"Bird Faced Urn":0,"MiniHakkero":0}],"InkBottle":[5]},"card_choices":[{"not_picked":["SporeBomb","EnergyRecoil","Runesmith:HeatedChisel"],"picked":"SKIP","floor":1},{"not_picked":["NonDirectionalLaser","GravityBeat","UnstableBomb","DragonMeteor"],"picked":"Runesmith:Empowerment","floor":3},{"not_picked":["BlazeAway","Runesmith:HeatedChisel","Occultation","Runesmith:CraftMagma"],"picked":"Robbery","floor":5},{"not_picked":["Runesmith:LightningRod","MillisecondPulsars","BinaryStars","Runesmith:CraftMedicinae"],"picked":"TreasureHunter","floor":6},{"not_picked":["Runesmith:Duplicate","Runesmith:LastStand","Runesmith:ReplicatingBarrier","Runesmith:CraftMedicinae"],"picked":"EscapeVelocity","floor":7},{"not_picked":["Runesmith:GenerateForcefield","Runesmith:FissionHammer","Runesmith:CraftIndustria","Runesmith:ArcReactor"],"picked":"SatelliteIllusion","floor":8},{"not_picked":["CasketOfStar","Runesmith:GrandSlam","Runesmith:LightningRod","AbsoluteMagnitude"],"picked":"Runesmith:DuctTape","floor":10},{"not_picked":["GrandCross","GalacticHalo","Runesmith:ChiselStab","Runesmith:ShiftingStrike","UnstableBomb"],"picked":"Runesmith:Repurpose","floor":12},{"not_picked":["FinalSpark","Runesmith:ArcReactor+1","Runesmith:LightningRod","BigCrunch","Runesmith:FissionHammer"],"picked":"Runesmith:CraftIndustria","floor":13},{"not_picked":["Runesmith:Duplicate","Runesmith:GrandSlam","Runesmith:CraftPrismatica","BinaryStars","Runesmith:DuctTape+1"],"picked":"UltimateShortwave","floor":14},{"not_picked":["MaximisePower","Runesmith:CraftIndustria","Runesmith:FissionHammer","CasketOfStar+1","BlazingStar","BinaryStars"],"picked":"Singing Bowl","floor":16},{"not_picked":["Runesmith:CraftMagma+1","SprinkleStarSeal","Runesmith:ChiselStab","GalacticHalo","MilkyWay+1"],"picked":"EarthLightRay+1","floor":18},{"not_picked":["Runesmith:CraftIncendium","Runesmith:Reinforce","Runesmith:EnergizedChisel+1","SuperPerseids","Runesmith:HeatExchange","6A"],"picked":"Singing Bowl","floor":21}],"player_experience":312752,"relics_obtained":[{"floor":1,"key":"SynthV:TestCard"},{"floor":6,"key":"Orichalcum"},{"floor":7,"key":"Pantograph"},{"floor":7,"key":"vexMod:ScavengeHelm"},{"floor":8,"key":"vexMod:Dragonfruit"},{"floor":8,"key":"Kunai"},{"floor":9,"key":"Runesmith:Nanobots"},{"floor":10,"key":"Strawberry"},{"floor":10,"key":"War Paint"},{"floor":13,"key":"Blue Candle"},{"floor":13,"key":"Frozen Egg 2"},{"floor":14,"key":"Singing Bowl"},{"floor":14,"key":"Mummified Hand"}],"event_choices":[{"damage_healed":0,"gold_gain":0,"player_choice":"Donut","damage_taken":0,"max_hp_gain":5,"max_hp_loss":0,"event_name":"Big Fish","floor":2,"gold_loss":0},{"damage_healed":0,"gold_gain":175,"player_choice":"AGREE","damage_taken":129,"max_hp_gain":0,"max_hp_loss":0,"event_name":"betterThird:BetterSerpent","floor":4,"gold_loss":0},{"cards_removed":["MostiFishMod:MusicBox"],"damage_healed":0,"gold_gain":0,"player_choice":"Take \u0026 Give","damage_taken":0,"max_hp_gain":0,"max_hp_loss":0,"event_name":"betterNote:BetterNote","floor":20,"gold_loss":0,"cards_obtained":["MostiFishMod:ForestofLight"]}],"is_beta":false,"boss_relics":[{"not_picked":["FixedStarFall","RhineCircuit"],"picked":"RedLine:ReiMu"}],"items_purged_floors":[19],"is_endless":true,"potions_floor_spawned":[3,5,8,10],"killed_by":"Snake Plant","ascension_level":0}}