{"host":"y1oqg7uy0jc6f5mb","time":1611417728,"event":{"mods":["BaseMod","Better Altar","Better Match","Better Note","Better Sensory Stone","Better Skull","Better Third Choice","BetterRewards","Block Reminder","Colored Map","Colored Powertips","Custom Start","DeckTracker","Displayed Cursed Tome","Highlight Path","Ironclad Rager","Minty Spire (QoL Compilation)","Permanent Neow","Quick Restart","Relic Sorter","Relic Stats","Shop Mod","StSLib"],"gold_per_floor":[118,134,134,33,44,44,0,30,55,55,111,139,139,150,150,251,251,268,268,279,279,279],"floor_reached":21,"language":"ENG","playtime":1506,"items_purged":["Strike_B"],"score":206,"play_id":"7670d192-39e8-4ef4-ac48-5ffabe70e640","local_time":"20210124000208","is_ascension_mode":true,"campfire_choices":[{"data":"Chaos","floor":6.0,"key":"SMITH"},{"data":"Hologram","floor":10.0,"key":"SMITH"},{"floor":13.0,"key":"REST"},{"data":"Genetic Algorithm","floor":15.0,"key":"SMITH"}],"circlet_count":0,"master_deck":["Strike_B","Strike_B+1","Defend_B","Defend_B","Defend_B","Defend_B","Zap","Dualcast","Panacea","Chaos+1","Glacier","Ball Lightning+1","Cold Snap","Enlightenment","Hologram+1","Redo","Chill","Undo","Genetic Algorithm+1","Biased Cognition","Beam Cell+1","Auto Shields"],"relics":["Cracked Core","Dream Catcher","Anchor","Whetstone","Bag of Marbles","Inserter","CultistMask"],"acts_visited":["Exordium","TheCity"],"potions_floor_usage":[],"damage_taken":[{"damage":0.0,"enemies":"Small Slimes","floor":1.0,"turns":2.0},{"damage":4.0,"enemies":"Jaw Worm","floor":2.0,"turns":4.0},{"damage":0.0,"enemies":"2 Louse","floor":5.0,"turns":2.0},{"damage":9.0,"enemies":"Lagavulin","floor":8.0,"turns":8.0},{"damage":0.0,"enemies":"Gremlin Nob","floor":11.0,"turns":4.0},{"damage":25.0,"enemies":"Gremlin Nob","floor":12.0,"turns":4.0},{"damage":1.0,"enemies":"Exordium Wildlife","floor":14.0,"turns":4.0},{"damage":49.0,"enemies":"Slime Boss","floor":16.0,"turns":13.0},{"damage":38.0,"enemies":"2 Thieves","floor":18.0,"turns":5.0},{"damage":4,"enemies":"Shell Parasite","floor":20,"turns":5},{"damage":39,"enemies":"3 Cultists","floor":21,"turns":4}],"seed_played":"-5990390534193576660","potions_obtained":[{"floor":2.0,"key":"Block Potion"},{"floor":8.0,"key":"SpeedPotion"},{"floor":14.0,"key":"FocusPotion"}],"is_trial":false,"path_per_floor":["M","M","?","$","M","R","?","E","T","R","?","E","R","M","R","B",null,"M","?","M","M"],"character_chosen":"DEFECT","items_purchased":["Ball Lightning"],"campfire_rested":1,"item_purchase_floors":[4],"current_hp_per_floor":[75,71,64,64,64,64,70,61,61,61,61,36,60,59,59,10,81,43,43,39,0,0],"gold":279,"neow_bonus":"RANDOM_COLORLESS","is_daily":false,"chose_seed":false,"campfire_upgraded":3,"win_rate":0.0,"timestamp":1611417728,"path_taken":["M","M","?","$","M","R","?","E","T","R","?","E","R","M","R","BOSS","M","?","?","M"],"items_purchased_type":["Card"],"build_version":"2020-12-22","purchased_purges":1,"victory":false,"max_hp_per_floor":[75,75,75,75,75,75,81,81,81,81,81,81,81,81,81,81,81,81,81,81,81,81],"relic_stats":{"Dream Catcher":1,"Inserter":[7],"counters":[11,55],"Whetstone":["Ball Lightning","Strike_B"],"obtain_stats":[{"Dream Catcher":8,"Anchor":9,"Inserter":17,"CultistMask":19,"Bag of Marbles":12,"Whetstone":11,"Cracked Core":0},{"Dream Catcher":4,"Anchor":4,"Inserter":8,"CultistMask":9,"Bag of Marbles":6,"Whetstone":5,"Cracked Core":0},{"Dream Catcher":16,"Anchor":16,"Inserter":41,"CultistMask":46,"Bag of Marbles":24,"Whetstone":20,"Cracked Core":0}]},"card_choices":[{"not_picked":["Forethought","Madness"],"picked":"Panacea","floor":0.0},{"not_picked":["Rip and Tear","BootSequence"],"picked":"Chaos","floor":1.0},{"not_picked":["Defragment","Streamline"],"picked":"Glacier","floor":2.0},{"not_picked":["Barrage","Hello World"],"picked":"Cold Snap","floor":5.0},{"not_picked":["Hello World","Reprogram"],"picked":"Hologram","floor":8.0},{"not_picked":["Coolheaded","Steam"],"picked":"Redo","floor":11.0},{"not_picked":["Cold Snap","Compile Driver"],"picked":"Chill","floor":12.0},{"not_picked":["Barrage","Storm"],"picked":"Undo","floor":13.0},{"not_picked":["Compile Driver","Thunder Strike"],"picked":"Genetic Algorithm","floor":14.0},{"not_picked":["All For One","Core Surge"],"picked":"Biased Cognition","floor":16.0},{"not_picked":["Redo","Hello World"],"picked":"Beam Cell+1","floor":18.0},{"not_picked":["Redo","BootSequence"],"picked":"Auto Shields","floor":20}],"player_experience":154559,"relics_obtained":[{"floor":8.0,"key":"Dream Catcher"},{"floor":9.0,"key":"Anchor"},{"floor":11.0,"key":"Whetstone"},{"floor":12.0,"key":"Bag of Marbles"}],"event_choices":[{"cards_removed":["Strike_B"],"damage_healed":0.0,"max_hp_gain":0.0,"max_hp_loss":0.0,"gold_gain":0.0,"event_name":"Golden Wing","player_choice":"Card Removal","floor":3.0,"gold_loss":0.0,"damage_taken":7.0},{"damage_healed":0.0,"max_hp_gain":0.0,"max_hp_loss":0.0,"gold_gain":0.0,"event_name":"betterThird:BetterSerpent","player_choice":"RENOUNCE","floor":7.0,"gold_loss":44.0,"damage_taken":44.0,"cards_obtained":["Enlightenment"]},{"damage_healed":0.0,"max_hp_gain":0.0,"max_hp_loss":0.0,"gold_gain":0.0,"event_name":"Dead Adventurer","player_choice":"Searched \u00272\u0027 times","floor":11.0,"gold_loss":0.0,"damage_taken":0.0},{"damage_healed":0.0,"max_hp_gain":0.0,"max_hp_loss":0.0,"gold_gain":0.0,"event_name":"FaceTrader","player_choice":"Trade","floor":19.0,"gold_loss":0.0,"damage_taken":0.0,"relics_obtained":["CultistMask"]}],"is_beta":false,"boss_relics":[{"not_picked":["Nuclear Battery","Tiny House"],"picked":"Inserter"}],"items_purged_floors":[4],"is_endless":false,"potions_floor_spawned":[2,8,14],"killed_by":"3 Cultists","ascension_level":2}}