{"host":"4bbalj7r5kimsnho","time":1611414281,"event":{"mods":["AchievementEnabler","BaseMod","Colored Powertips","Hermit","Minty Spire (QoL Compilation)","StSLib"],"gold_per_floor":[110,58,58,76,95,120,120,151,203,203,203,203,218,293,293,293,293],"floor_reached":16,"language":"ENG","playtime":821,"items_purged":[],"score":119,"play_id":"4a2490cc-7541-4d0d-8d24-5e6ed0dfa599","local_time":"20210123150441","is_ascension_mode":true,"campfire_choices":[{"data":"Dualcast","floor":7,"key":"SMITH"},{"floor":10,"key":"REST"},{"data":"Coolheaded","floor":12,"key":"SMITH"},{"data":"Hologram","floor":15,"key":"SMITH"}],"circlet_count":0,"master_deck":["Strike_B","Strike_B","Strike_B","Strike_B","Defend_B","Defend_B","Defend_B","Defend_B","Zap","Dualcast+1","Injury","Hyperbeam","Gash","Coolheaded+1","Coolheaded","Undo","Go for the Eyes","Parasite","Hologram+1"],"relics":["Cracked Core","Darkstone Periapt","DataDisk","MealTicket","Boot"],"acts_visited":["Exordium"],"potions_floor_usage":[6,8],"damage_taken":[{"damage":21,"enemies":"Small Slimes","floor":1,"turns":3},{"damage":0,"enemies":"2 Louse","floor":4,"turns":1},{"damage":10,"enemies":"Jaw Worm","floor":5,"turns":3},{"damage":16,"enemies":"Gremlin Nob","floor":6,"turns":5},{"damage":3,"enemies":"3 Sentries","floor":8,"turns":3},{"damage":13,"enemies":"Large Slime","floor":13,"turns":6},{"damage":49,"enemies":"Slime Boss","floor":16,"turns":7}],"seed_played":"2693173454542376997","potions_obtained":[{"floor":4,"key":"FocusPotion"},{"floor":6,"key":"AttackPotion"}],"is_trial":false,"path_per_floor":["M","$","?","M","M","E","R","E","T","R","?","R","M","?","R","B"],"character_chosen":"DEFECT","items_purchased":["Coolheaded"],"campfire_rested":1,"item_purchase_floors":[2],"current_hp_per_floor":[54,54,51,51,41,25,25,22,22,44,68,68,55,44,44,0,0],"gold":293,"neow_bonus":"THREE_RARE_CARDS","is_daily":false,"chose_seed":false,"campfire_upgraded":3,"win_rate":0.0,"timestamp":1611414281,"path_taken":["M","$","?","M","M","E","R","E","T","R","?","R","M","?","R","BOSS"],"items_purchased_type":["Card"],"build_version":"2020-12-22","purchased_purges":0,"victory":false,"max_hp_per_floor":[75,75,75,75,75,75,75,75,75,75,81,81,81,81,81,81,81],"card_choices":[{"not_picked":["Multi-Cast","Rainbow"],"picked":"Hyperbeam","floor":0},{"not_picked":["Beam Cell","Sweeping Beam"],"picked":"Gash","floor":1},{"not_picked":["Compile Driver","Rip and Tear"],"picked":"Coolheaded","floor":4},{"not_picked":["Storm","Melter","Stack"],"picked":"SKIP","floor":5},{"not_picked":["Ball Lightning","Conserve Battery"],"picked":"Undo","floor":6},{"not_picked":["Gash","Beam Cell"],"picked":"Go for the Eyes","floor":8},{"not_picked":["Stack","Steam Power"],"picked":"Hologram","floor":13}],"player_experience":117278,"relics_obtained":[{"floor":6,"key":"DataDisk"},{"floor":8,"key":"MealTicket"},{"floor":9,"key":"Boot"}],"event_choices":[{"damage_healed":0,"gold_gain":0,"player_choice":"Success","damage_taken":3,"relics_obtained":["Darkstone Periapt"],"max_hp_gain":0,"max_hp_loss":0,"event_name":"Scrap Ooze","floor":3,"gold_loss":0},{"damage_healed":18,"gold_gain":0,"player_choice":"Healed and dodged fight","damage_taken":0,"max_hp_gain":0,"max_hp_loss":0,"event_name":"Mushrooms","floor":11,"gold_loss":0,"cards_obtained":["Parasite"]},{"damage_healed":0,"gold_gain":75,"player_choice":"Gather Gold","damage_taken":11,"max_hp_gain":0,"max_hp_loss":0,"event_name":"World of Goop","floor":14,"gold_loss":0}],"is_beta":false,"boss_relics":[],"items_purged_floors":[],"is_endless":false,"potions_floor_spawned":[4,6],"killed_by":"Slime Boss","ascension_level":2}}