{"host":"bf9sa99gaumonoeu","time":1611417765,"event":{"mods":["AchievementEnabler","Act Like it!","Aspiration","BaseMod","Bestiary","Block Reminder","Colored Map","Colored Powertips","Friendly Minions","Gensokyo","GifTheSpireLib","Googly Eyes","Hallownest","Hermit","Highlight Path","Jorbs\u0027s Wanderer Trilogy","KinomotoSakuraMod(????)","Koishi","Marisa????????","Minty Spire (QoL Compilation)","Rare Cards Sparkle","Relic Stats","Spire Arcade","StSLib","The Administrix","The Animator","The Bug Knight","The Construct","The Cursed","The Hierophant","The Mystic","The Necromancer","The Poker Player","The Runesmith","The Senshi","The Servant 0.9.4","ojb\u0027s Info Mod"],"gold_per_floor":[113,13,113,129,9,40,54,87,160,172,172,189,218,298,298,375,375,392,403,403,403,423,423,423,453,453,453,487,24,48,80,80,80,80],"floor_reached":33,"language":"ENG","playtime":2941,"items_purged":[],"score":606,"play_id":"91ce4435-e680-4d85-bbba-9b1868cdde6d","local_time":"20210123140245","is_ascension_mode":true,"campfire_choices":[{"data":"Bouncing Flask","floor":11.0,"key":"SMITH"},{"floor":15.0,"key":"REST"},{"data":"Prepared","floor":23,"key":"SMITH"},{"data":"Glass Knife","floor":27,"key":"SMITH"},{"data":"Neutralize","floor":32,"key":"SMITH"}],"circlet_count":0,"master_deck":["AscendersBane","Strike_G","Strike_G","Strike_G","Strike_G","Strike_G","Defend_G+1","Defend_G","Defend_G","Defend_G","Defend_G+1","Survivor","Neutralize+1","Blade Dance","Deadly Poison","Predator","Infinite Blades","Bouncing Flask+1","Flying Knee","Finisher","Dagger Spray","Sucker Punch","Phantasmal Killer","Glass Knife+1","Concentrate","Prepared+1","Gensokyo:LochNessMonster","Footwork","Dodge and Roll","Outmaneuver","Gensokyo:LockedMedkit","Gensokyo:ReactiveArmor","Gensokyo:DepletedGenerator","Acrobatics+1"],"relics":["Ring of the Snake","Snake Skull","aspiration:FrozenJewel","aspiration:StickyExplosives","HollowMod:PaleOreRelic","Eternal Feather","Lantern","Runic Pyramid","Bird Faced Urn","Sundial","War Paint","Sling","HandDrill","Art of War","Bronze Scales"],"acts_visited":["Gensokyo:Gensokyo","Gensokyo:Gensokyoer"],"potions_floor_usage":[28,33,33],"damage_taken":[{"damage":19.0,"enemies":"Gensokyo:Gryphon","floor":1.0,"turns":6.0},{"damage":0.0,"enemies":"Gensokyo:Python","floor":4.0,"turns":4.0},{"damage":18.0,"enemies":"Gensokyo:Mamizou","floor":6.0,"turns":7.0},{"damage":2.0,"enemies":"Gensokyo:3_Fairies","floor":7.0,"turns":4.0},{"damage":10.0,"enemies":"Gensokyo:Aya","floor":8.0,"turns":3.0},{"damage":0.0,"enemies":"Gensokyo:LivingMonolith","floor":10.0,"turns":3.0},{"damage":17.0,"enemies":"Gensokyo:3_Kodama","floor":12.0,"turns":5.0},{"damage":2.0,"enemies":"Gensokyo:Cirno","floor":13.0,"turns":6.0},{"damage":15.0,"enemies":"Gensokyo:Kokoro","floor":16.0,"turns":7.0},{"damage":0.0,"enemies":"Gensokyo:Chomper","floor":18.0,"turns":3.0},{"damage":10.0,"enemies":"Gensokyo:3_Dogs","floor":19.0,"turns":4.0},{"damage":13.0,"enemies":"Gensokyo:Swordslinger","floor":21.0,"turns":2.0},{"damage":21.0,"enemies":"Gensokyo:Wraith","floor":22.0,"turns":4.0},{"damage":11,"enemies":"Gensokyo:Koishi","floor":25,"turns":3},{"damage":0,"enemies":"Gensokyo:Reisen","floor":28,"turns":6},{"damage":29,"enemies":"Gensokyo:Tenshi","floor":31,"turns":3},{"damage":38,"enemies":"Gensokyo:Eiki","floor":33,"turns":8}],"seed_played":"868158255253209315","potions_obtained":[{"floor":6.0,"key":"EntropicBrew"},{"floor":7.0,"key":"Regen Potion"},{"floor":13.0,"key":"SkillPotion"},{"floor":16.0,"key":"SmokeBomb"},{"floor":22.0,"key":"Energy Potion"},{"floor":25,"key":"BlessingOfTheForge"},{"floor":31,"key":"Dexterity Potion"}],"is_trial":false,"path_per_floor":["M","?","?","M","$","E","M","E","T","M","R","M","E","?","R","B",null,"M","M","?","M","M","R","?","E","T","R","E","COS","T","E","R","B"],"character_chosen":"THE_SILENT","items_purchased":["Predator","Infinite Blades"],"campfire_rested":1,"item_purchase_floors":[5,5],"current_hp_per_floor":[40,40,40,40,40,22,20,22,22,22,34,17,15,15,46,31,57,57,47,47,34,13,28,28,17,17,32,36,36,36,7,25,0,0],"gold":80,"neow_bonus":"RANDOM_COMMON_RELIC","is_daily":false,"chose_seed":false,"campfire_upgraded":4,"win_rate":0.0,"timestamp":1611417765,"path_taken":["M","?","?","M","$","E","M","E","T","M","R","M","E","?","R","BOSS","M","M","?","M","M","R","?","E","T","R","E","COS","?","E","R","BOSS"],"items_purchased_type":["Card","Card"],"build_version":"2020-12-22","purchased_purges":0,"victory":false,"max_hp_per_floor":[66,66,66,66,66,66,66,66,66,66,66,66,66,66,66,66,66,66,66,59,59,59,59,59,59,59,59,59,59,59,59,59,59,59],"relic_stats":{"counters":[17,78],"Sundial":[0],"Bird Faced Urn":[8],"Bronze Scales":[18],"Eternal Feather":72,"Snake Skull":[53],"HandDrill":[4],"Art of War":[3],"War Paint":["Defend_G","Defend_G"],"obtain_stats":[{"aspiration:StickyExplosives":6,"Lantern":13,"Eternal Feather":9,"Snake Skull":0,"War Paint":28,"Sling":29,"aspiration:FrozenJewel":2,"Frozen Eye":25,"Sundial":26,"Bird Faced Urn":25,"Bronze Scales":31,"HandDrill":29,"Art of War":30,"HollowMod:PaleOreRelic":8,"Ring of the Snake":0,"Runic Pyramid":17},{"aspiration:StickyExplosives":3,"Lantern":8,"Eternal Feather":5,"Snake Skull":0,"War Paint":15,"Sling":15,"aspiration:FrozenJewel":1,"Frozen Eye":13,"Sundial":14,"Bird Faced Urn":14,"Bronze Scales":16,"HandDrill":15,"Art of War":15,"HollowMod:PaleOreRelic":5,"Ring of the Snake":0,"Runic Pyramid":9},{"aspiration:StickyExplosives":17,"Lantern":38,"Eternal Feather":24,"Snake Skull":0,"War Paint":67,"Sling":67,"aspiration:FrozenJewel":6,"Frozen Eye":58,"Sundial":61,"Bird Faced Urn":61,"Bronze Scales":70,"HandDrill":67,"Art of War":67,"HollowMod:PaleOreRelic":24,"Ring of the Snake":0,"Runic Pyramid":45}],"Ring of the Snake":[34]},"card_choices":[{"not_picked":["Dodge and Roll","Cloak And Dagger"],"picked":"Blade Dance","floor":1.0},{"not_picked":["Catalyst","Concentrate"],"picked":"Deadly Poison","floor":4.0},{"not_picked":["Endless Agony","Deadly Poison"],"picked":"Bouncing Flask","floor":6.0},{"not_picked":["Dodge and Roll","Terror"],"picked":"Flying Knee","floor":7.0},{"not_picked":["Bane","Endless Agony"],"picked":"Finisher","floor":8.0},{"not_picked":["PiercingWail","Dodge and Roll"],"picked":"Dagger Spray","floor":10.0},{"not_picked":["Endless Agony","Dodge and Roll"],"picked":"Sucker Punch","floor":12.0},{"not_picked":["Acrobatics","Deflect"],"picked":"Phantasmal Killer","floor":13.0},{"not_picked":["Bullet Time","Malaise"],"picked":"Glass Knife","floor":16.0},{"not_picked":["Blur","Dagger Spray"],"picked":"Concentrate","floor":18.0},{"not_picked":["Slice","Bane"],"picked":"Prepared","floor":19.0},{"not_picked":["Gensokyo:MonkeysPaw","Gensokyo:Doppelganger"],"picked":"Gensokyo:LochNessMonster","floor":20.0},{"not_picked":["Riddle With Holes","Calculated Gamble"],"picked":"Footwork","floor":22.0},{"not_picked":["Dash","Poisoned Stab"],"picked":"Dodge and Roll","floor":25},{"not_picked":["Well Laid Plans","Flying Knee"],"picked":"Outmaneuver","floor":28},{"not_picked":["Dagger Throw","Dagger Spray"],"picked":"Acrobatics+1","floor":31}],"player_experience":1130478,"relics_obtained":[{"floor":6.0,"key":"aspiration:StickyExplosives"},{"floor":8.0,"key":"HollowMod:PaleOreRelic"},{"floor":9.0,"key":"Eternal Feather"},{"floor":13.0,"key":"Lantern"},{"floor":25,"key":"Bird Faced Urn"},{"floor":26,"key":"Sundial"},{"floor":28,"key":"War Paint"},{"floor":30,"key":"Art of War"},{"floor":31,"key":"Bronze Scales"}],"event_choices":[],"is_beta":false,"boss_relics":[{"not_picked":["aspiration:IroncladSkillbook","aspiration:RunicSpoon"],"picked":"Runic Pyramid"}],"items_purged_floors":[],"is_endless":false,"potions_floor_spawned":[6,7,13,16,22,25,31],"killed_by":"Gensokyo:Eiki","ascension_level":20}}