{"host":"zk6vb2npgw3pu6j2","time":1611368748,"event":{"mods":["Act Like it!","Aspiration","Bard","BaseMod","Beaked The Cultist","Bestiary","Better Note","Better Sensory Stone","CapriCore","Conspire","Downfall","Friendly Minions","Gensokyo","GifTheSpireLib","Hallownest","Hermit","Hubris","Koishi","Marisa????????","Marked Mod","Minty Spire (QoL Compilation)","Quarter Circle Forward PUNCH!","Reimu??????","Replay The Spire","Retaliation","StSLib","The Administrix","The Alterego","The Blue Laboratory","The Bug Knight","The Construct","The Exalted","The Hierophant","The Immortal","The Marked","The Runesmith","The Senshi","The Servant 0.9.4","The Wild Card","TheVacant","Wandering Minibosses","yUi"],"gold_per_floor":[113,113,129,144,20,48,48,48,48,48,79,9,9,9,9,113,113,133,133,62,81,98,98,98,138,138,152,152,152,152,152],"floor_reached":30,"language":"ENG","playtime":1586,"items_purged":[],"score":234,"play_id":"dd4900ec-f088-4cef-88ab-f35f5976192d","local_time":"20210122212548","is_ascension_mode":false,"campfire_choices":[{"floor":8,"key":"REST"},{"data":"theMarked:TurnInvisible","floor":13,"key":"SMITH"},{"floor":15,"key":"DIG"},{"data":"theMarked:MagicAdept","floor":23,"key":"SMITH"},{"floor":28,"key":"REST"}],"circlet_count":0,"master_deck":["theMarked:Strike","theMarked:Strike","theMarked:Strike","theMarked:Defend","theMarked:Defend","theMarked:Defend","theMarked:SoldierOfQuellstein","theMarked:ChainLightning","Sneak Up","Dash","Eviscerate","theMarked:HeightenedSenses","theMarked:Parkour","theMarked:ElementalBlade","theMarked:TurnInvisible+1","theMarked:MagicAdept+1","theMarked:SwordAndMagic","theMarked:Overcharge","theMarked:EmpowerWeapon","theMarked:ElectricStrings","FlyingSleeves","theMarked:Aftermath","theMarked:ChainLightning"],"relics":["theMarked:ArtifactOfAir","aspiration:Nostalgia","sneckomod:SneckoSoul","Akabeko","ReplayTheSpireMod:Ninjato","Happy Flower","Replay:Bottled Flurry","Gensokyo:PerfectCherryBlossom","Orichalcum","CaptainsWheel","Ring of Chaos","hubris:Potato","Unceasing Top","Gambling Chip","qcfpunch:Spiky_Bracers","Runesmith:AutoHammer"],"acts_visited":["Gensokyo:Gensokyo","Gensokyo:Gensokyoer"],"potions_floor_usage":[6],"damage_taken":[{"damage":6,"enemies":"Gensokyo:Python","floor":1,"turns":3},{"damage":0,"enemies":"Gensokyo:Gryphon","floor":3,"turns":3},{"damage":0,"enemies":"Gensokyo:3_Fairies","floor":4,"turns":4},{"damage":37,"enemies":"Gensokyo:Aya","floor":6,"turns":7},{"damage":16,"enemies":"Gensokyo:Cirno","floor":11,"turns":7},{"damage":42,"enemies":"Gensokyo:Yukari","floor":16,"turns":10},{"damage":16,"enemies":"Gensokyo:3_Dogs","floor":18,"turns":8},{"damage":9,"enemies":"Gensokyo:Chomper","floor":21,"turns":4},{"damage":23,"enemies":"Gensokyo:Slime_Group","floor":22,"turns":5},{"damage":9,"enemies":"Gensokyo:Slime_Group","floor":25,"turns":8},{"damage":15,"enemies":"Gensokyo:3_Gloops","floor":27,"turns":6},{"damage":36,"enemies":"conspire:MimicChest","floor":30,"turns":6}],"seed_played":"-2563797031786644173","potions_obtained":[{"floor":3,"key":"sneckomod:MuddlingPotion"},{"floor":4,"key":"Fire Potion"},{"floor":16,"key":"blueLaboratory:NullPotion"},{"floor":21,"key":"AttackPotion"}],"is_trial":false,"path_per_floor":["M","?","M","M","COS","E","T","R","T","$","E","?","R","?","R","B",null,"M","?","$","M","M","R","?","?","T","M","R","?","?"],"character_chosen":"THE_DEFAULT","items_purchased":["theMarked:Overcharge"],"campfire_rested":2,"item_purchase_floors":[20],"current_hp_per_floor":[64,64,64,64,64,27,27,48,48,48,32,39,39,39,39,7,77,61,69,69,60,37,37,37,28,28,13,36,36,0,0],"gold":152,"neow_bonus":"NOSTALGIA","is_daily":false,"chose_seed":false,"campfire_upgraded":2,"win_rate":0.0,"timestamp":1611368748,"path_taken":["M","?","?","?","COS","E","?","R","T","$","E","?","R","?","R","BOSS","M","?","?","?","M","R","?","?","T","M","R","?","?"],"items_purchased_type":["Card"],"build_version":"2020-12-22","purchased_purges":0,"victory":false,"max_hp_per_floor":[70,70,70,70,70,70,70,70,70,70,70,77,77,77,77,77,77,77,77,77,77,77,77,77,77,77,77,77,77,77,77],"card_choices":[{"not_picked":["theMarked:HeightenedSenses","theMarked:WastefulDefense"],"picked":"theMarked:ChainLightning","floor":1},{"not_picked":["theMarked:Frustration","theMarked:Static"],"picked":"theMarked:HeightenedSenses","floor":3},{"not_picked":["theMarked:Standoff","theMarked:Static"],"picked":"theMarked:Parkour","floor":4},{"not_picked":["theMarked:WardOff","theMarked:Parry"],"picked":"theMarked:ElementalBlade","floor":6},{"not_picked":["theMarked:Static","theMarked:ElectricStrings"],"picked":"theMarked:TurnInvisible","floor":11},{"not_picked":["theMarked:Abjuration","theMarked:ThrowWeapon"],"picked":"theMarked:MagicAdept","floor":16},{"not_picked":["theMarked:Generate+1","theMarked:ResourceFulStrike"],"picked":"theMarked:SwordAndMagic","floor":18},{"not_picked":["theMarked:Static+1","theMarked:TakeCover+1"],"picked":"theMarked:EmpowerWeapon","floor":21},{"not_picked":["theMarked:TakeOffHeels","theMarked:Static"],"picked":"theMarked:ElectricStrings","floor":22},{"not_picked":["theMarked:WastefulAttack","theMarked:Seal"],"picked":"theMarked:Aftermath","floor":25},{"not_picked":["theMarked:WastefulDefense","theMarked:Parkour+1"],"picked":"theMarked:ChainLightning","floor":27}],"player_experience":264046,"relics_obtained":[{"floor":6,"key":"Akabeko"},{"floor":7,"key":"ReplayTheSpireMod:Ninjato"},{"floor":9,"key":"Happy Flower"},{"floor":11,"key":"Replay:Bottled Flurry"},{"floor":15,"key":"Orichalcum"},{"floor":25,"key":"Unceasing Top"},{"floor":25,"key":"Gambling Chip"},{"floor":26,"key":"qcfpunch:Spiky_Bracers"}],"event_choices":[{"damage_healed":0,"gold_gain":2,"player_choice":"4","damage_taken":0,"max_hp_gain":0,"max_hp_loss":0,"event_name":"betterStone:BetterStone","floor":24,"gold_loss":0,"cards_obtained":["FlyingSleeves"]}],"is_beta":false,"boss_relics":[{"not_picked":["Replay:Grab Bag","Runesmith:UraniumAnvil"],"picked":"Ring of Chaos"}],"items_purged_floors":[],"is_endless":false,"potions_floor_spawned":[3,4,16,21,22,25],"killed_by":"conspire:MimicChest","ascension_level":0}}