{"host":"dt8l0my8qdt1qx2n","time":1611402683,"event":{"mods":["Arknights The Spire","BaseMod","Marisa£®ÏF”Í°°ƒß¿Ì…≥£©","Minty Spire (QoL Compilation)","Reimu£®≤©¿ˆ¡È√Œ£©","Remilia£®¿Ÿ√◊¿Ú—«£©","StSLib","The Servant 0.9.4","Yuyuko","°æ“≈ŒÔø®≈∆°øREMEMod"],"gold_per_floor":[110,123,137,152,170,170,26,26,52,52,52],"floor_reached":10,"language":"ZHS","playtime":491,"items_purged":[],"score":60,"play_id":"091c9ee6-7ce2-4eb0-9afb-f68a04934dea","local_time":"20210123195123","is_ascension_mode":false,"campfire_choices":[{"data":"DependentForm:ReiMu","floor":6,"key":"SMITH"},{"data":"SafetyPray:ReiMu","floor":8,"key":"SMITH"}],"circlet_count":0,"master_deck":["Strike_Lin:ReiMu","Strike_Lin:ReiMu","Strike_Lin:ReiMu+1","Strike_Lin:ReiMu","Defend_Lin:ReiMu","Defend_Lin:ReiMu","Defend_Lin:ReiMu","NB:ReiMu","Stagnation:ReiMu","DependentForm:ReiMu+1","AirStrike:ReiMu+1","PrepareRite:ReiMu","LearningPray:ReiMu","SafetyPray:ReiMu+1","OctopathBindingBorder2:ReiMu"],"relics":["FlyPower:ReiMu","REME_ComplimentaryCards","Toy Ornithopter","Whetstone"],"acts_visited":["Exordium"],"potions_floor_usage":[10],"damage_taken":[{"damage":2,"enemies":"2 Louse","floor":1,"turns":4},{"damage":0,"enemies":"Jaw Worm","floor":2,"turns":4},{"damage":15,"enemies":"Cultist","floor":3,"turns":5},{"damage":24,"enemies":"Exordium Wildlife","floor":4,"turns":7},{"damage":7,"enemies":"Blue Slaver","floor":5,"turns":5},{"damage":17,"enemies":"3 Sentries","floor":10,"turns":4}],"seed_played":"5016440581710414635","potions_obtained":[{"floor":2,"key":"ZuzhouPotion:ReiMu"},{"floor":4,"key":"Strength Potion"},{"floor":5,"key":"Swift Potion"}],"is_trial":false,"path_per_floor":["M","M","M","M","M","R","$","R","T","E"],"character_chosen":"REIMU","items_purchased":["Toy Ornithopter"],"campfire_rested":0,"item_purchase_floors":[7],"current_hp_per_floor":[63,63,48,24,17,17,17,17,17,5,5],"gold":52,"neow_bonus":"REMOVE_CARD","is_daily":false,"chose_seed":false,"campfire_upgraded":2,"win_rate":0.0,"timestamp":1611402683,"path_taken":["M","M","M","M","M","R","$","R","T","E"],"items_purchased_type":["Relic"],"build_version":"2020-12-22","purchased_purges":0,"victory":false,"max_hp_per_floor":[65,65,65,65,65,65,65,65,65,65,65],"card_choices":[{"not_picked":["EmergencyTakeOff:ReiMu","CollectionFlower2:ReiMu"],"picked":"AirStrike:ReiMu","floor":1},{"not_picked":["Enchanting:ReiMu","Conquer:ReiMu"],"picked":"PrepareRite:ReiMu","floor":2},{"not_picked":["ShadowOfCrow2:ReiMu","SpiritualOutbreak2:ReiMu"],"picked":"LearningPray:ReiMu","floor":3},{"not_picked":["Enchanting:ReiMu","AlertArray:ReiMu"],"picked":"SafetyPray:ReiMu","floor":4},{"not_picked":["Enchanting:ReiMu","Meditation:ReiMu"],"picked":"OctopathBindingBorder2:ReiMu","floor":5}],"player_experience":151358,"relics_obtained":[{"floor":9,"key":"Whetstone"}],"event_choices":[],"is_beta":false,"boss_relics":[],"items_purged_floors":[],"is_endless":false,"potions_floor_spawned":[2,4,5],"killed_by":"3 Sentries","ascension_level":0}}