{"host":"amnup8uv961nil3y","time":1611423580,"event":{"mods":["Act Like it!","Aspiration","BaseMod","Bestiary","Better Altar","Better Match","Better Sensory Stone","Better Synergies","Better Third Choice","Block Reminder","Challenge The Spire","Colored Map","Colored Powertips","Colorless Booster Pack","Conspire","DeckTracker","Disable Question Mark Monsters","Elementarium","Energized Spire","Evolution","GifTheSpireLib","Halation","HexUI Lib","Highlight Path","Hubris","Infinite Spire","Lotus Mark","Menagerie","Minty Spire (QoL Compilation)","Pale of the Ancients","Potion Indicator Mod","Quarter Circle Forward PUNCH!","Relic Stats","Replay The Spire","Reworked Bosses","Shop Mod","Small Relic Pack","Spicy Shops","Spikes Relics","StSLib","Stuff the Spire","Swap Starting Deck Mod","The Hayseed","Trackpad","Useless Jewels Mod","Wandering Minibosses","vexMod"],"gold_per_floor":[111,127,146,146,146,178,178,188,214,239,250,279,292,101,101,201,301,316,316,332,344,344,370,370,399,399,431,467,522,522,522,522,533,533,638,638,650,650,650,650,433,460,460,477,526,526,526,501,516,555,555,565],"floor_reached":53,"language":"ENG","playtime":7224,"items_purged":["TheSimpletonMod:DoubleBarrel"],"score":1029,"play_id":"1a915c7c-f935-482f-9767-b57c554d1f1d","local_time":"20210123173940","is_ascension_mode":true,"campfire_choices":[{"data":"TheSimpletonMod:Pruning","floor":7.0,"key":"SMITH"},{"data":"TheSimpletonMod:Spinach","floor":15.0,"key":"SMITH"},{"floor":24.0,"key":"REST"},{"floor":32.0,"key":"REST"},{"data":"TheSimpletonMod:StockTheCellar","floor":34.0,"key":"SMITH"},{"data":"TheSimpletonMod:SoilSample","floor":43,"key":"SMITH"},{"data":"TheSimpletonMod:SoilSample","floor":47,"key":"SMITH"},{"data":"TheSimpletonMod:BuzzBomb","floor":51,"key":"SMITH"}],"circlet_count":0,"master_deck":["TheSimpletonMod:SlashAndBurn","TheSimpletonMod:PestManagement","TheSimpletonMod:CloseScrape","TheSimpletonMod:CullingStrike","TheSimpletonMod:Pruning","TheSimpletonMod:PestManagement","TheSimpletonMod:CullingStrike","TheSimpletonMod:Pruning+1","TheSimpletonMod:BumperCrop","TheSimpletonMod:Mulch+1","TheSimpletonMod:BumperCrop","TheSimpletonMod:Pruning","TheSimpletonMod:Squash","TheSimpletonMod:Corn","TheSimpletonMod:BuzzBomb+1","TheSimpletonMod:StockTheCellar+1","TheSimpletonMod:Spinach+1","TheSimpletonMod:Polyculture","TheSimpletonMod:Polyculture","TheSimpletonMod:SoilSample+1","TheSimpletonMod:SoilSample+1","TheSimpletonMod:Biorefinement","TheSimpletonMod:RootDown+1","Replay:Fractal Strike","Replay:Fractal Strike","TheSimpletonMod:Pruning+1","TheSimpletonMod:Pruning+1","TheSimpletonMod:Squash+1","TheSimpletonMod:CrackOfDawn","TheSimpletonMod:CropDiversity","TheSimpletonMod:Corn","ReplayTheSpireMod:Splinters","TheSimpletonMod:CrackOfDawn","TheSimpletonMod:SeedCoat","TheSimpletonMod:Fecundity","TheSimpletonMod:Rake","TheSimpletonMod:Rake","TheSimpletonMod:Rake","TheSimpletonMod:Rake","TheSimpletonMod:Rake","TheSimpletonMod:Rake","TheSimpletonMod:Rake","TheSimpletonMod:Rake","TheSimpletonMod:Rake","TheSimpletonMod:Rake","TheSimpletonMod:Rake","TheSimpletonMod:Rake","TheSimpletonMod:Rake","TheSimpletonMod:Rake","TheSimpletonMod:Rake","TheSimpletonMod:Rake","TheSimpletonMod:Rake","TheSimpletonMod:Rake","TheSimpletonMod:Rake","TheSimpletonMod:Rake","TheSimpletonMod:Rake","TheSimpletonMod:Rake","TheSimpletonMod:Rake","TheSimpletonMod:Rake","TheSimpletonMod:Rake","TheSimpletonMod:Rake","TheSimpletonMod:Rake","TheSimpletonMod:Rake","TheSimpletonMod:Rake","TheSimpletonMod:Rake","PlatinumSkin","PlatinumSkin","PlatinumSkin","PlatinumSkin","PlatinumSkin","PlatinumSkin","PlatinumSkin","PlatinumSkin","PlatinumSkin","PlatinumSkin","PlatinumSkin","Replay:Dark Deal","PlatinumSkin","Replay:Dark Deal","PlatinumSkin","Replay:Dark Deal","PlatinumSkin","Replay:Dark Deal","PlatinumSkin","Replay:Dark Deal","PlatinumSkin","Replay:Dark Deal","PlatinumSkin","Replay:Dark Deal","PlatinumSkin","TheSimpletonMod:Pruning+1","wanderingMiniBosses:FinaleOfPromise","TheSimpletonMod:Squash+1","TheSimpletonMod:SoilSample+1","TheSimpletonMod:Biorefinement"],"relics":["TheSimpletonMod:SpudOfTheInnocent","TheSimpletonMod:NightSoil","TheSimpletonMod:TheHarvester","EVO:Axolotl","infinitespire:EmpoweringShard","ShockBauble","Blue Doll","hubris:SlimyHat","Replay:Wanted Poster","halation:PinkSoulGem","vexMod:RetaliationKit","Toy Ornithopter","Chameleon Ring","ZombieTooth","Question Card","Elementarium:ElementariumTrophy","Sandwich","qcfpunch:Red_Beret","MerchantsRug","Meat on the Bone","wanderingMiniBosses:Blackblade","halation:IllGainedPizza","TheSimpletonMod:PicklingJar"],"acts_visited":["Menagerie:Menagerie","Elementarium:Elementarium","TheBeyond"],"potions_floor_usage":[42,44,52,52,52],"damage_taken":[{"damage":0.0,"enemies":"Menagerie:2_RABBITS","floor":1.0,"turns":1.0},{"damage":0.0,"enemies":"Menagerie:MonstrousExperiment","floor":2.0,"turns":2.0},{"damage":0.0,"enemies":"Menagerie:WhisperingWraith","floor":3.0,"turns":3.0},{"damage":2.0,"enemies":"Menagerie:VoidReaper","floor":6.0,"turns":3.0},{"damage":0.0,"enemies":"Menagerie:KEEPER_AND_YOUNG_SUNEATER","floor":8.0,"turns":4.0},{"damage":0.0,"enemies":"Menagerie:MaskedSummoner","floor":10.0,"turns":5.0},{"damage":0.0,"enemies":"Menagerie:3_RABBITS","floor":11.0,"turns":4.0},{"damage":1.0,"enemies":"Menagerie:VoidReaper","floor":12.0,"turns":3.0},{"damage":1.0,"enemies":"Menagerie:Hexasnake","floor":13.0,"turns":4.0},{"damage":15.0,"enemies":"Menagerie:AVATARS","floor":16.0,"turns":6.0},{"damage":12.0,"enemies":"Elementarium:MUD_AND_TAR_GOLEMS","floor":18.0,"turns":4.0},{"damage":30.0,"enemies":"Elementarium:Cyclone","floor":20.0,"turns":7.0},{"damage":9.0,"enemies":"Elementarium:VOID_CORRUPTION_AND_TAR_GOLEM","floor":21.0,"turns":5.0},{"damage":35.0,"enemies":"Elementarium:FIRE_NOBILITY","floor":23.0,"turns":6.0},{"damage":16.0,"enemies":"Nightmare","floor":25.0,"turns":7.0},{"damage":10.0,"enemies":"Elementarium:ElementalPortal","floor":27.0,"turns":6.0},{"damage":19.0,"enemies":"conspire:MimicChest","floor":28.0,"turns":9.0},{"damage":8.0,"enemies":"Elementarium:Hydrostalker","floor":33.0,"turns":6.0},{"damage":0.0,"enemies":"Elementarium:GolemEmperor","floor":35.0,"turns":9.0},{"damage":2.0,"enemies":"3 Darklings","floor":37.0,"turns":3.0},{"damage":15,"enemies":"Reptomancer","floor":42,"turns":6},{"damage":15,"enemies":"3 Shapes","floor":44,"turns":5},{"damage":2,"enemies":"Spire Growth","floor":49,"turns":3},{"damage":8,"enemies":"R_Hoarder","floor":50,"turns":5},{"damage":62,"enemies":"conspire:OrnateMirror","floor":52,"turns":6}],"seed_played":"-1635463702092654084","potions_obtained":[{"floor":3.0,"key":"SpeedPotion"},{"floor":6.0,"key":"TheSimpletonMod:KindlingPotion"},{"floor":8.0,"key":"DistilledChaos"},{"floor":11.0,"key":"Regen Potion"},{"floor":20.0,"key":"Milkshake"},{"floor":27.0,"key":"PowerPotion"},{"floor":28.0,"key":"SkillPotion"},{"floor":29.0,"key":"PowerPotion"},{"floor":35.0,"key":"DistilledChaos"},{"floor":42,"key":"infinitespire:BlackPotion"},{"floor":50,"key":"GamblersBrew"}],"is_trial":false,"path_per_floor":["M","M","M","T","?","E","R","M","T","E","M","E","M","$","R","B",null,"M","AVR","M","M","?","E","R","NM","T","E","?","?","PTL","PTL","R","M","R","B",null,"M","?","?","?","$","E","R","M","T","?","R","$","M","E","R","B",null],"character_chosen":"THE_SIMPLETON","items_purchased":["TheSimpletonMod:Polyculture","TheSimpletonMod:SoilSample","qcfpunch:Red_Beret","MerchantsRug","TheSimpletonMod:SoilSample+1"],"campfire_rested":2,"item_purchase_floors":[14,14,41,41,48],"current_hp_per_floor":[38,38,38,38,38,36,36,36,36,36,36,35,34,34,34,19,75,63,63,37,42,42,11,33,17,17,21,7,7,7,7,33,25,25,30,89,87,87,87,87,87,77,77,67,67,67,67,67,65,81,81,49],"gold":565,"neow_bonus":"","is_daily":false,"chose_seed":false,"campfire_upgraded":6,"win_rate":0.0,"timestamp":1611423580,"path_taken":["M","?","M","?","?","E","R","M","T","E","M","E","?","$","R","BOSS","M","AVR","M","M","?","E","R","NM","T","E","?","?","PTL","PTL","R","M","R","BOSS","M","?","?","?","$","E","R","M","T","?","R","$","M","E","R","BOSS"],"items_purchased_type":["Card","Card","Relic","Relic","Card"],"build_version":"2020-12-22","purchased_purges":1,"victory":true,"max_hp_per_floor":[75,75,75,75,75,75,75,75,75,75,75,75,75,75,75,75,75,75,75,75,75,75,75,75,75,75,89,89,89,89,89,89,89,89,89,89,89,89,89,89,89,89,89,89,89,89,89,89,89,89,89,89],"relic_stats":{"counters":[25,122],"Question Card":14,"obtain_stats":[{"ShockBauble":6,"Blue Doll":9,"Mango":27,"hubris:SlimyHat":12,"EVO:Axolotl":0,"qcfpunch:Red_Beret":41,"TheSimpletonMod:TheHarvester":0,"Replay:Wanted Poster":17,"ZombieTooth":28,"Chameleon Ring":26,"TheSimpletonMod:SpudOfTheInnocent":0,"halation:KoshaPiece":10,"TheSimpletonMod:NightSoil":0,"vexMod:RetaliationKit":23,"TheSimpletonMod:PicklingJar":50,"MerchantsRug":41,"halation:IllGainedPizza":45,"Question Card":29,"Sandwich":36,"halation:NonexistentMirror":19,"Elementarium:ElementariumTrophy":35,"wanderingMiniBosses:Blackblade":44,"infinitespire:EmpoweringShard":4,"halation:PinkSoulGem":22,"Toy Ornithopter":25,"Meat on the Bone":42},{"ShockBauble":4,"Blue Doll":5,"Mango":16,"hubris:SlimyHat":8,"EVO:Axolotl":0,"qcfpunch:Red_Beret":20,"TheSimpletonMod:TheHarvester":0,"Replay:Wanted Poster":10,"ZombieTooth":17,"Chameleon Ring":15,"TheSimpletonMod:SpudOfTheInnocent":0,"halation:KoshaPiece":6,"TheSimpletonMod:NightSoil":0,"vexMod:RetaliationKit":14,"TheSimpletonMod:PicklingJar":24,"MerchantsRug":20,"halation:IllGainedPizza":22,"Question Card":17,"Sandwich":19,"halation:NonexistentMirror":11,"Elementarium:ElementariumTrophy":19,"wanderingMiniBosses:Blackblade":22,"infinitespire:EmpoweringShard":3,"halation:PinkSoulGem":13,"Toy Ornithopter":15,"Meat on the Bone":21},{"ShockBauble":9,"Blue Doll":13,"Mango":70,"hubris:SlimyHat":25,"EVO:Axolotl":0,"qcfpunch:Red_Beret":97,"TheSimpletonMod:TheHarvester":0,"Replay:Wanted Poster":35,"ZombieTooth":79,"Chameleon Ring":64,"TheSimpletonMod:SpudOfTheInnocent":0,"halation:KoshaPiece":18,"TheSimpletonMod:NightSoil":0,"vexMod:RetaliationKit":57,"TheSimpletonMod:PicklingJar":116,"MerchantsRug":97,"halation:IllGainedPizza":108,"Question Card":79,"Sandwich":94,"halation:NonexistentMirror":39,"Elementarium:ElementariumTrophy":94,"wanderingMiniBosses:Blackblade":108,"infinitespire:EmpoweringShard":6,"halation:PinkSoulGem":51,"Toy Ornithopter":64,"Meat on the Bone":103}],"Toy Ornithopter":28,"Meat on the Bone":12},"card_choices":[{"not_picked":["TheSimpletonMod:SlashAndBurn","TheSimpletonMod:Thresh"],"picked":"TheSimpletonMod:Mulch","floor":1.0},{"not_picked":["TheSimpletonMod:Fertilaser","TheSimpletonMod:PestManagement"],"picked":"TheSimpletonMod:BumperCrop","floor":2.0},{"not_picked":["TheSimpletonMod:Aerate","TheSimpletonMod:SlashAndBurn"],"picked":"TheSimpletonMod:Pruning","floor":3.0},{"not_picked":["TheSimpletonMod:ControlledBurn","TheSimpletonMod:Rake"],"picked":"TheSimpletonMod:Squash","floor":6.0},{"not_picked":["TheSimpletonMod:PestManagement","TheSimpletonMod:Rototilling"],"picked":"TheSimpletonMod:Corn","floor":8.0},{"not_picked":["TheSimpletonMod:Fertilaser","TheSimpletonMod:Ferment"],"picked":"TheSimpletonMod:BuzzBomb","floor":10.0},{"not_picked":["TheSimpletonMod:PestManagement","TheSimpletonMod:Mulch"],"picked":"TheSimpletonMod:StockTheCellar","floor":11.0},{"not_picked":["TheSimpletonMod:Swelter","TheSimpletonMod:OnionBloom"],"picked":"TheSimpletonMod:Spinach","floor":12.0},{"not_picked":["TheSimpletonMod:CropRotation","TheSimpletonMod:Sunchoke"],"picked":"TheSimpletonMod:Polyculture","floor":13.0},{"not_picked":["TheSimpletonMod:BirdFeeder","TheSimpletonMod:CropDiversity"],"picked":"TheSimpletonMod:Biorefinement","floor":16.0},{"not_picked":["TheSimpletonMod:CullingStrike","TheSimpletonMod:SlashAndBurn"],"picked":"TheSimpletonMod:RootDown+1","floor":18.0},{"not_picked":["TheSimpletonMod:PestManagement","TheSimpletonMod:SoilSample"],"picked":"TheSimpletonMod:Pruning+1","floor":20.0},{"not_picked":["TheSimpletonMod:Polyculture","TheSimpletonMod:SlashAndBurn","TheSimpletonMod:Sunchoke+1"],"picked":"SKIP","floor":21.0},{"not_picked":["TheSimpletonMod:SeedCoat","TheSimpletonMod:Sunchoke"],"picked":"TheSimpletonMod:Squash+1","floor":23.0},{"not_picked":["TheSimpletonMod:StockTheCellar","TheSimpletonMod:SaladShooter+1"],"picked":"TheSimpletonMod:CrackOfDawn","floor":25.0},{"not_picked":["TheSimpletonMod:Squash","TheSimpletonMod:Rototilling"],"picked":"TheSimpletonMod:CropDiversity","floor":27.0},{"not_picked":["TheSimpletonMod:Mulch","TheSimpletonMod:Ferment"],"picked":"TheSimpletonMod:Corn","floor":28.0},{"not_picked":["TheSimpletonMod:SaladShooter+1","TheSimpletonMod:Thresh"],"picked":"TheSimpletonMod:CrackOfDawn","floor":29.0},{"not_picked":["TheSimpletonMod:Corn","TheSimpletonMod:DigIn","TheSimpletonMod:Sunchoke"],"picked":"TheSimpletonMod:SeedCoat","floor":33.0},{"not_picked":["TheSimpletonMod:SaltTheEarth","TheSimpletonMod:ResistantStrain","TheSimpletonMod:Spinach"],"picked":"TheSimpletonMod:Fecundity","floor":35.0},{"not_picked":["TheSimpletonMod:Fertilaser","TheSimpletonMod:KeenEdge+1","TheSimpletonMod:Thresh+1"],"picked":"TheSimpletonMod:Rake","floor":37.0},{"not_picked":["Finesse","CBP: BitesTheDust","Survey Options"],"picked":"PlatinumSkin","floor":38},{"not_picked":["vexMod:StairwayStrike","Replay:Parry","CBP: BitesTheDust"],"picked":"Replay:Dark Deal","floor":38},{"not_picked":["TheSimpletonMod:Corn","TheSimpletonMod:CullingStrike","TheSimpletonMod:Squash"],"picked":"TheSimpletonMod:Pruning+1","floor":42},{"not_picked":[],"picked":"wanderingMiniBosses:FinaleOfPromise","floor":44},{"not_picked":["TheSimpletonMod:Sunchoke","TheSimpletonMod:Innovate","TheSimpletonMod:Swelter"],"picked":"TheSimpletonMod:Squash+1","floor":44},{"not_picked":["TheSimpletonMod:SpiceUp+1","TheSimpletonMod:DigIn","TheSimpletonMod:VineRipen+1","TheSimpletonMod:RootDown"],"picked":"SKIP","floor":49},{"not_picked":["TheSimpletonMod:SpiceUp","TheSimpletonMod:Corn","TheSimpletonMod:SaladShooter"],"picked":"TheSimpletonMod:Biorefinement","floor":50}],"player_experience":378021,"relics_obtained":[{"floor":4.0,"key":"infinitespire:EmpoweringShard"},{"floor":6.0,"key":"ShockBauble"},{"floor":9.0,"key":"Blue Doll"},{"floor":10.0,"key":"halation:KoshaPiece"},{"floor":12.0,"key":"hubris:SlimyHat"},{"floor":23.0,"key":"vexMod:RetaliationKit"},{"floor":25.0,"key":"Toy Ornithopter"},{"floor":26.0,"key":"Chameleon Ring"},{"floor":27.0,"key":"Mango"},{"floor":28.0,"key":"ZombieTooth"},{"floor":29.0,"key":"Question Card"},{"floor":42,"key":"Meat on the Bone"},{"floor":44,"key":"wanderingMiniBosses:Blackblade"},{"floor":45,"key":"halation:IllGainedPizza"},{"floor":50,"key":"TheSimpletonMod:PicklingJar"}],"event_choices":[{"damage_healed":0,"gold_gain":3,"player_choice":"1","damage_taken":0,"max_hp_gain":0,"max_hp_loss":0,"event_name":"betterStone:BetterStone","floor":38,"gold_loss":0}],"is_beta":false,"boss_relics":[{"not_picked":["vexMod:BigBerry","hubris:CrackedHourglass"],"picked":"Replay:Wanted Poster"},{"not_picked":["relicPack:KazumaCape","trackpad:Coffee"],"picked":"Sandwich"}],"items_purged_floors":[19],"is_endless":false,"potions_floor_spawned":[3,6,8,11,20,27,28,33,35,42,50],"ascension_level":1}}