{"host":"s3s7xsmblwiz356v","time":1611444679,"event":{"mods":["AchievementEnabler","BaseMod","Block Reminder","Colored Map","Colored Powertips","Minty Spire (QoL Compilation)"],"gold_per_floor":[117,137,148,298,44,69,69,69,146,146,189,189,207,245,245,335,335,349,349,349,367,385,421,421,421,473,52,52,76,120,143,143,239,239,260,283,283,283,308,308,344,34,104,104,117,117,183,214,214,214,214,214,12,43,43,43],"floor_reached":55,"language":"ENG","playtime":4174,"items_purged":["Doubt","Writhe","Pain","Writhe"],"score":1452,"play_id":"22d2933a-e7fa-4d0d-b6b1-ffaf7120986f","local_time":"20210123183119","is_ascension_mode":true,"campfire_choices":[{"data":"Neutralize","floor":7.0,"key":"SMITH"},{"data":"Blade Dance","floor":12.0,"key":"SMITH"},{"data":"Blade Dance","floor":15.0,"key":"SMITH"},{"data":"Ghostly","floor":25.0,"key":"SMITH"},{"data":"Ghostly","floor":28.0,"key":"SMITH"},{"data":"Wraith Form v2","floor":32.0,"key":"SMITH"},{"data":"Ghostly","floor":40.0,"key":"SMITH"},{"floor":44.0,"key":"RECALL"},{"data":"Accuracy","floor":46.0,"key":"SMITH"},{"floor":49.0,"key":"DIG"},{"floor":52.0,"key":"DIG"}],"circlet_count":0,"master_deck":["AscendersBane","Strike_G","Strike_G","Strike_G","Strike_G","Strike_G","Defend_G+1","Defend_G","Defend_G","Defend_G","Defend_G","Survivor","Neutralize+1","Cloak And Dagger+1","Blade Dance+1","Slice","Swift Strike","A Thousand Cuts","Blade Dance+1","Slice","Malaise","Finisher","Acrobatics","Calculated Gamble+1","Ghostly+1","Ghostly+1","Ghostly+1","Accuracy+1","Wraith Form v2+1","Acrobatics","Night Terror","Expertise+1","Cloak And Dagger","Terror+1","Dodge and Roll+1","Leg Sweep","Dramatic Entrance"],"relics":["WristBlade","Toy Ornithopter","Golden Idol","Meat on the Bone","Darkstone Periapt","Tingsha","SlaversCollar","Nilry\u0027s Codex","Art of War","Pen Nib","Membership Card","Incense Burner","Shovel","Cursed Key","WarpedTongs","Question Card","Torii","Bag of Preparation","Bottled Lightning","Calipers","StoneCalendar","Bag of Marbles","Letter Opener","War Paint","Paper Crane"],"acts_visited":["Exordium","TheCity","TheBeyond","TheEnding"],"potions_floor_usage":[55],"damage_taken":[{"damage":2.0,"enemies":"Cultist","floor":1.0,"turns":5.0},{"damage":1.0,"enemies":"2 Louse","floor":2.0,"turns":3.0},{"damage":6.0,"enemies":"Jaw Worm","floor":3.0,"turns":5.0},{"damage":24.0,"enemies":"Lagavulin","floor":6.0,"turns":4.0},{"damage":11.0,"enemies":"Gremlin Nob","floor":11.0,"turns":4.0},{"damage":3.0,"enemies":"Exordium Wildlife","floor":13.0,"turns":3.0},{"damage":10.0,"enemies":"3 Sentries","floor":14.0,"turns":5.0},{"damage":9.0,"enemies":"Slime Boss","floor":16.0,"turns":6.0},{"damage":9.0,"enemies":"3 Byrds","floor":18.0,"turns":5.0},{"damage":0.0,"enemies":"Spheric Guardian","floor":21.0,"turns":3.0},{"damage":11.0,"enemies":"3 Cultists","floor":22.0,"turns":5.0},{"damage":27.0,"enemies":"Book of Stabbing","floor":23.0,"turns":7.0},{"damage":6.0,"enemies":"Centurion and Healer","floor":29.0,"turns":6.0},{"damage":0.0,"enemies":"Gremlin Leader","floor":30.0,"turns":7.0},{"damage":0.0,"enemies":"Snecko","floor":31.0,"turns":2.0},{"damage":30.0,"enemies":"Champ","floor":33.0,"turns":12.0},{"damage":14.0,"enemies":"3 Shapes","floor":35.0,"turns":6.0},{"damage":1.0,"enemies":"3 Darklings","floor":36.0,"turns":3.0},{"damage":3.0,"enemies":"Spire Growth","floor":39.0,"turns":4.0},{"damage":5.0,"enemies":"Giant Head","floor":41.0,"turns":8.0},{"damage":0.0,"enemies":"Jaw Worm Horde","floor":45.0,"turns":2.0},{"damage":0.0,"enemies":"2 Orb Walkers","floor":47.0,"turns":3.0},{"damage":0.0,"enemies":"Mind Bloom Boss Battle","floor":48.0,"turns":6.0},{"damage":24.0,"enemies":"Awakened One","floor":50.0,"turns":11.0},{"damage":21.0,"enemies":"Shield and Spear","floor":54.0,"turns":10.0},{"damage":38,"enemies":"The Heart","floor":55,"turns":8}],"seed_played":"-3250288034174491550","potions_obtained":[{"floor":2.0,"key":"FearPotion"},{"floor":11.0,"key":"Ancient Potion"},{"floor":16.0,"key":"EntropicBrew"},{"floor":23.0,"key":"Regen Potion"},{"floor":30.0,"key":"Energy Potion"},{"floor":31.0,"key":"Energy Potion"},{"floor":36.0,"key":"CultistPotion"},{"floor":39.0,"key":"DistilledChaos"},{"floor":41.0,"key":"PowerPotion"},{"floor":54.0,"key":"DistilledChaos"}],"is_trial":false,"path_per_floor":["M","M","M","?","$","E","R","?","T","?","E","R","M","E","R","B",null,"M","?","?","M","M","E","?","R","T","$","R","M","E","M","R","B",null,"M","M","?","?","M","R","E","$","T","R","M","R","?","?","R","B",null,"R","$","E","B"],"character_chosen":"THE_SILENT","items_purchased":["Blade Dance","Slice","Swift Strike","Membership Card","Incense Burner","Accuracy","Torii","Bag of Preparation","War Paint","Dramatic Entrance"],"campfire_rested":0,"item_purchase_floors":[5,5,5,27,27,27,42,42,53,53],"current_hp_per_floor":[57,56,50,50,50,26,26,26,26,26,27,27,36,38,38,41,55,46,25,31,41,35,20,20,20,20,20,20,32,32,33,33,19,30,28,27,27,33,30,30,30,30,36,36,36,36,36,41,41,34,42,42,42,33,0,0],"gold":43,"neow_bonus":"BOSS_RELIC","is_daily":false,"chose_seed":true,"campfire_upgraded":8,"win_rate":0.0,"timestamp":1611444679,"path_taken":["M","M","M","?","$","E","R","?","T","?","E","R","?","E","R","BOSS","M","?","?","M","M","E","?","R","T","?","R","M","E","M","R","BOSS","M","M","?","?","M","R","E","$","T","R","?","R","?","?","R","BOSS","R","$","E","BOSS"],"items_purchased_type":["Card","Card","Card","Relic","Relic","Card","Relic","Relic","Relic","Card"],"build_version":"2020-12-22","purchased_purges":4,"victory":false,"max_hp_per_floor":[66,66,66,66,66,66,66,60,60,60,60,60,60,60,60,60,60,60,60,66,66,66,66,33,33,33,33,33,33,33,33,33,33,33,33,33,33,39,39,39,39,39,45,45,45,45,45,45,45,45,45,45,45,45,45,45],"card_choices":[{"not_picked":["Dodge and Roll","Flying Knee","Acrobatics"],"picked":"SKIP","floor":1.0},{"not_picked":["Deflect","Well Laid Plans","Outmaneuver"],"picked":"SKIP","floor":2.0},{"not_picked":["Sucker Punch","Outmaneuver"],"picked":"Cloak And Dagger","floor":3.0},{"not_picked":["Bane","PiercingWail"],"picked":"A Thousand Cuts","floor":6.0},{"not_picked":["Acrobatics","Leg Sweep"],"picked":"Blade Dance","floor":11.0},{"not_picked":["Dodge and Roll","Bane"],"picked":"Slice","floor":13.0},{"not_picked":["Dagger Spray","PiercingWail","Eviscerate"],"picked":"SKIP","floor":14.0},{"not_picked":["Bullet Time","Unload"],"picked":"Malaise","floor":16.0},{"not_picked":["Sucker Punch","Choke"],"picked":"Finisher","floor":18.0},{"not_picked":["Dodge and Roll","Outmaneuver"],"picked":"Acrobatics","floor":21.0},{"not_picked":["Concentrate","Bane"],"picked":"Calculated Gamble+1","floor":22.0},{"not_picked":["Underhanded Strike","Bane+1","Sucker Punch"],"picked":"SKIP","floor":23.0},{"not_picked":["Eviscerate","Sucker Punch","Underhanded Strike"],"picked":"SKIP","floor":29.0},{"not_picked":["Skewer+1","Infinite Blades"],"picked":"Wraith Form v2","floor":30.0},{"not_picked":["Sucker Punch","Dagger Spray"],"picked":"Acrobatics","floor":31.0},{"not_picked":["Tools of the Trade","Doppelganger"],"picked":"Night Terror","floor":33.0},{"not_picked":["Deadly Poison","Deflect"],"picked":"Expertise+1","floor":35.0},{"not_picked":["Heel Hook+1","Slice"],"picked":"Cloak And Dagger","floor":36.0},{"not_picked":["Finisher","Outmaneuver+1","Calculated Gamble"],"picked":"SKIP","floor":39.0},{"not_picked":["Glass Knife","Quick Slash"],"picked":"Terror+1","floor":41.0},{"not_picked":["Masterful Stab+1","Flying Knee+1","Bouncing Flask+1"],"picked":"Dodge and Roll+1","floor":45.0},{"not_picked":["Backflip","Catalyst","PiercingWail"],"picked":"Leg Sweep","floor":47.0},{"not_picked":["Concentrate","Expertise+1","Flying Knee+1","Slice"],"picked":"SKIP","floor":54.0}],"player_experience":499796,"relics_obtained":[{"floor":6.0,"key":"Toy Ornithopter"},{"floor":9.0,"key":"Meat on the Bone"},{"floor":11.0,"key":"Darkstone Periapt"},{"floor":14.0,"key":"Tingsha"},{"floor":19.0,"key":"Nilry\u0027s Codex"},{"floor":23.0,"key":"Pen Nib"},{"floor":30.0,"key":"Shovel"},{"floor":41.0,"key":"Question Card"},{"floor":43.0,"key":"Bottled Lightning"},{"floor":47.0,"key":"Calipers"},{"floor":48.0,"key":"StoneCalendar"},{"floor":49.0,"key":"Bag of Marbles"},{"floor":52.0,"key":"Letter Opener"},{"floor":54.0,"key":"Paper Crane"}],"event_choices":[{"damage_healed":0.0,"max_hp_gain":0.0,"max_hp_loss":0.0,"gold_gain":150.0,"event_name":"Liars Game","player_choice":"AGREE","floor":4.0,"gold_loss":0.0,"damage_taken":0.0,"cards_obtained":["Doubt"]},{"damage_healed":0.0,"max_hp_gain":0.0,"max_hp_loss":6.0,"gold_gain":0.0,"event_name":"Golden Idol","player_choice":"Lose Max HP","floor":8.0,"gold_loss":0.0,"damage_taken":0.0,"relics_obtained":["Golden Idol"]},{"damage_healed":0.0,"max_hp_gain":0.0,"max_hp_loss":0.0,"gold_gain":0.0,"event_name":"Scrap Ooze","player_choice":"Fled","floor":10.0,"gold_loss":0.0,"damage_taken":0.0},{"damage_healed":0.0,"max_hp_gain":0.0,"max_hp_loss":0.0,"gold_gain":0.0,"event_name":"Cursed Tome","player_choice":"Obtained Book","floor":19.0,"gold_loss":0.0,"damage_taken":21.0},{"damage_healed":0.0,"max_hp_gain":0.0,"max_hp_loss":0.0,"gold_gain":0.0,"event_name":"The Mausoleum","player_choice":"Opened","floor":20.0,"gold_loss":0.0,"damage_taken":0.0,"relics_obtained":["Art of War"],"cards_obtained":["Writhe"]},{"damage_healed":0.0,"max_hp_gain":0.0,"max_hp_loss":33.0,"gold_gain":0.0,"event_name":"Ghosts","player_choice":"Became a Ghost","floor":24.0,"gold_loss":0.0,"damage_taken":0.0,"cards_obtained":["Ghostly","Ghostly","Ghostly"]},{"damage_healed":0.0,"max_hp_gain":0.0,"max_hp_loss":0.0,"gold_gain":0.0,"event_name":"Tomb of Lord Red Mask","player_choice":"Ignored","floor":37.0,"gold_loss":0.0,"damage_taken":0.0},{"damage_healed":0.0,"max_hp_gain":0.0,"max_hp_loss":0.0,"gold_gain":0.0,"event_name":"Accursed Blacksmith","player_choice":"Rummage","floor":38.0,"gold_loss":0.0,"damage_taken":0.0,"relics_obtained":["WarpedTongs"],"cards_obtained":["Pain"]},{"damage_healed":0.0,"max_hp_gain":0.0,"max_hp_loss":0.0,"gold_gain":0.0,"event_name":"Mysterious Sphere","player_choice":"Fight","floor":47.0,"gold_loss":0.0,"damage_taken":0.0},{"damage_healed":0.0,"max_hp_gain":0.0,"max_hp_loss":0.0,"gold_gain":0.0,"event_name":"MindBloom","player_choice":"Fight","floor":48.0,"gold_loss":0.0,"damage_taken":0.0}],"is_beta":false,"boss_relics":[{"not_picked":["Sozu","Empty Cage"],"picked":"SlaversCollar"},{"not_picked":["Astrolabe","Tiny House"],"picked":"Cursed Key"}],"items_purged_floors":[5,27,42,53],"is_endless":false,"potions_floor_spawned":[2,11,16,21,23,30,31,36,39,41,54],"killed_by":"The Heart","ascension_level":16}}