{"host":"irwdypew7j0recua","time":1611419378,"event":{"mods":["AchievementEnabler","BaseMod","Better Third Choice","Better Vampires","BetterRewards","Conspire","Custom Start","Downfall","Googly Eyes","Hermit","Infinite Spire","KomeijiMod","Marisa????????","Minty Spire (QoL Compilation)","Quick Restart","Rare Cards Sparkle","Reworked Bosses","Shop Mod","Spicy Shops","StSLib","The Construct","The Cursed","The Necromancer","WarShipGirlsR/????R mod"],"gold_per_floor":[110,120,120,120,132,158,158,15,39,39,39,51,66,81,81,81,81],"floor_reached":16,"language":"ENG","playtime":378,"items_purged":[],"score":112,"play_id":"75099dce-40bc-487f-afc8-a88d83b67ef6","local_time":"20210123142938","is_ascension_mode":true,"campfire_choices":[{"data":"hermit:EyeOfTheStorm","floor":7,"key":"SMITH"},{"floor":15,"key":"REST"}],"circlet_count":0,"master_deck":["hermit:Strike_Hermit+1","hermit:Strike_Hermit","hermit:Strike_Hermit","hermit:Strike_Hermit+1","hermit:Defend_Hermit","hermit:Defend_Hermit","hermit:Defend_Hermit","hermit:Snapshot","hermit:Covet","hermit:Maintenance","hermit:SprayPray","hermit:EyeOfTheStorm+1","hermit:CalledShot","hermit:Determination"],"relics":["hermit:Momento","NeowsBlessing","Juzu Bracelet","Membership Card","Pen Nib"],"acts_visited":["Exordium"],"potions_floor_usage":[],"damage_taken":[{"damage":0,"enemies":"2 Louse","floor":1,"turns":1},{"damage":0,"enemies":"Cultist","floor":2,"turns":1},{"damage":0,"enemies":"Small Slimes","floor":5,"turns":1},{"damage":24,"enemies":"Gremlin Nob","floor":6,"turns":4},{"damage":10,"enemies":"3 Louse","floor":12,"turns":3},{"damage":18,"enemies":"Large Slime","floor":13,"turns":4},{"damage":11,"enemies":"Looter","floor":14,"turns":2},{"damage":38,"enemies":"The Guardian","floor":16,"turns":5}],"seed_played":"6564740979206924080","potions_obtained":[{"floor":1,"key":"champ:CounterPotion"}],"is_trial":false,"path_per_floor":["M","M","$","?","M","E","R","$","T","?","?","M","M","M","R","B"],"character_chosen":"HERMIT","items_purchased":["Membership Card"],"campfire_rested":1,"item_purchase_floors":[8],"current_hp_per_floor":[75,75,75,75,75,51,51,51,51,36,51,41,23,12,34,0,0],"gold":81,"neow_bonus":"THREE_ENEMY_KILL","is_daily":false,"chose_seed":false,"campfire_upgraded":1,"win_rate":0.0,"timestamp":1611419378,"path_taken":["M","M","$","?","?","E","R","$","T","?","?","M","M","M","R","BOSS"],"items_purchased_type":["Relic"],"build_version":"2020-12-22","purchased_purges":0,"victory":false,"max_hp_per_floor":[75,75,75,75,75,75,75,75,75,75,75,75,75,75,75,75,75],"card_choices":[{"not_picked":["hermit:Coalescence","hermit:Desperado"],"picked":"hermit:Maintenance","floor":1},{"not_picked":["hermit:Feint","hermit:HoleUp","hermit:Desperado"],"picked":"SKIP","floor":2},{"not_picked":["hermit:CalledShot","hermit:Ricochet"],"picked":"hermit:SprayPray","floor":5},{"not_picked":["hermit:Gambit","hermit:ShadowCloak"],"picked":"hermit:EyeOfTheStorm","floor":6},{"not_picked":["hermit:Desperado","hermit:Headshot"],"picked":"hermit:CalledShot","floor":12},{"not_picked":["hermit:BodyArmor","hermit:Snipe","hermit:Midnight"],"picked":"SKIP","floor":13},{"not_picked":["hermit:Midnight","hermit:EyeOfTheStorm"],"picked":"hermit:Determination","floor":14}],"player_experience":173057,"relics_obtained":[{"floor":6,"key":"Juzu Bracelet"},{"floor":9,"key":"Pen Nib"}],"event_choices":[{"cards_removed":["hermit:Defend_Hermit"],"damage_healed":0,"gold_gain":0,"player_choice":"Purged","damage_taken":0,"max_hp_gain":0,"max_hp_loss":0,"event_name":"Purifier","floor":4,"gold_loss":0},{"damage_healed":51,"gold_gain":0,"player_choice":"Upgrade","damage_taken":15,"max_hp_gain":0,"max_hp_loss":75,"event_name":"betterThird:BetterShining","floor":10,"gold_loss":0,"cards_upgraded":["hermit:Strike_Hermit","hermit:Strike_Hermit"]}],"is_beta":false,"boss_relics":[],"items_purged_floors":[],"is_endless":false,"potions_floor_spawned":[1],"killed_by":"The Guardian","ascension_level":2}}