{"host":"ny1uxs7aco9qql8p","time":1611378925,"event":{"mods":["AchievementEnabler","Alarm Clock","BaseMod","Bestiary","Colored Map","Colored Powertips","DeckTracker","Filter the Spire","Highlight Path","Minty Spire (QoL Compilation)","Permanent Neow","Quick Restart","Rare Cards Sparkle","Relic Stats"],"gold_per_floor":[366,380,3,21,21,49,49,75,75,91,91,17,27,54,54,157,157,177,177,187,187,197,228,228,228,228,263,281,294,308,324,324,421,421,433,655,679,167,181,215,215,230,255,255,275,275,303,303,303,303,303,303,3,33,33,33],"floor_reached":55,"language":"ENG","playtime":19801,"items_purged":["Defend_R","Writhe"],"score":803,"play_id":"cbdbee57-452b-4619-b2ed-934f7f63b55c","local_time":"20210123001525","is_ascension_mode":true,"campfire_choices":[{"floor":7.0,"key":"REST"},{"floor":11.0,"key":"REST"},{"floor":15.0,"key":"REST"},{"floor":24.0,"key":"REST"},{"floor":32.0,"key":"REST"},{"floor":41.0,"key":"RECALL"},{"data":"Limit Break","floor":44.0,"key":"SMITH"},{"data":"Demon Form","floor":49.0,"key":"SMITH"},{"data":"Barricade","floor":52.0,"key":"SMITH"}],"circlet_count":0,"master_deck":["Strike_R+1","Strike_R+1","Strike_R+1","Defend_R+1","Defend_R+1","Defend_R+1","Bash","Iron Wave","Metallicize","Ghostly Armor","Forethought","Pummel","Barricade+1","Pummel","Shockwave","Entrench","Rampage","Shockwave","Juggernaut","Searing Blow","Dropkick+1","Dropkick","Searing Blow","Demon Form+1","Flame Barrier+1","Cleave+1","Limit Break+1","CurseOfTheBell","Pommel Strike+1","Feel No Pain","Spot Weakness","Bludgeon+1","Shrug It Off+1","Iron Wave+1","Dark Embrace+1","Dropkick+1","Pummel+1","Evolve+1"],"relics":["Burning Blood","Tiny Chest","Mercury Hourglass","Nunchaku","Singing Bowl","Shuriken","Philosopher\u0027s Stone","Sundial","HornCleat","Red Mask","Calling Bell","Blood Vial","Letter Opener","FossilizedHelix","Orichalcum","Sling","Molten Egg 2","White Beast Statue","Vajra","Smiling Mask","Lantern","Bag of Preparation"],"acts_visited":["Exordium","TheCity","TheBeyond","TheEnding"],"potions_floor_usage":[55,55],"damage_taken":[{"damage":7.0,"enemies":"2 Louse","floor":1.0,"turns":3.0},{"damage":3.0,"enemies":"Small Slimes","floor":2.0,"turns":3.0},{"damage":7.0,"enemies":"Jaw Worm","floor":4.0,"turns":4.0},{"damage":70.0,"enemies":"Gremlin Nob","floor":6.0,"turns":7.0},{"damage":21.0,"enemies":"Lagavulin","floor":8.0,"turns":10.0},{"damage":7.0,"enemies":"Large Slime","floor":10.0,"turns":6.0},{"damage":6.0,"enemies":"Blue Slaver","floor":13.0,"turns":4.0},{"damage":26.0,"enemies":"Gremlin Nob","floor":14.0,"turns":4.0},{"damage":18.0,"enemies":"The Guardian","floor":16.0,"turns":15.0},{"damage":18.0,"enemies":"Shell Parasite","floor":18.0,"turns":6.0},{"damage":27.0,"enemies":"2 Thieves","floor":20.0,"turns":3.0},{"damage":0.0,"enemies":"Snecko","floor":22.0,"turns":4.0},{"damage":30.0,"enemies":"Slavers","floor":23.0,"turns":5.0},{"damage":1.0,"enemies":"Masked Bandits","floor":27.0,"turns":5.0},{"damage":10.0,"enemies":"Sentry and Sphere","floor":28.0,"turns":6.0},{"damage":11.0,"enemies":"3 Cultists","floor":29.0,"turns":5.0},{"damage":18.0,"enemies":"Snake Plant","floor":30.0,"turns":4.0},{"damage":8.0,"enemies":"Shelled Parasite and Fungi","floor":31.0,"turns":6.0},{"damage":11.0,"enemies":"Champ","floor":33.0,"turns":10.0},{"damage":10.0,"enemies":"3 Darklings","floor":35.0,"turns":6.0},{"damage":0.0,"enemies":"Orb Walker","floor":39.0,"turns":4.0},{"damage":18.0,"enemies":"Giant Head","floor":40.0,"turns":8.0},{"damage":2.0,"enemies":"3 Darklings","floor":42.0,"turns":4.0},{"damage":41.0,"enemies":"Sphere and 2 Shapes","floor":45.0,"turns":6.0},{"damage":6.0,"enemies":"Reptomancer","floor":47.0,"turns":9.0},{"damage":45.0,"enemies":"Time Eater","floor":50.0,"turns":13.0},{"damage":20.0,"enemies":"Shield and Spear","floor":54.0,"turns":5.0},{"damage":74,"enemies":"The Heart","floor":55,"turns":9}],"seed_played":"-2575429005932713129","potions_obtained":[{"floor":6.0,"key":"BloodPotion"},{"floor":8.0,"key":"ElixirPotion"},{"floor":10.0,"key":"PowerPotion"},{"floor":22.0,"key":"EssenceOfSteel"},{"floor":23.0,"key":"Energy Potion"},{"floor":27.0,"key":"ColorlessPotion"},{"floor":30.0,"key":"Fire Potion"},{"floor":35.0,"key":"SkillPotion"},{"floor":42.0,"key":"Block Potion"},{"floor":45.0,"key":"LiquidMemories"},{"floor":47.0,"key":"BlessingOfTheForge"},{"floor":54.0,"key":"BlessingOfTheForge"}],"is_trial":false,"path_per_floor":["M","M","$","M","?","E","R","E","T","M","R","$","M","E","R","B",null,"M","?","M","?","M","E","R","T","T","?","M","M","M","M","R","B",null,"M","?","T","$","M","E","R","M","T","R","M","?","E","?","R","B",null,"R","$","E","B"],"character_chosen":"IRONCLAD","items_purchased":["Tiny Chest","Ghostly Armor","Forethought","Entrench","Sling","Feel No Pain","Molten Egg 2","Spot Weakness","Lantern","HeartOfIron"],"campfire_rested":5,"item_purchase_floors":[3,3,3,12,38,38,38,38,53,53],"current_hp_per_floor":[71,72,72,71,76,12,50,35,35,34,57,57,57,37,60,48,77,67,67,46,46,52,28,51,51,51,58,54,51,39,37,61,56,83,79,79,79,79,83,71,71,77,77,77,44,65,67,67,67,30,83,83,83,69,0,0],"gold":33,"neow_bonus":"TWO_FIFTY_GOLD","is_daily":false,"chose_seed":false,"campfire_upgraded":3,"win_rate":0.0,"timestamp":1611378925,"path_taken":["M","M","$","M","?","E","R","E","T","M","R","$","M","E","R","BOSS","M","?","M","?","M","E","R","?","T","?","M","M","M","?","R","BOSS","M","?","?","$","?","E","R","M","T","R","M","?","E","?","R","BOSS","R","$","E","BOSS"],"items_purchased_type":["Relic","Card","Card","Card","Relic","Card","Relic","Card","Relic","Potion"],"build_version":"2020-12-22","purchased_purges":2,"victory":false,"max_hp_per_floor":[72,72,72,72,77,77,77,77,77,77,77,77,77,77,77,77,77,79,79,79,79,79,79,79,79,79,81,81,83,83,83,83,83,83,83,83,83,83,83,83,83,83,83,83,83,83,83,83,83,83,83,83,83,83,83,83],"relic_stats":{"Singing Bowl":6,"counters":[28,173],"Bag of Preparation":[2],"Letter Opener":[50],"Orichalcum":[60],"Smiling Mask":50,"Burning Blood":156,"Mercury Hourglass":[506],"Blood Vial":12,"Nunchaku":[22],"Shuriken":[25],"Sundial":[6],"Tiny Chest":2,"obtain_stats":[{"Lantern":53,"Singing Bowl":9,"Vajra":43,"Bag of Preparation":54,"Letter Opener":34,"Orichalcum":37,"Sling":38,"Smiling Mask":47,"Burning Blood":0,"White Beast Statue":40,"Mercury Hourglass":6,"Calling Bell":34,"Blood Vial":34,"Nunchaku":8,"HornCleat":25,"Shuriken":14,"Sundial":23,"Tiny Chest":3,"Philosopher\u0027s Stone":17,"Molten Egg 2":38,"Red Mask":27,"FossilizedHelix":34},{"Lantern":26,"Singing Bowl":5,"Vajra":23,"Bag of Preparation":27,"Letter Opener":19,"Orichalcum":20,"Sling":20,"Smiling Mask":25,"Burning Blood":0,"White Beast Statue":22,"Mercury Hourglass":4,"Calling Bell":19,"Blood Vial":19,"Nunchaku":5,"HornCleat":13,"Shuriken":8,"Sundial":13,"Tiny Chest":2,"Philosopher\u0027s Stone":9,"Molten Egg 2":20,"Red Mask":14,"FossilizedHelix":19},{"Lantern":159,"Singing Bowl":27,"Vajra":131,"Bag of Preparation":164,"Letter Opener":109,"Orichalcum":115,"Sling":115,"Smiling Mask":146,"Burning Blood":0,"White Beast Statue":127,"Mercury Hourglass":17,"Calling Bell":109,"Blood Vial":109,"Nunchaku":27,"HornCleat":73,"Shuriken":41,"Sundial":73,"Tiny Chest":6,"Philosopher\u0027s Stone":56,"Molten Egg 2":115,"Red Mask":78,"FossilizedHelix":109}]},"card_choices":[{"not_picked":["Anger","Pommel Strike"],"picked":"Iron Wave","floor":1.0},{"not_picked":["Headbutt","Blood for Blood"],"picked":"Metallicize","floor":2.0},{"not_picked":["Anger","Perfected Strike"],"picked":"Pummel","floor":4.0},{"not_picked":["Clash","Heavy Blade"],"picked":"Barricade","floor":6.0},{"not_picked":["Spot Weakness","Clash"],"picked":"Pummel","floor":8.0},{"not_picked":["Sentinel","Thunderclap"],"picked":"Shockwave","floor":10.0},{"not_picked":["Clash","Uppercut"],"picked":"Rampage","floor":13.0},{"not_picked":["Blood for Blood","Pommel Strike"],"picked":"Shockwave","floor":14.0},{"not_picked":["Fiend Fire","Limit Break"],"picked":"Juggernaut","floor":16.0},{"not_picked":["Wild Strike","Rupture","Havoc"],"picked":"Singing Bowl","floor":18.0},{"not_picked":["Flex+1","Headbutt"],"picked":"Dropkick+1","floor":20.0},{"not_picked":["Sever Soul","Cleave"],"picked":"Dropkick","floor":22.0},{"not_picked":["Bloodletting","Cleave"],"picked":"Searing Blow","floor":23.0},{"not_picked":["Cleave","Perfected Strike","True Grit"],"picked":"Singing Bowl","floor":27.0},{"not_picked":["Iron Wave","Whirlwind"],"picked":"Demon Form","floor":28.0},{"not_picked":["Flex","Combust+1","Dual Wield+1"],"picked":"Singing Bowl","floor":29.0},{"not_picked":["Blood for Blood","Havoc"],"picked":"Flame Barrier+1","floor":30.0},{"not_picked":["Carnage","Fire Breathing"],"picked":"Cleave+1","floor":31.0},{"not_picked":["Barricade","Brutality"],"picked":"Limit Break","floor":33.0},{"not_picked":["Warcry+1","Cleave"],"picked":"Pommel Strike+1","floor":35.0},{"not_picked":["Sword Boomerang+1","Sentinel+1"],"picked":"Bludgeon+1","floor":39.0},{"not_picked":["Perfected Strike+1","Hemokinesis+1"],"picked":"Shrug It Off+1","floor":40.0},{"not_picked":["Flex","Pummel+1"],"picked":"Iron Wave+1","floor":42.0},{"not_picked":["Perfected Strike+1","Clash+1"],"picked":"Dark Embrace+1","floor":45.0},{"not_picked":["Blood for Blood+1","Sever Soul+1"],"picked":"Dropkick+1","floor":47.0},{"not_picked":["Fire Breathing","Second Wind"],"picked":"Evolve+1","floor":54.0}],"player_experience":243792,"relics_obtained":[{"floor":6.0,"key":"Mercury Hourglass"},{"floor":8.0,"key":"Nunchaku"},{"floor":9.0,"key":"Singing Bowl"},{"floor":14.0,"key":"Shuriken"},{"floor":23.0,"key":"Sundial"},{"floor":25.0,"key":"HornCleat"},{"floor":27.0,"key":"Red Mask"},{"floor":34.0,"key":"Blood Vial"},{"floor":34.0,"key":"Letter Opener"},{"floor":34.0,"key":"FossilizedHelix"},{"floor":37.0,"key":"Orichalcum"},{"floor":40.0,"key":"White Beast Statue"},{"floor":43.0,"key":"Vajra"},{"floor":47.0,"key":"Smiling Mask"},{"floor":54.0,"key":"Bag of Preparation"}],"event_choices":[{"damage_healed":0.0,"max_hp_gain":5.0,"max_hp_loss":0.0,"gold_gain":0.0,"event_name":"Big Fish","player_choice":"Donut","floor":5.0,"gold_loss":0.0,"damage_taken":0.0},{"damage_healed":0.0,"max_hp_gain":0.0,"max_hp_loss":0.0,"gold_gain":0.0,"cards_transformed":["Strike_R","Strike_R"],"event_name":"Drug Dealer","player_choice":"Became Test Subject","floor":19.0,"gold_loss":0.0,"damage_taken":0.0,"cards_obtained":["Searing Blow","Wild Strike"]},{"damage_healed":0.0,"max_hp_gain":0.0,"max_hp_loss":0.0,"gold_gain":0.0,"event_name":"Back to Basics","player_choice":"Simplicity","floor":21.0,"gold_loss":0.0,"damage_taken":0.0,"cards_upgraded":["Strike_R","Strike_R","Strike_R","Defend_R","Defend_R","Defend_R"]},{"damage_healed":0.0,"max_hp_gain":0.0,"max_hp_loss":0.0,"gold_gain":0.0,"event_name":"Masked Bandits","player_choice":"Fought Bandits","floor":27.0,"gold_loss":0.0,"damage_taken":0.0},{"damage_healed":0.0,"max_hp_gain":0.0,"max_hp_loss":0.0,"gold_gain":222.0,"event_name":"Tomb of Lord Red Mask","player_choice":"Wore Mask","floor":36.0,"gold_loss":0.0,"damage_taken":0.0},{"damage_healed":21.0,"max_hp_gain":0.0,"max_hp_loss":0.0,"gold_gain":0.0,"event_name":"Winding Halls","player_choice":"Writhe","floor":46.0,"gold_loss":0.0,"damage_taken":0.0,"cards_obtained":["Writhe"]},{"damage_healed":0.0,"max_hp_gain":0.0,"max_hp_loss":0.0,"gold_gain":0.0,"cards_transformed":["Wild Strike"],"event_name":"Transmorgrifier","player_choice":"Transformed","floor":48.0,"gold_loss":0.0,"damage_taken":0.0,"cards_obtained":["Pummel"]}],"is_beta":false,"boss_relics":[{"not_picked":["SacredBark","Runic Dome"],"picked":"Philosopher\u0027s Stone"},{"not_picked":["Astrolabe","Runic Cube"],"picked":"Calling Bell"}],"items_purged_floors":[3,53],"is_endless":false,"potions_floor_spawned":[6,8,10,22,23,27,30,31,35,42,45,47,54],"killed_by":"The Heart","ascension_level":1}}