{"host":"cgwysqtmt736mr58","time":1611416573,"event":{"mods":["2.2 Compatiblity","Aspiration","BaseMod","Beaked The Cultist","Colored Map","Colored Powertips","Downfall","Googly Eyes","Halation","Hermit","Hubris","Infinite Spire","Lobotomy","LobotomyExtend","Marisa????????","Minty Spire (QoL Compilation)","Relic Stats","Replay The Spire","Shade Mod","StSLib","The Bug Knight","The Construct","The Cursed","The Disciple","The Exalted","The Jungle","The Necromancer","The Runesmith","The Servant 0.9.4","The Wild Card","Waifu the Spire","Yuri Mod","[IsaacMod]????"],"gold_per_floor":[99,112,125,138,65,65,89,89,89,101,114,114,14,27,27,130,130,189,199,199,211,211,211,287,348,360,360,392,377,377,402,418,418,418,418],"floor_reached":33,"language":"ENG","playtime":1607,"items_purged":[],"score":255,"play_id":"3e70eff8-88fd-4c6d-a67a-a463944c1f10","local_time":"20210124024253","is_ascension_mode":false,"campfire_choices":[{"floor":1,"key":"RECALL"},{"data":"infinitespire:Gouge","floor":9,"key":"SMITH"},{"data":"bronze:DelayedSlice","floor":13,"key":"SMITH"},{"floor":30,"key":"REST"},{"data":"bronze:Backtrace","floor":30,"key":"SMITH"}],"circlet_count":0,"master_deck":["bronze:Strike","bronze:Strike","bronze:Strike","bronze:Strike","bronze:Defend","bronze:Defend","bronze:Defend","bronze:Defend","bronze:Replicate","bronze:Goto","bronze:Repulsor","bronze:Frontload","bronze:Iterate","bronze:BronzeOrb","bronze:Optimize+1","infinitespire:Gouge+1","bronze:DelayedSlice+1","bronze:OilSpill","bronze:Overload","bronze:Assembly","bronze:Backtrace+1","bronze:Invalidate+1","hubris:NaturalOne","bronze:FineTuning+1","bronze:ChosenStrike","bronze:FineTuning","bronze:CloningBeam+1","bronze:Shell+1","bronze:WhirlingStrike","bronze:Overheat+1"],"relics":["bronze:BronzeCore","HushsDoor","BookOfRevelations","LetterFromLob","Ring of Hypnosis","Omamori","Unceasing Top","downfall:HeartBlessingRed","construct:WeddingRing","hubris:Icosahedron","infinitespire:Magic Flask","aspiration:HummingbirdHeart","Iron Hammer","downfall:KnowingSkull","Vajra"],"acts_visited":["Exordium","TheCity"],"potions_floor_usage":[28,33,33,33,33],"damage_taken":[{"damage":2,"enemies":"Small Slimes","floor":2,"turns":3},{"damage":1,"enemies":"Jaw Worm","floor":3,"turns":4},{"damage":0,"enemies":"2 Louse","floor":4,"turns":3},{"damage":0,"enemies":"downfall:FleeingMerchant","floor":5,"turns":4},{"damage":0,"enemies":"2 Fungi Beasts","floor":10,"turns":4},{"damage":0,"enemies":"Blue Slaver","floor":11,"turns":2},{"damage":0,"enemies":"Exordium Wildlife","floor":14,"turns":2},{"damage":17,"enemies":"WA_ARCHETYPE_RETAIN","floor":16,"turns":6},{"damage":5,"enemies":"3 Byrds","floor":19,"turns":5},{"damage":8,"enemies":"Shell Parasite","floor":21,"turns":3},{"damage":6,"enemies":"Shelled Parasite and Fungi","floor":26,"turns":4},{"damage":16,"enemies":"Book of Stabbing","floor":28,"turns":4},{"damage":0,"enemies":"downfall:FleeingMerchant","floor":29,"turns":4},{"damage":3,"enemies":"downfall:FleeingMerchant","floor":31,"turns":4},{"damage":3,"enemies":"3 Cultists","floor":32,"turns":4},{"damage":74,"enemies":"IC_MUSHROOM_ARCHETYPE","floor":33,"turns":5}],"seed_played":"3414437907690544444","potions_obtained":[{"floor":2,"key":"Regen Potion"},{"floor":4,"key":"Dexterity Potion"},{"floor":16,"key":"DistilledChaos"},{"floor":25,"key":"CultistPotion"},{"floor":32,"key":"Venom Potion"}],"is_trial":false,"path_per_floor":["R","M","M","M","$","?","T","?","R","M","M","T","R","M","M","B",null,"R_BF","M","?","M","?","AVR","T","?","M","?","E","$","R","$","M","B"],"character_chosen":"THE_AUTOMATON","items_purchased":["bronze:Optimize+1","bronze:Backtrace"],"campfire_rested":1,"item_purchase_floors":[5,17],"current_hp_per_floor":[77,75,74,74,74,74,74,74,74,74,74,74,74,74,74,57,75,75,70,70,62,62,62,62,62,56,49,45,45,67,64,61,0,0,0],"gold":418,"neow_bonus":"TEN_PERCENT_HP_BONUS","is_daily":false,"chose_seed":false,"campfire_upgraded":3,"win_rate":0.0,"timestamp":1611416573,"path_taken":["R","M","M","M","$","?","T","?","R","M","M","?","R","?","M","BOSS","R_BF","M","?","M","?","AVR","T","?","M","?","E","$","R","$","M","BOSS"],"items_purchased_type":["Card","Card"],"build_version":"2020-12-22","purchased_purges":0,"victory":false,"max_hp_per_floor":[77,77,77,77,77,77,77,77,77,77,77,77,77,77,77,77,75,75,75,75,75,75,75,75,75,75,75,75,75,75,75,75,75,75,75],"relic_stats":{"counters":[16,61],"obtain_stats":[{"KeepersGift":0,"bronze:BronzeCore":0,"construct:WeddingRing":17,"Ring of Hypnosis":6,"downfall:HeartBlessingRed":13,"BookOfRevelations":0,"Vajra":28,"Omamori":7,"aspiration:HummingbirdHeart":24,"infinitespire:Magic Flask":23,"hubris:Icosahedron":20,"downfall:KnowingSkull":27,"Iron Hammer":25,"LetterFromLob":2,"HushsDoor":0,"Unceasing Top":12},{"KeepersGift":0,"bronze:BronzeCore":0,"construct:WeddingRing":8,"Ring of Hypnosis":4,"downfall:HeartBlessingRed":6,"BookOfRevelations":0,"Vajra":12,"Omamori":4,"aspiration:HummingbirdHeart":10,"infinitespire:Magic Flask":10,"hubris:Icosahedron":9,"downfall:KnowingSkull":11,"Iron Hammer":10,"LetterFromLob":1,"HushsDoor":0,"Unceasing Top":6},{"KeepersGift":0,"bronze:BronzeCore":0,"construct:WeddingRing":28,"Ring of Hypnosis":14,"downfall:HeartBlessingRed":20,"BookOfRevelations":0,"Vajra":44,"Omamori":14,"aspiration:HummingbirdHeart":36,"infinitespire:Magic Flask":36,"hubris:Icosahedron":33,"downfall:KnowingSkull":40,"Iron Hammer":36,"LetterFromLob":3,"HushsDoor":0,"Unceasing Top":20}],"Unceasing Top":[5]},"card_choices":[{"not_picked":["bronze:DigitalCarnage","bronze:CutThrough"],"picked":"bronze:Repulsor","floor":2},{"not_picked":["bronze:Shield","Bomb"],"picked":"bronze:Frontload","floor":3},{"not_picked":["bronze:OilSpill","bronze:WildBeam"],"picked":"bronze:Iterate","floor":4},{"not_picked":["bronze:Optimize","bronze:BuggyMess"],"picked":"bronze:BronzeOrb","floor":5},{"not_picked":["infinitespire:Execution","infinitespire:Punishment"],"picked":"infinitespire:Gouge","floor":8},{"not_picked":["bronze:Deprecate","bronze:ItsAFeature"],"picked":"bronze:DelayedSlice","floor":10},{"not_picked":["bronze:MaxOutput","bronze:Shield"],"picked":"bronze:OilSpill","floor":11},{"not_picked":["Bomb","bronze:Deprecate"],"picked":"bronze:Overload","floor":14},{"not_picked":["bronze:BurnOut","bronze:CleanCode"],"picked":"bronze:Assembly","floor":16},{"not_picked":["bronze:DigitalCarnage+1","bronze:WildBeam"],"picked":"bronze:Invalidate+1","floor":19},{"not_picked":["bronze:DigitalCarnage+1","bronze:DarkDash"],"picked":"bronze:FineTuning+1","floor":21},{"not_picked":["bronze:Invalidate","bronze:Shield+1"],"picked":"bronze:ChosenStrike","floor":25},{"not_picked":["bronze:ItsAFeature","bronze:BuggyMess+1"],"picked":"bronze:FineTuning","floor":26},{"not_picked":["bronze:CutThrough","bronze:ItsAFeature"],"picked":"bronze:CloningBeam+1","floor":28},{"not_picked":["bronze:Philosophize+1","bronze:Assembly"],"picked":"bronze:Shell+1","floor":29},{"not_picked":["bronze:FollowUp+1","bronze:BitShift+1"],"picked":"bronze:WhirlingStrike","floor":31},{"not_picked":["bronze:BuggyMess","bronze:MaxOutput+1"],"picked":"bronze:Overheat+1","floor":32}],"player_experience":1023565,"relics_obtained":[{"floor":2,"key":"LetterFromLob"},{"floor":6,"key":"Ring of Hypnosis"},{"floor":7,"key":"Omamori"},{"floor":12,"key":"Unceasing Top"},{"floor":24,"key":"aspiration:HummingbirdHeart"},{"floor":25,"key":"Iron Hammer"},{"floor":28,"key":"Vajra"}],"event_choices":[{"damage_healed":0,"gold_gain":0,"player_choice":"Ignored","damage_taken":0,"max_hp_gain":0,"max_hp_loss":0,"event_name":"Ghosts","floor":22,"gold_loss":0}],"is_beta":false,"boss_relics":[{"not_picked":["halation:PlatinumPhoenix","Tiny House"],"picked":"construct:WeddingRing"},{"not_picked":[]}],"items_purged_floors":[],"is_endless":false,"potions_floor_spawned":[2,4,16,26,32],"killed_by":"IC_MUSHROOM_ARCHETYPE","ascension_level":0}}