{"host":"52jmisti11ysmja4","time":1611429739,"event":{"mods":["Aspiration","BaseMod","Better Third Choice","Minty Spire (QoL Compilation)","Remove Card Discount Mod","StSLib","The Bug Knight"],"gold_per_floor":[112,96,106,122,139,139,139],"floor_reached":6,"language":"ENG","playtime":164,"items_purged":["HollowMod:QuickDashStart","HollowMod:FocusHealStart","HollowMod:QuickDashStart","HollowMod:QuickDashStart","HollowMod:QuickDashStart","HollowMod:NailStrikeStart","HollowMod:NailStrikeStart","HollowMod:NailStrikeStart"],"score":46,"play_id":"cebc10c3-c065-4573-a8e9-08c1b7770965","local_time":"20210123112219","is_ascension_mode":true,"campfire_choices":[],"circlet_count":0,"master_deck":["HollowMod:NailStrikeStart","HollowMod:PogoStrike","HollowMod:NewGlowingWomb","HollowMod:DescendingDark","HollowMod:NewGlowingWomb","HollowMod:SiblingsShadow"],"relics":["HollowMod:VesselMask","NeowsBlessing"],"acts_visited":["Exordium"],"potions_floor_usage":[5],"damage_taken":[{"damage":0,"enemies":"Cultist","floor":1,"turns":1},{"damage":0,"enemies":"Small Slimes","floor":3,"turns":1},{"damage":0,"enemies":"Jaw Worm","floor":4,"turns":1},{"damage":19,"enemies":"Looter","floor":5,"turns":2},{"damage":0,"enemies":"Lagavulin","floor":6,"turns":1}],"seed_played":"-444989114275830046","potions_obtained":[{"floor":1,"key":"SteroidPotion"},{"floor":4,"key":"LiquidBronze"}],"is_trial":false,"path_per_floor":["M","$","M","M","M","E"],"character_chosen":"THE_BUGKNIGHT","items_purchased":[],"campfire_rested":0,"item_purchase_floors":[],"current_hp_per_floor":[75,75,75,75,56,56,56],"gold":139,"neow_bonus":"THREE_ENEMY_KILL","is_daily":false,"chose_seed":false,"campfire_upgraded":0,"win_rate":0.0,"timestamp":1611429739,"path_taken":["M","$","M","?","M","E"],"items_purchased_type":[],"build_version":"2020-12-22","purchased_purges":8,"victory":false,"max_hp_per_floor":[75,75,75,75,75,75,75],"card_choices":[{"not_picked":["HollowMod:PerfectDash","HollowMod:SoulShaman"],"picked":"HollowMod:NewGlowingWomb","floor":1},{"not_picked":["HollowMod:SoulEater","HollowMod:CrystalDash"],"picked":"HollowMod:DescendingDark","floor":3},{"not_picked":["HollowMod:CloakDash","HollowMod:TaintedHusks"],"picked":"HollowMod:NewGlowingWomb","floor":4},{"not_picked":["HollowMod:ShadowDash","HollowMod:ShapeofUnn"],"picked":"HollowMod:SiblingsShadow","floor":5}],"player_experience":551662,"relics_obtained":[],"event_choices":[],"is_beta":false,"boss_relics":[],"items_purged_floors":[2,2,2,2,2,2,2,2],"is_endless":false,"potions_floor_spawned":[1,4],"killed_by":"Lagavulin","ascension_level":4}}