{"host":"r10yh36zs2k9z1sa","time":1611393168,"event":{"mods":["AchievementEnabler","Act Like it!","Aspiration","Astrologer","BaseMod","Colored Map","Conspire","Decade(¤ý¤p©ú)","Gensokyo","Hermit","Highlight Path","KinomotoSakuraMod(¤ì¤§¥»?)","Koishi","KomeijiMod","Marisa¡]Ãú«B¡@Å]²z¨F¡^","Minty Spire (QoL Compilation)","Permanent Neow","Quick Restart","Reimu¡]³Õ???¡^","Remilia¡]Á¢¦Ì²ú?¡^","StSLib","SuperFastMode","The Administrix","The Animator","The Bug Knight","The Cursed","The Gatherer","The Marked","The Mystic","The Saiyan","The Senshi","The Servant 0.9.4","Youmu¡]»î¾z§¯?¡^","Yuri Mod","Yuyuko"],"gold_per_floor":[116,132,132,147,166,197,197,230,257,257,273,273,292,44,44,143,143,157,157,1,1,16,44,57,57,57,57,7,26,26,36,36,132,132,152,163,9,9,22,34,34,34,88,106,334,346,358,389,401,413],"floor_reached":51,"language":"ZHS","playtime":4444,"items_purged":[],"score":631,"play_id":"7563dddb-44cc-4c57-9ab1-f69c26800c59","local_time":"20210123171248","is_ascension_mode":false,"campfire_choices":[{"data":"MikOfLucky:ReiMu","floor":7.0,"key":"SMITH"},{"floor":12.0,"key":"REST"},{"data":"MikOfLucky:ReiMu","floor":15.0,"key":"SMITH"},{"floor":25.0,"key":"REST"},{"data":"Gathering:ReiMu","floor":30.0,"key":"SMITH"},{"data":"DependentForm:ReiMu","floor":32.0,"key":"SMITH"},{"floor":41.0,"key":"REST"},{"floor":49,"key":"REST"}],"circlet_count":0,"master_deck":["Strike_Lin:ReiMu","Strike_Lin:ReiMu","Defend_Lin:ReiMu","Defend_Lin:ReiMu","Defend_Lin:ReiMu","Defend_Lin:ReiMu","NB:ReiMu","Stagnation:ReiMu","MikOfLucky:ReiMu+1","Amulet:ReiMu","SpiritualOutbreak2:ReiMu","Conquer:ReiMu","MikOfLucky:ReiMu+1","Free:ReiMu+1","Gathering:ReiMu+1","Conquer:ReiMu","Shading:ReiMu+1","SpreadBorder2:ReiMu+1","DependentForm:ReiMu+1","SpreadBorder2:ReiMu+1","DependentForm:ReiMu","RainPray2:ReiMu+1","YinYang:ReiMu","EmergencyTakeOff:ReiMu+1","SubcavityFantasy:ReiMu+1"],"relics":["FlyPower:ReiMu","aspiration:Nostalgia","MiniHakkero","MealTicket","Toxic Egg 2","conspire:TopHat","theSenshi:FeatherClipsRelic","SlaversCollar","aspiration:RitualStick","Nloth\u0027s Gift","conspire:Flyswatter","Sozu","RuthlessExorcism:ReiMu","MawBank","Unceasing Top"],"acts_visited":["Exordium","TheCity","TheCity"],"potions_floor_usage":[45],"damage_taken":[{"damage":0.0,"enemies":"Small Slimes","floor":1.0,"turns":5.0},{"damage":0.0,"enemies":"Jaw Worm","floor":2.0,"turns":4.0},{"damage":6.0,"enemies":"Cultist","floor":4.0,"turns":6.0},{"damage":12.0,"enemies":"Red Slaver","floor":5.0,"turns":6.0},{"damage":6.0,"enemies":"Lagavulin","floor":6.0,"turns":8.0},{"damage":11.0,"enemies":"Gremlin Nob","floor":8.0,"turns":5.0},{"damage":3.0,"enemies":"3 Louse","floor":11.0,"turns":2.0},{"damage":5.0,"enemies":"2 Fungi Beasts","floor":13.0,"turns":3.0},{"damage":10.0,"enemies":"Slime Boss","floor":16.0,"turns":8.0},{"damage":2.0,"enemies":"3 Byrds","floor":18.0,"turns":4.0},{"damage":7.0,"enemies":"Chosen and Byrds","floor":22.0,"turns":7.0},{"damage":10.0,"enemies":"conspire:Head Lice","floor":23.0,"turns":6.0},{"damage":43.0,"enemies":"Cultist and Chosen","floor":24.0,"turns":8.0},{"damage":4.0,"enemies":"Snecko","floor":29.0,"turns":6.0},{"damage":8.0,"enemies":"Snake Plant","floor":31.0,"turns":5.0},{"damage":22.0,"enemies":"conspire:MysteriousRune","floor":33.0,"turns":10.0},{"damage":11.0,"enemies":"Gensokyo:3_Bats","floor":35.0,"turns":3.0},{"damage":8.0,"enemies":"Gensokyo:3_Boulders","floor":36.0,"turns":5.0},{"damage":24.0,"enemies":"Gensokyo:SeedOfUnknown","floor":39.0,"turns":9.0},{"damage":32.0,"enemies":"Gensokyo:AtlasGolem","floor":40.0,"turns":9.0},{"damage":18.0,"enemies":"Gensokyo:Rafflesia","floor":44.0,"turns":9.0},{"damage":11,"enemies":"Gensokyo:SeedOfUnknown","floor":45,"turns":9},{"damage":18,"enemies":"Gensokyo:AtlasGolem","floor":48,"turns":6},{"damage":18,"enemies":"Gensokyo:Shinki","floor":50,"turns":10}],"seed_played":"381244217607191020","potions_obtained":[{"floor":4.0,"key":"Dexterity Potion"},{"floor":5.0,"key":"LiquidBronze"},{"floor":8.0,"key":"Block Potion"},{"floor":23.0,"key":"FearPotion"},{"floor":24.0,"key":"Block Potion"},{"floor":33.0,"key":"FearPotion"}],"is_trial":false,"path_per_floor":["M","M","?","M","M","E","R","E","T","?","M","R","M","$","R","B",null,"M","?","$","?","M","E","M","R","T","$","?","M","R","M","R","B",null,"M","M","COS","?","M","M","R","?","T","M","M","?","?","M","R","B",null],"character_chosen":"REIMU","items_purchased":["theSenshi:FeatherClipsRelic","DependentForm:ReiMu"],"campfire_rested":4,"item_purchase_floors":[14,20],"current_hp_per_floor":[65,65,65,59,47,41,41,30,30,30,27,46,41,56,56,52,65,65,52,65,65,64,60,23,42,42,57,57,59,59,57,57,41,65,60,58,58,58,40,14,33,40,40,28,23,23,23,11,30,18],"gold":425,"neow_bonus":"NOSTALGIA","is_daily":false,"chose_seed":false,"campfire_upgraded":4,"win_rate":0.0,"timestamp":1611393168,"path_taken":["M","M","?","M","M","E","R","E","T","?","M","R","M","$","R","BOSS","M","?","$","?","?","E","M","R","T","?","?","?","R","M","R","BOSS","M","M","COS","?","M","M","R","?","T","?","M","?","?","M","R","BOSS"],"items_purchased_type":["Relic","Card"],"build_version":"2020-12-22","purchased_purges":0,"victory":true,"max_hp_per_floor":[65,65,65,65,65,65,65,65,65,65,65,65,65,65,65,65,65,65,65,65,65,65,65,65,65,65,65,65,65,65,65,65,65,65,65,65,65,65,65,65,65,65,65,65,65,65,65,65,65,65],"card_choices":[{"not_picked":["SubAcupoint:ReiMu","AirStrike:ReiMu"],"picked":"MikOfLucky:ReiMu","floor":1.0},{"not_picked":["PayForSelf:ReiMu","Meditation:ReiMu"],"picked":"Amulet:ReiMu","floor":2.0},{"not_picked":["SafetyPray:ReiMu","AlertArray:ReiMu"],"picked":"SpiritualOutbreak2:ReiMu","floor":4.0},{"not_picked":["ShadowOfCrow2:ReiMu","FantasyBorder:ReiMu"],"picked":"Conquer:ReiMu","floor":5.0},{"not_picked":["TightArray:ReiMu","FantasyBorder:ReiMu+1"],"picked":"MikOfLucky:ReiMu","floor":6.0},{"not_picked":["TakeOff:ReiMu+1","TightArray:ReiMu"],"picked":"Free:ReiMu+1","floor":8.0},{"not_picked":["AlertArray:ReiMu+1","SpringWay:ReiMu+1"],"picked":"Gathering:ReiMu","floor":11.0},{"not_picked":["Enchanting:ReiMu+1","UpKicking:ReiMu"],"picked":"Conquer:ReiMu","floor":13.0},{"not_picked":["CeremonyResonance:ReiMu+1","KyokaiOfKami:ReiMu"],"picked":"Shading:ReiMu+1","floor":16.0},{"not_picked":["Intuition:ReiMu+1","LovePray:ReiMu+1"],"picked":"SpreadBorder2:ReiMu+1","floor":18.0},{"not_picked":["FantasyMoon:ReiMu+1","YinYangSign:ReiMu"],"picked":"SpreadBorder2:ReiMu+1","floor":22.0},{"not_picked":["SubcavityInstant:ReiMu+1","Dreaming2:ReiMu"],"picked":"DependentForm:ReiMu","floor":23.0},{"not_picked":["WonderfulDomain:ReiMu+1","AlertArray:ReiMu+1","AirManeuver:ReiMu+1"],"picked":"SKIP","floor":24.0},{"not_picked":["SafetyPray:ReiMu+1","WonderfulDomain:ReiMu+1"],"picked":"RainPray2:ReiMu+1","floor":29.0},{"not_picked":["AlertArray:ReiMu+1","SafetyPray:ReiMu+1","CollectionFlower2:ReiMu+1"],"picked":"SKIP","floor":31.0},{"not_picked":["CeremonyResonance:ReiMu+1","CardOfSanctity:ReiMu+1"],"picked":"YinYang:ReiMu","floor":33.0},{"not_picked":["Amulet:ReiMu+1","ManaGlint:ReiMu","CollectionFlower2:ReiMu+1"],"picked":"SKIP","floor":35.0},{"not_picked":["WonderfulDomain:ReiMu+1","OrbThrow:ReiMu+1","SafetyPray:ReiMu+1"],"picked":"SKIP","floor":36.0},{"not_picked":["Revelation:ReiMu+1","SubAcupoint:ReiMu","RunawayExorcism:ReiMu+1"],"picked":"SKIP","floor":39.0},{"not_picked":["AlertArray:ReiMu+1","Amulet:ReiMu+1","CareerPray:ReiMu+1"],"picked":"SKIP","floor":40.0},{"not_picked":["AirManeuver:ReiMu+1","Amulet:ReiMu+1","TakeOff:ReiMu+1"],"picked":"SKIP","floor":44.0},{"not_picked":["DoubleButterfly:ReiMu+1","WonderfulDomain:ReiMu+1"],"picked":"EmergencyTakeOff:ReiMu+1","floor":45},{"not_picked":["ManaGlint:ReiMu+1","LearningPray:ReiMu+1","FantasyBorder:ReiMu+1"],"picked":"SKIP","floor":48}],"player_experience":296131,"relics_obtained":[{"floor":6.0,"key":"Toxic Egg 2"},{"floor":8.0,"key":"conspire:TopHat"},{"floor":9.0,"key":"Omamori"},{"floor":23.0,"key":"conspire:Flyswatter"},{"floor":43.0,"key":"RuthlessExorcism:ReiMu"}],"event_choices":[{"damage_healed":0.0,"max_hp_gain":0.0,"max_hp_loss":0.0,"gold_gain":0.0,"event_name":"Big Fish","player_choice":"Box","floor":3.0,"gold_loss":0.0,"damage_taken":0.0,"relics_obtained":["MealTicket"],"cards_obtained":["Regret"]},{"damage_healed":0.0,"max_hp_gain":0.0,"max_hp_loss":0.0,"gold_gain":0.0,"event_name":"Golden Idol","player_choice":"Ignored","floor":10.0,"gold_loss":0.0,"damage_taken":0.0},{"damage_healed":0.0,"max_hp_gain":0.0,"max_hp_loss":0.0,"gold_gain":0.0,"event_name":"N\u0027loth","player_choice":"Traded Relic","floor":21.0,"relics_lost":["Omamori"],"gold_loss":0.0,"damage_taken":0.0,"relics_obtained":["Nloth\u0027s Gift"]},{"damage_healed":0.0,"max_hp_gain":0.0,"max_hp_loss":0.0,"gold_gain":0.0,"event_name":"The Joust","player_choice":"Bet on Murderer","floor":28.0,"gold_loss":50.0,"damage_taken":0.0}],"is_beta":false,"boss_relics":[{"not_picked":["Empty Cage","SacredBark"],"picked":"SlaversCollar"},{"not_picked":["Astrolabe","conspire:SpecialSausage"],"picked":"Sozu"}],"items_purged_floors":[],"is_endless":false,"potions_floor_spawned":[4,5,8,23,24,33,40,45],"ascension_level":0}}