{"host":"3jpwrwmmgyabjceh","time":1611405577,"event":{"mods":["AchievementEnabler","BaseMod","Colored Map","Colored Powertips","Highlight Path","Minty Spire (QoL Compilation)","Quick Restart","Relic Stats","StSLib","SuperFastMode"],"gold_per_floor":[109,125,125,141,24,59,134,153,179,179,219,65,65,85,85,208,208,227,7,7,7,0,0],"floor_reached":22,"language":"ENG","playtime":558,"items_purged":["Strike_P"],"score":240,"play_id":"aaf670d7-05b3-4276-a16c-e61531b0abf8","local_time":"20210123153937","is_ascension_mode":true,"campfire_choices":[{"floor":10,"key":"REST"},{"data":"Eruption","floor":13,"key":"SMITH"},{"floor":15,"key":"REST"}],"circlet_count":0,"master_deck":["Strike_P","Strike_P","Strike_P","Defend_P","Defend_P+1","Defend_P","Defend_P","Eruption+1","Vigilance","FlyingSleeves","Halt","CutThroughFate","MentalFortress","ClearTheMind+1","Adaptation","WheelKick","DevaForm","MentalFortress","LikeWater","Ragnarok","ClearTheMind+1","Meditate"],"relics":["SacredBark","Golden Idol","War Paint","Toy Ornithopter","Omamori","Runic Pyramid","Vajra"],"acts_visited":["Exordium","TheCity"],"potions_floor_usage":[6,8,14],"damage_taken":[{"damage":6.0,"enemies":"2 Louse","floor":1.0,"turns":4.0},{"damage":5.0,"enemies":"Small Slimes","floor":2.0,"turns":5.0},{"damage":1.0,"enemies":"Jaw Worm","floor":4.0,"turns":4.0},{"damage":16,"enemies":"Gremlin Nob","floor":6,"turns":3},{"damage":23,"enemies":"Exordium Thugs","floor":8,"turns":6},{"damage":4,"enemies":"Lagavulin","floor":11,"turns":7},{"damage":15,"enemies":"Red Slaver","floor":14,"turns":3},{"damage":32,"enemies":"The Guardian","floor":16,"turns":13},{"damage":18,"enemies":"Spheric Guardian","floor":18,"turns":4},{"damage":50,"enemies":"2 Thieves","floor":22,"turns":2}],"seed_played":"1416466240245503746","potions_obtained":[{"floor":1.0,"key":"PowerPotion"},{"floor":2.0,"key":"Block Potion"},{"floor":8,"key":"Dexterity Potion"},{"floor":11,"key":"StancePotion"}],"is_trial":false,"path_per_floor":["M","M","?","M","$","E","?","M","T","R","E","$","R","M","R","B",null,"M","$","?","$","M"],"character_chosen":"WATCHER","items_purchased":["MentalFortress","ClearTheMind","MentalFortress","Vajra","Meditate"],"campfire_rested":2,"item_purchase_floors":[5,5,12,19,19],"current_hp_per_floor":[66,61,61,60,60,44,33,10,10,30,26,26,26,16,36,4,51,33,33,33,33,0,0],"gold":0,"neow_bonus":"BOSS_RELIC","is_daily":false,"chose_seed":false,"campfire_upgraded":1,"win_rate":0.0,"timestamp":1611405577,"path_taken":["M","M","?","M","$","E","?","M","T","R","E","$","R","M","R","BOSS","M","$","?","?","?"],"items_purchased_type":["Card","Card","Card","Relic","Card"],"build_version":"2020-12-22","purchased_purges":1,"victory":false,"max_hp_per_floor":[72,72,67,67,67,67,67,67,67,67,67,67,67,67,67,67,67,67,67,67,67,67,67],"relic_stats":{"counters":[10,51],"Golden Idol":55,"War Paint":["ClearTheMind","Defend_P"],"obtain_stats":[{"Golden Idol":3,"SacredBark":0,"Vajra":19,"Omamori":11,"PureWater":0,"War Paint":6,"Toy Ornithopter":9,"Runic Pyramid":17},{"Golden Idol":2,"SacredBark":0,"Vajra":9,"Omamori":6,"PureWater":0,"War Paint":4,"Toy Ornithopter":5,"Runic Pyramid":8},{"Golden Idol":9,"SacredBark":0,"Vajra":49,"Omamori":29,"PureWater":0,"War Paint":16,"Toy Ornithopter":22,"Runic Pyramid":45}],"Toy Ornithopter":5},"card_choices":[{"not_picked":["DeceiveReality","Prostrate"],"picked":"FlyingSleeves","floor":1.0},{"not_picked":["Worship","FollowUp"],"picked":"Halt","floor":2.0},{"not_picked":["ConjureBlade","EmptyFist"],"picked":"CutThroughFate","floor":4.0},{"not_picked":["FearNoEvil","ClearTheMind"],"picked":"Adaptation","floor":6},{"not_picked":["EmptyFist","Sanctity"],"picked":"WheelKick","floor":8},{"not_picked":["DeceiveReality","Crescendo"],"picked":"DevaForm","floor":11},{"not_picked":["ThirdEye","Indignation"],"picked":"LikeWater","floor":14},{"not_picked":["Judgement","Brilliance"],"picked":"Ragnarok","floor":16},{"not_picked":["EmptyMind","Sanctity"],"picked":"ClearTheMind+1","floor":18}],"player_experience":268967,"relics_obtained":[{"floor":6,"key":"War Paint"},{"floor":9,"key":"Toy Ornithopter"},{"floor":11,"key":"Omamori"}],"event_choices":[{"damage_healed":0.0,"max_hp_gain":0.0,"max_hp_loss":5.0,"gold_gain":0.0,"event_name":"Golden Idol","player_choice":"Lose Max HP","floor":3.0,"gold_loss":0.0,"damage_taken":0.0,"relics_obtained":["Golden Idol"]},{"damage_healed":0,"gold_gain":75,"player_choice":"Gather Gold","damage_taken":11,"max_hp_gain":0,"max_hp_loss":0,"event_name":"World of Goop","floor":7,"gold_loss":0},{"damage_healed":0,"gold_gain":0,"player_choice":"Ignored","damage_taken":0,"max_hp_gain":0,"max_hp_loss":0,"event_name":"Ghosts","floor":20,"gold_loss":0}],"is_beta":false,"boss_relics":[{"not_picked":["Pandora\u0027s Box","Sozu"],"picked":"Runic Pyramid"}],"items_purged_floors":[12],"is_endless":false,"potions_floor_spawned":[1,2,8,11],"killed_by":"2 Thieves","ascension_level":5}}