{"host":"c52z9ixzgdjttcmx","time":1611376445,"event":{"mods":["BaseMod","Colored Powertips","Minty Spire (QoL Compilation)","Rare Cards Sparkle","Relic Stats"],"gold_per_floor":[109,384,0,18,32,32,60,60,60,84,128,152,152,175,175,265,265,289,269,3,3,24,24,24],"floor_reached":23,"language":"ENG","playtime":1051,"items_purged":["Regret","Strike_R"],"score":355,"play_id":"b494d021-66d7-4513-90ae-cb1d40f80de7","local_time":"20210122223405","is_ascension_mode":true,"campfire_choices":[{"data":"Metallicize","floor":6,"key":"SMITH"},{"floor":13,"key":"REST"},{"data":"Armaments","floor":15,"key":"SMITH"}],"circlet_count":0,"master_deck":["AscendersBane","Strike_R","Strike_R","Strike_R","Strike_R","Defend_R","Defend_R","Defend_R","Defend_R","Bash","Dropkick","Anger","Metallicize+1","Seeing Red","Injury","Armaments+1","Shrug It Off","Shockwave","Uppercut","Barricade","Dual Wield","Burning Pact+1","Metallicize","Havoc","Rampage"],"relics":["Burning Blood","NeowsBlessing","Ice Cream","Blue Candle","Golden Idol","Boot","Regal Pillow","Black Star"],"acts_visited":["Exordium","TheCity"],"potions_floor_usage":[16,16],"damage_taken":[{"damage":0,"enemies":"Jaw Worm","floor":1,"turns":1},{"damage":0,"enemies":"Cultist","floor":4,"turns":1},{"damage":0,"enemies":"Small Slimes","floor":5,"turns":1},{"damage":28,"enemies":"3 Sentries","floor":7,"turns":12},{"damage":12,"enemies":"2 Fungi Beasts","floor":10,"turns":4},{"damage":10,"enemies":"Lagavulin","floor":11,"turns":7},{"damage":24,"enemies":"Large Slime","floor":12,"turns":8},{"damage":6,"enemies":"Looter","floor":14,"turns":4},{"damage":16,"enemies":"The Guardian","floor":16,"turns":16},{"damage":29,"enemies":"3 Byrds","floor":18,"turns":8},{"damage":21,"enemies":"2 Thieves","floor":19,"turns":5},{"damage":6,"enemies":"Snecko","floor":22,"turns":8},{"damage":33,"enemies":"Book of Stabbing","floor":23,"turns":6}],"seed_played":"-8586319815315965409","potions_obtained":[{"floor":1,"key":"Dexterity Potion"},{"floor":7,"key":"HeartOfIron"},{"floor":11,"key":"DuplicationPotion"},{"floor":19,"key":"ElixirPotion"},{"floor":22,"key":"Ancient Potion"}],"is_trial":false,"path_per_floor":["M","?","$","M","M","R","E","?","T","M","E","M","R","M","R","B",null,"M","M","$","?","M","E"],"character_chosen":"IRONCLAD","items_purchased":["Ice Cream","Metallicize","Havoc","Rampage"],"campfire_rested":1,"item_purchase_floors":[3,20,20,20],"current_hp_per_floor":[74,74,74,75,75,75,53,53,53,47,43,25,62,62,62,52,69,46,31,31,31,31,0,0],"gold":24,"neow_bonus":"THREE_ENEMY_KILL","is_daily":false,"chose_seed":false,"campfire_upgraded":2,"win_rate":0.0,"timestamp":1611376445,"path_taken":["M","?","$","?","M","R","E","?","T","M","E","M","R","M","R","BOSS","M","M","$","?","M","E"],"items_purchased_type":["Relic","Card","Card","Card"],"build_version":"2020-12-22","purchased_purges":2,"victory":false,"max_hp_per_floor":[75,75,75,75,75,75,75,75,75,75,75,75,75,75,75,75,75,75,75,75,75,75,75,75],"relic_stats":{"Regal Pillow":15,"counters":[13,81],"Golden Idol":56,"Blue Candle":[3],"Black Star":0,"Boot":[28],"obtain_stats":[{"Ice Cream":3,"Regal Pillow":11,"NeowsBlessing":0,"Golden Idol":8,"Blue Candle":7,"Black Star":17,"Boot":9,"Burning Blood":0},{"Ice Cream":1,"Regal Pillow":6,"NeowsBlessing":0,"Golden Idol":4,"Blue Candle":4,"Black Star":9,"Boot":4,"Burning Blood":0},{"Ice Cream":1,"Regal Pillow":26,"NeowsBlessing":0,"Golden Idol":15,"Blue Candle":15,"Black Star":54,"Boot":15,"Burning Blood":0}],"Burning Blood":61},"card_choices":[{"not_picked":["Twin Strike","Second Wind"],"picked":"Dropkick","floor":1},{"not_picked":["Shrug It Off","Wild Strike"],"picked":"Anger","floor":4},{"not_picked":["Rupture","Dropkick"],"picked":"Metallicize","floor":5},{"not_picked":["Armaments","Havoc"],"picked":"Seeing Red","floor":7},{"not_picked":["Ghostly Armor","Blood for Blood"],"picked":"Armaments","floor":10},{"not_picked":["Clash","Infernal Blade"],"picked":"Shrug It Off","floor":11},{"not_picked":["Limit Break","Warcry"],"picked":"Shockwave","floor":12},{"not_picked":["Flame Barrier","Warcry"],"picked":"Uppercut","floor":14},{"not_picked":["Offering","Brutality"],"picked":"Barricade","floor":16},{"not_picked":["Warcry","Shrug It Off"],"picked":"Dual Wield","floor":18},{"not_picked":["Clash","Clothesline"],"picked":"Burning Pact+1","floor":19},{"not_picked":["Searing Blow","Twin Strike","Wild Strike"],"picked":"SKIP","floor":22}],"player_experience":3310891,"relics_obtained":[{"floor":7,"key":"Blue Candle"},{"floor":9,"key":"Boot"},{"floor":11,"key":"Regal Pillow"}],"event_choices":[{"damage_healed":0,"gold_gain":275,"player_choice":"Desecrate","damage_taken":0,"max_hp_gain":0,"max_hp_loss":0,"event_name":"Golden Shrine","floor":2,"gold_loss":0,"cards_obtained":["Regret"]},{"damage_healed":0,"gold_gain":0,"player_choice":"Take Wound","damage_taken":0,"relics_obtained":["Golden Idol"],"max_hp_gain":0,"max_hp_loss":0,"event_name":"Golden Idol","floor":8,"gold_loss":0,"cards_obtained":["Injury"]},{"damage_healed":0,"gold_gain":0,"player_choice":"Ignored","damage_taken":0,"max_hp_gain":0,"max_hp_loss":0,"event_name":"Vampires","floor":21,"gold_loss":0}],"is_beta":false,"boss_relics":[{"not_picked":["Runic Dome","Velvet Choker"],"picked":"Black Star"}],"items_purged_floors":[3,20],"is_endless":false,"potions_floor_spawned":[1,7,11,19,22],"killed_by":"Book of Stabbing","ascension_level":15}}