{"host":"sygfylmorsvdndbx","time":1611416556,"event":{"mods":["AchievementEnabler","BaseMod","Highlight Path","Minty Spire (QoL Compilation)","Permanent Neow","Quick Restart","Relic Stats"],"gold_per_floor":[16,16,34,34,55,55,55,55],"floor_reached":7,"language":"ENG","playtime":434,"items_purged":[],"score":51,"play_id":"08245a4c-96b3-4f25-864d-d4440a1e843e","local_time":"20210123104236","is_ascension_mode":true,"campfire_choices":[{"data":"Apotheosis","floor":6,"key":"SMITH"}],"circlet_count":0,"master_deck":["Strike_P","Strike_P","Strike_P","Strike_P","Defend_P","Defend_P","Defend_P","Eruption","Vigilance","Apotheosis+1","Evaluate","WaveOfTheHand","ThirdEye"],"relics":["PureWater","Golden Idol"],"acts_visited":["Exordium"],"potions_floor_usage":[],"damage_taken":[{"damage":0,"enemies":"Small Slimes","floor":1,"turns":3},{"damage":0,"enemies":"Jaw Worm","floor":3,"turns":2},{"damage":0,"enemies":"2 Louse","floor":5,"turns":3},{"damage":58,"enemies":"Gremlin Nob","floor":7,"turns":6}],"seed_played":"-3509020952905287168","potions_obtained":[{"floor":1,"key":"BlessingOfTheForge"}],"is_trial":false,"path_per_floor":["M","?","M","?","M","R","E"],"character_chosen":"WATCHER","items_purchased":[],"campfire_rested":0,"item_purchase_floors":[],"current_hp_per_floor":[72,54,54,54,54,54,0,0],"gold":55,"neow_bonus":"RANDOM_COLORLESS_2","is_daily":false,"chose_seed":false,"campfire_upgraded":1,"win_rate":0.0,"timestamp":1611416556,"path_taken":["M","?","M","?","M","R","E"],"items_purchased_type":[],"build_version":"2020-12-22","purchased_purges":0,"victory":false,"max_hp_per_floor":[72,72,72,72,72,72,72,72],"relic_stats":{"counters":[4,14],"Golden Idol":8,"obtain_stats":[{"Golden Idol":2,"PureWater":0},{"Golden Idol":1,"PureWater":0},{"Golden Idol":3,"PureWater":0}]},"card_choices":[{"not_picked":["Thinking Ahead","Metamorphosis"],"picked":"Apotheosis","floor":0},{"not_picked":["Protect","WheelKick"],"picked":"Evaluate","floor":1},{"not_picked":["Halt","Protect"],"picked":"WaveOfTheHand","floor":3},{"not_picked":["Collect","Crescendo"],"picked":"ThirdEye","floor":5}],"player_experience":312581,"relics_obtained":[],"event_choices":[{"damage_healed":0,"gold_gain":0,"player_choice":"Take Damage","damage_taken":18,"relics_obtained":["Golden Idol"],"max_hp_gain":0,"max_hp_loss":0,"event_name":"Golden Idol","floor":2,"gold_loss":0},{"cards_removed":["Defend_P"],"damage_healed":0,"gold_gain":0,"player_choice":"Forget","damage_taken":0,"max_hp_gain":0,"max_hp_loss":0,"event_name":"Living Wall","floor":4,"gold_loss":0}],"is_beta":false,"boss_relics":[],"items_purged_floors":[],"is_endless":false,"potions_floor_spawned":[1],"killed_by":"Gremlin Nob","ascension_level":5}}