{"host":"t179ovrkr5k1gnfh","time":1611420490,"event":{"mods":["AchievementEnabler","BaseMod","Colored Map","Minty Spire (QoL Compilation)"],"gold_per_floor":[113,130,141,141,141,179,179,129,181,220,283,322,322,363,363,484,484,497,596,596,596,126,126,117,161,161,181,181,181],"floor_reached":28,"language":"ENG","playtime":1906,"items_purged":["Strike_G"],"score":316,"play_id":"135738f7-50c3-486b-8959-18b24fb4531a","local_time":"20210123174810","is_ascension_mode":true,"campfire_choices":[{"data":"Neutralize","floor":7,"key":"SMITH"},{"floor":15,"key":"REST"},{"data":"1","floor":23,"key":"LIFT"}],"circlet_count":0,"master_deck":["Strike_G","Strike_G","Defend_G","Defend_G","Defend_G","Survivor","Neutralize+1","Infinite Blades","Backflip","Deadly Poison","Bane","Dash","Prepared","Venomology","Tools of the Trade","Footwork+1","Poisoned Stab","Deadly Poison","Catalyst","Eviscerate"],"relics":["Ring of the Snake","Golden Idol","Juzu Bracelet","Oddly Smooth Stone","Peace Pipe","Girya","Omamori","Busted Crown","Tiny Chest","Question Card","Strawberry","Paper Crane","Bottled Flame"],"acts_visited":["Exordium","TheCity"],"potions_floor_usage":[6,6,12,12,14,16,18,25,25,27,27,28,28],"damage_taken":[{"damage":0,"enemies":"Cultist","floor":1,"turns":5},{"damage":2,"enemies":"Small Slimes","floor":2,"turns":4},{"damage":2,"enemies":"2 Louse","floor":3,"turns":3},{"damage":8,"enemies":"Lagavulin","floor":6,"turns":8},{"damage":12,"enemies":"3 Sentries","floor":10,"turns":9},{"damage":0,"enemies":"Gremlin Nob","floor":12,"turns":3},{"damage":1,"enemies":"3 Sentries","floor":14,"turns":8},{"damage":13,"enemies":"Hexaghost","floor":16,"turns":11},{"damage":17,"enemies":"3 Byrds","floor":18,"turns":7},{"damage":3,"enemies":"2 Thieves","floor":24,"turns":4},{"damage":38,"enemies":"Gremlin Leader","floor":25,"turns":8},{"damage":5,"enemies":"Snake Plant","floor":27,"turns":5},{"damage":12,"enemies":"Cultist and Chosen","floor":28,"turns":3}],"seed_played":"-6158013982697796002","potions_obtained":[{"floor":3,"key":"EntropicBrew"},{"floor":10,"key":"Strength Potion"},{"floor":14,"key":"SkillPotion"},{"floor":16,"key":"ColorlessPotion"},{"floor":24,"key":"DistilledChaos"}],"is_trial":false,"path_per_floor":["M","M","M","?","?","E","R","?","T","E","?","E","?","E","R","B",null,"M","?","?","?","$","R","M","E","T","M","M"],"character_chosen":"THE_SILENT","items_purchased":["Question Card","Strawberry"],"campfire_rested":1,"item_purchase_floors":[22,22],"current_hp_per_floor":[63,61,59,44,44,36,36,36,36,24,24,24,24,23,41,28,63,46,46,46,46,53,53,50,12,12,7,0,0],"gold":181,"neow_bonus":"TRANSFORM_TWO_CARDS","is_daily":false,"chose_seed":false,"campfire_upgraded":1,"win_rate":0.0,"timestamp":1611420490,"path_taken":["M","?","M","?","?","E","R","?","T","E","?","E","?","E","R","BOSS","M","?","?","?","$","R","M","E","T","M","M"],"items_purchased_type":["Relic","Relic"],"build_version":"2020-12-22","purchased_purges":1,"victory":false,"max_hp_per_floor":[63,63,63,63,63,63,63,63,63,63,63,63,63,63,63,63,63,63,63,63,63,70,70,70,70,70,70,70,70],"card_choices":[{"not_picked":["Outmaneuver","Riddle With Holes"],"picked":"Deadly Poison","floor":1},{"not_picked":["PiercingWail","Prepared"],"picked":"Bane","floor":2},{"not_picked":["Bane","Dodge and Roll","Sucker Punch"],"picked":"SKIP","floor":3},{"not_picked":["Well Laid Plans","Infinite Blades","Acrobatics"],"picked":"SKIP","floor":6},{"not_picked":["All Out Attack","Night Terror","Eviscerate"],"picked":"SKIP","floor":10},{"not_picked":["Slice","Sucker Punch"],"picked":"Prepared","floor":12},{"not_picked":["Flechettes","All Out Attack"],"picked":"Venomology","floor":14},{"not_picked":["Unload","Night Terror"],"picked":"Tools of the Trade","floor":16},{"not_picked":[],"picked":"Footwork+1","floor":18},{"not_picked":["Slice+1"],"picked":"Deadly Poison","floor":24},{"not_picked":["Acrobatics"],"picked":"Catalyst","floor":25},{"not_picked":["Dagger Spray"],"picked":"Eviscerate","floor":27}],"player_experience":92157,"relics_obtained":[{"floor":6,"key":"Juzu Bracelet"},{"floor":9,"key":"Oddly Smooth Stone"},{"floor":10,"key":"Peace Pipe"},{"floor":12,"key":"Girya"},{"floor":14,"key":"Omamori"},{"floor":25,"key":"Paper Crane"},{"floor":26,"key":"Bottled Flame"}],"event_choices":[{"damage_healed":0,"gold_gain":0,"player_choice":"Take Damage","damage_taken":15,"relics_obtained":["Golden Idol"],"max_hp_gain":0,"max_hp_loss":0,"event_name":"Golden Idol","floor":4,"gold_loss":0},{"damage_healed":0,"gold_gain":0,"cards_transformed":["Defend_G"],"player_choice":"Transformed","damage_taken":0,"max_hp_gain":0,"max_hp_loss":0,"event_name":"Transmorgrifier","floor":5,"gold_loss":0,"cards_obtained":["Dash"]},{"cards_removed":["Defend_G"],"damage_healed":0,"gold_gain":0,"player_choice":"Card Removal","damage_taken":0,"max_hp_gain":0,"max_hp_loss":0,"event_name":"The Cleric","floor":8,"gold_loss":50},{"damage_healed":0,"gold_gain":63,"player_choice":"Gained Gold","damage_taken":0,"max_hp_gain":0,"max_hp_loss":0,"event_name":"Golden Wing","floor":11,"gold_loss":0},{"damage_healed":0,"gold_gain":0,"player_choice":"Ignored","damage_taken":0,"max_hp_gain":0,"max_hp_loss":0,"event_name":"Liars Game","floor":13,"gold_loss":0},{"damage_healed":0,"gold_gain":99,"player_choice":"Stole From Cult","damage_taken":0,"max_hp_gain":0,"max_hp_loss":0,"event_name":"Nest","floor":19,"gold_loss":0},{"damage_healed":0,"gold_gain":0,"player_choice":"Read","damage_taken":0,"max_hp_gain":0,"max_hp_loss":0,"event_name":"The Library","floor":20,"gold_loss":0,"cards_obtained":["Poisoned Stab"]},{"damage_healed":0,"gold_gain":0,"player_choice":"Gave Potion","damage_taken":0,"relics_obtained":["Tiny Chest"],"max_hp_gain":0,"max_hp_loss":0,"event_name":"WeMeetAgain","floor":21,"gold_loss":0}],"is_beta":false,"boss_relics":[{"not_picked":["Snecko Eye","Velvet Choker"],"picked":"Busted Crown"}],"items_purged_floors":[22],"is_endless":false,"potions_floor_spawned":[3,10,14,16,24],"killed_by":"Cultist and Chosen","ascension_level":2}}