{"host":"8inpc3yxphy2r27y","time":1611421593,"event":{"mods":["ATMod(阿瑾Mod)","Ascension Reborn","Bard","BaseMod","Better Synergies","Better Vampires","Challenge The Spire","Conspire","Downfall","Energized Spire","FutureSeer","Gremlin Mod","KinomotoSakuraMod(木之本樱)","Minty Spire (QoL Compilation)","Quick Restart","Red Circlet Mod","RumiaBox-露米娅的神秘盒子","Ryuuou龙王","SIMod","Shop Mod","Spicy Shops","StSLib","TestMod","The Bug Knight","The Construct","The Cursed","The Gatherer","The Hierophant","UnlockEverythingMod","Waifu the Spire","[IsaacMod]以撒尖塔","[JumpMod]舞动尖塔","noobMod","vexMod","【遗物卡牌】REMEMod","篝火指南"],"gold_per_floor":[99,119,134,149,149,149,149],"floor_reached":6,"language":"ZHS","playtime":421,"items_purged":[],"score":36,"play_id":"77fd18d9-ce97-478a-bf6d-c9049e97d9d1","local_time":"20210124010633","is_ascension_mode":true,"campfire_choices":[{"floor":1.0,"key":"RECALL"}],"circlet_count":0,"master_deck":["Strike_AJ","Strike_TS","Strike_RR","Strike_RD","Defend_TS","Defend_PP","Defend_FS","Defend_AJ","ConcertedEfforts","HarmonyShield","Venomology","AT_FamilyPortrait","Return_To_Past","Mischief","BehindTheScene","RegisterCowboySkills","DynamicVision","LadiesDemeanor","TenInstruments"],"relics":["The_element_of_harmony","HushsDoor","REME_ComplimentaryCards","testmod-TestBox","AT_ATBox","HowToJump","ice","Damocles","testmod-EqualTreatment","Art of War","conspire:GiftBox","BookOfRevelations"],"acts_visited":["Exordium"],"potions_floor_usage":[2,3,3],"damage_taken":[{"damage":1,"enemies":"conspire:RoseBush","floor":2,"turns":4},{"damage":0,"enemies":"Cultist","floor":3,"turns":5},{"damage":0,"enemies":"2 Louse","floor":4,"turns":5},{"damage":3,"enemies":"3 Sentries","floor":6,"turns":2}],"seed_played":"-8338018816683147985","potions_obtained":[{"floor":2,"key":"Fire Potion"}],"is_trial":false,"path_per_floor":["R","M","M","M","?","E"],"character_chosen":"TWI_CLASS","items_purchased":[],"campfire_rested":0,"item_purchase_floors":[],"current_hp_per_floor":[90,89,89,89,89,0,0],"gold":149,"neow_bonus":"TEN_PERCENT_HP_BONUS","is_daily":false,"chose_seed":false,"campfire_upgraded":0,"win_rate":0.0,"timestamp":1611421593,"path_taken":["R","M","M","M","?","E"],"items_purchased_type":[],"build_version":"2020-12-22","purchased_purges":0,"victory":false,"max_hp_per_floor":[90,90,90,90,90,90,90],"card_choices":[{"not_picked":[],"picked":"ChaosCard","floor":0.0},{"not_picked":["Yay"],"picked":"Return_To_Past","floor":2},{"not_picked":["Smile"],"picked":"Mischief","floor":2},{"not_picked":["PartyTime"],"picked":"BehindTheScene","floor":3},{"not_picked":["RegisterLadiesDemeanor","RegisterMessyAndOrderly"],"picked":"RegisterCowboySkills","floor":3},{"not_picked":["ISayNo"],"picked":"DynamicVision","floor":3},{"not_picked":["KillingWithKindness"],"picked":"LadiesDemeanor","floor":4},{"not_picked":["ISayNo"],"picked":"TenInstruments","floor":4}],"player_experience":23506,"relics_obtained":[{"floor":2,"key":"Art of War"},{"floor":3,"key":"conspire:GiftBox"},{"floor":4,"key":"BookOfRevelations"}],"event_choices":[],"is_beta":false,"boss_relics":[],"items_purged_floors":[],"is_endless":false,"potions_floor_spawned":[2],"killed_by":"3 Sentries","ascension_level":0}}