{"host":"jkv7p1g4a08kh4zt","time":1611399012,"event":{"mods":["BaseMod","Downfall","Minty Spire (QoL Compilation)","StSLib"],"gold_per_floor":[99,118,130,144,160,160,160,173,191,122,22,122,122,135,148,247,247,247,258,275,275,275,105,105,205,215,215,424,443,443,455,470,573,623,623,637,650,272,287,287,355,380,398,398,443,443,443,318,330,330,330,330],"floor_reached":50,"language":"ENG","playtime":3426,"items_purged":["Slimebound:SplitLeeching","Pride","Slimebound:Defend_Slimebound"],"score":518,"play_id":"a87c5394-4211-4bb2-9991-e75e5a1a293a","local_time":"20210123105012","is_ascension_mode":false,"campfire_choices":[{"floor":1.0,"key":"RECALL"},{"data":"Slimebound:Gluttony","floor":11.0,"key":"SMITH"},{"data":"Slimebound:OozeBath","floor":18.0,"key":"SMITH"},{"data":"Slimebound:LivingWall","floor":27.0,"key":"SMITH"},{"data":"Slimebound:GoopSpray","floor":30.0,"key":"SMITH"},{"data":"Slimebound:WasteNot","floor":35.0,"key":"SMITH"},{"floor":40.0,"key":"REST"},{"data":"Slimebound:LeechLife","floor":47.0,"key":"SMITH"}],"circlet_count":0,"master_deck":["Slimebound:Strike_Slimebound","Slimebound:Strike_Slimebound","Slimebound:Strike_Slimebound","Slimebound:Tackle","Slimebound:Defend_Slimebound","Slimebound:Defend_Slimebound","Slimebound:CorrosiveSpit","Slimebound:SamplingLick","Slimebound:Schlurp","Slimebound:Gluttony+1","Slimebound:SamplingLick","Slimebound:TongueLash","Slimebound:SamplingLick+1","Slimebound:RainOfGoop","Slimebound:ComboTackle","Slimebound:OozeBath+1","Slimebound:LivingWall+1","Slimebound:MegaLick","Slimebound:OozeBath+1","Slimebound:Schlurp+1","Slimebound:Schlurp+1","Slimebound:RejuvenatingLick","Slimebound:GoopSpray","Slimebound:GoopSpray+1","Slimebound:WasteNot+1","Slimebound:FinishingTackle+1","Slimebound:AcidTongue+1","Slimebound:LeechLife+1","Slimebound:TongueLash+1","Parasite","Slimebound:LivingWall+1"],"relics":["Slimebound:AbsorbEndCombat","Mercury Hourglass","PreservedInsect","downfall:HeartBlessingRed","Lantern","Slimebound:TarBlob","Orichalcum","DollysMirror","Frozen Egg 2","White Beast Statue","Tiny House","Eternal Feather","Toxic Egg 2","Anchor","Peace Pipe"],"acts_visited":["Exordium","TheCity","TheBeyond"],"potions_floor_usage":[50,50],"damage_taken":[{"damage":1.0,"enemies":"Cultist","floor":2.0,"turns":4.0},{"damage":10.0,"enemies":"Jaw Worm","floor":3.0,"turns":4.0},{"damage":2.0,"enemies":"2 Louse","floor":4.0,"turns":4.0},{"damage":4.0,"enemies":"Exordium Thugs","floor":5.0,"turns":8.0},{"damage":4.0,"enemies":"Red Slaver","floor":8.0,"turns":3.0},{"damage":0.0,"enemies":"2 Fungi Beasts","floor":9.0,"turns":4.0},{"damage":0.0,"enemies":"downfall:FleeingMerchant","floor":10.0,"turns":4.0},{"damage":1.0,"enemies":"Large Slime","floor":14.0,"turns":4.0},{"damage":5.0,"enemies":"3 Louse","floor":15.0,"turns":3.0},{"damage":20.0,"enemies":"IC_STATUS_ARCHETYPE","floor":16.0,"turns":7.0},{"damage":0.0,"enemies":"Chosen","floor":19.0,"turns":4.0},{"damage":22.0,"enemies":"Shelled Parasite and Fungi","floor":20.0,"turns":4.0},{"damage":2.0,"enemies":"downfall:FleeingMerchant","floor":23.0,"turns":4.0},{"damage":27.0,"enemies":"downfall:LadyInBlue","floor":25.0,"turns":9.0},{"damage":0.0,"enemies":"Snake Plant","floor":26.0,"turns":3.0},{"damage":8.0,"enemies":"downfall:FleeingMerchant","floor":28.0,"turns":4.0},{"damage":28.0,"enemies":"Chosen and Byrds","floor":29.0,"turns":7.0},{"damage":5.0,"enemies":"3 Cultists","floor":31.0,"turns":4.0},{"damage":4.0,"enemies":"Shelled Parasite and Fungi","floor":32.0,"turns":4.0},{"damage":8.0,"enemies":"WA_ARCHETYPE_CALM","floor":33.0,"turns":8.0},{"damage":16.0,"enemies":"3 Darklings","floor":36.0,"turns":6.0},{"damage":10.0,"enemies":"Orb Walker","floor":37.0,"turns":3.0},{"damage":45.0,"enemies":"3 Darklings","floor":39.0,"turns":6.0},{"damage":29.0,"enemies":"Giant Head","floor":42.0,"turns":8.0},{"damage":10.0,"enemies":"Writhing Mass","floor":43.0,"turns":6.0},{"damage":72.0,"enemies":"2 Orb Walkers","floor":45.0,"turns":9.0},{"damage":49,"enemies":"Transient","floor":49,"turns":5},{"damage":194,"enemies":"SI_POISON_ARCHETYPE","floor":50,"turns":6}],"seed_played":"-1697802645808211894","potions_obtained":[{"floor":3.0,"key":"FearPotion"},{"floor":5.0,"key":"hexamod:SoulburnPotion"},{"floor":14.0,"key":"EssenceOfSteel"},{"floor":25.0,"key":"Swift Potion"},{"floor":26.0,"key":"BlessingOfTheForge"},{"floor":31.0,"key":"PowerPotion"},{"floor":32.0,"key":"bronze:BurnAndBuffPotion"},{"floor":33.0,"key":"Slimebound:SlimedPotion"},{"floor":34.0,"key":"FairyPotion"},{"floor":43.0,"key":"Slimebound:SlimyTonguePotion"}],"is_trial":false,"path_per_floor":["R","M","M","M","M","?","T","M","M","$","R","?","T","M","M","B",null,"R","M","M","?","?","$","T","?","M","R","$","M","R","M","M","B",null,"R","M","M","$","M","R","T","E","M","?","?","?","R","$","M","B"],"character_chosen":"SLIMEBOUND","items_purchased":["Slimebound:SamplingLick","DollysMirror","Slimebound:GoopSpray","Eternal Feather","Slimebound:AcidTongue+1"],"campfire_rested":1,"item_purchase_floors":[10,23,28,38,38],"current_hp_per_floor":[65,65,59,61,65,32,32,32,36,44,44,44,44,51,52,40,65,65,65,44,44,65,65,65,42,44,44,42,18,18,21,21,21,70,70,58,54,54,17,56,56,43,70,70,4,4,22,22,39,0,0,0],"gold":330,"neow_bonus":"TRANSFORM_CARD","is_daily":false,"chose_seed":false,"campfire_upgraded":6,"win_rate":0.0,"timestamp":1611399012,"path_taken":["R","M","?","M","M","?","T","M","M","$","R","?","?","M","M","BOSS","R","M","M","?","?","$","T","?","?","R","?","M","R","M","M","BOSS","R","M","M","$","M","R","T","E","M","?","?","?","R","$","M","BOSS"],"items_purchased_type":["Card","Relic","Card","Relic","Card"],"build_version":"2020-12-22","purchased_purges":3,"victory":false,"max_hp_per_floor":[65,65,65,65,65,65,65,65,65,65,65,65,65,65,65,65,65,65,65,65,65,65,65,65,65,65,65,65,65,65,65,65,65,70,70,70,70,70,70,70,70,70,70,70,70,70,70,70,70,70,70,70],"card_choices":[{"not_picked":["Slimebound:ProtectTheBoss","Slimebound:Dissolve"],"picked":"Slimebound:SamplingLick","floor":2.0},{"not_picked":["Slimebound:SplitAcid","Slimebound:Prepare"],"picked":"Slimebound:Schlurp","floor":3.0},{"not_picked":["Slimebound:AcidTongue","Slimebound:SplitBruiser"],"picked":"Slimebound:Gluttony","floor":4.0},{"not_picked":["Slimebound:LeechEnergy","Slimebound:Nibble"],"picked":"Slimebound:SamplingLick","floor":5.0},{"not_picked":["Slimebound:Replication","Slimebound:SlimeSpikes","Slimebound:GoopTackle"],"picked":"SKIP","floor":8.0},{"not_picked":["Slimebound:SlimeSpikes","Slimebound:SlimeBarrage"],"picked":"Slimebound:TongueLash","floor":9.0},{"not_picked":["Slimebound:TongueLash","Slimebound:SlimeBarrage","Slimebound:Nibble"],"picked":"SKIP","floor":10.0},{"not_picked":["Slimebound:HauntingLick","Slimebound:SplitAcid"],"picked":"Slimebound:RainOfGoop","floor":14.0},{"not_picked":["Slimebound:FlameTackle","Slimebound:Overexert"],"picked":"Slimebound:ComboTackle","floor":15.0},{"not_picked":["Slimebound:WasteNot","Slimebound:Overexert"],"picked":"Slimebound:OozeBath","floor":16.0},{"not_picked":["Slimebound:LeechEnergy","Slimebound:Nibble","Slimebound:TongueLash+1"],"picked":"SKIP","floor":19.0},{"not_picked":["Slimebound:ViciousTackle+1","Slimebound:ProtectTheBoss"],"picked":"Slimebound:LivingWall","floor":20.0},{"not_picked":["Slimebound:LeechEnergy","Slimebound:Gluttony"],"picked":"Slimebound:MegaLick","floor":23.0},{"not_picked":["Slimebound:RainOfGoop","Slimebound:SplitAcid+1"],"picked":"Slimebound:Schlurp+1","floor":25.0},{"not_picked":["Slimebound:Prepare+1","Slimebound:SplitMire"],"picked":"Slimebound:Schlurp+1","floor":26.0},{"not_picked":["Slimebound:SlimeTap","Slimebound:FormOfPuddle+1"],"picked":"Slimebound:RejuvenatingLick","floor":28.0},{"not_picked":["Slimebound:SelfFormingGoo+1","Slimebound:ForwardTackle+1"],"picked":"Slimebound:GoopSpray","floor":29.0},{"not_picked":["Slimebound:SpikyOuterGoop+1","Slimebound:ForwardTackle","Slimebound:Nibble"],"picked":"SKIP","floor":31.0},{"not_picked":["Slimebound:Dissolve+1","Slimebound:FinishingTackle","Slimebound:ComboTackle"],"picked":"SKIP","floor":32.0},{"not_picked":["Slimebound:SelfFormingGoo+1","Slimebound:DouseInSlime"],"picked":"Slimebound:WasteNot","floor":33.0},{"not_picked":["Slimebound:LevelUp+1","Slimebound:SamplingLick+1"],"picked":"Slimebound:FinishingTackle+1","floor":36.0},{"not_picked":["Slimebound:Schlurp+1","Slimebound:SplitAcid+1","Slimebound:LivingWall"],"picked":"SKIP","floor":37.0},{"not_picked":["Slimebound:SplitBruiser+1","Slimebound:SplitAcid+1"],"picked":"Slimebound:LeechLife","floor":39.0},{"not_picked":["Slimebound:LeechEnergy","Slimebound:HauntingLick+1"],"picked":"Slimebound:TongueLash+1","floor":42.0},{"not_picked":["Slimebound:SplitAcid+1","Slimebound:HauntingLick+1","Slimebound:SlimeBarrage"],"picked":"SKIP","floor":43.0},{"not_picked":["Slimebound:FinishingTackle","Slimebound:SamplingLick+1"],"picked":"Slimebound:LivingWall+1","floor":49}],"player_experience":43343,"relics_obtained":[{"floor":7.0,"key":"PreservedInsect"},{"floor":13.0,"key":"Lantern"},{"floor":24.0,"key":"Frozen Egg 2"},{"floor":25.0,"key":"White Beast Statue"},{"floor":41.0,"key":"Toxic Egg 2"},{"floor":42.0,"key":"Anchor"},{"floor":45.0,"key":"Peace Pipe"}],"event_choices":[{"damage_healed":0.0,"max_hp_gain":0.0,"max_hp_loss":0.0,"gold_gain":0.0,"event_name":"Scrap Ooze","player_choice":"Success","floor":6.0,"gold_loss":0.0,"damage_taken":33.0,"relics_obtained":["Mercury Hourglass"]},{"damage_healed":0.0,"max_hp_gain":0.0,"max_hp_loss":0.0,"gold_gain":0.0,"event_name":"Addict","player_choice":"Stole Relic","floor":21.0,"gold_loss":0.0,"damage_taken":0.0,"relics_obtained":["Orichalcum"],"cards_obtained":["Pride"]},{"damage_healed":21.0,"max_hp_gain":0.0,"max_hp_loss":0.0,"gold_gain":0.0,"event_name":"The Library","player_choice":"Heal","floor":22.0,"gold_loss":0.0,"damage_taken":0.0},{"damage_healed":0.0,"max_hp_gain":0.0,"max_hp_loss":0.0,"gold_gain":0.0,"event_name":"Mysterious Sphere","player_choice":"Fight","floor":45.0,"gold_loss":0.0,"damage_taken":0.0},{"cards_removed":["Slimebound:Defend_Slimebound"],"damage_healed":0.0,"max_hp_gain":0.0,"max_hp_loss":0.0,"gold_gain":0.0,"event_name":"Falling","player_choice":"Removed Skill","floor":46.0,"gold_loss":0.0,"damage_taken":0.0}],"is_beta":false,"boss_relics":[{"not_picked":["Runic Pyramid","SlaversCollar"],"picked":"Slimebound:TarBlob"},{"not_picked":["bronze:MakeshiftBattery","Runic Dome"],"picked":"Tiny House"}],"items_purged_floors":[28,38,48],"is_endless":false,"potions_floor_spawned":[3,5,14,16,26,28,29,31,32,33,36,37,39,42,43,45,49],"killed_by":"SI_POISON_ARCHETYPE","ascension_level":0}}