{"host":"vex7walpoxzv48nx","time":1611378128,"event":{"mods":["BaseMod","Bestiary","Minty Spire (QoL Compilation)","Permanent Neow","Quick Restart","Relic Stats"],"gold_per_floor":[109,121,121,135,8,8,34,34,34,54,54,67,92,92,92,194,194,212,212,232,232,57,57,67,99,153,170,170,170],"floor_reached":28,"language":"ENG","playtime":2057,"items_purged":["Strike_G","Bite"],"score":288,"play_id":"a1c00607-09dd-4fb0-87f9-9a3b66d570ba","local_time":"20210123060208","daily_mods":["Cursed Run","Diverse","Night Terrors"],"is_ascension_mode":false,"campfire_choices":[{"data":"Neutralize","floor":6,"key":"SMITH"},{"data":"BattleHymn","floor":11,"key":"SMITH"},{"data":"Backflip","floor":15,"key":"SMITH"},{"data":"Backstab","floor":23,"key":"SMITH"}],"circlet_count":0,"master_deck":["Defend_G+1","Defend_G","Defend_G","Defend_G","Survivor","Neutralize+1","BattleHymn+1","Riddle With Holes","Demon Form+1","Dagger Throw","Backflip+1","Dash","Parasite","Worship","Rebound","Writhe","Hyperbeam","PiercingWail","Bite","Bite","Bite","Bite","Backstab+1","Caltrops","Prepared+1","Normality"],"relics":["Cursed Key","Darkstone Periapt","Du-Vu Doll","Odd Mushroom","Letter Opener","Singing Bowl","SlaversCollar","Ninja Scroll","Oddly Smooth Stone","Strawberry"],"acts_visited":["Exordium","TheCity"],"potions_floor_usage":[10,25],"damage_taken":[{"damage":0,"enemies":"Cultist","floor":1,"turns":5},{"damage":2,"enemies":"Small Slimes","floor":2,"turns":3},{"damage":0,"enemies":"2 Louse","floor":4,"turns":2},{"damage":6,"enemies":"The Mushroom Lair","floor":7,"turns":4},{"damage":0,"enemies":"Gremlin Gang","floor":10,"turns":4},{"damage":0,"enemies":"Looter","floor":12,"turns":2},{"damage":3,"enemies":"Lagavulin","floor":13,"turns":6},{"damage":10,"enemies":"Slime Boss","floor":16,"turns":5},{"damage":0,"enemies":"Spheric Guardian","floor":18,"turns":2},{"damage":0,"enemies":"3 Byrds","floor":20,"turns":4},{"damage":10,"enemies":"Snecko","floor":24,"turns":3},{"damage":2,"enemies":"Gremlin Leader","floor":25,"turns":3},{"damage":12,"enemies":"Shelled Parasite and Fungi","floor":27,"turns":3},{"damage":21,"enemies":"Snake Plant","floor":28,"turns":2}],"seed_played":"9177588198869514609","potions_obtained":[{"floor":1,"key":"Fruit Juice"},{"floor":7,"key":"EssenceOfSteel"},{"floor":10,"key":"Dexterity Potion"},{"floor":18,"key":"PowerPotion"},{"floor":25,"key":"GhostInAJar"},{"floor":27,"key":"Strength Potion"}],"is_trial":true,"path_per_floor":["M","M","?","M","$","R","?","?","T","M","R","M","E","?","R","B",null,"M","?","M","?","$","R","M","E","T","M","M"],"character_chosen":"THE_SILENT","items_purchased":["Backflip","Backstab"],"campfire_rested":0,"item_purchase_floors":[5,22],"current_hp_per_floor":[70,68,68,68,68,68,62,62,68,73,73,73,72,55,55,51,89,89,89,91,63,63,63,53,55,68,58,39,39],"gold":170,"neow_bonus":"","is_daily":false,"chose_seed":false,"campfire_upgraded":4,"win_rate":0.0,"timestamp":1611378128,"path_taken":["M","M","?","M","?","R","?","?","T","?","R","M","E","?","R","BOSS","M","?","M","?","$","R","M","E","T","M","M"],"items_purchased_type":["Card","Card"],"build_version":"2020-12-22","purchased_purges":2,"victory":false,"max_hp_per_floor":[70,70,70,70,70,70,70,70,76,81,81,81,83,83,83,89,89,89,89,91,63,63,63,63,63,76,78,78,78],"relic_stats":{"Darkstone Periapt":18,"Singing Bowl":6,"counters":[14,48],"Letter Opener":[0],"Cursed Key":2,"obtain_stats":[{"Darkstone Periapt":0,"Du-Vu Doll":0,"SlaversCollar":17,"Singing Bowl":13,"Ninja Scroll":19,"Strawberry":26,"Oddly Smooth Stone":25,"Letter Opener":9,"Odd Mushroom":7,"Cursed Key":0},{"Darkstone Periapt":0,"Du-Vu Doll":0,"SlaversCollar":8,"Singing Bowl":7,"Ninja Scroll":9,"Strawberry":12,"Oddly Smooth Stone":12,"Letter Opener":4,"Odd Mushroom":4,"Cursed Key":0},{"Darkstone Periapt":0,"Du-Vu Doll":0,"SlaversCollar":31,"Singing Bowl":26,"Ninja Scroll":33,"Strawberry":43,"Oddly Smooth Stone":43,"Letter Opener":14,"Odd Mushroom":14,"Cursed Key":0}]},"card_choices":[{"not_picked":["FlurryOfBlows","SashWhip"],"picked":"BattleHymn","floor":1},{"not_picked":["Eviscerate","CrushJoints"],"picked":"Riddle With Holes","floor":2},{"not_picked":["Warcry","Turbo"],"picked":"Dagger Throw","floor":4},{"not_picked":["Armaments","Bane"],"picked":"Dash","floor":7},{"not_picked":["Rip and Tear","Steam"],"picked":"Worship","floor":10},{"not_picked":["Compile Driver","Recycle"],"picked":"Rebound","floor":12},{"not_picked":["Setup","MentalFortress","Sunder"],"picked":"Singing Bowl","floor":13},{"not_picked":["Unload","Double Tap"],"picked":"Hyperbeam","floor":16},{"not_picked":["Prostrate","Stack"],"picked":"PiercingWail","floor":18},{"not_picked":["SignatureMove","LikeWater","Headbutt"],"picked":"Singing Bowl","floor":20},{"not_picked":["Capacitor","Skewer"],"picked":"Caltrops","floor":24},{"not_picked":["Rampage","Bane"],"picked":"Prepared+1","floor":25},{"not_picked":["Cold Snap","Distraction","Leg Sweep+1"],"picked":"Singing Bowl","floor":27}],"player_experience":205397,"relics_obtained":[{"floor":7,"key":"Odd Mushroom"},{"floor":9,"key":"Letter Opener"},{"floor":13,"key":"Singing Bowl"},{"floor":25,"key":"Oddly Smooth Stone"},{"floor":26,"key":"Strawberry"}],"event_choices":[{"damage_healed":0,"gold_gain":0,"player_choice":"1 cards matched","damage_taken":0,"max_hp_gain":0,"max_hp_loss":0,"event_name":"Match and Keep!","floor":3,"gold_loss":0,"cards_obtained":["Demon Form"]},{"damage_healed":0,"gold_gain":0,"player_choice":"Fought Mushrooms","damage_taken":0,"max_hp_gain":0,"max_hp_loss":0,"event_name":"Mushrooms","floor":7,"gold_loss":0},{"cards_removed":["Defend_G"],"damage_healed":0,"gold_gain":0,"player_choice":"Offered Basic","damage_taken":0,"max_hp_gain":0,"max_hp_loss":0,"event_name":"Bonfire Elementals","floor":8,"gold_loss":0},{"damage_healed":0,"gold_gain":0,"player_choice":"Entered Light","damage_taken":17,"max_hp_gain":0,"max_hp_loss":0,"event_name":"Shining Light","floor":14,"gold_loss":0,"cards_upgraded":["Demon Form","Defend_G"]},{"damage_healed":0,"gold_gain":0,"player_choice":"Opened","damage_taken":0,"relics_obtained":["Ninja Scroll"],"max_hp_gain":0,"max_hp_loss":0,"event_name":"The Mausoleum","floor":19,"gold_loss":0},{"damage_healed":0,"gold_gain":0,"player_choice":"Became a vampire","damage_taken":0,"max_hp_gain":0,"max_hp_loss":28,"event_name":"Vampires","floor":21,"gold_loss":0,"cards_obtained":["Bite","Bite","Bite","Bite","Bite"]}],"is_beta":false,"boss_relics":[{"not_picked":["Astrolabe","SacredBark"],"picked":"SlaversCollar"}],"items_purged_floors":[5,22],"is_endless":false,"potions_floor_spawned":[1,7,10,18,25,27],"killed_by":"Snake Plant","ascension_level":0}}