{"host":"0fmi5fguj5lvt8pf","time":1611400341,"event":{"mods":["BaseMod","Colored Map","Curses Come First","Downfall","Minty Spire (QoL Compilation)","Permanent Neow","StSLib"],"gold_per_floor":[99,111,561,561,574,574,574,79,106,125,139,139,166,184,195,291,291,291,306,306,150,250,250,321,321,321,333,479,179,179,196,214,319,369,369,387,387,397,407,438,438,588,31,31,43,61,61,61,79,79,79,110,71,71,71,71],"floor_reached":57,"language":"ENG","playtime":4249,"items_purged":["downfall:Icky","downfall:Icky"],"score":982,"play_id":"213dc714-d6e9-4d50-bea2-8ca08981fc37","local_time":"20210123031221","is_ascension_mode":false,"campfire_choices":[{"data":"bronze:Goto","floor":1.0,"key":"SMITH"},{"data":"bronze:Virus","floor":6.0,"key":"SMITH"},{"floor":18.0,"key":"RECALL"},{"data":"bronze:BugBarrage","floor":23.0,"key":"SMITH"},{"data":"bronze:BugBarrage","floor":26.0,"key":"SMITH"},{"data":"bronze:InfiniteBeams","floor":29.0,"key":"SMITH"},{"data":"bronze:MaxOutput","floor":35.0,"key":"SMITH"},{"data":"bronze:HardenedForm","floor":47.0,"key":"SMITH"},{"data":"bronze:FindAndReplace","floor":54.0,"key":"SMITH"}],"circlet_count":0,"master_deck":["bronze:Strike","bronze:Strike","bronze:Defend","bronze:Defend","bronze:Defend","bronze:Replicate","bronze:Goto+1","bronze:Virus+1","bronze:Allocate+1","bronze:DelayedGuard","bronze:BugBarrage+1","bronze:BugBarrage+1","bronze:Branch","bronze:Verify+1","bronze:ForceShield+1","bronze:Boost","bronze:MaxOutput+1","bronze:HardenedForm+1","bronze:Refactor","J.A.X.","bronze:BitShift+1","bronze:InfiniteBeams+1","bronze:BurnOut+1","bronze:FineTuning+1","bronze:ForceShield+1","bronze:HyperBeam","bronze:BuggyMess+1","bronze:FindAndReplace+1"],"relics":["bronze:BronzeCore","Shuriken","Slimebound:PreparedRelic","MealTicket","The Courier","SlaversCollar","MutagenicStrength","HornCleat","bronze:BottledCode","Omamori","downfall:HeartBlessingRed","downfall:HeartBlessingGreen","downfall:HeartBlessingBlue","Tiny House","Eternal Feather","hexamod:Sixitude","Vajra","InkBottle","bronze:DecasWashers","Blood Vial"],"acts_visited":["Exordium","TheCity","TheBeyond","TheEnding"],"potions_floor_usage":[56],"damage_taken":[{"damage":5.0,"enemies":"Small Slimes","floor":2.0,"turns":3.0},{"damage":4.0,"enemies":"2 Louse","floor":5.0,"turns":3.0},{"damage":3.0,"enemies":"downfall:FleeingMerchant","floor":8.0,"turns":4.0},{"damage":4.0,"enemies":"Lagavulin","floor":9.0,"turns":4.0},{"damage":1.0,"enemies":"Jaw Worm","floor":10.0,"turns":3.0},{"damage":2.0,"enemies":"Exordium Wildlife","floor":11.0,"turns":3.0},{"damage":19.0,"enemies":"Exordium Thugs","floor":14.0,"turns":4.0},{"damage":2.0,"enemies":"3 Louse","floor":15.0,"turns":2.0},{"damage":24.0,"enemies":"SI_SHIV_ARCHETYPE","floor":16.0,"turns":3.0},{"damage":0.0,"enemies":"3 Byrds","floor":19.0,"turns":3.0},{"damage":7.0,"enemies":"downfall:FleeingMerchant","floor":21.0,"turns":4.0},{"damage":10.0,"enemies":"downfall:Augmenter","floor":22.0,"turns":3.0},{"damage":6.0,"enemies":"Shelled Parasite and Fungi","floor":27.0,"turns":2.0},{"damage":3.0,"enemies":"downfall:FleeingMerchant","floor":28.0,"turns":3.0},{"damage":0.0,"enemies":"Snecko","floor":31.0,"turns":2.0},{"damage":3.0,"enemies":"3 Cultists","floor":32.0,"turns":2.0},{"damage":24.0,"enemies":"DF_ARCHETYPE_CLAW","floor":33.0,"turns":4.0},{"damage":3.0,"enemies":"Orb Walker","floor":36.0,"turns":3.0},{"damage":22.0,"enemies":"3 Shapes","floor":38.0,"turns":5.0},{"damage":3.0,"enemies":"Writhing Mass","floor":39.0,"turns":3.0},{"damage":1.0,"enemies":"Reptomancer","floor":40.0,"turns":3.0},{"damage":3.0,"enemies":"Maw","floor":45.0,"turns":3.0},{"damage":13.0,"enemies":"4 Shapes","floor":46.0,"turns":3.0},{"damage":0.0,"enemies":"Sphere and 2 Shapes","floor":49.0,"turns":2.0},{"damage":19.0,"enemies":"WA_ARCHETYPE_DIVINITY","floor":50.0,"turns":8.0},{"damage":6.0,"enemies":"downfall:CharBossMerchant","floor":52.0,"turns":5.0},{"damage":9.0,"enemies":"downfall:NeowBoss","floor":55.0,"turns":7.0},{"damage":22,"enemies":"downfall:NeowBoss","floor":56,"turns":10}],"seed_played":"7747749740947256337","potions_obtained":[{"floor":2.0,"key":"Slimebound:ThreeZeroPotion"},{"floor":10.0,"key":"champ:CounterPotion"},{"floor":16.0,"key":"hexamod:SoulburnPotion"},{"floor":27.0,"key":"SteroidPotion"},{"floor":31.0,"key":"sneckomod:MuddlingPotion"},{"floor":32.0,"key":"Fire Potion"},{"floor":38.0,"key":"Regen Potion"},{"floor":40.0,"key":"SteroidPotion"},{"floor":52.0,"key":"SpeedPotion"}],"is_trial":false,"path_per_floor":["R","M","?","?","M","R","T","$","E","M","M","?","T","M","M","B",null,"R","M","?","$","?","R","T","?","R","M","$","R","?","M","M","B",null,"R","M","?","M","M","E","T","?","$","T","M","M","R","?","M","B",null,"E","$","R","B","B",null],"character_chosen":"THE_AUTOMATON","items_purchased":["Slimebound:PreparedRelic","MealTicket","bronze:MaxOutput","bronze:InfiniteBeams","Omamori","hexamod:Sixitude","Vajra","InkBottle","PowerPotion"],"campfire_rested":0,"item_purchase_floors":[8,8,21,28,28,43,43,43,53],"current_hp_per_floor":[70,65,65,70,66,66,66,63,59,58,56,56,56,37,35,11,75,75,75,75,68,58,58,58,58,58,52,62,72,72,72,69,45,80,80,77,77,55,52,60,60,60,75,75,72,59,74,74,74,55,80,74,80,80,71,51],"gold":71,"neow_bonus":"ONE_RANDOM_RARE_CARD","is_daily":false,"chose_seed":false,"campfire_upgraded":8,"win_rate":0.0,"timestamp":1611400341,"path_taken":["R","M","?","?","M","R","T","?","E","M","?","?","?","M","M","BOSS","R","M","?","?","?","R","T","?","R","?","$","R","?","M","M","BOSS","R","M","?","?","M","E","T","?","$","?","M","M","R","?","M","BOSS","E","$","R","BOSS","BOSS"],"items_purchased_type":["Relic","Relic","Card","Card","Relic","Relic","Relic","Relic","Potion"],"build_version":"2020-12-22","purchased_purges":2,"victory":true,"max_hp_per_floor":[70,70,70,75,75,75,75,75,75,75,75,75,75,75,75,75,75,75,75,75,75,75,75,75,65,65,65,65,75,75,75,75,75,80,80,80,80,80,80,80,80,80,80,80,80,80,80,80,80,80,80,80,80,80,80,80],"card_choices":[{"not_picked":["bronze:Allocate","bronze:Turbo","bronze:Fortify"],"picked":"SKIP","floor":2.0},{"not_picked":["bronze:Turbo","bronze:Fortify"],"picked":"bronze:Allocate","floor":2.0},{"not_picked":["bronze:FollowUp","bronze:Branch"],"picked":"bronze:DelayedGuard","floor":5.0},{"not_picked":["bronze:Optimize","bronze:WildBeam","bronze:OilSpill"],"picked":"SKIP","floor":8.0},{"not_picked":["bronze:CloningBeam","bronze:Invalidate"],"picked":"bronze:BugBarrage","floor":9.0},{"not_picked":["bronze:Fortify","bronze:ForLoop"],"picked":"bronze:BugBarrage","floor":10.0},{"not_picked":["bronze:DigitalCarnage","bronze:Separator","bronze:Invalidate"],"picked":"SKIP","floor":11.0},{"not_picked":["bronze:ForLoop","bronze:ClassDefault","bronze:WildBeam"],"picked":"SKIP","floor":14.0},{"not_picked":["bronze:DelayedGuard","bronze:CleanCode"],"picked":"bronze:Branch","floor":15.0},{"not_picked":["bronze:Hardcode","bronze:Assembly"],"picked":"bronze:Verify","floor":16.0},{"not_picked":["bronze:Invalidate+1","bronze:Shield"],"picked":"bronze:ForceShield+1","floor":19.0},{"not_picked":["bronze:Frontload","bronze:Repair"],"picked":"bronze:Boost","floor":21.0},{"not_picked":[],"picked":"J.A.X.","floor":22.0},{"not_picked":["bronze:Safeguard","bronze:Constructor+1","bronze:ForceShield"],"picked":"SKIP","floor":27.0},{"not_picked":["bronze:AlphaBuild","bronze:FineTuning+1"],"picked":"bronze:BitShift+1","floor":28.0},{"not_picked":["bronze:ChosenStrike","bronze:Branch+1","bronze:Allocate"],"picked":"SKIP","floor":31.0},{"not_picked":["bronze:WhirlingStrike","bronze:Terminator","bronze:Safeguard"],"picked":"SKIP","floor":32.0},{"not_picked":["bronze:Virus","bronze:Hardcode"],"picked":"bronze:BurnOut","floor":33.0},{"not_picked":["bronze:Backtrace","bronze:OilSpill"],"picked":"bronze:FineTuning+1","floor":34.0},{"not_picked":["bronze:BugBarrage","bronze:BronzeOrb+1","bronze:Branch+1"],"picked":"SKIP","floor":36.0},{"not_picked":["bronze:BugBarrage+1","bronze:Constructor"],"picked":"bronze:ForceShield+1","floor":38.0},{"not_picked":["bronze:Invalidate+1","bronze:DelayedSlice","bronze:DarkDash+1"],"picked":"SKIP","floor":39.0},{"not_picked":["bronze:ChildClass","bronze:Overload"],"picked":"bronze:HyperBeam","floor":40.0},{"not_picked":["bronze:Shield+1","bronze:Repair+1"],"picked":"bronze:BuggyMess+1","floor":45.0},{"not_picked":["bronze:Separator","bronze:Deprecate+1","bronze:BugBarrage"],"picked":"SKIP","floor":46.0},{"not_picked":["bronze:Deprecate","bronze:CutThrough+1","bronze:FineTuning"],"picked":"SKIP","floor":49.0},{"not_picked":["bronze:OilSpill+1","bronze:Fortify"],"picked":"bronze:FindAndReplace","floor":52.0}],"player_experience":1387128,"relics_obtained":[{"floor":7.0,"key":"Shuriken"},{"floor":9.0,"key":"The Courier"},{"floor":22.0,"key":"MutagenicStrength"},{"floor":24.0,"key":"HornCleat"},{"floor":40.0,"key":"Oddly Smooth Stone"},{"floor":41.0,"key":"Eternal Feather"},{"floor":44.0,"key":"bronze:DecasWashers"},{"floor":52.0,"key":"Blood Vial"}],"event_choices":[{"damage_healed":0.0,"max_hp_gain":5.0,"max_hp_loss":0.0,"gold_gain":0.0,"event_name":"Big Fish","player_choice":"Donut","floor":4.0,"gold_loss":0.0,"damage_taken":0.0},{"cards_removed":["downfall:Icky"],"damage_healed":0.0,"max_hp_gain":0.0,"max_hp_loss":0.0,"gold_gain":0.0,"event_name":"The Cleric","player_choice":"Card Removal","floor":12.0,"gold_loss":0.0,"damage_taken":0.0},{"damage_healed":0.0,"max_hp_gain":0.0,"max_hp_loss":0.0,"gold_gain":0.0,"event_name":"NoteForYourself","player_choice":"Ignored","floor":20.0,"gold_loss":0.0,"damage_taken":0.0}],"is_beta":false,"boss_relics":[{"not_picked":["SacredBark","Cursed Key"],"picked":"SlaversCollar"},{"not_picked":["Pandora\u0027s Box","Velvet Choker"],"picked":"Tiny House"}],"items_purged_floors":[8,21],"is_endless":false,"potions_floor_spawned":[2,10,16,27,31,32,38,40,52],"ascension_level":0}}