{"host":"wuk1ltmmka824l9y","time":1611422332,"event":{"mods":["AchievementEnabler","BaseMod","Custom Start","DeckTracker","Minty Spire (QoL Compilation)","Quick Restart","StSLib","SuperFastMode"],"gold_per_floor":[109,124,141,153,153,153,25,37,37,37,37,57,9,9,9,9,9],"floor_reached":16,"language":"KOR","playtime":463,"items_purged":[],"score":129,"play_id":"46952e11-ca8e-4c07-ac55-5b6d4cfa0fee","local_time":"20210124021852","is_ascension_mode":true,"campfire_choices":[{"data":"Footwork","floor":6,"key":"SMITH"},{"data":"Adrenaline","floor":11,"key":"SMITH"},{"floor":15,"key":"REST"}],"circlet_count":0,"master_deck":["Strike_G","Strike_G","Strike_G","Strike_G","Strike_G","Defend_G","Defend_G","Defend_G","Defend_G","Survivor","Neutralize+1","Grand Finale","Blur","Footwork+1","Backflip","Prepared+1","Adrenaline+1","Backflip","Caltrops","Prepared"],"relics":["Ring of the Snake","Matryoshka","Molten Egg 2"],"acts_visited":["Exordium"],"potions_floor_usage":[16],"damage_taken":[{"damage":2,"enemies":"Jaw Worm","floor":1,"turns":2},{"damage":5,"enemies":"2 Louse","floor":2,"turns":4},{"damage":4,"enemies":"Small Slimes","floor":3,"turns":4},{"damage":0,"enemies":"Exordium Wildlife","floor":4,"turns":5},{"damage":1,"enemies":"3 Louse","floor":8,"turns":6},{"damage":5,"enemies":"Lots of Slimes","floor":12,"turns":6},{"damage":37,"enemies":"Slime Boss","floor":16,"turns":11}],"seed_played":"5294508185662704296","potions_obtained":[{"floor":3,"key":"DuplicationPotion"},{"floor":12,"key":"Strength Potion"}],"is_trial":false,"path_per_floor":["M","M","M","M","?","R","$","M","T","?","R","M","$","?","R","B"],"character_chosen":"THE_SILENT","items_purchased":["Prepared","Adrenaline","Prepared"],"campfire_rested":1,"item_purchase_floors":[7,7,13],"current_hp_per_floor":[61,56,52,52,57,57,57,56,56,41,41,36,36,18,40,3,3],"gold":9,"neow_bonus":"TRANSFORM_CARD","is_daily":false,"chose_seed":false,"campfire_upgraded":2,"win_rate":0.0,"timestamp":1611422332,"path_taken":["M","M","M","M","?","R","$","M","T","?","R","M","$","?","R","BOSS"],"items_purchased_type":["Card","Card","Card"],"build_version":"2020-12-22","purchased_purges":0,"victory":false,"max_hp_per_floor":[70,70,70,70,75,75,75,75,75,75,75,75,75,75,75,75,75],"card_choices":[{"not_picked":["Underhanded Strike","Blade Dance"],"picked":"Blur","floor":1},{"not_picked":["Endless Agony","Flying Knee","Bane"],"picked":"SKIP","floor":2},{"not_picked":["Terror","Slice"],"picked":"Footwork","floor":3},{"not_picked":["Outmaneuver","Concentrate"],"picked":"Backflip","floor":4},{"not_picked":["Blade Dance","Flechettes"],"picked":"Backflip","floor":8},{"not_picked":["Bane","Dodge and Roll"],"picked":"Caltrops","floor":12}],"player_experience":360823,"relics_obtained":[{"floor":9,"key":"Matryoshka"}],"event_choices":[{"damage_healed":0,"gold_gain":0,"player_choice":"Donut","damage_taken":0,"max_hp_gain":5,"max_hp_loss":0,"event_name":"Big Fish","floor":5,"gold_loss":0},{"damage_healed":0,"gold_gain":0,"player_choice":"Entered Light","damage_taken":15,"max_hp_gain":0,"max_hp_loss":0,"event_name":"Shining Light","floor":10,"gold_loss":0,"cards_upgraded":["Prepared","Neutralize"]},{"damage_healed":0,"gold_gain":0,"player_choice":"Success","damage_taken":18,"relics_obtained":["Molten Egg 2"],"max_hp_gain":0,"max_hp_loss":0,"event_name":"Scrap Ooze","floor":14,"gold_loss":0}],"is_beta":false,"boss_relics":[],"items_purged_floors":[],"is_endless":false,"potions_floor_spawned":[3,12],"killed_by":"Slime Boss","ascension_level":8}}