{"host":"nwd160me4iqdtr8u","time":1611382497,"event":{"mods":["AchievementEnabler","Act Like it!","BaseMod","Colored Map","DeckTracker","Minty Spire (QoL Compilation)","Rare Cards Sparkle","StSLib","SuperFastMode","everything is the same but u backflip on backflip"],"gold_per_floor":[110,126,144,319,334,334,9,34,58,88,101,101,101,101,101,229,229,253,10,23,38,56,92,92,92,92,191,206,27,27,46,46,170,170,190,208,541,541,56,56,82,95,95,13,29,46,64,64,64,64],"floor_reached":51,"language":"KOR","playtime":3113,"items_purged":["Doubt","Strike_G","Defend_G"],"score":800,"play_id":"fb39c197-dacb-4128-ba90-9a1bcf68a62c","local_time":"20210123151457","is_ascension_mode":true,"campfire_choices":[{"data":"Glass Knife","floor":6.0,"key":"SMITH"},{"floor":13.0,"key":"REST"},{"data":"After Image","floor":15.0,"key":"SMITH"},{"floor":24.0,"key":"REST"},{"floor":30.0,"key":"REST"},{"data":"Dagger Spray","floor":32.0,"key":"SMITH"},{"floor":40,"key":"REST"},{"floor":49,"key":"REST"}],"circlet_count":0,"master_deck":["Strike_G","Strike_G","Strike_G","Strike_G","Defend_G","Defend_G","Defend_G","Defend_G","Survivor","Neutralize","After Image+1","Quick Slash","Deadly Poison","Bane","Glass Knife+1","Dagger Spray+1","Leg Sweep+1","Die Die Die","Slice","Deadly Poison+1","Backflip+1","Tactician+1","Expertise+1","Terror+1","Backstab+1","Dodge and Roll+1","Night Terror+1","Catalyst+1","Master of Strategy+1","Deep Breath+1","Acrobatics+1","Footwork","Dodge and Roll+1","Parasite","Caltrops+1","Infinite Blades","Flying Knee+1","Backflip+1","Prepared+1"],"relics":["Ring of the Snake","Toxic Egg 2","Regal Pillow","Toy Ornithopter","Happy Flower","Matryoshka","Black Star","Lantern","Shuriken","The Specimen","Mummified Hand","Ornamental Fan","Vajra","Molten Egg 2","Oddly Smooth Stone","Fusion Hammer","Kunai","Strawberry","Torii","Darkstone Periapt"],"acts_visited":["Exordium","TheCity","TheBeyond"],"potions_floor_usage":[46,50],"damage_taken":[{"damage":3.0,"enemies":"Cultist","floor":1.0,"turns":5.0},{"damage":5.0,"enemies":"2 Louse","floor":2.0,"turns":3.0},{"damage":6.0,"enemies":"Small Slimes","floor":3.0,"turns":5.0},{"damage":2.0,"enemies":"Gremlin Gang","floor":5.0,"turns":7.0},{"damage":13.0,"enemies":"3 Sentries","floor":8.0,"turns":10.0},{"damage":3.0,"enemies":"Gremlin Nob","floor":10.0,"turns":3.0},{"damage":4.0,"enemies":"Lots of Slimes","floor":11.0,"turns":2.0},{"damage":26.0,"enemies":"Hexaghost","floor":16.0,"turns":12.0},{"damage":14.0,"enemies":"Spheric Guardian","floor":18.0,"turns":6.0},{"damage":0.0,"enemies":"Chosen","floor":20.0,"turns":5.0},{"damage":28.0,"enemies":"Sentry and Sphere","floor":21.0,"turns":6.0},{"damage":10.0,"enemies":"Snake Plant","floor":22.0,"turns":5.0},{"damage":28.0,"enemies":"Gremlin Leader","floor":23.0,"turns":8.0},{"damage":4.0,"enemies":"Centurion and Healer","floor":28.0,"turns":4.0},{"damage":0.0,"enemies":"Cultist and Chosen","floor":31.0,"turns":4.0},{"damage":52.0,"enemies":"Collector","floor":33.0,"turns":9.0},{"damage":4.0,"enemies":"3 Darklings","floor":35.0,"turns":7.0},{"damage":14,"enemies":"3 Shapes","floor":36,"turns":4},{"damage":23,"enemies":"Reptomancer","floor":41,"turns":9},{"damage":6,"enemies":"Writhing Mass","floor":42,"turns":7},{"damage":0,"enemies":"Maw","floor":45,"turns":6},{"damage":7,"enemies":"Transient","floor":46,"turns":5},{"damage":7,"enemies":"Writhing Mass","floor":47,"turns":5},{"damage":45,"enemies":"Donu and Deca","floor":50,"turns":8}],"seed_played":"-4333940598925613417","potions_obtained":[{"floor":2.0,"key":"Energy Potion"},{"floor":5.0,"key":"Fire Potion"},{"floor":8.0,"key":"CunningPotion"},{"floor":16.0,"key":"Energy Potion"},{"floor":18.0,"key":"CultistPotion"},{"floor":22.0,"key":"LiquidMemories"},{"floor":28.0,"key":"Poison Potion"},{"floor":33.0,"key":"Explosive Potion"},{"floor":41,"key":"GhostInAJar"},{"floor":42,"key":"ColorlessPotion"},{"floor":45,"key":"LiquidMemories"}],"is_trial":false,"path_per_floor":["M","M","M","?","M","R","$","E","T","E","M","?","R","?","R","B",null,"M","$","M","M","M","E","R","T","T","?","M","$","R","M","R","B",null,"M","M","?","?","$","R","E","M","T","$","M","M","M","?","R","B",null],"character_chosen":"THE_SILENT","items_purchased":["Toxic Egg 2","Lantern","Backstab+1","Oddly Smooth Stone","Acrobatics+1","Kunai","Footwork","Infinite Blades"],"campfire_rested":5,"item_purchase_floors":[7,19,29,29,39,39,39,44],"current_hp_per_floor":[67,62,56,56,54,54,54,41,41,43,39,22,58,58,58,32,70,56,56,56,28,23,5,41,41,41,41,37,37,70,70,70,23,70,66,52,52,42,42,70,54,48,48,48,48,46,39,39,77,32],"gold":64,"neow_bonus":"ONE_RANDOM_RARE_CARD","is_daily":false,"chose_seed":false,"campfire_upgraded":3,"win_rate":0.0,"timestamp":1611382497,"path_taken":["M","M","?","?","M","R","$","E","T","E","M","?","R","?","R","BOSS","M","$","?","?","?","E","R","?","T","?","M","$","R","M","R","BOSS","M","M","?","?","$","R","E","M","T","?","M","?","M","?","R","BOSS"],"items_purchased_type":["Relic","Relic","Card","Relic","Card","Relic","Card","Card"],"build_version":"2020-12-22","purchased_purges":3,"victory":true,"max_hp_per_floor":[70,70,70,70,70,70,70,70,70,70,70,70,70,70,70,70,70,70,70,70,70,70,70,70,70,70,70,70,70,70,70,70,70,70,70,70,70,70,70,70,77,77,77,77,77,77,77,77,77,77],"card_choices":[{"not_picked":["Choke","Blade Dance"],"picked":"Quick Slash","floor":1.0},{"not_picked":["Dodge and Roll","Blade Dance"],"picked":"Deadly Poison","floor":2.0},{"not_picked":["Underhanded Strike","Accuracy"],"picked":"Bane","floor":3.0},{"not_picked":["Footwork","Outmaneuver"],"picked":"Glass Knife","floor":5.0},{"not_picked":["Slice","Outmaneuver+1"],"picked":"Dagger Spray","floor":8.0},{"not_picked":["Dagger Throw","Prepared+1"],"picked":"Leg Sweep+1","floor":10.0},{"not_picked":["Dagger Throw","Leg Sweep+1","Acrobatics+1"],"picked":"SKIP","floor":11.0},{"not_picked":["Storm of Steel+1","Doppelganger+1"],"picked":"Die Die Die","floor":16.0},{"not_picked":["Sucker Punch","Acrobatics+1"],"picked":"Slice","floor":18.0},{"not_picked":["Quick Slash","Concentrate+1"],"picked":"Deadly Poison+1","floor":20.0},{"not_picked":["Tools of the Trade","Deadly Poison+1"],"picked":"Backflip+1","floor":21.0},{"not_picked":["Poisoned Stab+1","Slice"],"picked":"Tactician+1","floor":22.0},{"not_picked":["Distraction+1","Leg Sweep+1"],"picked":"Expertise+1","floor":23.0},{"not_picked":["Backflip+1","Flying Knee+1"],"picked":"Terror+1","floor":28.0},{"not_picked":["Choke+1","Riddle With Holes+1"],"picked":"Dodge and Roll+1","floor":31.0},{"not_picked":["Grand Finale+1","Doppelganger+1"],"picked":"Night Terror+1","floor":33.0},{"not_picked":["Sucker Punch+1","Dodge and Roll+1","Cloak And Dagger+1"],"picked":"SKIP","floor":35.0},{"not_picked":["Distraction+1","Cloak And Dagger+1"],"picked":"Catalyst+1","floor":36},{"not_picked":["Apotheosis+1","Swift Strike+1"],"picked":"Master of Strategy+1","floor":38},{"not_picked":["Panacea+1","Dramatic Entrance+1"],"picked":"Deep Breath+1","floor":38},{"not_picked":["Footwork","Cloak And Dagger+1"],"picked":"Dodge and Roll+1","floor":41},{"not_picked":["PiercingWail+1","Deadly Poison+1"],"picked":"Caltrops+1","floor":42},{"not_picked":["Poisoned Stab+1","Sucker Punch+1"],"picked":"Flying Knee+1","floor":45},{"not_picked":["Sucker Punch+1","Bane+1"],"picked":"Backflip+1","floor":46},{"not_picked":["Reflex+1","Blade Dance+1"],"picked":"Prepared+1","floor":47}],"player_experience":210185,"relics_obtained":[{"floor":8.0,"key":"Regal Pillow"},{"floor":9.0,"key":"Toy Ornithopter"},{"floor":10.0,"key":"Happy Flower"},{"floor":23.0,"key":"Shuriken"},{"floor":23.0,"key":"The Specimen"},{"floor":25.0,"key":"Mummified Hand"},{"floor":25.0,"key":"Ornamental Fan"},{"floor":26.0,"key":"Vajra"},{"floor":26.0,"key":"Molten Egg 2"},{"floor":41,"key":"Strawberry"},{"floor":41,"key":"Torii"},{"floor":43,"key":"Darkstone Periapt"}],"event_choices":[{"damage_healed":0.0,"max_hp_gain":0.0,"max_hp_loss":0.0,"gold_gain":175.0,"event_name":"Liars Game","player_choice":"AGREE","floor":4.0,"gold_loss":0.0,"damage_taken":0.0,"cards_obtained":["Doubt"]},{"damage_healed":0.0,"max_hp_gain":0.0,"max_hp_loss":0.0,"gold_gain":0.0,"event_name":"Golden Idol","player_choice":"Take Damage","floor":12.0,"gold_loss":0.0,"damage_taken":17.0,"relics_obtained":["Golden Idol"]},{"damage_healed":0.0,"max_hp_gain":0.0,"max_hp_loss":0.0,"gold_gain":0.0,"event_name":"WeMeetAgain","player_choice":"Gave Potion","floor":14.0,"gold_loss":0.0,"damage_taken":0.0,"relics_obtained":["Matryoshka"]},{"damage_healed":0.0,"max_hp_gain":0.0,"max_hp_loss":0.0,"gold_gain":99.0,"event_name":"Nest","player_choice":"Stole From Cult","floor":27.0,"gold_loss":0.0,"damage_taken":0.0},{"damage_healed":0,"gold_gain":333,"player_choice":"Gave Idol","damage_taken":0,"max_hp_gain":0,"max_hp_loss":0,"event_name":"The Moai Head","floor":37,"relics_lost":["Golden Idol"],"gold_loss":0},{"damage_healed":0,"gold_gain":0,"player_choice":"Memory 3","damage_taken":10,"max_hp_gain":0,"max_hp_loss":0,"event_name":"SensoryStone","floor":38,"gold_loss":0},{"damage_healed":0,"gold_gain":0,"player_choice":"Ignored","damage_taken":0,"max_hp_gain":0,"max_hp_loss":0,"event_name":"Mysterious Sphere","floor":48,"gold_loss":0}],"is_beta":false,"boss_relics":[{"not_picked":["Sozu","SacredBark"],"picked":"Black Star"},{"not_picked":["Ring of the Serpent","WristBlade"],"picked":"Fusion Hammer"}],"items_purged_floors":[7,19,39],"is_endless":false,"potions_floor_spawned":[2,5,8,16,18,22,28,33,41,42,45],"ascension_level":2}}