{"host":"gk9qdtkqd8dwfeg2","time":1611408443,"event":{"mods":["Aspiration","BaseMod","Colored Powertips","Downfall","Minty Spire (QoL Compilation)","Quick Restart","Replay The Spire","Shop Mod","StSLib","TestMod","The Servant 0.9.4","Waifu the Spire","WarShipGirlsR/’ΩΩ¢…Ÿ≈ÆR mod"],"gold_per_floor":[99,114,130,141,141,126,201,201,230,240,240,268,279,289,308,308,308,308],"floor_reached":16,"language":"ZHS","playtime":658,"items_purged":[],"score":114,"play_id":"a6fd3d7d-fe2d-42dd-b6b7-feb35818ce45","local_time":"20210123212723","is_ascension_mode":false,"campfire_choices":[{"data":"hexamod:Sear","floor":1,"key":"SMITH"},{"data":"hexamod:HeatMetal","floor":8,"key":"SMITH"},{"data":"hexamod:RetreatToShadows","floor":11,"key":"SMITH"}],"circlet_count":0,"master_deck":["hexamod:Strike","hexamod:Strike","hexamod:Defend","hexamod:Defend","hexamod:Defend","hexamod:Sear+1","hexamod:Float","hexamod:NightmareGuise","hexamod:ThirdSeal","hexamod:GhostOfSpireFuture","hexamod:HeatMetal+1","Masterful Stab","ReplayTheSpireMod:Necrosis","Atom Bomb","hexamod:ParanormalForm","hexamod:SkipABeat","hexamod:FourthSeal","hexamod:RetreatToShadows+1","hexamod:RadiantFlame","hexamod:RainOfEmbers","hexamod:ThermalTransfer","hexamod:FourthSeal"],"relics":["hexamod:SpiritBrand","testmod-TestBox","testmod-TurbochargingSystem","Onion Ring","Chameleon Ring","Unceasing Top"],"acts_visited":["Exordium"],"potions_floor_usage":[12,14,15,16],"damage_taken":[{"damage":6,"enemies":"2 Louse","floor":2,"turns":4},{"damage":0,"enemies":"Cultist","floor":3,"turns":3},{"damage":6,"enemies":"Jaw Worm","floor":4,"turns":5},{"damage":0,"enemies":"downfall:FleeingMerchant","floor":6,"turns":4},{"damage":17,"enemies":"Gremlin Nob","floor":9,"turns":4},{"damage":7,"enemies":"Exordium Wildlife","floor":10,"turns":3},{"damage":8,"enemies":"Lagavulin","floor":12,"turns":7},{"damage":6,"enemies":"Blue Slaver","floor":13,"turns":3},{"damage":3,"enemies":"2 Fungi Beasts","floor":14,"turns":4},{"damage":0,"enemies":"Red Slaver","floor":15,"turns":3},{"damage":28,"enemies":"IC_STATUS_ARCHETYPE","floor":16,"turns":2}],"seed_played":"29537293649112556","potions_obtained":[{"floor":4,"key":"LifebloodPotion"},{"floor":10,"key":"testmod-SpacePotion"},{"floor":10,"key":"testmod-EscapePotion"},{"floor":12,"key":"Guardian:BlockOnCardUsePotion"},{"floor":12,"key":"Fire Potion"},{"floor":13,"key":"Venom Potion"},{"floor":14,"key":"DuplicationPotion"},{"floor":15,"key":"DuplicationPotion"}],"is_trial":false,"path_per_floor":["R","M","M","M","?","$","T","R","E","M","R","E","M","M","M","B"],"character_chosen":"THE_SPIRIT","items_purchased":[],"campfire_rested":0,"item_purchase_floors":[],"current_hp_per_floor":[77,71,71,65,65,65,65,65,48,41,41,33,27,24,24,0,0,0],"gold":308,"neow_bonus":"TEN_PERCENT_HP_BONUS","is_daily":false,"chose_seed":false,"campfire_upgraded":3,"win_rate":0.0,"timestamp":1611408443,"path_taken":["R","M","M","M","?","$","T","R","E","?","R","E","M","M","M","BOSS"],"items_purchased_type":[],"build_version":"2020-12-22","purchased_purges":0,"victory":false,"max_hp_per_floor":[77,77,77,77,77,77,77,77,77,77,77,77,77,77,77,77,77,77],"card_choices":[{"not_picked":["hexamod:GhostShield","hexamod:Hexaguard"],"picked":"hexamod:NightmareGuise","floor":2},{"not_picked":["hexamod:Firestarter","hexamod:GhostLash"],"picked":"hexamod:ThirdSeal","floor":3},{"not_picked":["hexamod:Firestarter","hexamod:AdvancingGuard"],"picked":"hexamod:GhostOfSpireFuture","floor":4},{"not_picked":["hexamod:StepThrough","hexamod:AdvancingGuard"],"picked":"hexamod:HeatMetal","floor":4},{"not_picked":["hexamod:GhostLash","hexamod:SpectersWail"],"picked":"hexamod:ParanormalForm","floor":6},{"not_picked":["hexamod:BacktrackSmack","hexamod:SpectersWail","hexamod:ThirdSeal"],"picked":"SKIP","floor":6},{"not_picked":["hexamod:GhostLash","hexamod:NecessarySacrifice"],"picked":"hexamod:SkipABeat","floor":9},{"not_picked":["hexamod:GhostShield","hexamod:GhostOfSpirePresent"],"picked":"hexamod:FourthSeal","floor":9},{"not_picked":["hexamod:HeatShield","hexamod:BurningTouch"],"picked":"hexamod:RetreatToShadows","floor":10},{"not_picked":["hexamod:HauntingEcho","hexamod:BurningTouch","hexamod:ShieldOfDarkness"],"picked":"SKIP","floor":10},{"not_picked":["hexamod:InspiringFlames","hexamod:HeatShield"],"picked":"hexamod:RadiantFlame","floor":12},{"not_picked":["hexamod:SpectralAdrenaline","hexamod:ChargedBarrage"],"picked":"hexamod:RainOfEmbers","floor":12},{"not_picked":["hexamod:GhostLash","hexamod:ShieldOfDarkness","hexamod:HeatMetal"],"picked":"SKIP","floor":13},{"not_picked":["hexamod:HauntingEcho","hexamod:HeatMetal"],"picked":"hexamod:ThermalTransfer","floor":14},{"not_picked":["hexamod:Hexaguard","hexamod:SpectersWail","hexamod:HeatMetal"],"picked":"SKIP","floor":14},{"not_picked":["hexamod:ThermalTransfer","hexamod:GhostOfSpirePresent"],"picked":"hexamod:FourthSeal","floor":15}],"player_experience":753556,"relics_obtained":[{"floor":7,"key":"Onion Ring"},{"floor":9,"key":"Chameleon Ring"},{"floor":12,"key":"Unceasing Top"}],"event_choices":[],"is_beta":false,"boss_relics":[],"items_purged_floors":[],"is_endless":false,"potions_floor_spawned":[4,10,12],"killed_by":"IC_STATUS_ARCHETYPE","ascension_level":0}}