{"host":"gltm229u6j2oow3a","time":1611394660,"event":{"mods":["BaseMod","Colored Powertips","Minty Spire (QoL Compilation)","[IsaacMod]ÒÔÈö¼âËþ"],"gold_per_floor":[117,137,312,329,340,375,375,410,410,420,420,434,45,58,58,58,58],"floor_reached":16,"language":"ZHS","playtime":590,"items_purged":["Doubt"],"score":125,"play_id":"ba82a230-3833-4ed2-8e54-069863f27db2","local_time":"20210123173740","is_ascension_mode":true,"campfire_choices":[{"data":"Flex","floor":7,"key":"SMITH"},{"data":"Flex","floor":11,"key":"SMITH"},{"floor":15,"key":"REST"}],"circlet_count":0,"master_deck":["Strike_R","Strike_R","Strike_R","Strike_R","Strike_R","Defend_R","Defend_R","Defend_R","Defend_R","Bash","SuicideKing","Clash","Flex+1","True Grit","Clash","Flex+1","Spot Weakness","Rampage"],"relics":["Burning Blood","HushsDoor","GuppysTail","NeowsBlessing","Art of War","Bottled Flame","Ginger","Turnip"],"acts_visited":["Exordium"],"potions_floor_usage":[8,16,16],"damage_taken":[{"damage":0,"enemies":"Small Slimes","floor":1,"turns":1},{"damage":0,"enemies":"Cultist","floor":2,"turns":1},{"damage":0,"enemies":"Jaw Worm","floor":4,"turns":1},{"damage":17,"enemies":"Looter","floor":5,"turns":3},{"damage":6,"enemies":"Gremlin Nob","floor":6,"turns":3},{"damage":23,"enemies":"3 Sentries","floor":8,"turns":10},{"damage":5,"enemies":"Large Slime","floor":10,"turns":5},{"damage":37,"enemies":"Exordium Wildlife","floor":12,"turns":5},{"damage":15,"enemies":"Looter","floor":14,"turns":3},{"damage":38,"enemies":"The Guardian","floor":16,"turns":7}],"seed_played":"-377096708720171047","potions_obtained":[{"floor":2,"key":"ElixirPotion"},{"floor":4,"key":"Strength Potion"},{"floor":10,"key":"AttackPotion"}],"is_trial":false,"path_per_floor":["M","M","?","M","M","E","R","E","T","M","R","M","$","M","R","B"],"character_chosen":"IRONCLAD","items_purchased":["Turnip"],"campfire_rested":1,"item_purchase_floors":[13],"current_hp_per_floor":[80,80,80,80,69,69,69,52,52,53,53,22,22,13,37,0,0],"gold":58,"neow_bonus":"THREE_ENEMY_KILL","is_daily":false,"chose_seed":false,"campfire_upgraded":2,"win_rate":0.0,"timestamp":1611394660,"path_taken":["M","M","?","?","?","E","R","E","T","M","R","M","$","M","R","BOSS"],"items_purchased_type":["Relic"],"build_version":"2020-12-22","purchased_purges":1,"victory":false,"max_hp_per_floor":[80,80,80,80,80,80,80,80,80,80,80,80,80,80,80,80,80],"card_choices":[{"not_picked":[],"picked":"SuicideKing","floor":0},{"not_picked":["Shrug It Off","Body Slam"],"picked":"Bomb","floor":1},{"not_picked":["Pummel","Shrug It Off"],"picked":"Clash","floor":2},{"not_picked":["Sever Soul","Clothesline"],"picked":"Flex","floor":4},{"not_picked":["Havoc","Body Slam"],"picked":"True Grit","floor":5},{"not_picked":["Barricade","Cleave"],"picked":"Clash","floor":6},{"not_picked":["True Grit","Power Through"],"picked":"Flex","floor":8},{"not_picked":["Sword Boomerang","Clothesline"],"picked":"Spot Weakness","floor":10},{"not_picked":["Anger","Feel No Pain","Twin Strike"],"picked":"SKIP","floor":12},{"not_picked":["Second Wind","Body Slam"],"picked":"Rampage","floor":14}],"player_experience":85543,"relics_obtained":[{"floor":6,"key":"Art of War"},{"floor":8,"key":"Bottled Flame"},{"floor":9,"key":"Ginger"}],"event_choices":[{"damage_healed":0,"gold_gain":175,"player_choice":"AGREE","damage_taken":0,"max_hp_gain":0,"max_hp_loss":0,"event_name":"Liars Game","floor":3,"gold_loss":0,"cards_obtained":["Doubt"]}],"is_beta":false,"boss_relics":[],"items_purged_floors":[13],"is_endless":false,"potions_floor_spawned":[2,4,10],"killed_by":"The Guardian","ascension_level":2}}