{"host":"y56d1fjpgcjsodvy","time":1611371425,"event":{"mods":["Arknights The Spire","BaseMod","Colored Powertips","GifTheSpireLib","Highlight Path","Minty Spire (QoL Compilation)","StSLib","SuperFastMode","everything is the same but u backflip on backflip"],"gold_per_floor":[361,381,76,90,107,107,107,107,107,125,125,125,158,192,192,304,304,330,330,365,208,233,233,261,261,261,301,335,366,48,97,97,213,213,239,1253,346,373,406,406,455,772,799,188,217,259,259,259,259,259,259,259,22,65,65],"floor_reached":56,"language":"KOR","playtime":2601,"items_purged":["ats:Strike G","ats:Strike S","Normality","Regret"],"score":1429,"play_id":"fca62bbe-367f-4776-b815-ffed43175833","local_time":"20210123121025","is_ascension_mode":true,"campfire_choices":[{"floor":6.0,"key":"DIG"},{"floor":7.0,"key":"DIG"},{"floor":8.0,"key":"DIG"},{"floor":12.0,"key":"DIG"},{"floor":15.0,"key":"DIG"},{"floor":23.0,"key":"DIG"},{"floor":25.0,"key":"DIG"},{"floor":32.0,"key":"DIG"},{"floor":40.0,"key":"DIG"},{"floor":49.0,"key":"RECALL"},{"floor":52.0,"key":"DIG"}],"circlet_count":0,"master_deck":["ats:Armor Crushing Shot","ats:Defend+1","ats:Defend","ats:Defend","ats:Defend+1","ats:Emotion Absorption","ats:Closed Bolt Burst Fire","ats:Apocalypse","ats:Overload","ats:Soul Absorption","ats:Support Order","ats:Disruption Kick","ats:Part Time Job","ats:Shadow Raid+1","ats:Revitalization","ats:Composite Medical Shells","ats:Magnetic Hammer","ats:Part Time Job","ats:Healing Strengthening","ats:Revitalization","ats:Part Time Job","ats:Rat Pack","CurseOfTheBell","Normality","Magnetism","ats:Revitalization","ats:Shell Defense+1","Writhe","ats:Healing Strengthening+1"],"relics":["ats:Sanity","Shovel","WingedGreaves","Bottled Lightning","Happy Flower","ats:Lavender","The Courier","ats:Originium","MealTicket","FossilizedHelix","ats:Gyao","Coffee Dripper","ats:Ability Aura","Ancient Tea Set","ats:Berate","Mercury Hourglass","Anchor","Bottled Flame","Smiling Mask","Calling Bell","Nunchaku","ats:Industrial Water Cannon","Mango","Strawberry","Gremlin Horn","CaptainsWheel","Sundial","Oddly Smooth Stone","PreservedInsect","MawBank","HornCleat","Blue Candle","Bronze Scales","Shuriken","Ornamental Fan","TheAbacus","ats:Spiritual Recovery","War Paint"],"acts_visited":["Exordium","TheCity","TheBeyond","TheEnding"],"potions_floor_usage":[55],"damage_taken":[{"damage":0.0,"enemies":"Small Slimes","floor":1.0,"turns":3.0},{"damage":11.0,"enemies":"Jaw Worm","floor":2.0,"turns":4.0},{"damage":0.0,"enemies":"Cultist","floor":4.0,"turns":4.0},{"damage":8.0,"enemies":"Red Slaver","floor":5.0,"turns":5.0},{"damage":2.0,"enemies":"3 Louse","floor":10.0,"turns":2.0},{"damage":10.0,"enemies":"Lagavulin","floor":13.0,"turns":7.0},{"damage":0.0,"enemies":"Gremlin Nob","floor":14.0,"turns":3.0},{"damage":65.0,"enemies":"Slime Boss","floor":16.0,"turns":15.0},{"damage":0.0,"enemies":"Spheric Guardian","floor":18.0,"turns":3.0},{"damage":0.0,"enemies":"3 Byrds","floor":20.0,"turns":5.0},{"damage":12.0,"enemies":"Centurion and Healer","floor":22.0,"turns":7.0},{"damage":19.0,"enemies":"Chosen and Byrds","floor":24.0,"turns":8.0},{"damage":53.0,"enemies":"Book of Stabbing","floor":27.0,"turns":8.0},{"damage":5.0,"enemies":"Snecko","floor":28.0,"turns":6.0},{"damage":10.0,"enemies":"Sentry and Sphere","floor":29.0,"turns":5.0},{"damage":0.0,"enemies":"Slavers","floor":31.0,"turns":5.0},{"damage":62.0,"enemies":"Automaton","floor":33.0,"turns":11.0},{"damage":7.0,"enemies":"3 Shapes","floor":35.0,"turns":6.0},{"damage":29.0,"enemies":"Orb Walker","floor":38.0,"turns":9.0},{"damage":0.0,"enemies":"Jaw Worm Horde","floor":39.0,"turns":7.0},{"damage":19.0,"enemies":"Nemesis","floor":41.0,"turns":8.0},{"damage":87.0,"enemies":"Spire Growth","floor":45.0,"turns":9.0},{"damage":47.0,"enemies":"Reptomancer","floor":46.0,"turns":9.0},{"damage":43.0,"enemies":"Time Eater","floor":50.0,"turns":12.0},{"damage":101.0,"enemies":"Shield and Spear","floor":54.0,"turns":9.0},{"damage":182,"enemies":"The Heart","floor":55,"turns":14}],"seed_played":"8138829229641368760","potions_obtained":[{"floor":1.0,"key":"Energy Potion"},{"floor":2.0,"key":"SmokeBomb"},{"floor":4.0,"key":"BlessingOfTheForge"},{"floor":13.0,"key":"GamblersBrew"},{"floor":16.0,"key":"Weak Potion"},{"floor":18.0,"key":"SkillPotion"},{"floor":20.0,"key":"DuplicationPotion"},{"floor":29.0,"key":"Strength Potion"},{"floor":31.0,"key":"DistilledChaos"},{"floor":46.0,"key":"PowerPotion"},{"floor":54.0,"key":"Block Potion"}],"is_trial":false,"path_per_floor":["M","M","$","M","M","R","R","R","T","M","?","R","E","E","R","B",null,"M","?","M","$","M","R","M","R","T","E","M","M","$","E","R","B",null,"M","?","$","M","M","R","E","?","T","$","M","E","T","?","R","B",null,"R","$","E","B",null],"character_chosen":"DOCTOR_CLASS","items_purchased":["Shovel","ats:Revitalization","ats:Composite Medical Shells","ats:Part Time Job","ats:Healing Strengthening","Anchor","ats:Revitalization","Strawberry","Gremlin Horn","CaptainsWheel","Sundial","Oddly Smooth Stone","Magnetism","HornCleat","Blue Candle","ats:Revitalization","TheAbacus","ats:Spiritual Recovery"],"campfire_rested":0,"item_purchase_floors":[3,21,21,30,30,30,30,37,37,37,37,37,44,44,44,44,53,53],"current_hp_per_floor":[65,54,54,54,56,56,56,56,56,60,53,53,61,63,63,17,65,65,65,65,65,65,65,56,56,56,65,65,65,65,65,65,58,79,79,79,86,86,86,86,86,86,86,86,81,59,59,81,81,77,86,86,86,86,86],"gold":65,"neow_bonus":"TWO_FIFTY_GOLD","is_daily":false,"chose_seed":false,"campfire_upgraded":0,"win_rate":0.0,"timestamp":1611371425,"path_taken":["M","M","$","M","M","R","R","R","T","M","?","R","E","E","R","BOSS","M","?","M","$","?","R","M","R","T","E","M","M","?","E","R","BOSS","M","?","$","M","M","R","E","?","T","$","?","E","?","?","R","BOSS","R","$","E","BOSS"],"items_purchased_type":["Relic","Card","Card","Card","Card","Relic","Card","Relic","Relic","Relic","Relic","Relic","Card","Relic","Relic","Card","Relic","Relic"],"build_version":"2020-12-22","purchased_purges":4,"victory":true,"max_hp_per_floor":[65,65,65,65,65,65,65,65,65,65,65,65,65,65,65,65,65,65,65,65,65,65,65,65,65,65,65,65,65,65,65,65,65,79,79,79,86,86,86,86,86,86,86,86,86,86,86,86,86,86,86,86,86,86,86],"card_choices":[{"not_picked":["ats:Beaten Up","ats:Guardian Obelisk"],"picked":"ats:Closed Bolt Burst Fire","floor":1.0},{"not_picked":["ats:Explosion Area Strengthen","ats:Blood Oath","ats:Poison Spread"],"picked":"SKIP","floor":2.0},{"not_picked":["ats:Cat Scratch","ats:Powerful Strike"],"picked":"ats:Apocalypse","floor":4.0},{"not_picked":["ats:Healing Strengthening","ats:Support Order"],"picked":"ats:Overload","floor":5.0},{"not_picked":["ats:Hammer On","ats:Collapsing Strike"],"picked":"ats:Soul Absorption","floor":10.0},{"not_picked":["ats:Assault Order","ats:Very Hot Blade"],"picked":"ats:Support Order","floor":13.0},{"not_picked":["ats:Sunburst","ats:Consecutive Shot Auto","ats:Apocalypse"],"picked":"SKIP","floor":14.0},{"not_picked":["ats:Durian","ats:Soul Rend"],"picked":"ats:Disruption Kick","floor":16.0},{"not_picked":["ats:Assault Order","ats:Song Of Battle"],"picked":"ats:Part Time Job","floor":18.0},{"not_picked":["ats:Powerful Strike+1","ats:Shell Defense"],"picked":"ats:Shadow Raid+1","floor":20.0},{"not_picked":["ats:Explosion Area Strengthen","ats:Assault Order","ats:Steam Pump"],"picked":"SKIP","floor":22.0},{"not_picked":["ats:Poison Spread+1","ats:Encircling Forest","ats:Support Order"],"picked":"SKIP","floor":24.0},{"not_picked":["ats:Curse Doll","ats:Roar Of Ursus"],"picked":"ats:Magnetic Hammer","floor":27.0},{"not_picked":["ats:Overload","ats:Poison Spread","ats:Very Hot Blade"],"picked":"SKIP","floor":28.0},{"not_picked":["ats:LN2 Cannon","ats:Beaten Up","ats:Cat Scratch"],"picked":"SKIP","floor":29.0},{"not_picked":["ats:Revitalization","ats:Assault Order"],"picked":"ats:Part Time Job","floor":31.0},{"not_picked":["ats:Shadow Assault","ats:Echo Reverb"],"picked":"ats:Rat Pack","floor":33.0},{"not_picked":["ats:Hammer On+1","ats:Leaping Hammer+1","ats:Blood Oath+1"],"picked":"SKIP","floor":35.0},{"not_picked":["ats:Poison Spread","ats:Powerful Strike+1","ats:Neurotoxin+1"],"picked":"SKIP","floor":38.0},{"not_picked":["ats:Neurotoxin+1","ats:Sunburst","ats:Blood Oath"],"picked":"SKIP","floor":39.0},{"not_picked":["ats:Childhood Dance+1","ats:Support Order","ats:Assault Order+1"],"picked":"SKIP","floor":41.0},{"not_picked":["ats:Assault Order","ats:Consecutive Shot Auto+1","ats:Cat Scratch"],"picked":"SKIP","floor":45.0},{"not_picked":["ats:Defend Order+1","ats:Durian"],"picked":"ats:Shell Defense+1","floor":46.0},{"not_picked":["ats:Encircling Forest+1","ats:Neurotoxin"],"picked":"ats:Healing Strengthening+1","floor":54.0}],"player_experience":1191172,"relics_obtained":[{"floor":6.0,"key":"WingedGreaves"},{"floor":7.0,"key":"Bottled Lightning"},{"floor":8.0,"key":"Happy Flower"},{"floor":9.0,"key":"ats:Lavender"},{"floor":12.0,"key":"The Courier"},{"floor":13.0,"key":"ats:Originium"},{"floor":13.0,"key":"MealTicket"},{"floor":14.0,"key":"ats:Originium"},{"floor":14.0,"key":"FossilizedHelix"},{"floor":15.0,"key":"ats:Gyao"},{"floor":23.0,"key":"ats:Ability Aura"},{"floor":25.0,"key":"Ancient Tea Set"},{"floor":26.0,"key":"ats:Berate"},{"floor":27.0,"key":"ats:Originium"},{"floor":27.0,"key":"Mercury Hourglass"},{"floor":31.0,"key":"ats:Originium"},{"floor":31.0,"key":"Bottled Flame"},{"floor":32.0,"key":"Smiling Mask"},{"floor":34.0,"key":"Nunchaku"},{"floor":34.0,"key":"ats:Industrial Water Cannon"},{"floor":34.0,"key":"Mango"},{"floor":40.0,"key":"PreservedInsect"},{"floor":41.0,"key":"MawBank"},{"floor":46.0,"key":"Bronze Scales"},{"floor":47.0,"key":"Shuriken"},{"floor":52.0,"key":"Ornamental Fan"},{"floor":54.0,"key":"War Paint"}],"event_choices":[{"cards_removed":["ats:Strike V"],"damage_healed":0.0,"max_hp_gain":0.0,"max_hp_loss":0.0,"gold_gain":0.0,"event_name":"Golden Wing","player_choice":"Card Removal","floor":11.0,"gold_loss":0.0,"damage_taken":7.0},{"cards_removed":["ats:Strike C"],"damage_healed":0.0,"max_hp_gain":0.0,"max_hp_loss":0.0,"gold_gain":0.0,"event_name":"Bonfire Elementals","player_choice":"Offered Basic","floor":19.0,"gold_loss":0.0,"damage_taken":0.0},{"damage_healed":0.0,"max_hp_gain":0.0,"max_hp_loss":0.0,"gold_gain":999.0,"event_name":"MindBloom","player_choice":"Gold","floor":36.0,"gold_loss":0.0,"damage_taken":0.0,"cards_obtained":["Normality","Normality"]},{"damage_healed":0.0,"max_hp_gain":0.0,"max_hp_loss":0.0,"gold_gain":275.0,"event_name":"Golden Shrine","player_choice":"Desecrate","floor":42.0,"gold_loss":0.0,"damage_taken":0.0,"cards_obtained":["Regret"]},{"damage_healed":22.0,"max_hp_gain":0.0,"max_hp_loss":0.0,"gold_gain":0.0,"event_name":"Winding Halls","player_choice":"Writhe","floor":48.0,"gold_loss":0.0,"damage_taken":0.0,"cards_obtained":["Writhe"]}],"is_beta":false,"boss_relics":[{"not_picked":["Ectoplasm","Runic Dome"],"picked":"Coffee Dripper"},{"not_picked":["Cursed Key","Sozu"],"picked":"Calling Bell"}],"items_purged_floors":[21,30,37,44],"is_endless":false,"potions_floor_spawned":[1,2,4,13,16,18,20,29,31,46,54],"ascension_level":1}}