{"host":"ooe12lh8pgcirntb","time":1611360976,"event":{"mods":["AchievementEnabler","Act Like it!","Bard","BaseMod","Beaked The Cultist","ChefMod","Colored Map","Colored Powertips","Downfall","Hallownest","Hermit","Jorbs\u0027s Wanderer Trilogy","Minty Spire (QoL Compilation)","Robot Space Explorer","StSLib","The Animator","The Blackbeard","The Bug Knight","The Construct","The Cursed","The Disciple","The Hayseed","The Hierophant","The Problem Sleuth","TheVacant"],"gold_per_floor":[114,124,224,3,3,37,37,0,27,27,27,38,56,69,69,168,168,183,79,90,90,90,94,94],"floor_reached":23,"language":"ENG","playtime":5287,"items_purged":["downfall:Haunted"],"score":189,"play_id":"67a9ea77-539b-4704-a6f8-d1897cd576d5","local_time":"20210122191616","is_ascension_mode":false,"campfire_choices":[{"data":"animator:Sloth","floor":7,"key":"SMITH"},{"floor":11,"key":"RECALL"},{"floor":15,"key":"REST"}],"circlet_count":0,"master_deck":["animator:Strike_Konosuba","animator:Strike","animator:Strike","animator:Strike","animator:Defend","animator:Defend","animator:Defend+1","animator:Kazuma","animator:Aqua","animator:Kaijin","animator:Sloth+1","animator:FeridBathory","animator:PandorasActor","animator:CrowleyEusford","Regret","animator:GazelDwargon","animator:Benimaru","animator:GoblinSlayer","animator:GazelDwargon","animator:Vesta","animator:Shizu","animator:Priestess","animator:DolaRiku","animator:Mitsuba","animator:Spearman","Decay","animator:HinaKagiyama","animator:Curse_Dizziness"],"relics":["animator:LivingPicture","animator:TheMissingPiece","animator:PurgingStone","Du-Vu Doll","hexamod:BolsterEngine","Ginger","Regal Pillow","animator:RacePiece"],"acts_visited":["Exordium","TheCity"],"potions_floor_usage":[16,23,23,23],"damage_taken":[{"damage":6,"enemies":"Jaw Worm","floor":1,"turns":8},{"damage":3,"enemies":"Small Slimes","floor":2,"turns":5},{"damage":23,"enemies":"Lagavulin","floor":6,"turns":9},{"damage":0,"enemies":"Cultist","floor":12,"turns":4},{"damage":4,"enemies":"3 Louse","floor":13,"turns":4},{"damage":12,"enemies":"Large Slime","floor":14,"turns":6},{"damage":48,"enemies":"Slime Boss","floor":16,"turns":9},{"damage":34,"enemies":"2 Thieves","floor":18,"turns":5},{"damage":15,"enemies":"Spheric Guardian","floor":20,"turns":5},{"damage":37,"enemies":"Book of Stabbing","floor":23,"turns":5}],"seed_played":"-4461377286463516120","potions_obtained":[{"floor":1,"key":"CultistPotion"},{"floor":14,"key":"Swift Potion"},{"floor":16,"key":"Slimebound:ThreeZeroPotion"},{"floor":20,"key":"Fire Potion"}],"is_trial":false,"path_per_floor":["M","M","?","$","?","E","R","$","T","?","R","M","M","M","R","B",null,"M","$","M","?","?","E"],"character_chosen":"THE_ANIMATOR","items_purchased":["hexamod:BolsterEngine","animator:CrowleyEusford","animator:DolaRiku","animator:Mitsuba"],"campfire_rested":1,"item_purchase_floors":[4,8,19,19],"current_hp_per_floor":[66,65,70,70,70,49,49,49,49,49,49,49,47,37,75,29,77,45,45,32,32,32,0,0],"gold":94,"neow_bonus":"TEN_PERCENT_HP_BONUS","is_daily":false,"chose_seed":false,"campfire_upgraded":1,"win_rate":0.0,"timestamp":1611360976,"path_taken":["M","M","?","$","?","E","R","$","T","?","R","?","M","M","R","BOSS","M","$","M","?","?","E"],"items_purchased_type":["Relic","Card","Card","Card"],"build_version":"2020-12-22","purchased_purges":1,"victory":false,"max_hp_per_floor":[72,72,77,77,77,77,77,77,77,77,77,77,77,77,77,77,77,77,77,77,77,77,77,77],"card_choices":[{"not_picked":["animator:Souei","animator:Jibril"],"picked":"animator:Kaijin","floor":1},{"not_picked":["animator:CrowleyEusford","animator:ElricAlphonse"],"picked":"animator:Sloth","floor":2},{"not_picked":["animator:ElricAlphonse","animator:Aisha"],"picked":"animator:PandorasActor","floor":6},{"not_picked":["animator:YunYun","animator:Verdia"],"picked":"animator:GazelDwargon","floor":13},{"not_picked":["animator:Sonic","animator:Gluttony"],"picked":"animator:Benimaru","floor":14},{"not_picked":["animator:Albedo","animator:Eris"],"picked":"animator:GoblinSlayer","floor":16},{"not_picked":["animator:Millim","animator:SilverFang"],"picked":"animator:Priestess","floor":18},{"not_picked":["animator:HighElfArcher","animator:Priestess"],"picked":"animator:Spearman","floor":20}],"player_experience":732081,"relics_obtained":[{"floor":6,"key":"Ginger"}],"event_choices":[{"cards_removed":["Injury"],"damage_healed":0,"gold_gain":0,"player_choice":"Removed","damage_taken":0,"max_hp_gain":0,"max_hp_loss":0,"event_name":"The Cursed Forest","floor":5,"gold_loss":0},{"cards_removed":["Doubt"],"damage_healed":0,"gold_gain":0,"player_choice":"Removed","damage_taken":0,"max_hp_gain":0,"max_hp_loss":0,"event_name":"The Cursed Forest","floor":5,"gold_loss":0},{"damage_healed":0,"gold_gain":0,"player_choice":"Box","damage_taken":0,"relics_obtained":["Regal Pillow"],"max_hp_gain":0,"max_hp_loss":0,"event_name":"Big Fish","floor":10,"gold_loss":0,"cards_obtained":["Regret"]},{"damage_healed":0,"gold_gain":0,"player_choice":"Smashed Altar","damage_taken":0,"max_hp_gain":0,"max_hp_loss":0,"event_name":"Forgotten Altar","floor":21,"gold_loss":0,"cards_obtained":["Decay"]}],"is_beta":false,"boss_relics":[{"not_picked":["Ectoplasm","beaked:MawFillet"],"picked":"animator:RacePiece"}],"items_purged_floors":[4],"is_endless":false,"potions_floor_spawned":[1,14,16,20],"killed_by":"Book of Stabbing","ascension_level":0}}