{"host":"2gg06yzptsyvmpvy","time":1611366805,"event":{"mods":["2.2 Compatiblity","AchievementEnabler","Act Like it!","Aspiration","BaseMod","Beaked The Cultist","Best Route Mod","Bestiary","Better Note","Better Synergies","Challenge The Spire","ChefMod","Colored Map","Colored Powertips","Colorless Booster Pack","Conjunction","Curses Come First","Downfall","Energized Spire","Friendly Minions","GifTheSpireLib","Glutton Mod","GungeonMod","Halation","Highlight Path","Hubris","Jedi Mod","JesterMod","Minty Spire (QoL Compilation)","Pale of the Ancients","Permanent Neow","Quick Restart","Random Character Button","Relic Stats","Replay The Spire","Retaliation","Reworked Bosses","SCP261 Mod","Shade Mod","Small Relic Pack","Spicy Shops","Spikes Relics","StSLib","Stuff the Spire","SuperFastMode","Swap Starting Deck Mod","The Construct","The Hayseed","The Hierophant","The Jungle","The Runesmith","The Servant 0.9.4","Trackpad","Useless Jewels Mod","thorton","vexMod"],"gold_per_floor":[0,18,118,137,153,180,231,244,244,94,104,117,145,162,177,274,274,274,274,294,294,309,13,39,39,139,19,69,7,57,8,19,19,19,19],"floor_reached":33,"language":"ENG","playtime":1914,"items_purged":["Doubt"],"score":307,"play_id":"3f442a84-1445-45d7-8283-cfff213258a8","local_time":"20210122185325","is_ascension_mode":false,"campfire_choices":[{"data":"champ:TripleStrike","floor":1,"key":"SMITH"},{"data":"champ:StanceDance","floor":9,"key":"SMITH"},{"data":"champ:BerserkerStyle","floor":18,"key":"SMITH"},{"data":"champ:PreciseThrust","floor":25,"key":"SMITH"}],"circlet_count":0,"master_deck":["champ:Strike","champ:Strike","champ:Strike","champ:Defend","champ:Defend","champ:Defend","champ:Execute","champ:Taunt","champ:TripleStrike+1","champ:Endure","champ:StanceDance+1","champ:IronFortress","champ:CrookedStrike","champ:RisingSlash","champ:GutPunch","champ:EnGarde","champ:FlashCut","champ:ShieldSlam","champ:BerserkerStyle+1","champ:EnchantSword","champ:PreciseThrust+1","hubris:Wrath","champ:FaceSlap","champ:PerfectedStrike+1","champ:Shatter","champ:CrownThrow+1","champ:SkillfulDodge+1","champ:SkillfulDodge+1","expansioncontent:StudyTheSpire","expansioncontent:StudyTheSpire","Shame","champ:BringItOn"],"relics":["champ:ChampionCrown","StuffTheSpire:RubySignet","DemoMod:MonsterBlood","trackpad:AdjectivePendant","CosmicIsotope","WarpedTongs","DemoMod:ClearGuonStone","DemoMod:LamentConfigurum","downfall:CloakOfManyFaces","CultistMask","FaceOfCleric","NlothsMask","GremlinMask","SsserpentHead","halation:NonexistentMirror","Guardian:GemstoneGun"],"acts_visited":["Exordium","TheCity"],"potions_floor_usage":[13,33],"damage_taken":[{"damage":15,"enemies":"2 Louse","floor":2,"turns":2},{"damage":15,"enemies":"Small Slimes","floor":4,"turns":2},{"damage":10,"enemies":"Cultist","floor":5,"turns":2},{"damage":48,"enemies":"3 Sentries","floor":6,"turns":7},{"damage":20,"enemies":"Large Slime","floor":8,"turns":4},{"damage":21,"enemies":"Exordium Thugs","floor":11,"turns":4},{"damage":34,"enemies":"Large Slime","floor":12,"turns":4},{"damage":32,"enemies":"Lagavulin","floor":13,"turns":7},{"damage":15,"enemies":"3 Louse","floor":14,"turns":1},{"damage":20,"enemies":"2 Fungi Beasts","floor":15,"turns":3},{"damage":109,"enemies":"DF_ARCHETYPE_STREAMLINE","floor":16,"turns":9},{"damage":52,"enemies":"3 Byrds","floor":20,"turns":6},{"damage":37,"enemies":"Spheric Guardian","floor":22,"turns":4},{"damage":52,"enemies":"downfall:FleeingMerchant","floor":23,"turns":4},{"damage":75,"enemies":"downfall:FaceTrader","floor":26,"turns":8},{"damage":24,"enemies":"downfall:FleeingMerchant","floor":27,"turns":4},{"damage":0,"enemies":"downfall:FleeingMerchant","floor":29,"turns":1},{"damage":22,"enemies":"Snecko","floor":32,"turns":4},{"damage":36,"enemies":"WA_ARCHETYPE_CALM","floor":33,"turns":6}],"seed_played":"1974180819598116214","potions_obtained":[{"floor":6,"key":"sneckomod:MuddlingPotion"},{"floor":8,"key":"DDmod:CleansePotion"},{"floor":11,"key":"PowerPotion"},{"floor":13,"key":"sneckomod:MuddlingPotion"}],"is_trial":false,"path_per_floor":["R","M","?","M","M","E","T","M","R","?","M","M","E","M","M","B",null,"R_BF","?","M","?","M","$","T","R","?","$","M","$","?","$","M","B"],"character_chosen":"THE_CHAMP","items_purchased":["DemoMod:ClearGuonStone","DemoMod:LamentConfigurum","halation:NonexistentMirror","expansioncontent:StudyTheSpire","Fire Potion"],"campfire_rested":0,"item_purchase_floors":[23,23,27,29,31],"current_hp_per_floor":[90,85,85,80,80,57,64,54,54,107,106,102,80,80,82,60,107,107,107,98,98,82,82,82,82,45,46,28,29,29,29,17,0,0,0],"gold":19,"neow_bonus":"THREE_RARE_CARDS","is_daily":false,"chose_seed":false,"campfire_upgraded":4,"win_rate":0.0,"timestamp":1611366805,"path_taken":["R","M","?","M","M","E","T","M","R","?","M","?","E","M","M","BOSS","R_BF","?","?","?","M","$","T","R","?","?","?","$","?","$","M","BOSS"],"items_purchased_type":["Relic","Relic","Relic","Card","Potion"],"build_version":"2020-12-22","purchased_purges":1,"victory":false,"max_hp_per_floor":[90,90,90,90,90,90,97,97,97,107,107,107,107,107,107,107,107,107,107,107,107,107,107,107,107,107,108,108,109,109,109,110,110,110,110],"relic_stats":{"SsserpentHead":150,"FaceOfCleric":3,"counters":[20,85],"obtain_stats":[{"Guardian:GemstoneGun":28,"champ:ChampionCrown":0,"GremlinMask":26,"DemoMod:GlassGuonStoneRelic":5,"WarpedTongs":19,"SsserpentHead":26,"halation:NonexistentMirror":27,"FaceOfCleric":26,"DemoMod:MonsterBlood":7,"DemoMod:LamentConfigurum":23,"CultistMask":26,"StuffTheSpire:RubySignet":6,"CosmicIsotope":17,"downfall:CloakOfManyFaces":26,"trackpad:AdjectivePendant":13,"DemoMod:ClearGuonStone":23,"NlothsMask":26},{"Guardian:GemstoneGun":17,"champ:ChampionCrown":0,"GremlinMask":15,"DemoMod:GlassGuonStoneRelic":3,"WarpedTongs":11,"SsserpentHead":15,"halation:NonexistentMirror":16,"FaceOfCleric":15,"DemoMod:MonsterBlood":4,"DemoMod:LamentConfigurum":14,"CultistMask":15,"StuffTheSpire:RubySignet":4,"CosmicIsotope":11,"downfall:CloakOfManyFaces":15,"trackpad:AdjectivePendant":8,"DemoMod:ClearGuonStone":14,"NlothsMask":15},{"Guardian:GemstoneGun":74,"champ:ChampionCrown":0,"GremlinMask":67,"DemoMod:GlassGuonStoneRelic":6,"WarpedTongs":45,"SsserpentHead":67,"halation:NonexistentMirror":71,"FaceOfCleric":67,"DemoMod:MonsterBlood":13,"DemoMod:LamentConfigurum":59,"CultistMask":67,"StuffTheSpire:RubySignet":13,"CosmicIsotope":45,"downfall:CloakOfManyFaces":67,"trackpad:AdjectivePendant":32,"DemoMod:ClearGuonStone":59,"NlothsMask":67}],"WarpedTongs":[40]},"card_choices":[{"not_picked":["champ:EnchantSword","champ:Improvising"],"picked":"champ:TripleStrike","floor":0},{"not_picked":["champ:TornadoPunch","champ:SkillfulDodge"],"picked":"champ:Endure","floor":2},{"not_picked":["champ:CrownThrow","champ:BringItOn"],"picked":"champ:StanceDance","floor":4},{"not_picked":["champ:Backstep","champ:CrownThrow"],"picked":"champ:IronFortress","floor":5},{"not_picked":["champ:StanceDance","champ:AdrenalArmor"],"picked":"champ:CrookedStrike","floor":6},{"not_picked":["champ:Backstep","champ:Shatter"],"picked":"champ:RisingSlash","floor":8},{"not_picked":["champ:TornadoPunch","champ:Endure"],"picked":"champ:GutPunch","floor":11},{"not_picked":["champ:FanOfKnives","champ:Circumvent"],"picked":"champ:EnGarde","floor":12},{"not_picked":["champ:Haymaker","champ:CalledShot"],"picked":"champ:FlashCut","floor":13},{"not_picked":["champ:FancyFootwork","champ:Haymaker"],"picked":"champ:ShieldSlam","floor":14},{"not_picked":["champ:FocusedBerserking","champ:BringItOn"],"picked":"champ:BerserkerStyle","floor":15},{"not_picked":["champ:HoldFirm","champ:GladiatorForm"],"picked":"champ:EnchantSword","floor":16},{"not_picked":["champ:Duel","champ:PerfectedStrike"],"picked":"champ:PreciseThrust","floor":20},{"not_picked":["champ:Haymaker","champ:FanOfKnives"],"picked":"champ:FaceSlap","floor":22},{"not_picked":["champ:PreciseThrust+1","champ:StanceDance"],"picked":"champ:PerfectedStrike+1","floor":23},{"not_picked":["champ:EnGarde","champ:RapidStrikes"],"picked":"champ:Shatter","floor":26},{"not_picked":["champ:HeavySlash","champ:SetATrap"],"picked":"champ:CrownThrow+1","floor":27},{"not_picked":["champ:TornadoPunch","champ:PreciseThrust"],"picked":"champ:SkillfulDodge+1","floor":29},{"not_picked":["champ:FanOfKnives+1","champ:DefensiveShout"],"picked":"champ:BringItOn","floor":32}],"player_experience":1177387,"relics_obtained":[{"floor":6,"key":"StuffTheSpire:RubySignet"},{"floor":7,"key":"DemoMod:MonsterBlood"},{"floor":13,"key":"trackpad:AdjectivePendant"},{"floor":26,"key":"downfall:CloakOfManyFaces"}],"event_choices":[{"damage_healed":0,"gold_gain":0,"player_choice":"Rummage","damage_taken":0,"relics_obtained":["WarpedTongs"],"max_hp_gain":0,"max_hp_loss":0,"event_name":"Accursed Blacksmith","floor":19,"gold_loss":0,"cards_obtained":["Pain"]}],"is_beta":false,"boss_relics":[{"not_picked":["StuffTheSpire:RunicConfusion","thethorton:GreedFountain"],"picked":"CosmicIsotope"}],"items_purged_floors":[23],"is_endless":false,"potions_floor_spawned":[6,8,11,13,15,16,22,26],"killed_by":"WA_ARCHETYPE_CALM","ascension_level":0}}