{"host":"qzpuxnheibnu7155","time":1611362286,"event":{"mods":["Act Like it!","BaseMod","Displayed Cursed Tome","FoggyMod","Minty Spire (QoL Compilation)","MostiFishMod","Pale of the Ancients","Remilia（蕾米莉亚）","RumiaBox-露米娅的神秘盒子","StSLib","TestMod","Waifu the Spire","【功能Mod】Neow奖励","【遗物卡牌】REMEMod","没有小屋子和绿帽子啦"],"gold_per_floor":[114,114,189,189,189,223,223,238,262,262,293,293,318,243,243,274,274,293,193,193,193,193,193,68,83,108,108,134,134,167,82,82,156,156,175,575,142,142,156,156,191,191,191,270,160,207,241,253,253,274,283,305,325,325,163,163,180,180,180,180,195],"floor_reached":62,"language":"ZHS","playtime":2909,"items_purged":["Defend_RM","Strike_RM","Strike_RM","Strike_RM","MostiFishMod:DustFall+1","Doubt"],"score":3754,"play_id":"c33ae52a-1538-4e90-9c99-1a596117e90c","local_time":"20210123083806","is_ascension_mode":true,"campfire_choices":[{"data":"BloodySeventeenLaser","floor":7,"key":"SMITH"},{"floor":15,"key":"RECALL"},{"data":"QueenOfMidnight","floor":23,"key":"SMITH"},{"data":"BlasphemousPunishment","floor":27,"key":"SMITH"},{"data":"ScarletMeister","floor":29,"key":"SMITH"},{"data":"BlasphemousPunishment","floor":32,"key":"SMITH"},{"data":"MastersStateliness","floor":40,"key":"SMITH"},{"data":"UnderTheZenith","floor":42,"key":"SMITH"},{"data":"BlasphemousPunishment","floor":49,"key":"SMITH"},{"data":"ScarletSymphony","floor":56,"key":"SMITH"},{"data":"EternalNight","floor":58,"key":"SMITH"}],"circlet_count":0,"master_deck":["Defend_RM","RedMoon","ScarletShoot","TransientEternity","UnderTheZenith+1","BloodySeventeenLaser+1","ScarletDevil","BlasphemousPunishment+1","ScarletMeister+1","QueenOfMidnight+1","BlasphemousPunishment+1","UnstableMagic+1","EternalNight+1","BatForm+1","MastersStateliness+1","UnstableMagic+1","CeilingFear","BlasphemousPunishment+1","ScarletImprint","BlasphemousPunishment+1","MastersStateliness+1","ScarletSymphony+1","Secret Technique","BloodySeventeenLaser","MostiFishMod:ButterFly","BloodHunter"],"relics":["ScarletHat","DaveBox","REME_ComplimentaryCards","DianDianMeat","testmod-BlackFramedGlasses","SynthV:TestCard","Strawberry","testmod-EqualTreatment","Regal Pillow","SSSystem","Bottled Lightning","GodSword5","FeatherPendant","Enchiridion","Girya","testmod-OneHitWonder","Akabeko","MealTicket","GodSword1","testmod-Fanaticism","RedBat","Bag of Marbles","REME_ArchaeologicalTools","Happy Flower","Mummified Hand","Baka2","paleoftheancients:Timepiece","paleoftheancients:KeyRelic","paleoftheancients:SoulOfTheIroncluck","DiscerningMonocle","testmod-IndustrialRevolution","REME_HourglassOfDeath","Dodecahedron","Pantograph"],"acts_visited":["Exordium","TheCity","TheBeyond","paleoftheancients:PaleOfTheAncients"],"potions_floor_usage":[6,13,16],"damage_taken":[{"damage":0,"enemies":"2 Louse","floor":1,"turns":3},{"damage":9,"enemies":"Gremlin Nob","floor":6,"turns":4},{"damage":12,"enemies":"Small Slimes","floor":8,"turns":4},{"damage":14,"enemies":"3 Sentries","floor":11,"turns":5},{"damage":28,"enemies":"Gremlin Nob","floor":13,"turns":4},{"damage":0,"enemies":"Slime Boss","floor":16,"turns":4},{"damage":31,"enemies":"Spheric Guardian","floor":18,"turns":3},{"damage":59,"enemies":"3 Byrds","floor":25,"turns":3},{"damage":40,"enemies":"REME_1_Revenger","floor":28,"turns":1},{"damage":60,"enemies":"Slavers","floor":30,"turns":1},{"damage":30,"enemies":"Collector","floor":33,"turns":1},{"damage":40,"enemies":"3 Shapes","floor":35,"turns":1},{"damage":20,"enemies":"Orb Walker","floor":39,"turns":1},{"damage":0,"enemies":"Giant Head","floor":41,"turns":1},{"damage":0,"enemies":"Reptomancer","floor":44,"turns":1},{"damage":40,"enemies":"Giant Head","floor":46,"turns":1},{"damage":0,"enemies":"Spire Growth","floor":47,"turns":1},{"damage":20,"enemies":"Writhing Mass","floor":48,"turns":1},{"damage":44,"enemies":"Time Eater","floor":50,"turns":3},{"damage":30,"enemies":"Awakened One","floor":51,"turns":2},{"damage":30,"enemies":"Awakened One","floor":52,"turns":1},{"damage":0,"enemies":"Awakened One","floor":53,"turns":1},{"damage":0,"enemies":"Awakened One","floor":57,"turns":1},{"damage":30,"enemies":"paleoftheancients:N","floor":61,"turns":3}],"seed_played":"5186038057714401034","potions_obtained":[{"floor":1,"key":"testmod-TestPotion"},{"floor":6,"key":"PowerPotion"},{"floor":13,"key":"Regen Potion"},{"floor":16,"key":"SpeedPotion"},{"floor":18,"key":"Strength Potion"},{"floor":28,"key":"FearPotion"},{"floor":57,"key":"LiquidMemories"}],"is_trial":false,"path_per_floor":["M","?","?","T","?","E","R","M","T","?","E","?","E","$","R","B",null,"M","$","?","?","$","R","$","M","T","R","E","R","E","?","R","B",null,"M","?","$","?","M","R","E","R","T","E","?","E","M","M","R","B","B","M","M","?","$","R","M","R","$","?","B",null],"character_chosen":"REMILIA","items_purchased":["RedBat","DiscerningMonocle","Swift Potion","ScarletSymphony","testmod-IndustrialRevolution","REME_HourglassOfDeath","Dodecahedron","Pantograph","FairyPotion","Secret Technique","BloodySeventeenLaser","MostiFishMod:ButterFly","BloodHunter"],"campfire_rested":0,"item_purchase_floors":[37,55,55,55,55,55,59,59,59,59,59,59,59],"current_hp_per_floor":[54,56,45,45,45,44,44,34,34,39,41,41,31,31,31,63,125,122,122,122,101,101,101,101,122,122,122,145,145,160,160,160,172,172,185,185,185,185,199,199,214,214,214,230,230,247,265,284,284,284,298,339,339,339,361,361,384,384,486,486,486],"gold":195,"neow_bonus":"THREE_RARE_CARDS","is_daily":false,"chose_seed":false,"campfire_upgraded":10,"win_rate":0.0,"timestamp":1611362286,"path_taken":["M","?","?","?","?","E","R","?","T","?","E","?","E","?","R","BOSS","M","?","?","?","?","R","$","?","T","R","E","R","E","?","R","BOSS","M","?","$","?","?","R","E","R","T","E","?","E","?","?","R","BOSS","BOSS","M","M","?","$","R","M","R","$","?","BOSS"],"items_purchased_type":["Relic","Relic","Potion","Card","Relic","Relic","Relic","Relic","Potion","Card","Card","Card","Card"],"build_version":"2020-12-22","purchased_purges":6,"victory":true,"max_hp_per_floor":[76,83,83,83,83,87,87,101,101,106,112,112,122,122,122,130,130,130,130,130,130,130,130,130,139,139,139,149,149,160,160,160,172,172,185,185,185,185,199,199,214,214,214,230,230,247,265,284,284,284,298,339,339,339,361,361,384,384,486,486,486],"card_choices":[{"not_picked":["BatForm","BloodRain"],"picked":"TransientEternity","floor":0},{"not_picked":["VampirishNight","UnstableMagic"],"picked":"UnderTheZenith","floor":1},{"not_picked":["Maim","VampireKiss","BloodyHallows","StarOfDavid"],"picked":"BloodySeventeenLaser","floor":6},{"not_picked":["ScarletDream","UnstableMagic","ForbiddenFruit","VampireKiss"],"picked":"ScarletDevil","floor":8},{"not_picked":["Stigmanizer","LeisurelyOfLord","DiffusionOfMisfortune","UnstableMagic"],"picked":"BlasphemousPunishment","floor":11},{"not_picked":["LeisurelyOfLord","RedNightlessCastle","FavorOfDestiny","ChainGang"],"picked":"ScarletMeister","floor":13},{"not_picked":["BloodySeventeenLaser","CurseOfVladTepes","ScarletMeister","KillingBlow"],"picked":"QueenOfMidnight","floor":16},{"not_picked":["BombardNight","Stigmanizer","NightLord","NightDance","GlobalNightmare"],"picked":"SKIP","floor":18},{"not_picked":["FavorOfDestiny","BombardNight","ForbiddenFruit","NightDance"],"picked":"BlasphemousPunishment","floor":25},{"not_picked":["QueenOfMidnight","VampireClaw","NightDance","AfternoonTea+1"],"picked":"UnstableMagic","floor":28},{"not_picked":["UltimateOffering","DevilSight+1","FavorOfDestiny","VampireKiss"],"picked":"EternalNight","floor":30},{"not_picked":["ForecastOfChange","HeartBreak","DemonKingCradle","ScarletMeister"],"picked":"BatForm","floor":33},{"not_picked":["Septette","BlasphemousPunishment","VampireKiss","NightLord+1"],"picked":"DiffusionOfMisfortune","floor":35},{"not_picked":["StarOfDavid+1","VampireSweep","BloodyTrap+1","ForbiddenFruit"],"picked":"MastersStateliness","floor":39},{"not_picked":["RedRainbow","RedNightlessCastle","FavorOfDestiny","GlobalNightmare"],"picked":"UnstableMagic+1","floor":41},{"not_picked":["HellCatastrophe","EndlessAdversity+1","BloodAndWine+1","DiffusionOfMisfortune"],"picked":"BlasphemousPunishment","floor":44},{"not_picked":["EndlessAdversity","RedNightlessCastle","ScarletImprint","ScarletDevil"],"picked":"CeilingFear","floor":46},{"not_picked":["ChainGang+1","RedRainbow+1","ScarletDream","StarOfDavid"],"picked":"BlasphemousPunishment","floor":47},{"not_picked":["HeartBreak","BombardNight","RedRainbow","Maim"],"picked":"ScarletImprint","floor":48},{"not_picked":["StarOfDavid+1","ReincarnationDial","CharismaGuard+1","NightDance+1"],"picked":"BlasphemousPunishment+1","floor":52},{"not_picked":["ScarletImprint","NightDance","UnstableMagic+1","ScarletSymphony"],"picked":"MastersStateliness+1","floor":52},{"not_picked":["HeartBreak","ScarletImprint","LeisurelyOfLord","BloodyMagicSquare+1","Stigmanizer"],"picked":"SKIP","floor":52},{"not_picked":["ScarletImprint+1","BadLadyScramble","ChainGang+1","BlasphemousPunishment","VampireFantasy"],"picked":"SKIP","floor":52},{"not_picked":["ScarletNetherworld","BloodyMagicSquare","MiserableFate+1","BlasphemousPunishment","NightDance+1"],"picked":"SKIP","floor":53},{"not_picked":["EndlessAdversity","VampireClaw","UnderTheZenith","CharismaGuard","ForbiddenFruit"],"picked":"SKIP","floor":57}],"player_experience":580181,"relics_obtained":[{"floor":1,"key":"SynthV:TestCard"},{"floor":1,"key":"Baka"},{"floor":6,"key":"testmod-EqualTreatment"},{"floor":6,"key":"Regal Pillow"},{"floor":9,"key":"SSSystem"},{"floor":11,"key":"Bottled Lightning"},{"floor":13,"key":"GodSword5"},{"floor":25,"key":"Girya"},{"floor":26,"key":"testmod-OneHitWonder"},{"floor":28,"key":"Akabeko"},{"floor":30,"key":"MealTicket"},{"floor":41,"key":"Bag of Marbles"},{"floor":43,"key":"REME_ArchaeologicalTools"},{"floor":44,"key":"Happy Flower"},{"floor":46,"key":"Mummified Hand"},{"floor":46,"key":"Baka2"},{"floor":52,"key":"paleoftheancients:SoulOfTheIroncluck"}],"event_choices":[{"damage_healed":0,"gold_gain":0,"player_choice":"Success","damage_taken":5,"relics_obtained":["Strawberry"],"max_hp_gain":0,"max_hp_loss":0,"event_name":"Scrap Ooze","floor":2,"gold_loss":0},{"damage_healed":0,"gold_gain":75,"player_choice":"Gather Gold","damage_taken":11,"max_hp_gain":0,"max_hp_loss":0,"event_name":"World of Goop","floor":3,"gold_loss":0},{"damage_healed":0,"gold_gain":0,"player_choice":"Upgraded","damage_taken":0,"max_hp_gain":0,"max_hp_loss":0,"event_name":"Upgrade Shrine","floor":5,"gold_loss":0,"cards_upgraded":["MostiFishMod:DustFall"]},{"damage_healed":0,"gold_gain":0,"player_choice":"Donut","damage_taken":0,"max_hp_gain":5,"max_hp_loss":0,"event_name":"Big Fish","floor":10,"gold_loss":0},{"damage_healed":0,"gold_gain":0,"player_choice":"Swap Relic","damage_taken":0,"relics_obtained":["Empty Cage"],"max_hp_gain":0,"max_hp_loss":0,"event_name":"给自己的盒子","floor":12,"relics_lost":["Empty Cage"],"gold_loss":0},{"cards_removed":["Defend_RM"],"damage_healed":0,"gold_gain":0,"player_choice":"Elegance","damage_taken":0,"max_hp_gain":0,"max_hp_loss":0,"event_name":"Back to Basics","floor":20,"gold_loss":0},{"damage_healed":0,"gold_gain":0,"player_choice":"Obtained Book","damage_taken":21,"max_hp_gain":0,"max_hp_loss":0,"event_name":"Cursed Tome","floor":21,"gold_loss":0},{"damage_healed":0,"gold_gain":0,"player_choice":"Obtained Relic","damage_taken":0,"relics_obtained":["GodSword1"],"max_hp_gain":0,"max_hp_loss":0,"event_name":"Addict","floor":31,"gold_loss":85},{"damage_healed":0,"gold_gain":400,"player_choice":"Sell","damage_taken":0,"max_hp_gain":0,"max_hp_loss":0,"event_name":"恩洛斯的盘子","floor":36,"relics_lost":["testmod-TestBox"],"gold_loss":0},{"damage_healed":0,"gold_gain":0,"player_choice":"Upgraded","damage_taken":0,"max_hp_gain":0,"max_hp_loss":0,"event_name":"Upgrade Shrine","floor":38,"gold_loss":0,"cards_upgraded":["BatForm"]},{"cards_removed":["DiffusionOfMisfortune"],"damage_healed":0,"gold_gain":0,"player_choice":"Upgrade and Remove","damage_taken":0,"max_hp_gain":0,"max_hp_loss":0,"event_name":"Designer","floor":45,"gold_loss":110,"cards_upgraded":["UnstableMagic"]},{"cards_removed":["BlasphemousPunishment"],"damage_healed":0,"gold_gain":0,"player_choice":"Purged","damage_taken":0,"max_hp_gain":0,"max_hp_loss":0,"event_name":"Purifier","floor":54,"gold_loss":0}],"is_beta":false,"boss_relics":[{"not_picked":["Busted Crown","Fusion Hammer"],"picked":"FeatherPendant"},{"not_picked":["SlaversCollar","HaiYi:Twilight"],"picked":"testmod-Fanaticism"}],"items_purged_floors":[14,19,24,37,55,59],"is_endless":false,"potions_floor_spawned":[1,6,13,16,18,28,39,46,57],"ascension_level":20}}