{"host":"zk6vb2npgw3pu6j2","time":1611366999,"event":{"mods":["Act Like it!","Aspiration","Bard","BaseMod","Beaked The Cultist","Bestiary","Better Note","Better Sensory Stone","CapriCore","Conspire","Downfall","Friendly Minions","Gensokyo","GifTheSpireLib","Hallownest","Hermit","Hubris","Koishi","Marisa????????","Marked Mod","Minty Spire (QoL Compilation)","Quarter Circle Forward PUNCH!","Reimu??????","Replay The Spire","Retaliation","StSLib","The Administrix","The Alterego","The Blue Laboratory","The Bug Knight","The Construct","The Exalted","The Hierophant","The Immortal","The Marked","The Runesmith","The Senshi","The Servant 0.9.4","The Wild Card","TheVacant","Wandering Minibosses","yUi"],"gold_per_floor":[110,56,73,83,33,33,65,114,114,149,149,159,159,193,193,291,291,302,312,312,312,325,325,325],"floor_reached":23,"language":"ENG","playtime":1013,"items_purged":[],"score":203,"play_id":"2ccdb031-f061-47f0-ae20-928166edb6da","local_time":"20210122205639","is_ascension_mode":false,"campfire_choices":[{"data":"theMarked:Defy","floor":6,"key":"SMITH"},{"floor":13,"key":"REST"},{"floor":15,"key":"REST"}],"circlet_count":0,"master_deck":["theMarked:Strike","theMarked:Strike","theMarked:Strike","theMarked:Strike","theMarked:Strike","theMarked:Defend","theMarked:Defend","theMarked:Defend","theMarked:Defend","theMarked:SoldierOfQuellstein","theMarked:ElementalBlade","theMarked:EmpowerWeapon","theMarked:HeightenedSenses","theMarked:Defy+1","conspire:SpireCoStock","theMarked:BanishingStrike","theMarked:Indomitable","theMarked:ResourceFulStrike+1","theMarked:ChainLightning+1","theMarked:GodGivenPower","theMarked:TakeOffHeels","theMarked:ParalyzingBlade","theMarked:WastefulDefense","theMarked:SelfDefenseTraining+1"],"relics":["theMarked:ArtifactOfAir","Molten Egg 2","Shuriken","Replay:Mystery Machine","construct:WeddingRing","hubris:Icosahedron"],"acts_visited":["Gensokyo:Gensokyo","Gensokyo:Gensokyoer"],"potions_floor_usage":[],"damage_taken":[{"damage":1,"enemies":"Gensokyo:Python","floor":1,"turns":4},{"damage":3,"enemies":"Gensokyo:2_Kodama","floor":3,"turns":2},{"damage":7,"enemies":"Gensokyo:Gryphon","floor":4,"turns":3},{"damage":14,"enemies":"Gensokyo:CorruptedTreant","floor":7,"turns":4},{"damage":31,"enemies":"Gensokyo:Cirno","floor":8,"turns":6},{"damage":13,"enemies":"Gensokyo:Aya","floor":10,"turns":3},{"damage":1,"enemies":"Gensokyo:2_Rabbits","floor":12,"turns":3},{"damage":0,"enemies":"Gensokyo:LivingMonolith","floor":14,"turns":3},{"damage":36,"enemies":"Gensokyo:Yukari","floor":16,"turns":9},{"damage":36,"enemies":"Gensokyo:CosmicMonolith","floor":18,"turns":5},{"damage":31,"enemies":"Gensokyo:3_Dogs","floor":19,"turns":4},{"damage":0,"enemies":"Gensokyo:3_Gloops","floor":22,"turns":2},{"damage":17,"enemies":"Gensokyo:Reisen","floor":23,"turns":7}],"seed_played":"3057115206558170764","potions_obtained":[{"floor":4,"key":"blueLaboratory:TrueEctoplasm"},{"floor":10,"key":"sneckomod:MuddlingPotion"},{"floor":12,"key":"blueLaboratory:BottleOfVodka"}],"is_trial":false,"path_per_floor":["M","$","M","M","?","R","M","E","T","E","?","M","R","M","R","B",null,"M","M","?","?","M","E"],"character_chosen":"THE_DEFAULT","items_purchased":["theMarked:EmpowerWeapon"],"campfire_rested":2,"item_purchase_floors":[2],"current_hp_per_floor":[76,76,73,66,66,66,52,21,21,8,16,15,38,38,61,25,77,41,10,10,10,10,0,0],"gold":325,"neow_bonus":"TEN_PERCENT_HP_BONUS","is_daily":false,"chose_seed":false,"campfire_upgraded":1,"win_rate":0.0,"timestamp":1611366999,"path_taken":["M","?","M","M","?","R","M","E","T","E","?","M","R","?","R","BOSS","M","M","?","?","?","E"],"items_purchased_type":["Card"],"build_version":"2020-12-22","purchased_purges":0,"victory":false,"max_hp_per_floor":[77,77,77,77,77,77,77,77,77,77,77,77,77,77,77,77,77,77,77,77,77,77,77,77],"card_choices":[{"not_picked":["theMarked:Parkour","theMarked:ElectricStrings"],"picked":"theMarked:ElementalBlade","floor":1},{"not_picked":["theMarked:ResourceFulStrike","theMarked:Generate"],"picked":"theMarked:HeightenedSenses","floor":3},{"not_picked":["theMarked:Aftermath","theMarked:Frustration"],"picked":"theMarked:Defy","floor":4},{"not_picked":["theMarked:WastefulDefense","theMarked:ContemptForTheProud"],"picked":"theMarked:BanishingStrike","floor":7},{"not_picked":["theMarked:WastefulDefense","theMarked:DeterminationOfTheMarked"],"picked":"theMarked:Indomitable","floor":8},{"not_picked":["theMarked:TwofoldDefense","theMarked:Static"],"picked":"theMarked:ResourceFulStrike+1","floor":10},{"not_picked":["theMarked:SwordAndMagic+1","theMarked:Aftermath"],"picked":"theMarked:ChainLightning+1","floor":12},{"not_picked":["theMarked:TakeOffHeels","theMarked:EmpowerWeapon"],"picked":"theMarked:GodGivenPower","floor":14},{"not_picked":["theMarked:MuscleMemory+1","theMarked:SuspiciousRaven"],"picked":"theMarked:TakeOffHeels","floor":16},{"not_picked":["theMarked:EmpowerWeapon","theMarked:Improvise+1"],"picked":"theMarked:ParalyzingBlade","floor":18},{"not_picked":["theMarked:WardOff","theMarked:BanishingStrike+1"],"picked":"theMarked:WastefulDefense","floor":19},{"not_picked":["theMarked:BanishingStrike+1","theMarked:Frustration+1"],"picked":"theMarked:SelfDefenseTraining+1","floor":22}],"player_experience":263033,"relics_obtained":[{"floor":8,"key":"Molten Egg 2"},{"floor":9,"key":"Shuriken"},{"floor":10,"key":"Replay:Mystery Machine"}],"event_choices":[{"damage_healed":0,"gold_gain":0,"player_choice":"Invest 1","damage_taken":0,"max_hp_gain":0,"max_hp_loss":0,"event_name":"conspire:Investor","floor":5,"gold_loss":0}],"is_beta":false,"boss_relics":[{"not_picked":["Kintsugi","Abe\u0027s Treasure"],"picked":"construct:WeddingRing"}],"items_purged_floors":[],"is_endless":false,"potions_floor_spawned":[4,10,12,14],"killed_by":"Gensokyo:Reisen","ascension_level":0}}