{"host":"Baz","time":1611416145,"event":{"mods":["BaseMod","Colored Map","Filter the Spire","Googly Eyes","Highlight Path","Minty Spire (QoL Compilation)","Quick Restart","Rare Cards Sparkle","Relic Stats","StSLib"],"gold_per_floor":[119,133,148,148,148,148,161,194,194,221,221,235,254,280,280,354,354,354,279,279,279,279,279,194,194,194,194,194,194,94,94,94,94,94,94,19,19,19,19,19,19,19,19,19,19,19,19,19,19,19,19],"floor_reached":50,"language":"ENG","playtime":3546,"items_purged":["Strike_G","Strike_G"],"score":1378,"play_id":"69aeec5d-09d8-4f52-885a-1508ac7a8854","local_time":"20210123093545","is_ascension_mode":true,"campfire_choices":[{"data":"Terror","floor":6.0,"key":"SMITH"},{"data":"Footwork","floor":11.0,"key":"SMITH"},{"data":"After Image","floor":15.0,"key":"SMITH"},{"data":"A Thousand Cuts","floor":27.0,"key":"SMITH"},{"data":"Tools of the Trade","floor":32.0,"key":"SMITH"},{"data":"Storm of Steel","floor":44.0,"key":"SMITH"},{"floor":49,"key":"RECALL"}],"circlet_count":0,"master_deck":["AscendersBane","Defend_G","Defend_G","Defend_G","Survivor","Neutralize+1","Choke","Terror+1","Blade Dance","Endless Agony","After Image+1","Footwork+1","Dagger Spray","Dodge and Roll","Blade Dance","A Thousand Cuts+1","Endless Agony+1","Dagger Throw+1","Blur+1","Backstab","PiercingWail","Footwork+1","Tools of the Trade+1","Storm of Steel+1","Catalyst+1","Dagger Spray+1","All Out Attack+1","Cloak And Dagger+1","Calculated Gamble","Outmaneuver","Deflect+1","Backflip"],"relics":["Ring of the Snake","Whetstone","MealTicket","Matryoshka","Pen Nib","Strawberry","Bag of Preparation","Vajra","Ectoplasm","Peace Pipe","Nunchaku","Bag of Marbles","Snake Skull","Bottled Lightning","Astrolabe","The Courier","InkBottle","Art of War","Bird Faced Urn","Potion Belt"],"acts_visited":["Exordium","TheCity","TheBeyond"],"potions_floor_usage":[50,50],"damage_taken":[{"damage":1.0,"enemies":"2 Louse","floor":1.0,"turns":3.0},{"damage":0.0,"enemies":"Cultist","floor":2.0,"turns":3.0},{"damage":2.0,"enemies":"Jaw Worm","floor":3.0,"turns":4.0},{"damage":2.0,"enemies":"Large Slime","floor":7.0,"turns":4.0},{"damage":2.0,"enemies":"Lagavulin","floor":8.0,"turns":6.0},{"damage":0.0,"enemies":"Gremlin Nob","floor":10.0,"turns":2.0},{"damage":0.0,"enemies":"Red Slaver","floor":12.0,"turns":1.0},{"damage":0.0,"enemies":"3 Louse","floor":13.0,"turns":2.0},{"damage":4.0,"enemies":"3 Sentries","floor":14.0,"turns":6.0},{"damage":0.0,"enemies":"Hexaghost","floor":16.0,"turns":9.0},{"damage":0.0,"enemies":"Chosen","floor":18.0,"turns":3.0},{"damage":0.0,"enemies":"3 Byrds","floor":20.0,"turns":3.0},{"damage":0.0,"enemies":"3 Cultists","floor":22.0,"turns":4.0},{"damage":9.0,"enemies":"Gremlin Leader","floor":23.0,"turns":5.0},{"damage":3.0,"enemies":"Slavers","floor":25.0,"turns":6.0},{"damage":0.0,"enemies":"Centurion and Healer","floor":28.0,"turns":2.0},{"damage":0.0,"enemies":"Snake Plant","floor":29.0,"turns":3.0},{"damage":3.0,"enemies":"Gremlin Leader","floor":31.0,"turns":3.0},{"damage":5.0,"enemies":"Collector","floor":33.0,"turns":9.0},{"damage":1.0,"enemies":"3 Shapes","floor":35.0,"turns":5.0},{"damage":0.0,"enemies":"Orb Walker","floor":37.0,"turns":2.0},{"damage":0.0,"enemies":"3 Darklings","floor":39.0,"turns":3.0},{"damage":1.0,"enemies":"Nemesis","floor":40.0,"turns":5.0},{"damage":10.0,"enemies":"Jaw Worm Horde","floor":41.0,"turns":4.0},{"damage":14.0,"enemies":"Giant Head","floor":42.0,"turns":6.0},{"damage":0.0,"enemies":"Transient","floor":45.0,"turns":6.0},{"damage":0.0,"enemies":"Mind Bloom Boss Battle","floor":46.0,"turns":8.0},{"damage":2.0,"enemies":"Nemesis","floor":47.0,"turns":4.0},{"damage":1.0,"enemies":"Writhing Mass","floor":48.0,"turns":8.0},{"damage":77,"enemies":"Time Eater","floor":50,"turns":15}],"seed_played":"4753685354235985050","potions_obtained":[{"floor":2.0,"key":"Energy Potion"},{"floor":7.0,"key":"Poison Potion"},{"floor":13.0,"key":"Energy Potion"},{"floor":18.0,"key":"Swift Potion"},{"floor":20.0,"key":"AttackPotion"},{"floor":22.0,"key":"Fire Potion"},{"floor":41.0,"key":"Block Potion"},{"floor":47.0,"key":"AttackPotion"},{"floor":48.0,"key":"BlessingOfTheForge"}],"is_trial":false,"path_per_floor":["M","M","M","?","?","R","M","E","T","E","R","M","M","E","R","B",null,"M","$","M","?","M","E","?","E","T","R","M","M","$","E","R","B",null,"M","?","M","$","M","E","M","E","T","R","M","?","E","M","R","B"],"character_chosen":"THE_SILENT","items_purchased":[],"campfire_rested":0,"item_purchase_floors":[],"current_hp_per_floor":[58,58,56,38,38,38,36,34,41,41,41,41,41,37,37,37,64,64,73,73,73,73,64,64,61,61,61,61,61,73,70,70,65,71,70,70,70,73,73,72,62,48,48,48,48,48,56,63,63,0,0],"gold":19,"neow_bonus":"RANDOM_COMMON_RELIC","is_daily":false,"chose_seed":false,"campfire_upgraded":6,"win_rate":0.0,"timestamp":1611416145,"path_taken":["M","M","M","?","?","R","M","E","T","E","R","M","M","E","R","BOSS","M","$","M","?","?","E","?","E","T","R","M","M","$","E","R","BOSS","M","?","?","?","M","E","M","E","T","R","M","?","E","M","R","BOSS"],"items_purchased_type":[],"build_version":"2020-12-18","purchased_purges":2,"victory":false,"max_hp_per_floor":[66,66,66,66,66,66,66,66,73,73,73,73,73,73,73,73,73,73,73,73,73,73,73,73,73,73,73,73,73,73,73,73,73,73,73,73,73,73,73,73,73,73,73,73,73,73,73,73,73,73,73],"relic_stats":{"counters":[30,144],"Astrolabe":["Catalyst","Dagger Spray","All Out Attack"],"Pen Nib":[41],"Snake Skull":[0],"Bag of Preparation":[50],"Whetstone":["Neutralize","Strike_G"],"Peace Pipe":0,"Nunchaku":[29],"Bird Faced Urn":[28],"MealTicket":24,"Ectoplasm":498,"Art of War":[6],"obtain_stats":[{"Potion Belt":47,"Astrolabe":34,"Vajra":14,"Pen Nib":9,"Snake Skull":26,"The Courier":40,"Bag of Preparation":10,"Whetstone":0,"Peace Pipe":23,"Nunchaku":24,"Matryoshka":8,"Strawberry":9,"Bird Faced Urn":46,"MealTicket":4,"Ectoplasm":17,"Bag of Marbles":25,"Art of War":43,"Bottled Lightning":31,"InkBottle":42,"Ring of the Snake":0},{"Potion Belt":28,"Astrolabe":19,"Vajra":9,"Pen Nib":5,"Snake Skull":15,"The Courier":23,"Bag of Preparation":6,"Whetstone":0,"Peace Pipe":14,"Nunchaku":14,"Matryoshka":5,"Strawberry":5,"Bird Faced Urn":27,"MealTicket":3,"Ectoplasm":10,"Bag of Marbles":15,"Art of War":25,"Bottled Lightning":18,"InkBottle":25,"Ring of the Snake":0},{"Potion Belt":121,"Astrolabe":78,"Vajra":31,"Pen Nib":20,"Snake Skull":61,"The Courier":93,"Bag of Preparation":22,"Whetstone":0,"Peace Pipe":55,"Nunchaku":55,"Matryoshka":20,"Strawberry":20,"Bird Faced Urn":117,"MealTicket":10,"Ectoplasm":40,"Bag of Marbles":61,"Art of War":103,"Bottled Lightning":69,"InkBottle":103,"Ring of the Snake":0}],"InkBottle":[27],"Ring of the Snake":[65]},"card_choices":[{"not_picked":["Acrobatics","Concentrate"],"picked":"Choke","floor":1.0},{"not_picked":["Leg Sweep","Reflex"],"picked":"Terror","floor":2.0},{"not_picked":["Deadly Poison","Bane"],"picked":"Blade Dance","floor":3.0},{"not_picked":["Deadly Poison","Deflect"],"picked":"Endless Agony","floor":7.0},{"not_picked":["Burst","PiercingWail"],"picked":"After Image","floor":8.0},{"not_picked":["Calculated Gamble","Tactician"],"picked":"Footwork","floor":10.0},{"not_picked":["Backflip","Prepared"],"picked":"Dagger Spray","floor":12.0},{"not_picked":["Underhanded Strike","Choke"],"picked":"Dodge and Roll","floor":13.0},{"not_picked":["Reflex","Tools of the Trade"],"picked":"Blade Dance","floor":14.0},{"not_picked":["Grand Finale","Glass Knife"],"picked":"A Thousand Cuts","floor":16.0},{"not_picked":["Crippling Poison","Dagger Throw"],"picked":"Endless Agony+1","floor":18.0},{"not_picked":["Quick Slash","Deadly Poison","Flying Knee"],"picked":"SKIP","floor":20.0},{"not_picked":["Poisoned Stab","Deflect"],"picked":"Dagger Throw+1","floor":22.0},{"not_picked":["Prepared","Backstab"],"picked":"Blur+1","floor":23.0},{"not_picked":["Cloak And Dagger","Deadly Poison"],"picked":"Backstab","floor":25.0},{"not_picked":["Endless Agony","Backflip"],"picked":"PiercingWail","floor":28.0},{"not_picked":["Caltrops","Venomology"],"picked":"Footwork+1","floor":29.0},{"not_picked":["Sucker Punch","Backflip"],"picked":"Tools of the Trade","floor":31.0},{"not_picked":["Doppelganger","Bullet Time"],"picked":"Storm of Steel","floor":33.0},{"not_picked":["Prepared+1","Dodge and Roll"],"picked":"Cloak And Dagger+1","floor":35.0},{"not_picked":["Bane","Dodge and Roll"],"picked":"Deflect+1","floor":37.0},{"not_picked":["Eviscerate","Infinite Blades","Endless Agony"],"picked":"SKIP","floor":39.0},{"not_picked":["Calculated Gamble","Die Die Die","Skewer"],"picked":"SKIP","floor":40.0},{"not_picked":["Poisoned Stab+1","Outmaneuver+1","Calculated Gamble"],"picked":"SKIP","floor":41.0},{"not_picked":["Cloak And Dagger","Setup","Deadly Poison"],"picked":"SKIP","floor":42.0},{"not_picked":["Flechettes","Cloak And Dagger","Riddle With Holes"],"picked":"SKIP","floor":45.0},{"not_picked":["Deflect+1","Poisoned Stab"],"picked":"Backflip","floor":46.0},{"not_picked":["Backflip+1","Infinite Blades","Sucker Punch"],"picked":"SKIP","floor":47.0},{"not_picked":["Catalyst","Riddle With Holes","Setup"],"picked":"SKIP","floor":48.0}],"player_experience":1291767,"relics_obtained":[{"floor":8.0,"key":"Matryoshka"},{"floor":9.0,"key":"Pen Nib"},{"floor":9.0,"key":"Strawberry"},{"floor":10.0,"key":"Bag of Preparation"},{"floor":14.0,"key":"Vajra"},{"floor":23.0,"key":"Peace Pipe"},{"floor":25.0,"key":"Bag of Marbles"},{"floor":26.0,"key":"Snake Skull"},{"floor":31.0,"key":"Bottled Lightning"},{"floor":40.0,"key":"The Courier"},{"floor":42.0,"key":"InkBottle"},{"floor":43.0,"key":"Art of War"},{"floor":46.0,"key":"Bird Faced Urn"},{"floor":47.0,"key":"Potion Belt"}],"event_choices":[{"damage_healed":0.0,"max_hp_gain":0.0,"max_hp_loss":0.0,"gold_gain":0.0,"event_name":"Scrap Ooze","player_choice":"Success","floor":4.0,"gold_loss":0.0,"damage_taken":18.0,"relics_obtained":["MealTicket"]},{"damage_healed":0.0,"max_hp_gain":0.0,"max_hp_loss":0.0,"gold_gain":0.0,"event_name":"Shining Light","player_choice":"Ignored","floor":5.0,"gold_loss":0.0,"damage_taken":0.0},{"damage_healed":0.0,"max_hp_gain":0.0,"max_hp_loss":0.0,"gold_gain":0.0,"event_name":"FaceTrader","player_choice":"Leave","floor":21.0,"gold_loss":0.0,"damage_taken":0.0},{"damage_healed":0.0,"max_hp_gain":0.0,"max_hp_loss":0.0,"gold_gain":0.0,"event_name":"Addict","player_choice":"Obtained Relic","floor":24.0,"gold_loss":85.0,"damage_taken":0.0,"relics_obtained":["Nunchaku"]},{"damage_healed":0.0,"max_hp_gain":0.0,"max_hp_loss":0.0,"gold_gain":0.0,"cards_transformed":["Strike_G","Defend_G"],"event_name":"Designer","player_choice":"Transformed Cards","floor":36.0,"gold_loss":75.0,"damage_taken":0.0,"cards_obtained":["Calculated Gamble","Outmaneuver"]},{"damage_healed":0.0,"max_hp_gain":0.0,"max_hp_loss":0.0,"gold_gain":0.0,"event_name":"MindBloom","player_choice":"Fight","floor":46.0,"gold_loss":0.0,"damage_taken":0.0}],"is_beta":true,"boss_relics":[{"not_picked":["Cursed Key","Snecko Eye"],"picked":"Ectoplasm"},{"not_picked":["Pandora\u0027s Box","Fusion Hammer"],"picked":"Astrolabe"}],"items_purged_floors":[19,30],"is_endless":false,"potions_floor_spawned":[2,7,13,16,18,20,22,33,37,39,41,47,48],"killed_by":"Time Eater","ascension_level":20}}