{"host":"vumwfieg2b2mnrfl","time":1611364889,"event":{"mods":["AchievementEnabler","BaseMod","Minty Spire (QoL Compilation)","Rare Cards Sparkle","Relic Stats"],"gold_per_floor":[218,68,80,80,94,94,119,119,119,132,58,58,74,99,99,197,197,208,225,0,15,25,59,59,74,74,92,117,117,134,150,150,252,252,265,193,193,193,118,118,118],"floor_reached":40,"language":"ENG","playtime":1399,"items_purged":["Defend_P","Strike_P","Indignation","Defend_P"],"score":634,"play_id":"e4653f11-3343-4b0e-9212-a4d8f14860bf","local_time":"20210122192129","is_ascension_mode":true,"campfire_choices":[{"data":"FollowUp","floor":6,"key":"SMITH"},{"floor":12,"key":"REST"},{"data":"TalkToTheHand","floor":15,"key":"SMITH"},{"data":"MentalFortress","floor":29,"key":"SMITH"},{"data":"TalkToTheHand","floor":32,"key":"SMITH"}],"circlet_count":0,"master_deck":["Strike_P","Strike_P","Strike_P","Defend_P","Defend_P+1","Eruption+1","Vigilance","FlyingSleeves","FollowUp+1","CutThroughFate","Judgement","EmptyFist","WheelKick","Meditate","TalkToTheHand+1","ConjureBlade+1","Vengeance","EmptyBody+1","Wallop","TalkToTheHand+1","Consecrate","FlurryOfBlows","TalkToTheHand+1","MentalFortress+1","Halt","Sanctity+1","DeusExMachina","LessonLearned","Evaluate","Master of Strategy"],"relics":["PureWater","Membership Card","CaptainsWheel","Meat on the Bone","Letter Opener","The Courier","Prayer Wheel","TeardropLocket","Sundial","Bottled Tornado","VioletLotus"],"acts_visited":["Exordium","TheCity","TheBeyond"],"potions_floor_usage":[7,19,21,23,25,30,31,40],"damage_taken":[{"damage":2,"enemies":"Jaw Worm","floor":1,"turns":3},{"damage":3,"enemies":"2 Louse","floor":3,"turns":2},{"damage":0,"enemies":"Cultist","floor":5,"turns":2},{"damage":0,"enemies":"Gremlin Nob","floor":7,"turns":2},{"damage":23,"enemies":"Gremlin Gang","floor":10,"turns":3},{"damage":0,"enemies":"Blue Slaver","floor":13,"turns":1},{"damage":0,"enemies":"Lagavulin","floor":14,"turns":4},{"damage":19,"enemies":"The Guardian","floor":16,"turns":7},{"damage":11,"enemies":"Shell Parasite","floor":18,"turns":3},{"damage":0,"enemies":"Chosen","floor":19,"turns":3},{"damage":8,"enemies":"Snake Plant","floor":21,"turns":4},{"damage":0,"enemies":"Cultist and Chosen","floor":22,"turns":4},{"damage":9,"enemies":"Book of Stabbing","floor":23,"turns":5},{"damage":9,"enemies":"Centurion and Healer","floor":25,"turns":4},{"damage":3,"enemies":"Shelled Parasite and Fungi","floor":27,"turns":4},{"damage":23,"enemies":"Gremlin Leader","floor":28,"turns":5},{"damage":2,"enemies":"Snake Plant","floor":30,"turns":3},{"damage":5,"enemies":"Centurion and Healer","floor":31,"turns":5},{"damage":36,"enemies":"Collector","floor":33,"turns":11},{"damage":21,"enemies":"3 Shapes","floor":35,"turns":5},{"damage":39,"enemies":"Giant Head","floor":40,"turns":7}],"seed_played":"-2790559763024377256","potions_obtained":[{"floor":1,"key":"FearPotion"},{"floor":5,"key":"SteroidPotion"},{"floor":10,"key":"Block Potion"},{"floor":14,"key":"Energy Potion"},{"floor":19,"key":"Fruit Juice"},{"floor":27,"key":"Energy Potion"},{"floor":28,"key":"GamblersBrew"},{"floor":31,"key":"Ancient Potion"},{"floor":33,"key":"Regen Potion"},{"floor":35,"key":"SkillPotion"}],"is_trial":false,"path_per_floor":["M","$","M","?","M","R","E","?","T","M","$","R","M","E","R","B",null,"M","M","$","M","M","E","?","M","T","M","E","R","M","M","R","B",null,"M","$","?","?","$","E"],"character_chosen":"WATCHER","items_purchased":["Membership Card","WheelKick","Indignation","Wallop","Prayer Wheel","Evaluate"],"campfire_rested":1,"item_purchase_floors":[2,11,20,20,20,36],"current_hp_per_floor":[63,63,60,46,46,46,46,39,39,28,28,49,49,49,49,42,65,54,54,54,51,51,42,42,45,45,42,31,31,41,48,48,24,64,43,43,38,38,38,0,0],"gold":118,"neow_bonus":"HUNDRED_GOLD","is_daily":false,"chose_seed":false,"campfire_upgraded":4,"win_rate":0.0,"timestamp":1611364889,"path_taken":["M","$","M","?","M","R","E","?","T","M","$","R","M","E","R","BOSS","M","M","$","M","M","E","?","?","T","M","E","R","?","M","R","BOSS","M","$","?","?","?","E"],"items_purchased_type":["Relic","Card","Card","Card","Relic","Card"],"build_version":"2020-12-22","purchased_purges":4,"victory":false,"max_hp_per_floor":[72,72,72,72,72,72,72,72,72,72,72,72,72,72,72,72,72,72,72,72,77,77,77,77,77,77,77,77,77,77,77,77,77,77,77,77,77,73,73,73,73],"relic_stats":{"counters":[21,87],"Sundial":[2],"Prayer Wheel":7,"VioletLotus":[4],"Letter Opener":[80],"obtain_stats":[{"CaptainsWheel":7,"Sundial":26,"Prayer Wheel":20,"The Courier":14,"VioletLotus":34,"Membership Card":2,"Letter Opener":9,"TeardropLocket":23,"PureWater":0,"Bottled Tornado":28,"Meat on the Bone":8},{"CaptainsWheel":4,"Sundial":14,"Prayer Wheel":10,"The Courier":7,"VioletLotus":19,"Membership Card":1,"Letter Opener":4,"TeardropLocket":13,"PureWater":0,"Bottled Tornado":16,"Meat on the Bone":4},{"CaptainsWheel":9,"Sundial":47,"Prayer Wheel":30,"The Courier":17,"VioletLotus":75,"Membership Card":3,"Letter Opener":9,"TeardropLocket":43,"PureWater":0,"Bottled Tornado":56,"Meat on the Bone":9}],"Meat on the Bone":84},"card_choices":[{"not_picked":["CrushJoints","WreathOfFlame"],"picked":"FlyingSleeves","floor":1},{"not_picked":["Wireheading","Halt"],"picked":"FollowUp","floor":3},{"not_picked":["WaveOfTheHand","CrushJoints"],"picked":"CutThroughFate","floor":5},{"not_picked":["ReachHeaven","CutThroughFate"],"picked":"Judgement","floor":7},{"not_picked":["CrushJoints","BowlingBash"],"picked":"EmptyFist","floor":10},{"not_picked":["Protect","FlyingSleeves"],"picked":"Meditate","floor":13},{"not_picked":["Protect","ClearTheMind"],"picked":"TalkToTheHand","floor":14},{"not_picked":["Wish","Devotion"],"picked":"ConjureBlade","floor":16},{"not_picked":["FlurryOfBlows","PathToVictory"],"picked":"Vengeance","floor":18},{"not_picked":["FollowUp","FlyingSleeves"],"picked":"EmptyBody+1","floor":19},{"not_picked":["FlurryOfBlows","Consecrate+1"],"picked":"TalkToTheHand","floor":21},{"not_picked":["SandsOfTime","Pray"],"picked":"Consecrate","floor":21},{"not_picked":["Wireheading+1","CrushJoints"],"picked":"FlurryOfBlows","floor":22},{"not_picked":["Weave+1","JustLucky","Prostrate"],"picked":"SKIP","floor":22},{"not_picked":["FlyingSleeves","JustLucky","CrushJoints"],"picked":"SKIP","floor":23},{"not_picked":["Conclude","Indignation"],"picked":"MentalFortress","floor":25},{"not_picked":["JustLucky","FlyingSleeves","ThirdEye+1"],"picked":"SKIP","floor":25},{"not_picked":["WheelKick","Indignation","CrushJoints"],"picked":"SKIP","floor":27},{"not_picked":["PathToVictory","FlurryOfBlows","Alpha"],"picked":"SKIP","floor":27},{"not_picked":["ThirdEye","PathToVictory"],"picked":"Halt","floor":28},{"not_picked":["ThirdEye","Crescendo+1"],"picked":"Sanctity+1","floor":30},{"not_picked":["Weave","CrushJoints"],"picked":"DeusExMachina","floor":30},{"not_picked":["CutThroughFate","SashWhip","Wireheading"],"picked":"SKIP","floor":31},{"not_picked":["WindmillStrike","PathToVictory+1","FlyingSleeves"],"picked":"SKIP","floor":31},{"not_picked":["DevaForm","Judgement"],"picked":"LessonLearned","floor":33},{"not_picked":["SignatureMove","Consecrate","Prostrate+1"],"picked":"SKIP","floor":35},{"not_picked":["EmptyBody+1","JustLucky+1","Consecrate+1"],"picked":"SKIP","floor":35},{"not_picked":["Mind Blast","Blind"],"picked":"Master of Strategy","floor":37}],"player_experience":451965,"relics_obtained":[{"floor":7,"key":"CaptainsWheel"},{"floor":9,"key":"Letter Opener"},{"floor":14,"key":"The Courier"},{"floor":23,"key":"TeardropLocket"},{"floor":26,"key":"Sundial"},{"floor":28,"key":"Bottled Tornado"}],"event_choices":[{"damage_healed":0,"gold_gain":0,"player_choice":"Entered Light","damage_taken":14,"max_hp_gain":0,"max_hp_loss":0,"event_name":"Shining Light","floor":4,"gold_loss":0,"cards_upgraded":["Eruption","Defend_P"]},{"damage_healed":0,"gold_gain":0,"player_choice":"Success","damage_taken":7,"relics_obtained":["Meat on the Bone"],"max_hp_gain":0,"max_hp_loss":0,"event_name":"Scrap Ooze","floor":8,"gold_loss":0},{"damage_healed":0,"gold_gain":0,"player_choice":"Copied","damage_taken":0,"max_hp_gain":0,"max_hp_loss":0,"event_name":"Duplicator","floor":24,"gold_loss":0,"cards_obtained":["TalkToTheHand"]},{"damage_healed":0,"gold_gain":0,"player_choice":"Memory 2","damage_taken":5,"max_hp_gain":0,"max_hp_loss":0,"event_name":"SensoryStone","floor":37,"gold_loss":0},{"damage_healed":0,"gold_gain":0,"player_choice":"Max HP","damage_taken":0,"max_hp_gain":0,"max_hp_loss":4,"event_name":"Winding Halls","floor":38,"gold_loss":0}],"is_beta":false,"boss_relics":[{"not_picked":["Ectoplasm","Coffee Dripper","Runic Pyramid"]},{"not_picked":["Tiny House","Busted Crown"],"picked":"VioletLotus"}],"items_purged_floors":[11,20,36,39],"is_endless":false,"potions_floor_spawned":[1,5,10,14,16,18,19,27,28,31,33,35],"killed_by":"Giant Head","ascension_level":6}}