{"host":"hfbeeaxchx6djfso","time":1611373663,"event":{"mods":["AchievementEnabler","Aspiration","BaseMod","Better Third Choice","Colored Map","Downfall","GungeonMod","Hermit","HololiveMod","Infinite Spire","Marisa????????","Minty Spire (QoL Compilation)","Rare Cards Sparkle","StSLib","The Cursed","The Servant 0.9.4","The Wild Card"],"gold_per_floor":[79,79,90,101,61,94,94,111,111,143,143,170,170,204,204,300,300,320,335,335,348,258,288,288,322,375,402,418,436,636,636,636,741,741,752,769,769,769,787,822,822,783,783,783,803,816,832,865,865,970,970,984,984,984,996,1001,1014,1014,1014,1037,1037,1047,1047,1047,1050,1050,1135,1135,1140,1140,1140,551,557,564,569,578,578,573,573],"floor_reached":78,"language":"ENG","playtime":4906,"items_purged":["Hololive_CallRoboco+1","Injury"],"score":2183,"play_id":"fffaeffd-b7fb-4eac-aa58-e7e364c7aa4a","local_time":"20210123004743","is_ascension_mode":true,"campfire_choices":[{"data":"Hololive_CallAkiRosenthal","floor":7.0,"key":"SMITH"},{"data":"1","floor":13.0,"key":"LIFT"},{"data":"2","floor":15.0,"key":"LIFT"},{"data":"3","floor":24.0,"key":"LIFT"},{"data":"Hololive_CallUruhaRushia","floor":32.0,"key":"SMITH"},{"data":"Hololive_CallHoshimachiSuisei","floor":41.0,"key":"SMITH"},{"data":"Hololive_SoulCatcher","floor":44.0,"key":"SMITH"},{"data":"Hololive_Yoholoon","floor":49,"key":"SMITH"},{"data":"Hololive_CallTokinoSora","floor":61,"key":"SMITH"},{"data":"Hololive_CallShiranuiFlare","floor":63,"key":"SMITH"},{"data":"Hololive_CallCivia","floor":66,"key":"SMITH"}],"circlet_count":0,"master_deck":["Hololive_Yoholoon+1","Hololive_CallAkiRosenthal+1","Hololive_CallHimemoriLuna+1","Hololive_CallYuzukiChoco","Hololive_CallMoonaHoshinova+1","Hololive_CallHoshimachiSuisei+1","Hololive_Breathe","Hololive_StrengthChampion","Hololive_OvertimeWork+1","Hololive_CocoNews","Hololive_CallNekomataOkayu","Hololive_Sequa","Hololive_CallShiranuiFlare+1","Hololive_CallManoAloe","Hololive_MaximGun","Hololive_CallCivia+1","Hololive_CallArtia+1","Hololive_CallShishiroBotan+1","Hololive_ILoveYou","Hololive_CallUruhaRushia+1","Hololive_CallOkamiMio","Hololive_CallDoris+1","Hololive_CallRoboco+1","Hololive_DevilCharm+1","Hololive_CallInugamiKorone+1","Hololive_CallYogiri+1","Hololive_CallOzoraSubaru+1","Hololive_HuntDinosaur+1","Hololive_SoulCatcher+1","Hololive_BringToTrial+1","Hololive_ScarfAndHalo","Hololive_OpenUp","Hololive_CallTokinoSora+1","Hololive_CallFriendA","Hololive_Psychosis","Hololive_CallRosalyn+1","Hololive_Thief","Hololive_BeCareful","Hololive_Drill","Hololive_CallTokoyamiTowa+1","Hololive_LuckPotion","Hololive_CallMinatoAqua+1","Hololive_CallKiryuuCoco+1","Hololive_Teleport"],"relics":["Hololive_TheStar","Ginger","Orichalcum","Girya","aspiration:DSix","DemoMod:JetPack","Hololive_ChaosS","Blood Vial","DemoMod:OrangeGuonStone","DemoMod:WeirdEgg","DemoMod:RingOfEthereal","Astrolabe","Pocketwatch","SacredBark","DemoMod:MemoryAlloy","DemoMod:DecoyRelic","infinitespire:PuzzleCube","Black Star","DemoMod:AgedBell","DemoMod:Metronome","Meat on the Bone","Frozen Egg 2","Pen Nib","Bag of Preparation","aspiration:StickyExplosives_weak","Bronze Scales","aspiration:Nostalgia","Burning Blood","infinitespire:Lychee Nut","DemoMod:MonsterBlood","aspiration:HatOfInfinitePower","DemoMod:GlassGuonStoneRelic","Centennial Puzzle","Pantograph","infinitespire:Magic Flask"],"acts_visited":["Exordium","TheCity","TheBeyond","Exordium","TheCity"],"potions_floor_usage":[],"damage_taken":[{"damage":0.0,"enemies":"2 Louse","floor":1.0,"turns":2.0},{"damage":0.0,"enemies":"Cultist","floor":3.0,"turns":3.0},{"damage":0.0,"enemies":"Small Slimes","floor":4.0,"turns":3.0},{"damage":0.0,"enemies":"Gremlin Nob","floor":6.0,"turns":3.0},{"damage":0.0,"enemies":"Blue Slaver","floor":8.0,"turns":3.0},{"damage":0.0,"enemies":"Lagavulin","floor":10.0,"turns":5.0},{"damage":0.0,"enemies":"3 Sentries","floor":12.0,"turns":4.0},{"damage":0.0,"enemies":"Lagavulin","floor":14.0,"turns":5.0},{"damage":0.0,"enemies":"The Guardian","floor":16.0,"turns":5.0},{"damage":0.0,"enemies":"Shell Parasite","floor":18.0,"turns":5.0},{"damage":0.0,"enemies":"3 Byrds","floor":19.0,"turns":2.0},{"damage":0.0,"enemies":"Snake Plant","floor":21.0,"turns":2.0},{"damage":0.0,"enemies":"Book of Stabbing","floor":23.0,"turns":3.0},{"damage":0.0,"enemies":"Nightmare","floor":25.0,"turns":4.0},{"damage":0.0,"enemies":"Slavers","floor":27.0,"turns":4.0},{"damage":0.0,"enemies":"3 Cultists","floor":28.0,"turns":2.0},{"damage":0.0,"enemies":"Shelled Parasite and Fungi","floor":29.0,"turns":4.0},{"damage":0.0,"enemies":"Automaton","floor":33.0,"turns":6.0},{"damage":0.0,"enemies":"3 Darklings","floor":35.0,"turns":3.0},{"damage":0.0,"enemies":"Orb Walker","floor":36.0,"turns":3.0},{"damage":0.0,"enemies":"Maw","floor":39.0,"turns":5.0},{"damage":0.0,"enemies":"Reptomancer","floor":40.0,"turns":3.0},{"damage":2.0,"enemies":"4 Shapes","floor":45.0,"turns":2.0},{"damage":0.0,"enemies":"Sphere and 2 Shapes","floor":46.0,"turns":4.0},{"damage":0.0,"enemies":"Transient","floor":47.0,"turns":5.0},{"damage":0.0,"enemies":"Nemesis","floor":48.0,"turns":5.0},{"damage":0,"enemies":"Time Eater","floor":50,"turns":5},{"damage":0,"enemies":"Cultist","floor":52,"turns":2},{"damage":0,"enemies":"2 Louse","floor":55,"turns":1},{"damage":1,"enemies":"Jaw Worm","floor":56,"turns":2},{"damage":0,"enemies":"3 Sentries","floor":57,"turns":3},{"damage":2,"enemies":"Looter","floor":62,"turns":2},{"damage":0,"enemies":"Red Slaver","floor":65,"turns":1},{"damage":0,"enemies":"Hexaghost","floor":67,"turns":3},{"damage":5,"enemies":"Chosen","floor":69,"turns":2},{"damage":0,"enemies":"Shell Parasite","floor":73,"turns":2},{"damage":0,"enemies":"Gremlin Leader","floor":74,"turns":4},{"damage":17,"enemies":"Snake Plant","floor":75,"turns":1},{"damage":0,"enemies":"Book of Stabbing","floor":76,"turns":3},{"damage":31,"enemies":"Shelled Parasite and Fungi","floor":78,"turns":1}],"seed_played":"-5166940535568722105","potions_obtained":[{"floor":5.0,"key":"DemoMod:LeadSkinPotion"},{"floor":5.0,"key":"hexamod:SoulburnPotion"},{"floor":5.0,"key":"GamblersBrew"},{"floor":6.0,"key":"Dexterity Potion"},{"floor":21.0,"key":"BlessingOfTheForge"}],"is_trial":false,"path_per_floor":["M","?","M","M","?","E","R","M","T","E","?","E","R","E","R","B",null,"M","M","?","M","?","E","R","NM","T","E","M","M","?","AVR","R","B",null,"M","M","?","?","M","E","R","$","T","R","M","M","M","E","R","B",null,"M","?","T","M","M","E","?","?","T","R","M","R","?","M","R","B",null,"M","?","T","$","M","E","M","E","T","M"],"character_chosen":"Hololive_HololiveCharacter","items_purchased":["Hololive_SoulCatcher","aspiration:Nostalgia","infinitespire:Lychee Nut","Hololive_CallTokoyamiTowa+1"],"campfire_rested":0,"item_purchase_floors":[42,72,72,72],"current_hp_per_floor":[32,26,26,26,26,26,26,26,26,26,26,26,26,26,26,26,31,31,31,31,31,31,31,31,32,32,32,32,32,32,32,32,32,32,32,32,32,32,32,32,32,32,32,32,30,32,32,32,32,32,32,32,26,26,28,29,31,31,31,31,31,30,30,7,21,21,23,30,27,27,27,24,24,31,31,31,31,0,0],"gold":573,"neow_bonus":"ONE_RARE_RELIC","is_daily":false,"chose_seed":false,"campfire_upgraded":8,"win_rate":0.0,"timestamp":1611373663,"path_taken":["M","?","M","M","?","E","R","?","T","E","?","E","R","E","R","BOSS","M","M","?","M","?","E","R","NM","T","E","M","?","?","AVR","R","BOSS","M","?","?","?","?","E","R","$","T","R","M","M","M","E","R","BOSS","M","?","?","?","M","E","?","?","T","R","M","R","?","M","R","BOSS","M","?","?","?","M","E","M","E","T","?"],"items_purchased_type":["Card","Relic","Relic","Card"],"build_version":"2020-12-22","purchased_purges":2,"victory":false,"max_hp_per_floor":[32,32,32,32,32,32,32,32,32,32,32,32,32,32,32,32,32,32,32,32,32,32,32,32,32,32,32,32,32,32,32,32,32,32,32,32,32,32,32,32,32,32,32,32,32,32,32,32,32,32,32,32,32,32,32,32,32,32,32,32,32,32,32,32,32,32,32,32,32,32,32,24,24,31,31,31,31,31,31],"card_choices":[{"not_picked":["Hololive_Drill","Hololive_StrengthChampion","Hololive_CallAkiRosenthal"],"picked":"Hololive_Breathe","floor":1.0},{"not_picked":["Hololive_Rebound","Hololive_OvertimeWork","Hololive_FlyingPonyTail"],"picked":"Hololive_StrengthChampion","floor":3.0},{"not_picked":["Hololive_Breathe","Hololive_FlyingPonyTail","Hololive_Drill"],"picked":"Hololive_OvertimeWork","floor":4.0},{"not_picked":["Hololive_Rebound","Hololive_Breathe","Hololive_Psychosis"],"picked":"Hololive_CocoNews","floor":6.0},{"not_picked":["Hololive_Rebound","Hololive_Breathe","Hololive_RevenueBasedLive"],"picked":"Hololive_CallNekomataOkayu","floor":8.0},{"not_picked":["Hololive_CocoNews","Hololive_Trident","Hololive_LuckPotion"],"picked":"Hololive_Sequa","floor":10.0},{"not_picked":["Hololive_CallRoboco","Hololive_RevenueBasedLive","Hololive_Sequa"],"picked":"Hololive_CallShiranuiFlare","floor":12.0},{"not_picked":["Hololive_CallYukihanaLamy","Hololive_RevenueBasedLive","Hololive_BeCareful"],"picked":"Hololive_CallManoAloe","floor":14.0},{"not_picked":["Hololive_WolfAndLamb","Hololive_Thief","Hololive_DDD"],"picked":"Hololive_MaximGun","floor":16.0},{"not_picked":["Hololive_Breathe","Hololive_CallManoAloe","Hololive_FlyingPonyTail+1"],"picked":"Hololive_CallCivia","floor":18.0},{"not_picked":["Hololive_BringToTrial","Hololive_HuntDinosaur","Hololive_Trident"],"picked":"Hololive_CallArtia+1","floor":19.0},{"not_picked":["Hololive_Thief","Hololive_FlyingPonyTail","Hololive_CallYukihanaLamy"],"picked":"Hololive_CallShishiroBotan+1","floor":21.0},{"not_picked":["Hololive_Sequa+1","Hololive_FlyingPonyTail","Hololive_CallAkiRosenthal"],"picked":"Hololive_ILoveYou","floor":23.0},{"not_picked":["Hololive_CallCivia","Hololive_Rebound","Hololive_CallTokoyamiTowa"],"picked":"Hololive_CallRoboco+1","floor":25.0},{"not_picked":["Hololive_CallInugamiKorone","Hololive_CallOmaruPolka","Hololive_Breathe"],"picked":"Hololive_CallUruhaRushia","floor":27.0},{"not_picked":["Hololive_Drill","Hololive_RevenueBasedLive","Hololive_CallYuzukiChoco"],"picked":"Hololive_CallOkamiMio","floor":28.0},{"not_picked":["Hololive_Trident+1","Hololive_ILoveYou","Hololive_Sequa+1","Hololive_RevenueBasedLive"],"picked":"SKIP","floor":29.0},{"not_picked":["Hololive_Trident+1","Hololive_ILoveYou","Hololive_Sequa+1","Hololive_RevenueBasedLive"],"picked":"SKIP","floor":29.0},{"not_picked":["Hololive_Drill+1","Hololive_Sequa","Hololive_RevenueBasedLive+1"],"picked":"Hololive_CallInugamiKorone+1","floor":35.0},{"not_picked":["Hololive_FlyingPonyTail","Hololive_Rebound","Hololive_Psychosis+1"],"picked":"Hololive_CallYogiri+1","floor":36.0},{"not_picked":["Hololive_FlyingPonyTail+1","Hololive_RevenueBasedLive","Hololive_CallAiraniIofifteen"],"picked":"Hololive_CallOzoraSubaru+1","floor":39.0},{"not_picked":["Hololive_OvertimeWork+1","Hololive_LuckPotion","Hololive_ILoveYou"],"picked":"Hololive_HuntDinosaur","floor":40.0},{"not_picked":["Hololive_LuckPotion+1","Hololive_OvertimeWork+1","Hololive_ILoveYou"],"picked":"Hololive_BringToTrial+1","floor":45.0},{"not_picked":["Hololive_CallOzoraSubaru","Hololive_DiamondStrike","Hololive_FlyingPonyTail+1","Hololive_Psychosis+1"],"picked":"SKIP","floor":46.0},{"not_picked":["Hololive_CocoNews+1","Hololive_OvertimeWork+1","Hololive_FlyingPonyTail"],"picked":"Hololive_ScarfAndHalo","floor":47.0},{"not_picked":["Hololive_Trident","Hololive_HuntDinosaur","Hololive_Thief"],"picked":"Hololive_HighAtkLowDef","floor":48},{"not_picked":["Hololive_FlareMind","Hololive_BeCareful","Hololive_MaximGun"],"picked":"Hololive_OpenUp","floor":50},{"not_picked":["Hololive_Breathe","Hololive_Rebound","Hololive_CandyCastle"],"picked":"Hololive_CallTokinoSora","floor":52},{"not_picked":["Hololive_Trident","Hololive_CallManoAloe","Hololive_HuntDinosaur"],"picked":"Hololive_FlyingPonyTail","floor":55},{"not_picked":["Hololive_HuntDinosaur","Hololive_Spy","Hololive_CandyCastle"],"picked":"Hololive_CallFriendA","floor":56},{"not_picked":["Hololive_Drill","Hololive_HuntDinosaur","Hololive_Sequa"],"picked":"Hololive_Psychosis","floor":57},{"not_picked":["Hololive_DiamondStrike","Hololive_Trident","Hololive_CocoNews"],"picked":"Hololive_CallRosalyn+1","floor":62},{"not_picked":["Hololive_CallYuzukiChoco+1","Hololive_LuckPotion","Hololive_CallArtia+1","Hololive_Trident"],"picked":"SKIP","floor":65},{"not_picked":["Hololive_ScarfAndHalo","Hololive_AWSL","Hololive_OpenUp"],"picked":"Hololive_Thief","floor":67},{"not_picked":["Hololive_Trident","Hololive_OvertimeWork","Hololive_CocoNews","Hololive_Psychosis"],"picked":"SKIP","floor":69},{"not_picked":["Hololive_OvertimeWork","Hololive_Rebound","Hololive_RevenueBasedLive+1"],"picked":"Hololive_LuckPotion","floor":73},{"not_picked":["Hololive_CallYuzukiChoco+1","Hololive_SoulCatcher","Hololive_CallMoonaHoshinova+1"],"picked":"Hololive_CallMinatoAqua+1","floor":74},{"not_picked":["Hololive_LuckPotion","Hololive_CocoNews","Hololive_CallDoris+1"],"picked":"Hololive_CallKiryuuCoco+1","floor":75},{"not_picked":["Hololive_Trident","Hololive_FlyingPonyTail","Hololive_CallRoboco+1"],"picked":"Hololive_Teleport","floor":76}],"player_experience":144870,"relics_obtained":[{"floor":6.0,"key":"Orichalcum"},{"floor":10.0,"key":"Girya"},{"floor":12.0,"key":"aspiration:DSix"},{"floor":14.0,"key":"DemoMod:JetPack"},{"floor":23.0,"key":"Blood Vial"},{"floor":25.0,"key":"DemoMod:OrangeGuonStone"},{"floor":26.0,"key":"DemoMod:WeirdEgg"},{"floor":27.0,"key":"DemoMod:RingOfEthereal"},{"floor":40.0,"key":"DemoMod:MemoryAlloy"},{"floor":43.0,"key":"DemoMod:DecoyRelic"},{"floor":48,"key":"infinitespire:PuzzleCube"},{"floor":54,"key":"DemoMod:AgedBell"},{"floor":57,"key":"DemoMod:Metronome"},{"floor":57,"key":"Meat on the Bone"},{"floor":60,"key":"Pen Nib"},{"floor":71,"key":"Bronze Scales"},{"floor":74,"key":"DemoMod:MonsterBlood"},{"floor":74,"key":"aspiration:HatOfInfinitePower"},{"floor":76,"key":"Centennial Puzzle"},{"floor":76,"key":"Pantograph"},{"floor":77,"key":"infinitespire:Magic Flask"}],"event_choices":[{"damage_healed":32.0,"max_hp_gain":0.0,"max_hp_loss":32.0,"gold_gain":0.0,"event_name":"betterThird:BetterShining","player_choice":"Upgrade","floor":2.0,"gold_loss":0.0,"damage_taken":6.0,"cards_upgraded":["Hololive_CallMoonaHoshinova","Hololive_CallHimemoriLuna"]},{"damage_healed":0.0,"max_hp_gain":0.0,"max_hp_loss":0.0,"gold_gain":0.0,"event_name":"The Woman in Blue","player_choice":"Bought 3 Potions","floor":5.0,"gold_loss":0.0,"damage_taken":0.0},{"damage_healed":0.0,"max_hp_gain":0.0,"max_hp_loss":0.0,"gold_gain":0.0,"event_name":"Ghosts","player_choice":"Ignored","floor":20.0,"gold_loss":0.0,"damage_taken":0.0},{"cards_removed":["Hololive_Strike"],"damage_healed":0.0,"max_hp_gain":0.0,"max_hp_loss":0.0,"gold_gain":0.0,"event_name":"Designer","player_choice":"Upgrade and Remove","floor":22.0,"gold_loss":90.0,"damage_taken":0.0,"cards_upgraded":["Hololive_Defend"]},{"damage_healed":0.0,"max_hp_gain":0.0,"max_hp_loss":0.0,"gold_gain":200.0,"event_name":"Wheel of Change","player_choice":"Gold","floor":30.0,"gold_loss":0.0,"damage_taken":0.0},{"damage_healed":0.0,"max_hp_gain":0.0,"max_hp_loss":0.0,"gold_gain":0.0,"event_name":"Falling","player_choice":"Ignored","floor":37.0,"gold_loss":0.0,"damage_taken":0.0},{"damage_healed":0.0,"max_hp_gain":0.0,"max_hp_loss":0.0,"gold_gain":0.0,"event_name":"WeMeetAgain","player_choice":"Ignored","floor":38.0,"gold_loss":0.0,"damage_taken":0.0},{"damage_healed":32,"gold_gain":0,"player_choice":"Upgrade","damage_taken":6,"max_hp_gain":0,"max_hp_loss":32,"event_name":"betterThird:BetterShining","floor":53,"gold_loss":0,"cards_upgraded":["Hololive_OvertimeWork","Hololive_HuntDinosaur"]},{"damage_healed":0,"gold_gain":0,"player_choice":"Ignored","damage_taken":0,"max_hp_gain":0,"max_hp_loss":0,"event_name":"Golden Idol","floor":59,"gold_loss":0},{"damage_healed":0,"gold_gain":1,"player_choice":"Relic Relic ","damage_taken":23,"max_hp_gain":0,"max_hp_loss":0,"event_name":"betterThird:BetterScrap","floor":64,"gold_loss":0,"cards_obtained":["Whirlwind"]},{"damage_healed":0,"gold_gain":0,"cards_transformed":["Hololive_FlyingPonyTail","Hololive_HighAtkLowDef"],"player_choice":"Became Test Subject","damage_taken":0,"max_hp_gain":0,"max_hp_loss":0,"event_name":"Drug Dealer","floor":70,"gold_loss":0,"cards_obtained":["Hololive_BeCareful","Hololive_Drill"]}],"is_beta":false,"boss_relics":[{"not_picked":["Hololive_TopUpMoneyS","Calling Bell"],"picked":"Hololive_ChaosS"},{"not_picked":["Hololive_Finger","aspiration:RitualDagger"],"picked":"SacredBark"},{"not_picked":["Cursed Key","Runic Dome"],"picked":"Black Star"},{"not_picked":["aspiration:FutureDiary","Busted Crown","aspiration:MarisaSkillbook"]}],"items_purged_floors":[31,72],"is_endless":true,"potions_floor_spawned":[6,12,16,19,21,25,33,35,46,48,50,56,65,67,69,75],"killed_by":"Shelled Parasite and Fungi","ascension_level":5}}