{"host":"7gewg82ormp6yt4e","time":1611396520,"event":{"mods":["BaseMod","Block Reminder","Colored Map","DeckTracker","Highlight Path","Minty Spire (QoL Compilation)","Relic Stats","StSLib","ojb\u0027s Info Mod"],"gold_per_floor":[112,112,82,99,58,90,90,119,119,136,51,76,94,108,108,180,180,192,192,192,27,47,72,72,101,101,136,136,147,147,165,165,237,237,249,82,97,97,113,145,157,157,183,213,213,228,247,282,282,282,282,282,282,0,27,27],"floor_reached":57,"language":"JPN","playtime":5745,"items_purged":["Defend_B","Regret"],"score":2890,"play_id":"42d3af1a-dd75-4eed-8f65-09622f2f5841","local_time":"20210123190840","is_ascension_mode":true,"campfire_choices":[{"data":"Sunder","floor":7,"key":"SMITH"},{"data":"Streamline","floor":15,"key":"SMITH"},{"data":"Fission","floor":24,"key":"SMITH"},{"data":"Defragment","floor":28,"key":"SMITH"},{"data":"Recycle","floor":32,"key":"SMITH"},{"data":"Biased Cognition","floor":42,"key":"SMITH"},{"floor":45,"key":"RECALL"},{"data":"Loop","floor":49,"key":"SMITH"},{"data":"Coolheaded","floor":53,"key":"SMITH"}],"circlet_count":0,"master_deck":["AscendersBane","Strike_B","Strike_B","Strike_B","Defend_B","Defend_B","Defend_B","Zap","Dualcast","Streamline+1","Ball Lightning","Sunder+1","Ball Lightning","Chill","Coolheaded+1","Self Repair","Glacier","Glacier","Fission+1","Sweeping Beam+1","Hologram","Defragment+1","Clumsy","Machine Learning","Recycle+1","Biased Cognition+1","Go for the Eyes","Dark Shackles","Chill","Madness","Madness","FTL+1","Echo Form","Chill+1","Cold Snap+1","Loop+1","Dark Shackles","Defragment","Hologram"],"relics":["Cracked Core","Dead Branch","Meat on the Bone","StrikeDummy","Bird Faced Urn","Cursed Key","OrangePellets","Unceasing Top","Shuriken","HornCleat","Vajra","Runic Pyramid","Orichalcum","Happy Flower","Omamori","Sundial"],"acts_visited":["Exordium","TheCity","TheBeyond","TheEnding"],"potions_floor_usage":[6,6,12,16,16,23,56,56],"damage_taken":[{"damage":12,"enemies":"Jaw Worm","floor":1,"turns":3},{"damage":5,"enemies":"2 Louse","floor":4,"turns":2},{"damage":10,"enemies":"3 Sentries","floor":6,"turns":4},{"damage":36,"enemies":"Gremlin Nob","floor":8,"turns":4},{"damage":0,"enemies":"Cultist","floor":10,"turns":2},{"damage":10,"enemies":"Lagavulin","floor":12,"turns":6},{"damage":15,"enemies":"Exordium Wildlife","floor":13,"turns":4},{"damage":8,"enemies":"Blue Slaver","floor":14,"turns":2},{"damage":22,"enemies":"Slime Boss","floor":16,"turns":11},{"damage":40,"enemies":"3 Byrds","floor":18,"turns":5},{"damage":10,"enemies":"Shell Parasite","floor":22,"turns":5},{"damage":19,"enemies":"Gremlin Leader","floor":23,"turns":9},{"damage":14,"enemies":"Slavers","floor":25,"turns":5},{"damage":41,"enemies":"Gremlin Leader","floor":27,"turns":6},{"damage":6,"enemies":"3 Cultists","floor":29,"turns":4},{"damage":0,"enemies":"Centurion and Healer","floor":31,"turns":8},{"damage":1,"enemies":"Champ","floor":33,"turns":16},{"damage":0,"enemies":"3 Darklings","floor":35,"turns":4},{"damage":10,"enemies":"3 Shapes","floor":37,"turns":6},{"damage":6,"enemies":"Sphere and 2 Shapes","floor":39,"turns":4},{"damage":8,"enemies":"Giant Head","floor":40,"turns":9},{"damage":0,"enemies":"Maw","floor":41,"turns":7},{"damage":0,"enemies":"Nemesis","floor":44,"turns":9},{"damage":16,"enemies":"Jaw Worm Horde","floor":46,"turns":5},{"damage":0,"enemies":"4 Shapes","floor":47,"turns":7},{"damage":33,"enemies":"Reptomancer","floor":48,"turns":6},{"damage":26,"enemies":"Donu and Deca","floor":50,"turns":8},{"damage":21,"enemies":"Time Eater","floor":51,"turns":10},{"damage":22,"enemies":"Shield and Spear","floor":55,"turns":8},{"damage":67,"enemies":"The Heart","floor":56,"turns":13}],"seed_played":"-3290406322181661589","potions_obtained":[{"floor":3,"key":"Fire Potion"},{"floor":3,"key":"BlessingOfTheForge"},{"floor":8,"key":"DistilledChaos"},{"floor":10,"key":"CultistPotion"},{"floor":12,"key":"LiquidBronze"},{"floor":14,"key":"Explosive Potion"},{"floor":18,"key":"Explosive Potion"},{"floor":27,"key":"Strength Potion"},{"floor":31,"key":"Block Potion"},{"floor":44,"key":"PotionOfCapacity"},{"floor":48,"key":"PotionOfCapacity"}],"is_trial":false,"path_per_floor":["M","?","?","M","$","E","R","E","T","M","$","E","M","M","R","B",null,"M","?","?","$","M","E","R","E","T","E","R","M","?","M","R","B",null,"M","$","M","?","M","E","M","R","T","E","R","M","M","E","R","B","B",null,"R","$","E","B",null],"character_chosen":"DEFECT","items_purchased":["Sunder","Self Repair","OrangePellets","Dark Shackles","Dark Shackles","Defragment"],"campfire_rested":0,"item_purchase_floors":[5,11,21,36,54,54],"current_hp_per_floor":[66,66,66,61,61,51,51,15,15,27,27,36,44,57,57,56,78,61,61,61,61,62,54,54,61,61,43,43,51,26,57,57,69,85,90,90,90,74,87,90,90,90,90,90,90,88,90,76,76,86,90,90,90,90,89,63],"gold":27,"neow_bonus":"TWENTY_PERCENT_HP_BONUS","is_daily":false,"chose_seed":false,"campfire_upgraded":8,"win_rate":0.0,"timestamp":1611396520,"path_taken":["M","?","?","?","$","E","R","E","T","M","$","E","M","M","R","BOSS","M","?","?","$","M","E","R","E","T","E","R","?","?","M","R","BOSS","M","$","M","?","M","E","M","R","T","E","R","M","M","E","R","BOSS","BOSS","R","$","E","BOSS"],"items_purchased_type":["Card","Card","Relic","Card","Card","Card"],"build_version":"2020-12-22","purchased_purges":2,"victory":true,"max_hp_per_floor":[85,85,85,85,85,85,85,85,85,85,85,85,85,85,85,85,85,85,85,85,85,85,85,85,85,85,85,85,85,90,90,90,90,90,90,90,90,90,90,90,90,90,90,90,90,90,90,90,90,90,90,90,90,90,90,90],"relic_stats":{"OrangePellets":[27],"Happy Flower":[19],"counters":[30,192],"Shuriken":[63],"Sundial":[0],"Dead Branch":[214],"Bird Faced Urn":[194],"Orichalcum":[66],"Cursed Key":2,"obtain_stats":[{"Happy Flower":44,"Dead Branch":6,"Vajra":27,"Omamori":48,"Orichalcum":40,"Cursed Key":17,"OrangePellets":21,"HornCleat":26,"Shuriken":25,"Sundial":55,"Bird Faced Urn":12,"Cracked Core":0,"StrikeDummy":9,"Unceasing Top":23,"Meat on the Bone":8,"Runic Pyramid":34},{"Happy Flower":23,"Dead Branch":3,"Vajra":14,"Omamori":26,"Orichalcum":21,"Cursed Key":9,"OrangePellets":10,"HornCleat":13,"Shuriken":13,"Sundial":29,"Bird Faced Urn":6,"Cracked Core":0,"StrikeDummy":4,"Unceasing Top":12,"Meat on the Bone":4,"Runic Pyramid":17},{"Happy Flower":135,"Dead Branch":9,"Vajra":68,"Omamori":153,"Orichalcum":119,"Cursed Key":38,"OrangePellets":43,"HornCleat":62,"Shuriken":62,"Sundial":179,"Bird Faced Urn":21,"Cracked Core":0,"StrikeDummy":13,"Unceasing Top":57,"Meat on the Bone":13,"Runic Pyramid":96}],"Unceasing Top":[0],"Meat on the Bone":132},"card_choices":[{"not_picked":["Stack","Gash"],"picked":"Streamline","floor":1},{"not_picked":["Beam Cell","Barrage"],"picked":"Ball Lightning","floor":4},{"not_picked":["Stack","Tempest"],"picked":"Ball Lightning","floor":6},{"not_picked":["Ball Lightning","Barrage"],"picked":"Chill","floor":8},{"not_picked":["Go for the Eyes","Heatsinks"],"picked":"Coolheaded","floor":10},{"not_picked":["Streamline","Steam Power"],"picked":"Glacier","floor":12},{"not_picked":["Compile Driver","Auto Shields","Blizzard"],"picked":"SKIP","floor":13},{"not_picked":["Coolheaded","Stack"],"picked":"Glacier","floor":14},{"not_picked":["Rainbow","Electrodynamics"],"picked":"Fission","floor":16},{"not_picked":["Steam","FTL"],"picked":"Sweeping Beam+1","floor":18},{"not_picked":["Redo","Cold Snap","Conserve Battery"],"picked":"SKIP","floor":22},{"not_picked":["Storm","Barrage"],"picked":"Hologram","floor":23},{"not_picked":["Rip and Tear+1","Redo"],"picked":"Defragment","floor":25},{"not_picked":["Beam Cell","Chaos"],"picked":"Machine Learning","floor":27},{"not_picked":["Lockon","Cold Snap","Ball Lightning"],"picked":"SKIP","floor":29},{"not_picked":["Rebound","Compile Driver"],"picked":"Recycle","floor":31},{"not_picked":["Creative AI","Echo Form"],"picked":"Biased Cognition","floor":33},{"not_picked":["Ball Lightning","Rebound"],"picked":"Go for the Eyes","floor":35},{"not_picked":["Streamline+1","Compile Driver"],"picked":"Chill","floor":37},{"not_picked":["Streamline+1","Double Energy"],"picked":"FTL+1","floor":39},{"not_picked":["Rip and Tear","Turbo"],"picked":"Echo Form","floor":40},{"not_picked":["Consume","Leap"],"picked":"Chill+1","floor":41},{"not_picked":["Reprogram","Compile Driver","Beam Cell"],"picked":"SKIP","floor":44},{"not_picked":["Reprogram","Compile Driver","Beam Cell"],"picked":"SKIP","floor":44},{"not_picked":["Darkness","Leap"],"picked":"Cold Snap+1","floor":46},{"not_picked":["Reinforced Body","Melter"],"picked":"Loop","floor":47},{"not_picked":["Sweeping Beam","Steam","Force Field"],"picked":"SKIP","floor":48},{"not_picked":["Darkness","Undo"],"picked":"Hologram","floor":55}],"player_experience":2660331,"relics_obtained":[{"floor":6,"key":"Dead Branch"},{"floor":8,"key":"Meat on the Bone"},{"floor":9,"key":"StrikeDummy"},{"floor":12,"key":"Bird Faced Urn"},{"floor":23,"key":"Unceasing Top"},{"floor":25,"key":"Shuriken"},{"floor":26,"key":"HornCleat"},{"floor":27,"key":"Vajra"},{"floor":40,"key":"Orichalcum"},{"floor":44,"key":"Happy Flower"},{"floor":48,"key":"Omamori"},{"floor":55,"key":"Sundial"}],"event_choices":[{"cards_removed":["Normality"],"damage_healed":0,"gold_gain":0,"player_choice":"Forget","damage_taken":0,"max_hp_gain":0,"max_hp_loss":0,"event_name":"Living Wall","floor":2,"gold_loss":0},{"damage_healed":0,"gold_gain":0,"player_choice":"Bought 2 Potions","damage_taken":0,"max_hp_gain":0,"max_hp_loss":0,"event_name":"The Woman in Blue","floor":3,"gold_loss":0},{"damage_healed":0,"gold_gain":0,"player_choice":"Ignored","damage_taken":0,"max_hp_gain":0,"max_hp_loss":0,"event_name":"The Mausoleum","floor":19,"gold_loss":0},{"cards_removed":["Strike_B"],"damage_healed":0,"gold_gain":0,"player_choice":"Purged","damage_taken":0,"max_hp_gain":0,"max_hp_loss":0,"event_name":"Purifier","floor":20,"gold_loss":0},{"damage_healed":0,"gold_gain":0,"player_choice":"Shed Blood","damage_taken":30,"max_hp_gain":5,"max_hp_loss":0,"event_name":"Forgotten Altar","floor":30,"gold_loss":0},{"damage_healed":0,"gold_gain":0,"player_choice":"Embrace Madness","damage_taken":16,"max_hp_gain":0,"max_hp_loss":0,"event_name":"Winding Halls","floor":38,"gold_loss":0,"cards_obtained":["Madness","Madness"]}],"is_beta":false,"boss_relics":[{"not_picked":["Nuclear Battery","Fusion Hammer"],"picked":"Cursed Key"},{"not_picked":["Sozu","Pandora\u0027s Box"],"picked":"Runic Pyramid"}],"items_purged_floors":[36,54],"is_endless":false,"potions_floor_spawned":[8,10,12,13,14,18,27,31,44,46,47,48],"ascension_level":20}}