{"host":"wjyw75lb8j8cz20i","time":1611428454,"event":{"mods":["Act Like it!","Arknights The Spire","BaseMod","Colored Powertips","Friendly Minions","KinomotoSakuraMod(木之本樱)","Kiyohime（清姬）","Koishi","Marisa（F雨　魔理沙）","Minty Spire (QoL Compilation)","Quick Restart","Remilia（蕾米莉亚）","Replay The Spire","StSLib","WarShipGirlsR/战舰少女R mod"],"gold_per_floor":[111,36,47,47,71,105,121,271,271,281,307,325,344,354,354,354,354],"floor_reached":16,"language":"ZHS","playtime":682,"items_purged":["ClowCardTheSword"],"score":139,"play_id":"663e07e6-9e18-49b4-8e37-fbdf73d6ff7b","local_time":"20210124030054","is_ascension_mode":false,"campfire_choices":[{"data":"ClowCardTheBig","floor":15,"key":"SMITH"}],"circlet_count":0,"master_deck":["ClowCardTheSword","ClowCardTheSword","ClowCardTheSword","ClowCardTheShield","ClowCardTheShield","ClowCardTheShield","ClowCardTheShield","SpellCardSeal","SpellCardRelease","ClowCardTheFight","ClowCardTheShot","ClowCardTheArrow","ClowCardTheFly","ClowCardTheShot","ClowCardTheBig+1"],"relics":["KSMOD_SealedBook","KSMOD_SealedWand","NeowsBlessing","SsserpentHead","White Beast Statue","Question Card","Smiling Mask"],"acts_visited":["Exordium"],"potions_floor_usage":[14,14,14],"damage_taken":[{"damage":0.0,"enemies":"Small Slimes","floor":1.0,"turns":1.0},{"damage":0.0,"enemies":"Cultist","floor":3.0,"turns":1.0},{"damage":0.0,"enemies":"Lagavulin","floor":6.0,"turns":1.0},{"damage":0.0,"enemies":"Jaw Worm","floor":7.0,"turns":3.0},{"damage":0.0,"enemies":"Blue Slaver","floor":10.0,"turns":3.0},{"damage":16.0,"enemies":"Gremlin Nob","floor":11.0,"turns":3.0},{"damage":10.0,"enemies":"Looter","floor":12.0,"turns":3.0},{"damage":1.0,"enemies":"Exordium Wildlife","floor":13.0,"turns":3.0},{"damage":0,"enemies":"Lots of Slimes","floor":14,"turns":1},{"damage":0,"enemies":"Hexaghost","floor":16,"turns":1}],"seed_played":"-6825497727824102567","potions_obtained":[{"floor":6.0,"key":"Fruit Juice"},{"floor":7.0,"key":"Dexterity Potion"},{"floor":10.0,"key":"Reflective Coating"},{"floor":11.0,"key":"LiquidBronze"},{"floor":12.0,"key":"Strength Potion"},{"floor":13.0,"key":"Swift Potion"},{"floor":14,"key":"LiquidMemories"}],"is_trial":false,"path_per_floor":["M","$","M","?","$","E","M","?","T","M","E","M","M","M","R","B"],"character_chosen":"KINOMOTOSAKURA","items_purchased":["ClowCardTheShot"],"campfire_rested":0,"item_purchase_floors":[5],"current_hp_per_floor":[70,70,70,70,70,70,75,75,75,75,59,49,48,48,48,48,48],"gold":354,"neow_bonus":"THREE_ENEMY_KILL","is_daily":false,"chose_seed":false,"campfire_upgraded":1,"win_rate":0.0,"timestamp":1611428454,"path_taken":["M","$","M","?","?","E","M","?","T","M","E","M","M","M","R","BOSS"],"items_purchased_type":["Card"],"build_version":"2020-12-22","purchased_purges":1,"victory":false,"max_hp_per_floor":[70,70,70,70,70,70,75,75,75,75,75,75,75,75,75,75,75],"card_choices":[{"not_picked":["ClowCardTheLibra","ClowCardTheFlower","ClowCardTheShot"],"picked":"SKIP","floor":1.0},{"not_picked":["ClowCardTheMist","ClowCardTheShot"],"picked":"ClowCardTheFight","floor":3.0},{"not_picked":["ClowCardTheMist","ClowCardTheSnow","ClowCardTheSleep"],"picked":"SKIP","floor":6.0},{"not_picked":["ClowCardTheEarthy","ClowCardTheSnow","ClowCardTheSong"],"picked":"SKIP","floor":7.0},{"not_picked":["ClowCardTheRain","ClowCardTheCloud","ClowCardTheMist"],"picked":"ClowCardTheArrow","floor":10.0},{"not_picked":["ClowCardTheFlower","ClowCardTheLoop","ClowCardTheSand"],"picked":"ClowCardTheFly","floor":11.0},{"not_picked":["ClowCardTheEarthy","ClowCardTheArrow","ClowCardTheMaze"],"picked":"ClowCardTheShot","floor":12.0},{"not_picked":["ClowCardTheShadow","ClowCardTheLittle","ClowCardTheVoice","ClowCardTheSnow"],"picked":"SKIP","floor":13.0},{"not_picked":["ClowCardTheWatery","ClowCardTheWave","ClowCardTheIllusion"],"picked":"ClowCardTheBig","floor":14}],"player_experience":82500,"relics_obtained":[{"floor":6.0,"key":"White Beast Statue"},{"floor":9.0,"key":"Question Card"},{"floor":11.0,"key":"Smiling Mask"}],"event_choices":[{"damage_healed":0.0,"max_hp_gain":0.0,"max_hp_loss":0.0,"gold_gain":0.0,"event_name":"FaceTrader","player_choice":"Trade","floor":4.0,"gold_loss":0.0,"damage_taken":0.0,"relics_obtained":["SsserpentHead"]},{"damage_healed":0.0,"max_hp_gain":0.0,"max_hp_loss":0.0,"gold_gain":100.0,"event_name":"Golden Shrine","player_choice":"Pray","floor":8.0,"gold_loss":0.0,"damage_taken":0.0}],"is_beta":false,"boss_relics":[],"items_purged_floors":[2],"is_endless":false,"potions_floor_spawned":[6,7,10,11,12,13,14],"killed_by":"Hexaghost","ascension_level":0}}