{"host":"cmxkjr0hek4mqvmn","time":1611361208,"event":{"mods":["BaseMod","Beaked The Cultist","Better Match","Better Skull","Better Third Choice","BetterRewards","Clawfect","Colored Map","Displayed Cursed Tome","Duelist Mod","GifTheSpireLib","Hermit","Hubris","JesterMod","Mimic Mod","Minty Spire (QoL Compilation)","Quick Restart","Robot Space Explorer","StSLib","The Bladedancer","The Blue Laboratory","The Cursed","Thieving Mod","Waifu the Spire"],"gold_per_floor":[110,120,24,24,24,24,41,17,41,74,74,90,121,135,135,258,258,279,279,279,305,318,358,358,391,414,437,437,437],"floor_reached":28,"language":"ENG","playtime":1604,"items_purged":[],"score":294,"play_id":"db91c49b-ea89-41e3-8d47-0d6fb3d42e3f","local_time":"20210122192008","is_ascension_mode":true,"campfire_choices":[{"data":"Skim","floor":6,"key":"SMITH"},{"floor":15,"key":"RECALL"},{"data":"Echo Form","floor":24,"key":"SMITH"}],"circlet_count":0,"master_deck":["Gash","Gash","Gash","Gash","Gash","Defend_B","Defend_B","Defend_B","Defend_B","Defend_B","Clawfect:ClawLightning","Skim+1","Coolheaded","Apotheosis+1","Clawfect:ClawSnap","Clawfect:Clawter","Clawfect:ClawCell","Genetic Algorithm","Static Discharge","Echo Form+1","CurseOfTheBell","Clawfect:ClawingBeam","FTL+1","Clawfect:ClawForTheEyes","Clawfect:ClawLightning+1"],"relics":["Clawfect:DRClaw","NlothsMask","Bronze Scales","Golden Idol","Potion Belt","Calling Bell","Orichalcum","Kunai","Pocketwatch","MutagenicStrength","Smiling Mask","Happy Flower","hubris:SlimyHat","Oddly Smooth Stone"],"acts_visited":["Exordium","TheCity"],"potions_floor_usage":[12,12,16,18,25,27,28],"damage_taken":[{"damage":0,"enemies":"Cultist","floor":1,"turns":4},{"damage":1,"enemies":"Jaw Worm","floor":2,"turns":4},{"damage":5,"enemies":"2 Louse","floor":7,"turns":3},{"damage":0,"enemies":"Large Slime","floor":10,"turns":5},{"damage":6,"enemies":"Large Slime","floor":12,"turns":3},{"damage":6,"enemies":"Lagavulin","floor":13,"turns":4},{"damage":5,"enemies":"Looter","floor":14,"turns":3},{"damage":22,"enemies":"The Guardian","floor":16,"turns":6},{"damage":5,"enemies":"3 Byrds","floor":18,"turns":1},{"damage":4,"enemies":"Chosen","floor":22,"turns":4},{"damage":9,"enemies":"theDuelist:KaibaA2","floor":23,"turns":4},{"damage":39,"enemies":"Slavers","floor":25,"turns":4},{"damage":23,"enemies":"Snecko","floor":27,"turns":6},{"damage":0,"enemies":"Centurion and Healer","floor":28,"turns":3}],"seed_played":"-4719219635383539437","potions_obtained":[{"floor":7,"key":"GamblersBrew"},{"floor":12,"key":"blueLaboratory:HeartbeatPotion"},{"floor":14,"key":"CultistPotion"},{"floor":16,"key":"Energy Potion"},{"floor":22,"key":"SteroidPotion"},{"floor":25,"key":"Block Potion"},{"floor":27,"key":"blueLaboratory:FrostheartPotion"}],"is_trial":false,"path_per_floor":["M","M","$","?","?","R","M","$","T","MIM","?","M","E","M","R","B",null,"M","?","?","T","M","E","R","E","T","M","M"],"character_chosen":"DEFECT","items_purchased":["Coolheaded","PowerPotion","Clawfect:Clawter"],"campfire_rested":0,"item_purchase_floors":[3,3,8],"current_hp_per_floor":[82,81,81,81,81,81,76,76,76,76,56,50,44,39,39,17,82,77,77,77,77,73,64,64,25,25,2,2,2],"gold":437,"neow_bonus":"TEN_PERCENT_HP_BONUS","is_daily":false,"chose_seed":false,"campfire_upgraded":2,"win_rate":0.0,"timestamp":1611361208,"path_taken":["M","M","$","?","?","R","?","?","T","?","?","M","E","M","R","BOSS","M","?","?","?","M","E","R","E","T","M","?"],"items_purchased_type":["Card","Potion","Card"],"build_version":"2020-12-22","purchased_purges":0,"victory":false,"max_hp_per_floor":[82,82,82,82,82,82,82,82,82,82,82,82,82,82,82,82,82,82,82,82,82,82,82,82,82,82,82,82,82],"card_choices":[{"not_picked":["Lockon","Clawfect:ClawpileDriver"],"picked":"Clawfect:ClawLightning","floor":1},{"not_picked":["Glacier","Clawfect:ClawpileDriver"],"picked":"Skim","floor":2},{"not_picked":["Double Energy","Aggregate"],"picked":"Clawfect:ClawSnap","floor":7},{"not_picked":["Recycle","Coolheaded"],"picked":"Clawfect:ClawCell","floor":10},{"not_picked":["Consume","Aggregate"],"picked":"Genetic Algorithm","floor":12},{"not_picked":["Blizzard","Thunder Strike"],"picked":"Static Discharge","floor":13},{"not_picked":["Rebound","Genetic Algorithm","Steam"],"picked":"SKIP","floor":14},{"not_picked":["Hyperbeam","Reboot"],"picked":"Echo Form","floor":16},{"not_picked":["Consume","Rebound"],"picked":"Clawfect:ClawingBeam","floor":18},{"not_picked":["Clawfect:ClawpileDriver","Coolheaded","Core Surge"],"picked":"SKIP","floor":22},{"not_picked":["Clawfect:ClawSnap","Leap+1"],"picked":"FTL+1","floor":23},{"not_picked":["Clawfect:ClawCell","Steam Power"],"picked":"Clawfect:ClawForTheEyes","floor":25},{"not_picked":["Redo","FTL"],"picked":"Clawfect:ClawLightning+1","floor":27}],"player_experience":612234,"relics_obtained":[{"floor":10,"key":"Bronze Scales"},{"floor":13,"key":"Potion Belt"},{"floor":17,"key":"Orichalcum"},{"floor":17,"key":"Kunai"},{"floor":17,"key":"Pocketwatch"},{"floor":21,"key":"Smiling Mask"},{"floor":23,"key":"Happy Flower"},{"floor":25,"key":"hubris:SlimyHat"},{"floor":26,"key":"Oddly Smooth Stone"}],"event_choices":[{"damage_healed":81,"gold_gain":0,"player_choice":"Embrace","damage_taken":0,"max_hp_gain":0,"max_hp_loss":82,"event_name":"betterThird:BetterShining","floor":4,"gold_loss":0},{"damage_healed":0,"gold_gain":0,"player_choice":"Trade","damage_taken":0,"relics_obtained":["NlothsMask"],"max_hp_gain":0,"max_hp_loss":0,"event_name":"FaceTrader","floor":5,"gold_loss":0},{"damage_healed":0,"gold_gain":0,"player_choice":"Take Damage","damage_taken":20,"relics_obtained":["Golden Idol"],"max_hp_gain":0,"max_hp_loss":0,"event_name":"Golden Idol","floor":11,"gold_loss":0},{"damage_healed":0,"gold_gain":0,"player_choice":"Ignored","damage_taken":0,"max_hp_gain":0,"max_hp_loss":0,"event_name":"Cursed Tome","floor":19,"gold_loss":0},{"damage_healed":0,"gold_gain":0,"player_choice":"Inject Mutagens","damage_taken":0,"relics_obtained":["MutagenicStrength"],"max_hp_gain":0,"max_hp_loss":0,"event_name":"Drug Dealer","floor":20,"gold_loss":0}],"is_beta":false,"boss_relics":[{"not_picked":["Sozu","SacredBark"],"picked":"Calling Bell"}],"items_purged_floors":[],"is_endless":false,"potions_floor_spawned":[7,12,14,16,22,25,27],"killed_by":"Centurion and Healer","ascension_level":1}}