{"host":"fuszjwm6fqgjjp4d","time":1611441841,"event":{"mods":["BaseMod","Bestiary","Colored Map","DeckTracker","Minty Spire (QoL Compilation)","Permanent Neow","Relic Sorter","Relic Stats","StSLib"],"gold_per_floor":[113,16,16,30,30,30,62,62,62,62,62,62,90,115,115,115,115],"floor_reached":16,"language":"ENG","playtime":199,"items_purged":[],"score":239,"play_id":"2919de3c-e041-4763-970f-99cf15363960","local_time":"20210123164401","is_ascension_mode":true,"campfire_choices":[{"data":"FlyingSleeves","floor":6,"key":"SMITH"},{"data":"Alpha","floor":8,"key":"SMITH"},{"data":"EmptyBody","floor":11,"key":"SMITH"},{"data":"Adaptation","floor":12,"key":"SMITH"},{"data":"Study","floor":15,"key":"SMITH"}],"circlet_count":0,"master_deck":["AscendersBane","Strike_P","Strike_P","Strike_P","Defend_P","Defend_P","Defend_P","Defend_P","Eruption+1","Vigilance","FlyingSleeves+1","Adaptation+1","EmptyBody+1","BowlingBash","Alpha+1","Study+1"],"relics":["PureWater","NeowsBlessing","Smiling Mask","Pear","WingedGreaves","Odd Mushroom","Kunai"],"acts_visited":["Exordium"],"potions_floor_usage":[13,14,16],"damage_taken":[{"damage":0,"enemies":"Jaw Worm","floor":1,"turns":1},{"damage":0,"enemies":"Cultist","floor":4,"turns":1},{"damage":0,"enemies":"3 Sentries","floor":7,"turns":2},{"damage":13,"enemies":"The Mushroom Lair","floor":13,"turns":5},{"damage":32,"enemies":"Gremlin Nob","floor":14,"turns":4},{"damage":22,"enemies":"The Guardian","floor":16,"turns":2}],"seed_played":"1597728212068805417","potions_obtained":[{"floor":7,"key":"AttackPotion"},{"floor":13,"key":"Swift Potion"},{"floor":14,"key":"Dexterity Potion"}],"is_trial":false,"path_per_floor":["M","$","?","M","?","R","E","R","T","?","R","R","?","E","R","B"],"character_chosen":"WATCHER","items_purchased":["Adaptation","EmptyBody"],"campfire_rested":0,"item_purchase_floors":[2,2],"current_hp_per_floor":[61,61,61,61,61,61,61,61,71,66,66,66,53,21,21,0,0],"gold":115,"neow_bonus":"THREE_ENEMY_KILL","is_daily":false,"chose_seed":false,"campfire_upgraded":5,"win_rate":0.0,"timestamp":1611441841,"path_taken":["M","$","?","?","?","R","E","R","T","?","R","R","?","E","R","BOSS"],"items_purchased_type":["Card","Card"],"build_version":"2020-12-22","purchased_purges":0,"victory":false,"max_hp_per_floor":[68,68,68,68,68,68,68,68,78,78,78,78,78,78,78,78,78],"relic_stats":{"counters":[6,15],"Kunai":[0],"Smiling Mask":0,"obtain_stats":[{"Pear":9,"NeowsBlessing":0,"WingedGreaves":10,"Kunai":14,"PureWater":0,"Odd Mushroom":13,"Smiling Mask":7},{"Pear":3,"NeowsBlessing":0,"WingedGreaves":3,"Kunai":5,"PureWater":0,"Odd Mushroom":4,"Smiling Mask":3},{"Pear":4,"NeowsBlessing":0,"WingedGreaves":4,"Kunai":13,"PureWater":0,"Odd Mushroom":9,"Smiling Mask":4}]},"card_choices":[{"not_picked":["Protect","EmptyBody"],"picked":"FlyingSleeves","floor":1},{"not_picked":["Meditate","JustLucky"],"picked":"BowlingBash","floor":4},{"not_picked":["Worship","Protect"],"picked":"Alpha","floor":7},{"not_picked":["FlurryOfBlows","Halt"],"picked":"Study","floor":13},{"not_picked":["EmptyFist","Establishment","Prostrate"],"picked":"SKIP","floor":14}],"player_experience":1325035,"relics_obtained":[{"floor":7,"key":"Smiling Mask"},{"floor":9,"key":"Pear"},{"floor":13,"key":"Odd Mushroom"},{"floor":14,"key":"Kunai"}],"event_choices":[{"cards_removed":["Strike_P"],"damage_healed":0,"gold_gain":0,"player_choice":"Offered Basic","damage_taken":0,"max_hp_gain":0,"max_hp_loss":0,"event_name":"Bonfire Elementals","floor":3,"gold_loss":0},{"damage_healed":0,"gold_gain":0,"player_choice":"Grow","damage_taken":0,"max_hp_gain":0,"max_hp_loss":0,"event_name":"Living Wall","floor":5,"gold_loss":0,"cards_upgraded":["Eruption"]},{"damage_healed":0,"gold_gain":0,"player_choice":"Success","damage_taken":5,"relics_obtained":["WingedGreaves"],"max_hp_gain":0,"max_hp_loss":0,"event_name":"Scrap Ooze","floor":10,"gold_loss":0},{"damage_healed":0,"gold_gain":0,"player_choice":"Fought Mushrooms","damage_taken":0,"max_hp_gain":0,"max_hp_loss":0,"event_name":"Mushrooms","floor":13,"gold_loss":0}],"is_beta":false,"boss_relics":[],"items_purged_floors":[],"is_endless":false,"potions_floor_spawned":[7,13,14],"killed_by":"The Guardian","ascension_level":17}}