{"host":"v9oq5ccz01n9mezq","time":1611363131,"event":{"mods":["BaseMod","Colored Map","Minty Spire (QoL Compilation)"],"gold_per_floor":[20,20,20,41,56,56,94,94,121,155,173,173,212,235,235,355,355,370,370,409,433,447,447,487,487,487,487,25,65,81,124,124,253,253,267,280,502,502,568,568,599,599,599,642,642,666,666,681,681,681,681,681,116,152,152],"floor_reached":56,"language":"ENG","playtime":5909,"items_purged":["Strike_R","Strike_R+1"],"score":1803,"play_id":"a1d0e7ab-19a2-49d0-a8e4-e60fa4b78a08","local_time":"20210122195211","is_ascension_mode":true,"campfire_choices":[{"data":"Barricade","floor":6,"key":"SMITH"},{"data":"Entrench","floor":8,"key":"SMITH"},{"data":"Body Slam","floor":12,"key":"SMITH"},{"data":"True Grit","floor":15,"key":"SMITH"},{"data":"Impervious","floor":23,"key":"SMITH"},{"data":"True Grit","floor":25,"key":"SMITH"},{"data":"Exhume","floor":27,"key":"SMITH"},{"data":"Exhume","floor":32,"key":"SMITH"},{"data":"Body Slam","floor":40,"key":"SMITH"},{"floor":47,"key":"RECALL"},{"data":"Searing Blow","floor":49,"key":"PURGE"},{"data":"Anger","floor":52,"key":"PURGE"}],"circlet_count":0,"master_deck":["Defend_R","Defend_R+1","Defend_R","Bash","Barricade+1","Offering","Entrench+1","Body Slam+1","Impervious+1","True Grit+1","Exhume+1","True Grit+1","Exhume+1","Burning Pact","Shrug It Off","Dark Shackles","Body Slam+1","Disarm"],"relics":["Burning Blood","Golden Idol","Toy Ornithopter","Nunchaku","Bronze Scales","Regal Pillow","Busted Crown","Red Mask","Singing Bowl","Blood Vial","Bottled Tornado","Mummified Hand","Sundial","SlaversCollar","Peace Pipe","CaptainsWheel","Pantograph","Incense Burner","White Beast Statue"],"acts_visited":["Exordium","TheCity","TheBeyond","TheEnding"],"potions_floor_usage":[7,10,20,20,24,41,44,46,55,55,55],"damage_taken":[{"damage":2,"enemies":"2 Louse","floor":1,"turns":3},{"damage":0,"enemies":"Small Slimes","floor":4,"turns":3},{"damage":7,"enemies":"Jaw Worm","floor":5,"turns":3},{"damage":10,"enemies":"Lagavulin","floor":7,"turns":7},{"damage":16,"enemies":"Gremlin Nob","floor":10,"turns":3},{"damage":0,"enemies":"3 Louse","floor":11,"turns":4},{"damage":0,"enemies":"Lagavulin","floor":13,"turns":6},{"damage":6,"enemies":"Large Slime","floor":14,"turns":4},{"damage":22,"enemies":"The Guardian","floor":16,"turns":6},{"damage":18,"enemies":"Shell Parasite","floor":18,"turns":4},{"damage":10,"enemies":"Masked Bandits","floor":20,"turns":5},{"damage":6,"enemies":"3 Byrds","floor":21,"turns":3},{"damage":6,"enemies":"Centurion and Healer","floor":22,"turns":7},{"damage":6,"enemies":"Book of Stabbing","floor":24,"turns":4},{"damage":6,"enemies":"Gremlin Leader","floor":29,"turns":3},{"damage":0,"enemies":"Chosen and Byrds","floor":30,"turns":6},{"damage":0,"enemies":"Book of Stabbing","floor":31,"turns":5},{"damage":6,"enemies":"Champ","floor":33,"turns":8},{"damage":6,"enemies":"3 Darklings","floor":35,"turns":17},{"damage":0,"enemies":"3 Shapes","floor":36,"turns":9},{"damage":6,"enemies":"2 Orb Walkers","floor":39,"turns":5},{"damage":13,"enemies":"Reptomancer","floor":41,"turns":4},{"damage":0,"enemies":"Nemesis","floor":44,"turns":3},{"damage":16,"enemies":"3 Darklings","floor":46,"turns":8},{"damage":6,"enemies":"Spire Growth","floor":48,"turns":3},{"damage":14,"enemies":"Donu and Deca","floor":50,"turns":7},{"damage":17,"enemies":"Shield and Spear","floor":54,"turns":4},{"damage":2,"enemies":"The Heart","floor":55,"turns":7}],"seed_played":"-2822523227030696809","potions_obtained":[{"floor":1,"key":"SteroidPotion"},{"floor":4,"key":"Dexterity Potion"},{"floor":5,"key":"DistilledChaos"},{"floor":16,"key":"Ancient Potion"},{"floor":18,"key":"Explosive Potion"},{"floor":20,"key":"BlessingOfTheForge"},{"floor":29,"key":"Block Potion"},{"floor":33,"key":"FearPotion"},{"floor":41,"key":"SkillPotion"},{"floor":48,"key":"Explosive Potion"},{"floor":54,"key":"Strength Potion"}],"is_trial":false,"path_per_floor":["M","?","?","M","M","R","E","R","T","E","M","R","E","M","R","B",null,"M","?","?","M","M","R","E","R","T","R","$","E","M","E","R","B",null,"M","M","?","?","?","R","E","?","T","E","?","M","R","M","R","B",null,"R","$","E","B",null],"character_chosen":"IRONCLAD","items_purchased":["Shrug It Off","Bottled Tornado","Dark Shackles","Incense Burner","DuplicationPotion","Weak Potion","Disarm"],"campfire_rested":0,"item_purchase_floors":[28,28,28,53,53,53,53],"current_hp_per_floor":[76,74,59,65,64,64,60,60,60,55,61,61,67,67,67,51,68,56,56,62,62,62,62,69,69,69,69,69,73,80,82,82,84,84,86,88,88,90,90,90,90,87,87,89,89,81,81,85,85,85,91,91,91,84,95],"gold":152,"neow_bonus":"TRANSFORM_TWO_CARDS","is_daily":false,"chose_seed":false,"campfire_upgraded":9,"win_rate":0.0,"timestamp":1611363131,"path_taken":["M","?","?","M","M","R","E","R","T","E","M","R","E","M","R","BOSS","M","?","?","M","M","R","E","R","T","R","$","E","M","E","R","BOSS","M","M","?","?","?","R","E","?","T","E","?","?","R","M","R","BOSS","R","$","E","BOSS"],"items_purchased_type":["Card","Relic","Card","Relic","Potion","Potion","Card"],"build_version":"2020-12-22","purchased_purges":2,"victory":true,"max_hp_per_floor":[80,74,74,74,74,74,74,74,74,74,74,74,74,74,74,74,74,74,74,74,74,74,74,76,76,76,76,76,78,80,82,82,84,84,86,88,88,90,90,90,92,87,87,89,89,91,91,93,93,93,93,93,93,95,95],"card_choices":[{"not_picked":["Uppercut","Pummel"],"picked":"Searing Blow","floor":1},{"not_picked":["Twin Strike","Perfected Strike"],"picked":"Anger","floor":4},{"not_picked":["Wild Strike","Clash"],"picked":"Entrench","floor":5},{"not_picked":["Clash","Pommel Strike"],"picked":"Body Slam","floor":7},{"not_picked":["Bloodletting","Body Slam"],"picked":"Impervious","floor":10},{"not_picked":["Havoc","Second Wind"],"picked":"True Grit","floor":11},{"not_picked":["Uppercut","Bludgeon","Flex"],"picked":"SKIP","floor":13},{"not_picked":["Carnage","Rupture","Clothesline"],"picked":"SKIP","floor":14},{"not_picked":["Brutality","Demon Form"],"picked":"Exhume","floor":16},{"not_picked":[],"picked":"True Grit","floor":18},{"not_picked":["Twin Strike"],"picked":"SKIP","floor":21},{"not_picked":["Pommel Strike"],"picked":"SKIP","floor":22},{"not_picked":["Fire Breathing"],"picked":"Singing Bowl","floor":24},{"not_picked":["Havoc"],"picked":"Singing Bowl","floor":29},{"not_picked":["Flex"],"picked":"Singing Bowl","floor":30},{"not_picked":["Fire Breathing"],"picked":"Singing Bowl","floor":31},{"not_picked":["Immolate"],"picked":"Singing Bowl","floor":33},{"not_picked":["Sever Soul+1"],"picked":"Singing Bowl","floor":35},{"not_picked":["Sword Boomerang"],"picked":"Singing Bowl","floor":36},{"not_picked":["Metamorphosis"],"picked":"Singing Bowl","floor":38},{"not_picked":[],"picked":"Body Slam","floor":39},{"not_picked":["Inflame+1"],"picked":"Singing Bowl","floor":41},{"not_picked":["Clothesline"],"picked":"Singing Bowl","floor":44},{"not_picked":["Rupture+1"],"picked":"Singing Bowl","floor":46},{"not_picked":["Heavy Blade"],"picked":"Singing Bowl","floor":48},{"not_picked":["True Grit"],"picked":"Singing Bowl","floor":54}],"player_experience":104328,"relics_obtained":[{"floor":7,"key":"Toy Ornithopter"},{"floor":9,"key":"Nunchaku"},{"floor":10,"key":"Bronze Scales"},{"floor":13,"key":"Regal Pillow"},{"floor":20,"key":"Red Mask"},{"floor":24,"key":"Singing Bowl"},{"floor":26,"key":"Blood Vial"},{"floor":29,"key":"Mummified Hand"},{"floor":31,"key":"Sundial"},{"floor":39,"key":"Peace Pipe"},{"floor":41,"key":"CaptainsWheel"},{"floor":44,"key":"Pantograph"},{"floor":54,"key":"White Beast Statue"}],"event_choices":[{"damage_healed":0,"gold_gain":0,"player_choice":"Lose Max HP","damage_taken":0,"relics_obtained":["Golden Idol"],"max_hp_gain":0,"max_hp_loss":6,"event_name":"Golden Idol","floor":2,"gold_loss":0},{"damage_healed":0,"gold_gain":0,"player_choice":"Entered Light","damage_taken":15,"max_hp_gain":0,"max_hp_loss":0,"event_name":"Shining Light","floor":3,"gold_loss":0,"cards_upgraded":["Strike_R","Defend_R"]},{"damage_healed":0,"gold_gain":0,"cards_transformed":["Strike_R","Strike_R"],"player_choice":"Became Test Subject","damage_taken":0,"max_hp_gain":0,"max_hp_loss":0,"event_name":"Drug Dealer","floor":19,"gold_loss":0,"cards_obtained":["Exhume","Burning Pact"]},{"damage_healed":0,"gold_gain":0,"player_choice":"Fought Bandits","damage_taken":0,"max_hp_gain":0,"max_hp_loss":0,"event_name":"Masked Bandits","floor":20,"gold_loss":0},{"damage_healed":0,"gold_gain":222,"player_choice":"Wore Mask","damage_taken":0,"max_hp_gain":0,"max_hp_loss":0,"event_name":"Tomb of Lord Red Mask","floor":37,"gold_loss":0},{"damage_healed":0,"gold_gain":0,"player_choice":"Memory 1","damage_taken":0,"max_hp_gain":0,"max_hp_loss":0,"event_name":"SensoryStone","floor":38,"gold_loss":0},{"damage_healed":0,"gold_gain":0,"player_choice":"Fight","damage_taken":0,"max_hp_gain":0,"max_hp_loss":0,"event_name":"Mysterious Sphere","floor":39,"gold_loss":0},{"damage_healed":0,"gold_gain":0,"player_choice":"Max HP","damage_taken":0,"max_hp_gain":0,"max_hp_loss":5,"event_name":"Winding Halls","floor":42,"gold_loss":0},{"damage_healed":0,"gold_gain":0,"player_choice":"Ignored","damage_taken":0,"max_hp_gain":0,"max_hp_loss":0,"event_name":"The Moai Head","floor":45,"gold_loss":0}],"is_beta":false,"boss_relics":[{"not_picked":["Runic Dome","Black Star"],"picked":"Busted Crown"},{"not_picked":["Coffee Dripper","Astrolabe"],"picked":"SlaversCollar"}],"items_purged_floors":[28,53],"is_endless":false,"potions_floor_spawned":[1,4,5,16,18,20,29,33,39,41,48,54],"ascension_level":6}}