{"host":"mnqy5xd9fdi0p1ot","time":1611400517,"event":{"mods":["BaseMod","Better Third Choice","Conspire","Dota2Spire","Downfall","Hubris","Minty Spire (QoL Compilation)","Spicy Shops","StSLib","??????REMEMod"],"gold_per_floor":[99,99,99,43,143,179,179,192,192,225,225,242,242,258,274,375,375,375,389,389,35,52,69,69,80,80,112,125,1,11,111,127,228,228,228,242,260,274,292,320,344,378,78,93,124,135,163,163,177,177,177,210,13,13,13,13],"floor_reached":57,"language":"ENG","playtime":1685,"items_purged":["Shame"],"score":1990,"play_id":"47d1fccf-4b70-497e-be7a-a684dcc230b8","local_time":"20210123181517","is_ascension_mode":true,"campfire_choices":[{"data":"Guardian:StasisField","floor":1.0,"key":"SMITH"},{"data":"bronze:InfiniteBeams","floor":9.0,"key":"SMITH"},{"floor":13.0,"key":"REST"},{"data":"bronze:InfiniteLoop","floor":18.0,"key":"SMITH"},{"floor":35.0,"key":"RECALL"},{"data":"REME_BattleFury","floor":43.0,"key":"SMITH"},{"data":"Jack Of All Trades","floor":54,"key":"SMITH"}],"circlet_count":0,"master_deck":["bronze:Strike","bronze:Strike","bronze:Strike","bronze:Defend","bronze:Defend","bronze:Defend","bronze:Replicate","bronze:Goto","Guardian:StasisField+1","bronze:WhirlingStrike","bronze:NullPointer","bronze:InfiniteBeams+1","bronze:Branch","bronze:FollowUp","bronze:Shield","bronze:DelayedSlice","bronze:InfiniteLoop+1","bronze:Backtrace+1","bronze:Frontload+1","REME_BattleFury+1","bronze:InfiniteLoop+1","bronze:ForceShield","bronze:Boost+1","bronze:Separator","bronze:Separator+1","REME_PuzzleBox","bronze:Boost","bronze:Deprecate","bronze:SpaghettiCode","J.A.X.","bronze:AlphaBuild","bronze:DigitalCarnage+1","bronze:ForceShield+1","bronze:Separator+1","bronze:Overheat+1","bronze:InfiniteLoop","bronze:Overheat","bronze:Separator","bronze:Invalidate+1","bronze:ForceShield+1","bronze:Branch+1","bronze:ItsAFeature+1","bronze:InfiniteBeams","Jack Of All Trades+1"],"relics":["bronze:BronzeCore","REME_ComplimentaryCards","downfall:HeartsMalice","Dota2Spire:Satanic","Dota2Spire:OrchidMalevolence","Dota2Spire:PowerTreads","downfall:ShatteredFragment","hubris:BlackHole","DollysMirror","bronze:DecasWashers","Blood Vial","bronze:ProtectiveGoggles","hubris:EmptyBottle","conspire:Boomerang","MutagenicStrength","Oddly Smooth Stone","hubris:ToyBattleship","Dota2Spire:Vanguard","downfall:HeartBlessingRed","downfall:HeartBlessingGreen","downfall:HeartBlessingBlue","Boot","REME_HandOfSuture","conspire:Dentures"],"acts_visited":["Exordium","TheCity","TheBeyond","TheEnding"],"potions_floor_usage":[56,56],"damage_taken":[{"damage":0.0,"enemies":"Cultist","floor":2.0,"turns":1.0},{"damage":0.0,"enemies":"Jaw Worm","floor":3.0,"turns":1.0},{"damage":0.0,"enemies":"downfall:FleeingMerchant","floor":4.0,"turns":1.0},{"damage":13.0,"enemies":"conspire:MimicChest","floor":6.0,"turns":6.0},{"damage":0.0,"enemies":"2 Louse","floor":8.0,"turns":2.0},{"damage":6.0,"enemies":"Gremlin Nob","floor":10.0,"turns":3.0},{"damage":0.0,"enemies":"2 Fungi Beasts","floor":12.0,"turns":3.0},{"damage":0.0,"enemies":"Exordium Wildlife","floor":14.0,"turns":2.0},{"damage":0.0,"enemies":"Large Slime","floor":15.0,"turns":2.0},{"damage":31.0,"enemies":"DF_ARCHETYPE_STREAMLINE","floor":16.0,"turns":5.0},{"damage":0.0,"enemies":"Chosen","floor":19.0,"turns":3.0},{"damage":0.0,"enemies":"downfall:FleeingMerchant","floor":21.0,"turns":4.0},{"damage":0.0,"enemies":"3 Byrds","floor":22.0,"turns":2.0},{"damage":0.0,"enemies":"Cultist and Chosen","floor":23.0,"turns":2.0},{"damage":0.0,"enemies":"Chosen and Byrds","floor":25.0,"turns":1.0},{"damage":0.0,"enemies":"Slavers","floor":27.0,"turns":1.0},{"damage":0.0,"enemies":"Centurion and Healer","floor":28.0,"turns":1.0},{"damage":0.0,"enemies":"downfall:FleeingMerchant","floor":29.0,"turns":1.0},{"damage":0.0,"enemies":"Shelled Parasite and Fungi","floor":30.0,"turns":1.0},{"damage":0.0,"enemies":"downfall:Augmenter","floor":31.0,"turns":1.0},{"damage":3.0,"enemies":"Snake Plant","floor":32.0,"turns":1.0},{"damage":0.0,"enemies":"WA_ARCHETYPE_CALM","floor":33.0,"turns":1.0},{"damage":3.0,"enemies":"3 Shapes","floor":36.0,"turns":1.0},{"damage":0.0,"enemies":"Orb Walker","floor":37.0,"turns":1.0},{"damage":0.0,"enemies":"3 Darklings","floor":38.0,"turns":1.0},{"damage":0.0,"enemies":"Sphere and 2 Shapes","floor":39.0,"turns":2.0},{"damage":0.0,"enemies":"Reptomancer","floor":40.0,"turns":1.0},{"damage":0.0,"enemies":"Giant Head","floor":42.0,"turns":1.0},{"damage":0.0,"enemies":"Maw","floor":44.0,"turns":1.0},{"damage":0.0,"enemies":"Reptomancer","floor":45.0,"turns":1.0},{"damage":0.0,"enemies":"Transient","floor":46.0,"turns":2.0},{"damage":0.0,"enemies":"Giant Head","floor":47.0,"turns":2.0},{"damage":3.0,"enemies":"Spire Growth","floor":49.0,"turns":1.0},{"damage":0.0,"enemies":"IC_BLOCK_ARCHETYPE","floor":50.0,"turns":1.0},{"damage":0.0,"enemies":"downfall:CharBossMerchant","floor":52.0,"turns":1.0},{"damage":3,"enemies":"downfall:NeowBoss","floor":55,"turns":3},{"damage":3,"enemies":"downfall:NeowBossFinal","floor":56,"turns":3}],"seed_played":"-9148477513610777750","potions_obtained":[{"floor":6.0,"key":"SpeedPotion"},{"floor":8.0,"key":"bronze:BuildAFunctionPotion"},{"floor":12.0,"key":"SpeedPotion"},{"floor":15.0,"key":"BlessingOfTheForge"},{"floor":16.0,"key":"AttackPotion"},{"floor":22.0,"key":"DuplicationPotion"},{"floor":23.0,"key":"Slimebound:ThreeZeroPotion"},{"floor":30.0,"key":"EssenceOfSteel"},{"floor":37.0,"key":"DuplicationPotion"}],"is_trial":false,"path_per_floor":["R","M","M","$","?","?","T","M","R","E","?","M","R","M","M","B",null,"R","M","?","$","M","M","T","M","$","E","M","$","M","?","M","B",null,"R","M","M","M","M","E","T","E","R","M","E","M","E","?","M","B",null,"E","$","R","B","B",null],"character_chosen":"THE_AUTOMATON","items_purchased":["bronze:InfiniteBeams","REME_BattleFury","DollysMirror","bronze:DecasWashers","Blood Vial","REME_PuzzleBox","hubris:EmptyBottle","conspire:Boomerang","bronze:InfiniteBeams","Jack Of All Trades"],"campfire_rested":1,"item_purchase_floors":[4,21,21,26,26,29,29,29,53,53],"current_hp_per_floor":[70,70,70,70,70,57,57,57,57,57,36,36,57,57,57,45,70,70,70,70,70,70,70,70,70,44,70,70,70,70,70,67,69,70,70,67,69,70,70,70,70,70,80,80,80,80,80,80,77,79,80,80,80,80,77,76],"gold":13,"neow_bonus":"THREE_ENEMY_KILL","is_daily":false,"chose_seed":false,"campfire_upgraded":5,"win_rate":0.0,"timestamp":1611400517,"path_taken":["R","M","M","?","?","?","T","M","R","E","?","M","R","M","M","BOSS","R","M","?","$","M","M","T","?","?","E","M","$","M","?","M","BOSS","R","M","M","M","M","E","T","E","R","M","E","M","E","?","M","BOSS","E","$","R","BOSS","BOSS"],"items_purchased_type":["Card","Card","Relic","Relic","Relic","Card","Relic","Relic","Card","Card"],"build_version":"2020-12-22","purchased_purges":1,"victory":true,"max_hp_per_floor":[70,70,70,70,70,70,70,70,70,70,70,70,70,70,70,70,70,70,70,70,70,70,70,70,70,70,70,70,70,70,70,70,70,70,70,70,70,70,70,70,70,70,80,80,80,80,80,80,80,80,80,80,80,80,80,80],"card_choices":[{"not_picked":["bronze:BronzeArmor","bronze:Iterate"],"picked":"bronze:WhirlingStrike","floor":2.0},{"not_picked":["bronze:BuggyMess","bronze:ClassDefault"],"picked":"bronze:NullPointer","floor":3.0},{"not_picked":["bronze:ItsAFeature","bronze:BuggyMess","bronze:CloningBeam"],"picked":"SKIP","floor":4.0},{"not_picked":["bronze:Frontload","bronze:FineTuning"],"picked":"bronze:Branch","floor":6.0},{"not_picked":["bronze:WildBeam","bronze:OilSpill","bronze:CloningBeam"],"picked":"SKIP","floor":8.0},{"not_picked":["bronze:ChildClass","bronze:DelayedGuard"],"picked":"bronze:FollowUp","floor":10.0},{"not_picked":["bronze:Frontload","bronze:ThunderWave"],"picked":"bronze:Shield","floor":12.0},{"not_picked":["bronze:Overload","bronze:Safeguard","bronze:Constructor"],"picked":"SKIP","floor":14.0},{"not_picked":["bronze:OilSpill","bronze:BugBarrage"],"picked":"bronze:DelayedSlice","floor":15.0},{"not_picked":["bronze:Break","bronze:Library"],"picked":"bronze:InfiniteLoop","floor":16.0},{"not_picked":["bronze:Separator","bronze:Deprecate"],"picked":"bronze:Backtrace+1","floor":19.0},{"not_picked":["bronze:DelayedGuard","bronze:Turbo+1"],"picked":"bronze:Frontload+1","floor":21.0},{"not_picked":["bronze:BugBarrage","bronze:ChosenStrike"],"picked":"bronze:ForceShield","floor":22.0},{"not_picked":["bronze:BitShift+1","bronze:Separator","bronze:Constructor"],"picked":"SKIP","floor":23.0},{"not_picked":["bronze:Iterate+1","bronze:Invalidate+1"],"picked":"bronze:Boost+1","floor":25.0},{"not_picked":["bronze:BronzeArmor","bronze:Separator","bronze:Overload"],"picked":"SKIP","floor":27.0},{"not_picked":["bronze:BugBarrage","bronze:Invalidate"],"picked":"bronze:Separator","floor":28.0},{"not_picked":["bronze:ThunderWave","bronze:WildBeam+1"],"picked":"bronze:Separator+1","floor":29.0},{"not_picked":["bronze:Refactor","bronze:Turbo+1"],"picked":"bronze:Boost","floor":30.0},{"not_picked":[],"picked":"J.A.X.","floor":31.0},{"not_picked":["bronze:Iterate","bronze:Constructor","bronze:BugBarrage"],"picked":"SKIP","floor":32.0},{"not_picked":["bronze:CleanCode","bronze:SpaghettiCode"],"picked":"bronze:AlphaBuild","floor":33.0},{"not_picked":["bronze:BuggyMess+1","bronze:Iterate+1"],"picked":"bronze:DigitalCarnage+1","floor":36.0},{"not_picked":["bronze:DarkDash+1","bronze:BuggyMess+1"],"picked":"bronze:ForceShield+1","floor":37.0},{"not_picked":["bronze:DarkDash","bronze:Deprecate+1","bronze:Constructor"],"picked":"SKIP","floor":38.0},{"not_picked":["bronze:DarkDash+1","bronze:DelayedGuard+1"],"picked":"bronze:Separator+1","floor":39.0},{"not_picked":["bronze:OilSpill+1","bronze:MaxOutput"],"picked":"bronze:Overheat+1","floor":40.0},{"not_picked":["bronze:OilSpill+1","bronze:Deprecate"],"picked":"bronze:InfiniteLoop","floor":42.0},{"not_picked":["bronze:Frontload","bronze:Overload+1"],"picked":"bronze:Overheat","floor":44.0},{"not_picked":["bronze:DelayedSlice","bronze:Repair"],"picked":"bronze:Separator","floor":45.0},{"not_picked":["bronze:FineTuning+1","bronze:Optimize"],"picked":"bronze:Invalidate+1","floor":46.0},{"not_picked":["bronze:Overload","bronze:BurnOut"],"picked":"bronze:ForceShield+1","floor":47.0},{"not_picked":["bronze:BuggyMess+1","bronze:WildBeam"],"picked":"bronze:Branch+1","floor":49.0},{"not_picked":["bronze:WildBeam+1","bronze:Philosophize"],"picked":"bronze:ItsAFeature+1","floor":52.0}],"player_experience":552710,"relics_obtained":[{"floor":6.0,"key":"Dota2Spire:Satanic"},{"floor":7.0,"key":"Dota2Spire:OrchidMalevolence"},{"floor":10.0,"key":"Dota2Spire:PowerTreads"},{"floor":27.0,"key":"bronze:ProtectiveGoggles"},{"floor":31.0,"key":"MutagenicStrength"},{"floor":40.0,"key":"Oddly Smooth Stone"},{"floor":41.0,"key":"hubris:ToyBattleship"},{"floor":42.0,"key":"Dota2Spire:Vanguard"},{"floor":45.0,"key":"Boot"},{"floor":47.0,"key":"REME_HandOfSuture"},{"floor":52.0,"key":"conspire:Dentures"}],"event_choices":[{"damage_healed":0.0,"max_hp_gain":0.0,"max_hp_loss":0.0,"gold_gain":0.0,"event_name":"conspire:Investor","player_choice":"Leave","floor":48.0,"gold_loss":0.0,"damage_taken":0.0}],"is_beta":false,"boss_relics":[{"not_picked":["hubris:HollowSoul","REME_DuelDisc"],"picked":"hubris:BlackHole"},{"not_picked":["hubris:GrandSneckoEye","hubris:RunicObelisk","Fusion Hammer"]}],"items_purged_floors":[29],"is_endless":false,"potions_floor_spawned":[6,8,12,15,16,19,22,23,30,32,36,37,39,45,46],"ascension_level":4}}