{"host":"qm4rv4rkpk76sbxu","time":1611431162,"event":{"mods":["BaseMod","Bestiary","Block Reminder","DeckTracker","Filter the Spire","Keyboard Shortcuts","Minty Spire (QoL Compilation)","MonsterHotkey","Quick Restart","Random Character Button","Relic Stats","Slay-I","StSLib","Unceasing Turn Reminder","ojb\u0027s Better Paths Mod","ojb\u0027s Info Mod"],"gold_per_floor":[119,138,50,50,0,19,19,35,35,46,46,62,75,89,89,89,89],"floor_reached":16,"language":"ENG","playtime":355,"items_purged":[],"score":96,"play_id":"e3465384-9714-4461-bfb6-77319073b793","local_time":"20210123204602","is_ascension_mode":false,"campfire_choices":[{"data":"Eruption","floor":7,"key":"SMITH"},{"data":"Tantrum","floor":11,"key":"SMITH"},{"data":"Worship","floor":15,"key":"SMITH"}],"circlet_count":0,"master_deck":["Strike_P","Strike_P","Strike_P","Strike_P","Defend_P","Defend_P","Defend_P","Eruption+1","Vigilance+1","Tantrum+1","Panacea","Consecrate","FlurryOfBlows","Worship+1"],"relics":["PureWater","MealTicket"],"acts_visited":["Exordium"],"potions_floor_usage":[6,10,16],"damage_taken":[{"damage":1,"enemies":"Cultist","floor":1,"turns":4},{"damage":0,"enemies":"2 Louse","floor":2,"turns":2},{"damage":0,"enemies":"Jaw Worm","floor":6,"turns":1},{"damage":0,"enemies":"Exordium Wildlife","floor":8,"turns":3},{"damage":11,"enemies":"Gremlin Gang","floor":10,"turns":2},{"damage":7,"enemies":"Blue Slaver","floor":12,"turns":2},{"damage":11,"enemies":"Lots of Slimes","floor":13,"turns":2},{"damage":11,"enemies":"Large Slime","floor":14,"turns":4},{"damage":30,"enemies":"The Guardian","floor":16,"turns":4}],"seed_played":"1624404695900561365","potions_obtained":[{"floor":0,"key":"LiquidBronze"},{"floor":0,"key":"SmokeBomb"},{"floor":0,"key":"Swift Potion"},{"floor":1,"key":"Fire Potion"},{"floor":12,"key":"FearPotion"},{"floor":14,"key":"Explosive Potion"}],"is_trial":false,"path_per_floor":["M","M","$","?","?","M","R","M","T","M","R","M","M","M","R","B"],"character_chosen":"WATCHER","items_purchased":["Panacea"],"campfire_rested":0,"item_purchase_floors":[3],"current_hp_per_floor":[71,71,71,57,57,57,57,57,57,46,46,39,28,17,17,0,0],"gold":89,"neow_bonus":"THREE_SMALL_POTIONS","is_daily":false,"chose_seed":false,"campfire_upgraded":3,"win_rate":0.0,"timestamp":1611431162,"path_taken":["M","M","?","?","?","M","R","M","T","M","R","?","?","M","R","BOSS"],"items_purchased_type":["Card"],"build_version":"2020-12-22","purchased_purges":0,"victory":false,"max_hp_per_floor":[72,72,72,72,72,72,72,72,72,72,72,72,72,72,72,72,72],"relic_stats":{"counters":[9,24],"MealTicket":0,"obtain_stats":[{"MealTicket":9,"PureWater":0},{"MealTicket":4,"PureWater":0},{"MealTicket":10,"PureWater":0}]},"card_choices":[{"not_picked":["CrushJoints","Evaluate"],"picked":"Tantrum","floor":1},{"not_picked":["SashWhip","ClearTheMind","Wish"],"picked":"SKIP","floor":2},{"not_picked":["Crescendo","EmptyBody","FlyingSleeves"],"picked":"SKIP","floor":6},{"not_picked":["ThirdEye","FollowUp"],"picked":"Consecrate","floor":8},{"not_picked":["SandsOfTime","Study","Indignation"],"picked":"SKIP","floor":10},{"not_picked":["Swivel","EmptyBody"],"picked":"FlurryOfBlows","floor":12},{"not_picked":["Study","PathToVictory"],"picked":"Worship","floor":13},{"not_picked":["Tantrum","Vengeance","ClearTheMind"],"picked":"SKIP","floor":14}],"player_experience":1386577,"relics_obtained":[{"floor":9,"key":"MealTicket"}],"event_choices":[{"damage_healed":0,"gold_gain":0,"player_choice":"Entered Light","damage_taken":14,"max_hp_gain":0,"max_hp_loss":0,"event_name":"Shining Light","floor":4,"gold_loss":0,"cards_upgraded":["Vigilance","Defend_P"]},{"cards_removed":["Defend_P"],"damage_healed":0,"gold_gain":0,"player_choice":"Card Removal","damage_taken":0,"max_hp_gain":0,"max_hp_loss":0,"event_name":"The Cleric","floor":5,"gold_loss":50}],"is_beta":false,"boss_relics":[],"items_purged_floors":[],"is_endless":false,"potions_floor_spawned":[1,12,14],"killed_by":"The Guardian","ascension_level":0}}