{"host":"rs1c3lkx7vj3kohb","time":1611425104,"event":{"mods":["Act Like it!","BaseMod","BetterRewards","Chen","Colored Map","Colored Powertips","Downfall","Friendly Minions","Gensokyo","Gremlin Mod","Hermit","Hero for Fun","KinomotoSakuraMod(木之本樱)","Koishi","KomeijiMod","LagranYue(拉格朗・月)","Luminous","Marisa（F雨　魔理沙）","Minty Spire (QoL Compilation)","Onozuka Komachi Mod","Prisma Mod","Quick Restart","Reimu（博丽灵梦）","Remilia（蕾米莉亚）","SOS（斯巴达之子）","Shop Mod","StSLib","The Administrix","The Alterego","The Cursed","The Senshi","The Servant 0.9.4","Waifu the Spire","WarShipGirlsR/战舰少女R mod","Yakumo Yukari mod","Yohane!","Youmu（魂魄妖梦）","Yuri Mod","Yuyuko"],"gold_per_floor":[179,194,210,210,223,223,256,268,291,307,307,307,333,345,345,441,441,459,459,473,35,48,75,88,88,88,88,188,207,222,232,232,332,332,342,42,57,57,76,76,106,118,118,79,72,104,104,132,132,132],"floor_reached":51,"language":"ZHS","playtime":4435,"items_purged":["Defend_Remirira","Strike_Remiria"],"score":823,"play_id":"ad0c6e47-a72e-4dae-94fd-8c9e89a759d4","local_time":"20210124020504","is_ascension_mode":false,"campfire_choices":[{"data":"DamonLordCradle_Remiria","floor":6.0,"key":"SMITH"},{"floor":11.0,"key":"REST"},{"data":"ThirstForBlood","floor":15.0,"key":"SMITH"},{"data":"BloodCoagulation","floor":25,"key":"SMITH"},{"data":"BathedInBlood","floor":27,"key":"SMITH"},{"data":"DemonsDinnerFork_Remiria","floor":32,"key":"SMITH"},{"data":"MillenniumVampire","floor":40,"key":"SMITH"},{"data":"HeartBreak_Remiria","floor":47,"key":"SMITH"},{"data":"DemonsDinnerFork_Remiria","floor":49,"key":"SMITH"}],"circlet_count":0,"master_deck":["Strike_Remiria","Strike_Remiria","Strike_Remiria","Defend_Remirira","Defend_Remirira","Defend_Remirira","Absorbed","Scratch","DoubleEdge","BloodyMagicSquare+1","DamonLordCradle_Remiria+1","RocketKickup","BloodSurge","DoubleEdge+1","NaturallyHealing","BodyStrengthen","YoungDemonLord","ServantFlier","ThirstForBlood+1","AllTheWorldInNightmare","PartStrengthen","BathedInBlood+1","MillenniumVampire+1","Master of Strategy","BodyStrengthen","BodyStrengthen+1","DemonsDinnerFork_Remiria+1","BloodCleaner+1","DemonsDinnerFork_Remiria+1","FateSonata","RedtheNightlessCastle","TrickFate+1","DemonsDinnerFork_Remiria+1","Feint+1","DoubleEdge","Feint","ChainGang","Feint+1","HeartBreak_Remiria+1","VampireKiss_Remiria+1"],"relics":["ThirstyCrossSpe","LagranYue:RandomDrawCardRelic","RuthlessExorcism:ReiMu","Mummified Hand","Thread and Needle","Bird Faced Urn","Vajra","ScarletDevilRocket","Potion Belt","LagranYue:ContractPerformanceRelic","Lantern","AntiCross","Mango","FossilizedHelix","Coffee Dripper","NitorisBag","Chemical X","PreservedInsect","HornCleat","Blue Candle","Regal Pillow"],"acts_visited":["Exordium","Gensokyo:Gensokyoer","Gensokyo:Gensokyoest"],"potions_floor_usage":[24,50,50],"damage_taken":[{"damage":0.0,"enemies":"Small Slimes","floor":1.0,"turns":2.0},{"damage":0.0,"enemies":"Cultist","floor":2.0,"turns":3.0},{"damage":0.0,"enemies":"2 Louse","floor":3.0,"turns":1.0},{"damage":0.0,"enemies":"2 Fungi Beasts","floor":5.0,"turns":3.0},{"damage":35.0,"enemies":"Gremlin Nob","floor":7.0,"turns":5.0},{"damage":0.0,"enemies":"Lots of Slimes","floor":8.0,"turns":3.0},{"damage":0.0,"enemies":"Blue Slaver","floor":10.0,"turns":4.0},{"damage":6.0,"enemies":"3 Sentries","floor":13.0,"turns":5.0},{"damage":11.0,"enemies":"Exordium Thugs","floor":14.0,"turns":3.0},{"damage":65.0,"enemies":"Hexaghost","floor":16.0,"turns":9.0},{"damage":0.0,"enemies":"Gensokyo:2_Gloops","floor":18.0,"turns":5.0},{"damage":19,"enemies":"Gensokyo:AngelMirror","floor":20,"turns":4},{"damage":9,"enemies":"Gensokyo:Slime_Group","floor":22,"turns":5},{"damage":12,"enemies":"Gensokyo:Reisen","floor":23,"turns":6},{"damage":3,"enemies":"Gensokyo:Swordslinger","floor":24,"turns":4},{"damage":30,"enemies":"Gensokyo:Swordslinger","floor":28,"turns":5},{"damage":12,"enemies":"Gensokyo:Wraith","floor":29,"turns":5},{"damage":3,"enemies":"Gensokyo:Slime_Group","floor":30,"turns":4},{"damage":12,"enemies":"Gensokyo:Chomper_and_Gloop","floor":31,"turns":5},{"damage":29,"enemies":"Gensokyo:Eiki","floor":33,"turns":6},{"damage":11,"enemies":"Gensokyo:3_Boulders","floor":35,"turns":4},{"damage":6,"enemies":"Gensokyo:AncientGuardian","floor":37,"turns":3},{"damage":0,"enemies":"Gensokyo:3_Boulders","floor":39,"turns":1},{"damage":9,"enemies":"Gensokyo:Doremy","floor":41,"turns":4},{"damage":0,"enemies":"Gensokyo:AtlasGolem","floor":42,"turns":3},{"damage":10,"enemies":"Gensokyo:SeedOfUnknown","floor":45,"turns":3},{"damage":21,"enemies":"Gensokyo:Kasen","floor":46,"turns":4},{"damage":26,"enemies":"Gensokyo:Marisa","floor":48,"turns":4},{"damage":13,"enemies":"Gensokyo:Shinki","floor":50,"turns":5}],"seed_played":"3853490655166197903","potions_obtained":[{"floor":2.0,"key":"SteroidPotion"},{"floor":3.0,"key":"AttackPotion"},{"floor":7.0,"key":"Strength Potion"},{"floor":14.0,"key":"FairyPotion"},{"floor":16.0,"key":"GrandPatriotsElixir:ReiMu"},{"floor":22,"key":"AttackPotion"},{"floor":24,"key":"Strength Potion"},{"floor":46,"key":"GrandPatriotsElixir:ReiMu"}],"is_trial":false,"path_per_floor":["M","M","M","?","M","R","E","M","T","M","R","?","E","M","R","B",null,"M","?","M","$","M","E","M","R","T","R","?","M","M","M","R","B",null,"M","COS","M","?","M","R","E","M","T","$","M","E","R","E","R","B",null],"character_chosen":"RemiriaScarlet","items_purchased":["RuthlessExorcism:ReiMu","Mummified Hand","DoubleEdge","BloodyMagicSquare","FastHealing","MillenniumVampire","Master of Strategy","ChainGang"],"campfire_rested":1,"item_purchase_floors":[0,0,0,0,0,21,21,44],"current_hp_per_floor":[47,47,47,47,49,49,20,22,22,24,54,34,39,33,33,9,100,100,100,88,88,100,100,100,100,100,100,114,114,114,109,109,114,114,110,110,114,114,114,114,108,113,113,113,112,114,114,106,106,114],"gold":132,"neow_bonus":"","is_daily":false,"chose_seed":false,"campfire_upgraded":8,"win_rate":0.0,"timestamp":1611425104,"path_taken":["M","M","M","?","?","R","E","M","T","M","R","?","E","M","R","BOSS","M","?","M","$","?","E","M","R","T","R","?","M","M","M","R","BOSS","M","COS","M","?","M","R","E","?","T","?","M","E","R","E","R","BOSS"],"items_purchased_type":["Relic","Relic","Card","Card","Card","Card","Card","Card"],"build_version":"2020-12-22","purchased_purges":2,"victory":true,"max_hp_per_floor":[100,100,100,100,100,100,100,100,100,100,100,100,100,100,100,100,100,100,100,100,100,100,100,100,100,100,100,114,114,114,114,114,114,114,114,114,114,114,114,114,114,114,114,114,114,114,114,114,114,114],"card_choices":[{"not_picked":["ThePrice","FateEnsemble"],"picked":"DamonLordCradle_Remiria","floor":1.0},{"not_picked":["BodyStrengthen","YoungDemonLord"],"picked":"RocketKickup","floor":2.0},{"not_picked":["CruelSlaughter","DoubleEdge"],"picked":"BloodSurge","floor":3.0},{"not_picked":["FastHealing","Feint"],"picked":"DoubleEdge","floor":5.0},{"not_picked":["Impregnable","ScarletDestiny"],"picked":"NaturallyHealing","floor":7.0},{"not_picked":["ChainGang","DoubleEdge"],"picked":"BodyStrengthen","floor":8.0},{"not_picked":["TricksterDevil","TrickFate"],"picked":"YoungDemonLord","floor":10.0},{"not_picked":["StigmaNizer","Warpath"],"picked":"ServantFlier","floor":13.0},{"not_picked":["ScarletNetherworld","FierceSweep"],"picked":"ThirstForBlood","floor":14.0},{"not_picked":["BombardNight","FitfulNightmare"],"picked":"AllTheWorldInNightmare","floor":16.0},{"not_picked":["BloodCollect","RocketKickup"],"picked":"PartStrengthen","floor":18.0},{"not_picked":["Tepes","TrickFate"],"picked":"BathedInBlood","floor":20},{"not_picked":["DamonLordCradle_Remiria","BloodySuit","Warpath"],"picked":"SKIP","floor":22},{"not_picked":["CruelSlaughter","ThePrice+1","TricksterDevil"],"picked":"SKIP","floor":23},{"not_picked":["FierceSweep","SealingFear"],"picked":"BodyStrengthen","floor":24},{"not_picked":["FierceSweep","BloodSurge"],"picked":"BodyStrengthen+1","floor":28},{"not_picked":["RedMagic","RocketKickup+1"],"picked":"DemonsDinnerFork_Remiria","floor":29},{"not_picked":["Feint","ServantFlier"],"picked":"BloodCleaner+1","floor":30},{"not_picked":["BloodPact","Warpath+1"],"picked":"DemonsDinnerFork_Remiria","floor":31},{"not_picked":["ScarletDestiny","FitfulNightmare"],"picked":"RedtheNightlessCastle","floor":33},{"not_picked":["TricksterDevil","StigmaNizer+1"],"picked":"TrickFate+1","floor":35},{"not_picked":["Exsanguinate","ChainGang","FierceSweep+1"],"picked":"SKIP","floor":37},{"not_picked":["SealingFear+1","PartStrengthen+1"],"picked":"DemonsDinnerFork_Remiria+1","floor":39},{"not_picked":["BloodCleaner+1","Warpath+1"],"picked":"Feint+1","floor":41},{"not_picked":["BloodySuit","FastHealing"],"picked":"Feint","floor":42},{"not_picked":["BloodCleaner+1","BloodySuit+1"],"picked":"Feint+1","floor":45},{"not_picked":["FateMeister","BathedInBlood+1"],"picked":"HeartBreak_Remiria","floor":46},{"not_picked":["ChainGang","DamonLordCradle_Remiria"],"picked":"VampireKiss_Remiria+1","floor":48}],"player_experience":386233,"relics_obtained":[{"floor":7.0,"key":"Vajra"},{"floor":9.0,"key":"ScarletDevilRocket"},{"floor":13.0,"key":"Potion Belt"},{"floor":23,"key":"Lantern"},{"floor":26,"key":"AntiCross"},{"floor":28,"key":"Mango"},{"floor":28,"key":"FossilizedHelix"},{"floor":41,"key":"PreservedInsect"},{"floor":43,"key":"HornCleat"},{"floor":46,"key":"Blue Candle"},{"floor":48,"key":"Regal Pillow"}],"event_choices":[{"damage_healed":0.0,"max_hp_gain":0.0,"max_hp_loss":0.0,"gold_gain":0.0,"event_name":"WeMeetAgain","player_choice":"Gave Potion","floor":4.0,"gold_loss":0.0,"damage_taken":0.0,"relics_obtained":["Bird Faced Urn"]},{"damage_healed":0.0,"max_hp_gain":0.0,"max_hp_loss":0.0,"gold_gain":0.0,"event_name":"Shining Light","player_choice":"Entered Light","floor":12.0,"gold_loss":0.0,"damage_taken":20.0,"cards_upgraded":["BloodyMagicSquare","DoubleEdge"]}],"is_beta":false,"boss_relics":[{"not_picked":["bronze:MakeshiftBattery","SacredBark"],"picked":"LagranYue:ContractPerformanceRelic"},{"not_picked":["Runic Pyramid","Pandora\u0027s Box"],"picked":"Coffee Dripper"}],"items_purged_floors":[0,21],"is_endless":false,"potions_floor_spawned":[2,3,7,14,16,22,24,30,39,46,48],"ascension_level":0}}