{"host":"9l4mw5jqza9qz9hr","time":1611410573,"event":{"mods":["AchievementEnabler","Always Whale","BaseMod","Colored Map","Minty Spire (QoL Compilation)","StSLib","SuperFastMode"],"gold_per_floor":[118,134,134,134,158,158,183,183,263,284,305,149,164,185,185,305,305,296,316,135,151,151,250,275,275,299,334,359,382,121,141,141,141,141],"floor_reached":33,"language":"KOR","playtime":1221,"items_purged":["Strike_G","Strike_G","Strike_G"],"score":514,"play_id":"be3f70c8-003f-499e-a6f8-156c651cb3dd","local_time":"20210123230253","is_ascension_mode":true,"campfire_choices":[{"data":"Blade Dance","floor":6,"key":"SMITH"},{"data":"Neutralize","floor":8,"key":"SMITH"},{"data":"Accuracy","floor":15,"key":"SMITH"},{"data":"Cloak And Dagger","floor":25,"key":"SMITH"},{"floor":32,"key":"REST"}],"circlet_count":0,"master_deck":["AscendersBane","Strike_G","Strike_G","Defend_G+1","Defend_G","Defend_G","Defend_G","Defend_G+1","Survivor","Neutralize+1","Dagger Throw","Cloak And Dagger+1","Riddle With Holes","Blade Dance+1","Masterful Stab","Poisoned Stab","Deflect+1","Calculated Gamble+1","Prepared+1","Accuracy+1","Adrenaline+1","CurseOfTheBell","Acrobatics+1","PiercingWail+1","Tactician+1","Ghostly+1","Ghostly+1","Ghostly+1","Ghostly+1","Ghostly+1","Footwork","Caltrops","Backflip+1","Cloak And Dagger+1","After Image"],"relics":["Ring of the Snake","NeowsBlessing","Golden Idol","Toxic Egg 2","Calling Bell","TungstenRod","Singing Bowl","War Paint","Nunchaku","Dream Catcher"],"acts_visited":["Exordium","TheCity"],"potions_floor_usage":[7,13,16,21,27,28,33],"damage_taken":[{"damage":0,"enemies":"Cultist","floor":1,"turns":1},{"damage":0,"enemies":"Jaw Worm","floor":2,"turns":1},{"damage":0,"enemies":"Small Slimes","floor":5,"turns":1},{"damage":7,"enemies":"Gremlin Gang","floor":7,"turns":4},{"damage":0,"enemies":"Red Slaver","floor":10,"turns":3},{"damage":1,"enemies":"Blue Slaver","floor":11,"turns":3},{"damage":0,"enemies":"3 Louse","floor":13,"turns":2},{"damage":0,"enemies":"Exordium Wildlife","floor":14,"turns":2},{"damage":41,"enemies":"Hexaghost","floor":16,"turns":10},{"damage":20,"enemies":"2 Thieves","floor":18,"turns":4},{"damage":14,"enemies":"Chosen","floor":19,"turns":5},{"damage":6,"enemies":"Snake Plant","floor":21,"turns":4},{"damage":4,"enemies":"Centurion and Healer","floor":24,"turns":8},{"damage":0,"enemies":"Gremlin Leader","floor":27,"turns":7},{"damage":10,"enemies":"Chosen and Byrds","floor":28,"turns":6},{"damage":5,"enemies":"Snake Plant","floor":29,"turns":6},{"damage":10,"enemies":"Sentry and Sphere","floor":31,"turns":7},{"damage":27,"enemies":"Collector","floor":33,"turns":16}],"seed_played":"4012167733197675506","potions_obtained":[{"floor":2,"key":"Poison Potion"},{"floor":5,"key":"BlessingOfTheForge"},{"floor":7,"key":"Fire Potion"},{"floor":13,"key":"Fruit Juice"},{"floor":16,"key":"CultistPotion"},{"floor":18,"key":"Weak Potion"},{"floor":24,"key":"BlessingOfTheForge"},{"floor":27,"key":"Regen Potion"},{"floor":31,"key":"CunningPotion"}],"is_trial":false,"path_per_floor":["M","M","?","?","M","R","M","R","T","M","M","$","M","M","R","B",null,"M","M","$","M","?","?","M","R","T","E","M","M","$","M","R","B"],"character_chosen":"THE_SILENT","items_purchased":["Calculated Gamble+1","Tactician+1","After Image"],"campfire_rested":1,"item_purchase_floors":[12,20,30],"current_hp_per_floor":[63,63,63,63,63,63,56,56,56,56,55,55,55,55,55,19,57,37,23,23,19,19,19,15,15,15,15,20,15,15,7,20,0,0],"gold":141,"neow_bonus":"THREE_ENEMY_KILL","is_daily":false,"chose_seed":false,"campfire_upgraded":4,"win_rate":0.0,"timestamp":1611410573,"path_taken":["M","?","?","?","M","R","?","R","T","M","M","?","M","M","R","BOSS","M","M","$","M","?","?","M","R","T","E","M","M","$","M","R","BOSS"],"items_purchased_type":["Card","Card","Card"],"build_version":"2020-12-22","purchased_purges":3,"victory":false,"max_hp_per_floor":[70,70,65,65,65,65,65,65,65,65,65,65,65,65,65,70,70,70,70,70,72,36,36,36,36,36,36,36,36,36,38,40,40,40],"card_choices":[{"not_picked":["Predator","Dodge and Roll"],"picked":"Dagger Throw","floor":1},{"not_picked":["Blur","Outmaneuver"],"picked":"Cloak And Dagger","floor":2},{"not_picked":["PiercingWail","Caltrops"],"picked":"Blade Dance","floor":5},{"not_picked":["Sucker Punch","Predator"],"picked":"Masterful Stab","floor":7},{"not_picked":["Dash","Underhanded Strike"],"picked":"Poisoned Stab","floor":10},{"not_picked":["Outmaneuver+1","Underhanded Strike"],"picked":"Deflect+1","floor":11},{"not_picked":["Leg Sweep+1","Choke"],"picked":"Prepared+1","floor":13},{"not_picked":["Dash","Dodge and Roll+1"],"picked":"Accuracy","floor":14},{"not_picked":["Glass Knife","Corpse Explosion+1"],"picked":"Adrenaline+1","floor":16},{"not_picked":["Flying Knee","Endless Agony"],"picked":"Acrobatics+1","floor":18},{"not_picked":["Heel Hook","Escape Plan+1"],"picked":"PiercingWail+1","floor":19},{"not_picked":["Bane","Backstab","Quick Slash"],"picked":"Singing Bowl","floor":21},{"not_picked":["Outmaneuver+1","Dodge and Roll+1"],"picked":"Footwork","floor":24},{"not_picked":["Prepared+1","Endless Agony"],"picked":"Caltrops","floor":27},{"not_picked":["Choke","Tactician+1"],"picked":"Backflip+1","floor":28},{"not_picked":["Quick Slash","Escape Plan+1"],"picked":"Cloak And Dagger+1","floor":29},{"not_picked":["Setup+1","Bane","A Thousand Cuts"],"picked":"Singing Bowl","floor":31},{"not_picked":["Dagger Spray","Backstab","Outmaneuver+1"],"picked":"Singing Bowl","floor":32}],"player_experience":237790,"relics_obtained":[{"floor":9,"key":"Toxic Egg 2"},{"floor":17,"key":"TungstenRod"},{"floor":17,"key":"Singing Bowl"},{"floor":17,"key":"War Paint"},{"floor":26,"key":"Nunchaku"},{"floor":27,"key":"Dream Catcher"}],"event_choices":[{"damage_healed":0,"gold_gain":0,"player_choice":"Lose Max HP","damage_taken":0,"relics_obtained":["Golden Idol"],"max_hp_gain":0,"max_hp_loss":5,"event_name":"Golden Idol","floor":3,"gold_loss":0},{"damage_healed":0,"gold_gain":0,"player_choice":"1 cards matched","damage_taken":0,"max_hp_gain":0,"max_hp_loss":0,"event_name":"Match and Keep!","floor":4,"gold_loss":0,"cards_obtained":["Riddle With Holes"]},{"damage_healed":0,"gold_gain":0,"player_choice":"Became a Ghost","damage_taken":0,"max_hp_gain":0,"max_hp_loss":36,"event_name":"Ghosts","floor":22,"gold_loss":0,"cards_obtained":["Ghostly","Ghostly","Ghostly","Ghostly","Ghostly"]},{"damage_healed":0,"gold_gain":99,"player_choice":"Stole From Cult","damage_taken":0,"max_hp_gain":0,"max_hp_loss":0,"event_name":"Nest","floor":23,"gold_loss":0}],"is_beta":false,"boss_relics":[{"not_picked":["Black Star","Ring of the Serpent"],"picked":"Calling Bell"}],"items_purged_floors":[12,20,30],"is_endless":false,"potions_floor_spawned":[2,5,7,13,16,18,24,27,31],"killed_by":"Collector","ascension_level":12}}