{"host":"kiepq204ejgahl1h","time":1611381321,"event":{"mods":["100% Spire Juice","ATMod(°¢èªMod)","Act Like it!","Aspiration","BaseMod","BetterRewards","Booster Modes","Colored Map","Colored Powertips","Conjunction","Conspire","Curses Come First","Dota2Spire","Energized Spire","GifTheSpireLib","Gold Saver","Halation","Hubris","Humility","Infinite Spire","Ironclad Rager","Jedi Mod","KinomotoSakuraMod(Ä¾Ö®±¾Ó£)","LagranYue(À­¸ñÀÊ¡¤ÔÂ)","Luminous","Marisa£¨ìFÓê¡¡Ä§ÀíÉ³£©","Minty Spire (QoL Compilation)","MostiFishMod","Pale of the Ancients","Prisma Mod","Quarter Circle Forward PUNCH!","Quick Restart","RRrroohrrRGHHhhh!!","Rare Cards Sparkle","Reimu£¨²©ÀöÁéÃÎ£©","Relic Stats","Remilia£¨ÀÙÃ×ÀòÑÇ£©","Replay The Spire","RumiaBox-Â¶Ã×æ«µÄÉñÃØºÐ×Ó","SIMod","SacredBarkPlus","Spikes Relics","Spires \u0026 Sneckos","StS++","StSLib","Stuff the Spire","TestMod","The Bug Knight","The Gatherer","The Servant 0.9.4","Virulent Crown","Yakumo Yukari mod","Youmu£¨»êÆÇÑýÃÎ£©","vexMod","¡¾ÒÅÎï¿¨ÅÆ¡¿REMEMod"],"gold_per_floor":[1258,1268,1281,857,870,900,900,916,943,957,982,982,1000,1028,1028,1124,1124,1142,1142,1161,1177,1177,1212,1212,1238,1238,1250,1004,1015,1026,1042,1042,1144,1144,1156,1156,1167,1167,1178,1213,1213,1213,1213,1263,1318,1352,1352,1366,1366,1366,1379,1390,1390,1390,1390,1401,1401,1482,1482,1482],"floor_reached":61,"language":"ZHS","playtime":2911,"items_purged":["Gatherer:Strike_Gatherer","Gatherer:Defend_Gatherer","Gatherer:Strike_Gatherer","conspire:GhostlyStrike","conspire:GhostlyDefend"],"score":1872,"play_id":"5e03024d-4866-43e0-a3fb-8879cc002522","local_time":"20210123135521","is_ascension_mode":false,"metric_token":3541,"campfire_choices":[{"data":"Apotheosis","floor":7,"key":"SMITH"},{"data":"conspire:GhostlyDefend","floor":15,"key":"PURGE"},{"data":"Creative AI","floor":24,"key":"SMITH"},{"floor":32,"key":"DIG"},{"data":"Gatherer:MiningStrike","floor":42,"key":"SMITH"},{"data":"Gatherer:Liquidism","floor":47,"key":"SMITH"},{"data":"Gatherer:ScrollOfPurity","floor":49,"key":"SMITH"},{"floor":55,"key":"RECALL"},{"data":"CommonCold","floor":57,"key":"SMITH"}],"circlet_count":0,"master_deck":["conspire:GhostlyStrike","conspire:GhostlyStrike","conspire:GhostlyDefend","conspire:GhostlyDefend","Gatherer:Centralize","Gatherer:FlowerWhip","AT_FamilyPortrait+1","MostiFishMod:OneDayCity","Gatherer:FlowerPower+2","Apotheosis+1","Gatherer:RottenStipe","Gatherer:Frenzy","Gatherer:FruitForce","Gatherer:Liquidism+1","Gatherer:FinishingStrike","Gatherer:FlowerFalling","Gatherer:MiningStrike+1","Gatherer:TacticalStrike","Gatherer:ScherryThrow","Creative AI+1","Gatherer:Snatch","Gatherer:Snatch+1","Gatherer:StoneFence","Gatherer:QuickSynthesis+1","Gatherer:Transmute+1","Gatherer:FlowerShield","Gatherer:FruitForce+1","Gatherer:HeartToFruit","Gatherer:BlackTea","conspire:Banana","Gatherer:QuickSynthesis+1","Gatherer:BalancedGrowth","infinitespire:Fortify+1","Gatherer:QuickSynthesis+1","Gatherer:FeelingFine+1","Gatherer:ScrollOfPurity+1","Gatherer:QuickSynthesis+1"],"relics":["Gatherer:AlchemyBag","DaveBox","AT_ATBox","REME_ComplimentaryCards","testmod-TestBox","LagranYue:RandomDrawCardRelic","PatriotShield","testmod-NegativeEmotionEnhancer","conspire:Dentures","Technique","SynthV:TestCard","Prayer Wheel","StuffTheSpire:CocoNut","aspiration:SeaSaltIceCream","testmod-TestBox","halation:PrussianBluePaint","ReplayFunnel","testmod-IndustrialRevolution","aspiration:RitualStick","Mastiff:ReiMu","Gremlin Food","Dota2Spire:BattleFury","jedi:angrymask","testmod-Fanaticism","ExplosiveVial","halation:EternalFortune","infinitespire:CursedDice","AT_DeathDance","Ring of Greed","Smiling Mask","The Courier","Ring of Hypnosis","StSpp:XCola","AntiCross","paleoftheancients:Timepiece","Oddly Smooth Stone","Letter Opener","paleoftheancients:SoulOfTheWokeBloke","qcfpunch:Black_Training_Shirt","StuffTheSpire:RubySignet"],"acts_visited":["Exordium","TheCity","TheBeyond","paleoftheancients:PaleOfTheAncients"],"potions_floor_usage":[5,10,16,16,16,45,46,50,60],"damage_taken":[{"damage":0,"enemies":"Small Slimes","floor":1,"turns":2},{"damage":1,"enemies":"2 Louse","floor":2,"turns":2},{"damage":2,"enemies":"conspire:RoseBush","floor":3,"turns":1},{"damage":0,"enemies":"Blue Slaver","floor":5,"turns":1},{"damage":1,"enemies":"Gremlin Nob","floor":6,"turns":2},{"damage":0,"enemies":"2 Fungi Beasts","floor":8,"turns":1},{"damage":0,"enemies":"3 Louse","floor":10,"turns":2},{"damage":0,"enemies":"Replay:BlueRogue","floor":11,"turns":1},{"damage":0,"enemies":"Exordium Wildlife","floor":13,"turns":1},{"damage":0,"enemies":"HollowMod:MossKnight","floor":14,"turns":1},{"damage":2,"enemies":"The Guardian","floor":16,"turns":4},{"damage":0,"enemies":"2 Thieves","floor":18,"turns":1},{"damage":1,"enemies":"Chosen","floor":20,"turns":2},{"damage":1,"enemies":"Centurion and Healer","floor":21,"turns":2},{"damage":1,"enemies":"Slavers","floor":23,"turns":2},{"damage":2,"enemies":"Nightmare","floor":25,"turns":3},{"damage":0,"enemies":"Shelled Parasite and Fungi","floor":27,"turns":1},{"damage":1,"enemies":"Sentry and Sphere","floor":29,"turns":1},{"damage":0,"enemies":"Snake Plant","floor":30,"turns":1},{"damage":0,"enemies":"Chosen and Byrds","floor":31,"turns":1},{"damage":1,"enemies":"Champ","floor":33,"turns":3},{"damage":0,"enemies":"Orb Walker","floor":35,"turns":2},{"damage":0,"enemies":"3 Darklings","floor":37,"turns":2},{"damage":4,"enemies":"Transient","floor":39,"turns":6},{"damage":0,"enemies":"R_Hoarder","floor":40,"turns":2},{"damage":0,"enemies":"2 Orb Walkers","floor":45,"turns":1},{"damage":1,"enemies":"Nightmare","floor":46,"turns":5},{"damage":0,"enemies":"4 Shapes","floor":48,"turns":2},{"damage":2,"enemies":"Donu and Deca","floor":50,"turns":2},{"damage":2,"enemies":"Donu and Deca","floor":51,"turns":3},{"damage":1,"enemies":"Donu and Deca","floor":52,"turns":4},{"damage":1,"enemies":"Donu and Deca","floor":56,"turns":2},{"damage":37,"enemies":"paleoftheancients:N","floor":60,"turns":4}],"seed_played":"1138709264785611709","potions_obtained":[{"floor":2,"key":"Fire Potion"},{"floor":6,"key":"testmod-TestPotion"},{"floor":11,"key":"BlessingOfTheForge"},{"floor":16,"key":"Elixir"},{"floor":20,"key":"SteroidPotion"},{"floor":21,"key":"jedi:wingpotion"},{"floor":29,"key":"Adrenaline Potion"},{"floor":30,"key":"Elixir"},{"floor":31,"key":"Fire Potion"},{"floor":35,"key":"ColorlessPotion"},{"floor":39,"key":"Swift Potion"},{"floor":40,"key":"PowerPotion"},{"floor":52,"key":"BlessingOfTheForge"}],"is_trial":false,"path_per_floor":["M","M","M","$","M","E","R","M","T","M","E","?","M","E","R_BF","B",null,"M","?","M","M","?","E","R","NM","T","M","$","M","M","M","R_BF","B",null,"M","AVR","M","?","M","E","?","R","T","?","?","NM","R","M","R","B","M","M","?","T","R","M","R","T","?","B",null],"character_chosen":"THE_GATHERER","items_purchased":["conspire:Dentures","Gatherer:FlowerPower+1","Technique","Apotheosis","Adrenaline Potion","StuffTheSpire:CocoNut","Gatherer:FlowerFalling","conspire:Banana"],"campfire_rested":0,"item_purchase_floors":[0,0,0,0,0,4,4,28],"current_hp_per_floor":[43,49,49,56,58,59,59,62,62,66,68,68,71,73,73,81,94,95,76,77,83,83,86,86,86,86,89,89,91,93,97,97,100,111,116,116,117,120,123,124,124,124,124,124,125,126,126,127,127,130,135,140,140,140,140,143,143,143,151,154],"gold":1482,"neow_bonus":"","is_daily":false,"chose_seed":false,"campfire_upgraded":6,"win_rate":0.0,"timestamp":1611381321,"path_taken":["M","M","M","$","M","E","R","M","T","M","E","?","M","E","R_BF","BOSS","M","?","M","M","?","E","R","NM","T","M","$","M","M","M","R_BF","BOSS","M","AVR","M","?","M","E","?","R","T","?","?","NM","R","M","R","BOSS","M","M","?","T","R","M","R","T","?","BOSS"],"items_purchased_type":["Relic","Card","Relic","Card","Potion","Relic","Card","Card"],"build_version":"2020-12-22","purchased_purges":5,"victory":true,"max_hp_per_floor":[73,78,79,86,87,88,88,89,89,90,91,91,92,93,93,94,94,95,95,96,101,101,102,102,103,103,104,104,105,106,108,108,111,111,116,116,117,120,123,124,124,124,124,124,125,126,126,127,127,130,135,140,140,140,140,143,143,143,151,154],"relic_stats":{"counters":[285,1043],"Prayer Wheel":20,"Letter Opener":[1756],"Smiling Mask":0,"obtain_stats":[{"Replay:Accelerometer":9,"infinitespire:BottledMercury":54,"jedi:angrymask":32,"StuffTheSpire:Barrel":25,"AT_ATBox":2,"LagranYue:RandomDrawCardRelic":0,"WarlordEmblem:MantleBaku":13,"Whetstone":0,"testmod-BlackFramedGlasses":0,"MagicDraw2":21,"aspiration:RitualStick":19,"jedi:shrinkray":0,"MagicDraw1":24,"testmod-Prudence":0,"vexMod:DeviousBotling":17,"halation:PromiseList":49,"WarlordEmblem:BrokenMantle":0,"DianDianMeat":2,"conspire:TreasureMap":0,"testmod-TestBox":0,"testmod-Register":31,"Pen Nib":14,"REME_LimitBreaker":6,"Ling":0,"qcfpunch:Broken_Tusk":26,"EE1DDrone":37,"StuffTheSpire:MayFlowers":10,"Technique":0,"Abe\u0027s Treasure":34,"ChiLing":0,"WarlordEmblem:VoidPower":17,"Torii":44,"DaveBox":0,"Bag of Preparation":0,"LagranYue:MagicReflectiveArmorRelic":0,"Smiling Mask":44,"testmod-CasingShield":25,"Shovel":8,"infinitespire:Bottled Soul":47,"vexMod:RedPlottingStone":27,"AntiCross":46,"halation:Toothbrush":42,"LagranYue:NewUniverseRelic":13,"Potion Belt":22,"qcfpunch:Black_Training_Shirt":54,"The Courier":44,"Ring of Greed":44,"halation:SelfBoilingWater":45,"ChaoDraw":37,"PrismaMod:PrismaSapphireUpgrade":34,"Busted Crown":34,"AT_BellowingDragoncrestRing":43,"ExplosiveVial":36,"halation:AfternoonTea":6,"REME_ComplimentaryCards":2,"Chi":0,"HollowMod:StagPassRelic":7,"testmod-Fanaticism":34,"halation:PrussianBluePaint":9,"Mastiff:ReiMu":23,"Prayer Wheel":30,"Iron Hammer":0,"testmod-DragonStarHat":9,"Toxic Egg 2":4,"StSpp:XCola":45,"LugNut":13,"conspire:Dentures":9,"AT_RabadonDeathcap":26,"paleoftheancients:KeyRelic":50,"Ring of Hypnosis":44,"ReplayTheSpireMod:CursedCoin":29,"StuffTheSpire:ForceGauntlet":32,"WarlordEmblem:WuziBook":43,"Oddly Smooth Stone":50,"Replay:Kaleidoscope":23,"Letter Opener":50,"aspiration:SeaSaltIceCream":6,"WarpedTongs":53,"paleoftheancients:Timepiece":50,"testmod-RealStoneCalender":0,"Replay:Baseball":38,"conspire:GiftBox":41,"paleoftheancients:SoulOfTheWokeBloke":52,"Bronze Scales":8,"Molten Egg 2":5,"Onion Ring":43,"GodSword6":29,"AT_DeathDance":43,"Dota2Spire:MonkeyKingBar":0,"StuffTheSpire:OldFever":0,"paleoftheancients:SoulOfTheIroncluck":51,"ReplayFunnel":11,"PrismaMod:PrismaSapphire":0,"qcfpunch:Not_Strongest_Fighting_Style_Guidebook":0,"aspiration:TomeofQuesting":0,"ClockworkSouvenir":0,"Chameleon Ring":15,"testmod-InjuryResistance":44,"MiniBlackHole":13,"testmod-ArcanaOfDestiny":24,"Gremlin Food":25,"infinitespire:CursedDice":40,"Guide Book":19,"Dota2Spire:BattleFury":26,"vexMod:FocusSash":23,"testmod-IndustrialRevolution":12,"jedi:fakemustache":0,"testmod-Antiphasic":58,"SynthV:TestCard":1,"infinitespire:WardingShard":27,"vexMod:HeadHunter":4,"halation:EternalFortune":38,"StuffTheSpire:CocoNut":4,"Bag of Marbles":46,"qcfpunch:Red_Headband":40,"Coffee Dripper":50,"StuffTheSpire:RubySignet":58},{"Replay:Accelerometer":197,"infinitespire:BottledMercury":250,"jedi:angrymask":272,"StuffTheSpire:Barrel":178,"AT_ATBox":219,"LagranYue:RandomDrawCardRelic":167,"WarlordEmblem:MantleBaku":172,"Whetstone":191,"testmod-BlackFramedGlasses":0,"MagicDraw2":201,"aspiration:RitualStick":264,"jedi:shrinkray":191,"MagicDraw1":202,"testmod-Prudence":167,"vexMod:DeviousBotling":173,"halation:PromiseList":217,"WarlordEmblem:BrokenMantle":167,"DianDianMeat":219,"conspire:TreasureMap":218,"testmod-TestBox":167,"testmod-Register":180,"Pen Nib":172,"REME_LimitBreaker":222,"Ling":191,"qcfpunch:Broken_Tusk":178,"EE1DDrone":240,"StuffTheSpire:MayFlowers":171,"Technique":0,"Abe\u0027s Treasure":238,"ChiLing":191,"WarlordEmblem:VoidPower":200,"Torii":187,"DaveBox":0,"Bag of Preparation":167,"LagranYue:MagicReflectiveArmorRelic":191,"Smiling Mask":277,"testmod-CasingShield":203,"Shovel":197,"infinitespire:Bottled Soul":246,"vexMod:RedPlottingStone":178,"AntiCross":279,"halation:Toothbrush":214,"LagranYue:NewUniverseRelic":172,"Potion Belt":201,"qcfpunch:Black_Training_Shirt":283,"The Courier":277,"Ring of Greed":277,"halation:SelfBoilingWater":215,"ChaoDraw":240,"PrismaMod:PrismaSapphireUpgrade":181,"Busted Crown":207,"AT_BellowingDragoncrestRing":244,"ExplosiveVial":274,"halation:AfternoonTea":196,"REME_ComplimentaryCards":219,"Chi":191,"HollowMod:StagPassRelic":170,"testmod-Fanaticism":273,"halation:PrussianBluePaint":258,"Mastiff:ReiMu":267,"Prayer Wheel":180,"Iron Hammer":167,"testmod-DragonStarHat":223,"Toxic Egg 2":169,"StSpp:XCola":278,"LugNut":199,"conspire:Dentures":170,"AT_RabadonDeathcap":234,"paleoftheancients:KeyRelic":248,"Ring of Hypnosis":277,"ReplayTheSpireMod:CursedCoin":204,"StuffTheSpire:ForceGauntlet":206,"WarlordEmblem:WuziBook":214,"Oddly Smooth Stone":281,"Replay:Kaleidoscope":202,"Letter Opener":248,"aspiration:SeaSaltIceCream":257,"WarpedTongs":250,"paleoftheancients:Timepiece":248,"testmod-RealStoneCalender":167,"Replay:Baseball":183,"conspire:GiftBox":185,"paleoftheancients:SoulOfTheWokeBloke":283,"Bronze Scales":223,"Molten Egg 2":169,"Onion Ring":186,"GodSword6":236,"AT_DeathDance":277,"Dota2Spire:MonkeyKingBar":218,"StuffTheSpire:OldFever":167,"paleoftheancients:SoulOfTheIroncluck":249,"ReplayFunnel":260,"PrismaMod:PrismaSapphire":0,"qcfpunch:Not_Strongest_Fighting_Style_Guidebook":218,"aspiration:TomeofQuesting":218,"ClockworkSouvenir":218,"Chameleon Ring":199,"testmod-InjuryResistance":214,"MiniBlackHole":172,"testmod-ArcanaOfDestiny":233,"Gremlin Food":268,"infinitespire:CursedDice":277,"Guide Book":201,"Dota2Spire:BattleFury":268,"vexMod:FocusSash":177,"testmod-IndustrialRevolution":225,"jedi:fakemustache":191,"testmod-Antiphasic":251,"SynthV:TestCard":219,"infinitespire:WardingShard":235,"vexMod:HeadHunter":194,"halation:EternalFortune":275,"StuffTheSpire:CocoNut":255,"Bag of Marbles":188,"qcfpunch:Red_Headband":243,"Coffee Dripper":248,"StuffTheSpire:RubySignet":284},{"Replay:Accelerometer":746,"infinitespire:BottledMercury":964,"jedi:angrymask":1005,"StuffTheSpire:Barrel":686,"AT_ATBox":823,"LagranYue:RandomDrawCardRelic":641,"WarlordEmblem:MantleBaku":661,"Whetstone":734,"testmod-BlackFramedGlasses":0,"MagicDraw2":764,"aspiration:RitualStick":992,"jedi:shrinkray":734,"MagicDraw1":768,"testmod-Prudence":641,"vexMod:DeviousBotling":666,"halation:PromiseList":816,"WarlordEmblem:BrokenMantle":641,"DianDianMeat":823,"conspire:TreasureMap":821,"testmod-TestBox":641,"testmod-Register":691,"Pen Nib":661,"REME_LimitBreaker":830,"Ling":734,"qcfpunch:Broken_Tusk":686,"EE1DDrone":911,"StuffTheSpire:MayFlowers":656,"Technique":0,"Abe\u0027s Treasure":903,"ChiLing":734,"WarlordEmblem:VoidPower":762,"Torii":719,"DaveBox":0,"Bag of Preparation":641,"LagranYue:MagicReflectiveArmorRelic":734,"Smiling Mask":1020,"testmod-CasingShield":770,"Shovel":746,"infinitespire:Bottled Soul":949,"vexMod:RedPlottingStone":686,"AntiCross":1026,"halation:Toothbrush":803,"LagranYue:NewUniverseRelic":661,"Potion Belt":764,"qcfpunch:Black_Training_Shirt":1037,"The Courier":1020,"Ring of Greed":1020,"halation:SelfBoilingWater":810,"ChaoDraw":911,"PrismaMod:PrismaSapphireUpgrade":696,"Busted Crown":785,"AT_BellowingDragoncrestRing":942,"ExplosiveVial":1010,"halation:AfternoonTea":743,"REME_ComplimentaryCards":823,"Chi":734,"HollowMod:StagPassRelic":653,"testmod-Fanaticism":1008,"halation:PrussianBluePaint":982,"Mastiff:ReiMu":998,"Prayer Wheel":691,"Iron Hammer":641,"testmod-DragonStarHat":837,"Toxic Egg 2":648,"StSpp:XCola":1021,"LugNut":751,"conspire:Dentures":653,"AT_RabadonDeathcap":883,"paleoftheancients:KeyRelic":957,"Ring of Hypnosis":1020,"ReplayTheSpireMod:CursedCoin":776,"StuffTheSpire:ForceGauntlet":780,"WarlordEmblem:WuziBook":803,"Oddly Smooth Stone":1030,"Replay:Kaleidoscope":768,"Letter Opener":957,"aspiration:SeaSaltIceCream":981,"WarpedTongs":964,"paleoftheancients:Timepiece":957,"testmod-RealStoneCalender":641,"Replay:Baseball":700,"conspire:GiftBox":710,"paleoftheancients:SoulOfTheWokeBloke":1037,"Bronze Scales":837,"Molten Egg 2":648,"Onion Ring":714,"GodSword6":892,"AT_DeathDance":1020,"Dota2Spire:MonkeyKingBar":821,"StuffTheSpire:OldFever":641,"paleoftheancients:SoulOfTheIroncluck":960,"ReplayFunnel":985,"PrismaMod:PrismaSapphire":0,"qcfpunch:Not_Strongest_Fighting_Style_Guidebook":821,"aspiration:TomeofQuesting":821,"ClockworkSouvenir":821,"Chameleon Ring":751,"testmod-InjuryResistance":803,"MiniBlackHole":661,"testmod-ArcanaOfDestiny":880,"Gremlin Food":1001,"infinitespire:CursedDice":1020,"Guide Book":764,"Dota2Spire:BattleFury":1001,"vexMod:FocusSash":682,"testmod-IndustrialRevolution":845,"jedi:fakemustache":734,"testmod-Antiphasic":967,"SynthV:TestCard":823,"infinitespire:WardingShard":887,"vexMod:HeadHunter":740,"halation:EternalFortune":1012,"StuffTheSpire:CocoNut":978,"Bag of Marbles":723,"qcfpunch:Red_Headband":932,"Coffee Dripper":957,"StuffTheSpire:RubySignet":1039}],"aspiration:RitualStick":[0]},"card_choices":[{"not_picked":["Gatherer:GatherMaterial","Gatherer:AcidicSpray"],"picked":"Gatherer:RottenStipe","floor":1},{"not_picked":["Gatherer:CollectorsShot","Gatherer:GatherMaterial","Gatherer:FlowerShield","Gatherer:WoolGloves"],"picked":"Gatherer:Frenzy","floor":2},{"not_picked":["Gatherer:Nutrients","Gatherer:WoolGloves","Gatherer:TreeGrowth","Gatherer:FlowerBeam"],"picked":"Gatherer:FruitForce","floor":2},{"not_picked":["Gatherer:BambuSword","Gatherer:FlowerShield","Gatherer:Convert","Gatherer:DrugPower"],"picked":"Gatherer:Liquidism","floor":3},{"not_picked":["Gatherer:UpgradeBag","Gatherer:AcidicSpray","Gatherer:RecoveryHerb","Gatherer:Duplicator"],"picked":"Gatherer:FinishingStrike","floor":3},{"not_picked":["Gatherer:Duality","Gatherer:Uplift","Gatherer:RecoveryHerb","Gatherer:FlowerBeam"],"picked":"Gatherer:MiningStrike","floor":5},{"not_picked":["Gatherer:OddSpoils","Gatherer:UpgradeBag","Gatherer:SaveValuables","Gatherer:FruitForce","Gatherer:FragileHammer"],"picked":"SKIP","floor":5},{"not_picked":["Gatherer:FlowerBeam","Gatherer:SaveValuables","Gatherer:TreeGrowth","Gatherer:CarefulStrike"],"picked":"Gatherer:TacticalStrike","floor":6},{"not_picked":["Gatherer:TacticalStrike","Gatherer:BambuSword","Gatherer:FruitForce","Gatherer:AcidicSpray"],"picked":"Gatherer:ScherryThrow","floor":8},{"not_picked":["Gatherer:ScentOfRosmari","Gatherer:OddSpoils","Gatherer:WoolGloves","Gatherer:Snatch","Gatherer:TacticalStrike"],"picked":"SKIP","floor":8},{"not_picked":["Gatherer:QuickSynthesis","Gatherer:TacticalStrike","Gatherer:Convert","Gatherer:Frenzy"],"picked":"Gatherer:GrowBook","floor":10},{"not_picked":["Gatherer:Bulldoze","Gatherer:FragileHammer","Gatherer:EnergyBasket","Gatherer:BigPouch","Gatherer:DrugPower"],"picked":"SKIP","floor":10},{"not_picked":["Gatherer:Liquidism","Gatherer:CollectorsShot","Gatherer:SmartManeuver","Gatherer:TreeGrowth"],"picked":"Gatherer:Snatch","floor":11},{"not_picked":["Gatherer:DrugPower","Gatherer:Nutrients","Gatherer:ScherryThrow","Gatherer:CarefulStrike"],"picked":"Gatherer:Snatch","floor":13},{"not_picked":["Gatherer:VenomBarrier","Gatherer:Convert","Gatherer:TreeGrowth","Gatherer:SaveValuables","Gatherer:Polymorphism"],"picked":"SKIP","floor":13},{"not_picked":["Gatherer:FlowerShield","Gatherer:Transmute","Gatherer:Convert","Gatherer:CursedBlade","Gatherer:CarefulStrike"],"picked":"SKIP","floor":14},{"not_picked":["Gatherer:LuckyClover","Gatherer:Photoscythe","Gatherer:CursedBlade","Gatherer:Bulldoze"],"picked":"Gatherer:StoneFence","floor":16},{"not_picked":["Gatherer:TreeGrowth+1","Gatherer:WoolGloves","Gatherer:FragileHammer+1","Gatherer:Enchant"],"picked":"Gatherer:QuickSynthesis+1","floor":18},{"not_picked":["Gatherer:PotentialSlash","Gatherer:EchoOfNature+1","Gatherer:BambuSword+1","Gatherer:GlowingPlant+1","Gatherer:TreeGrowth"],"picked":"SKIP","floor":18},{"not_picked":["Gatherer:BambuSword","Gatherer:ScherryThrow","Gatherer:AromaProtection","Gatherer:Photoscythe"],"picked":"Gatherer:Transmute+1","floor":20},{"not_picked":["Gatherer:GatherMaterial","Gatherer:AromaProtection","Gatherer:FlowerFalling+1","Gatherer:AcidicSpray+1"],"picked":"Gatherer:FlowerShield","floor":20},{"not_picked":["Gatherer:CollectorsShot","Gatherer:SaveValuables","Gatherer:EnergyBasket","Gatherer:OddSpoils+1"],"picked":"Gatherer:FruitForce+1","floor":21},{"not_picked":["Gatherer:FeelingFine","Gatherer:VenomBarrier","Gatherer:OddSpoils+1","Gatherer:AromaProtection","Gatherer:FragileHammer"],"picked":"SKIP","floor":21},{"not_picked":["Gatherer:MiningStrike","Gatherer:CursedBlade","Gatherer:DrugPower+1","Gatherer:CarefulStrike+1"],"picked":"Gatherer:HeartToFruit","floor":23},{"not_picked":["Gatherer:Duplicator","Gatherer:WitheringStrike","Gatherer:AcidicSpray","Gatherer:Examine","Gatherer:GatherMaterial"],"picked":"SKIP","floor":25},{"not_picked":["Gatherer:Frenzy","Gatherer:FlowerPower","Gatherer:WitheringStrike","Gatherer:AcidicSpray"],"picked":"Gatherer:BlackTea","floor":27},{"not_picked":["Gatherer:BambuSword","Gatherer:DrugPower","Gatherer:WitheringStrike+1","Gatherer:Snatch","Gatherer:RecoveryHerb"],"picked":"SKIP","floor":27},{"not_picked":["Gatherer:CollectorsShot","Gatherer:Snatch+1","Gatherer:WoolGloves","Gatherer:FlowerShield+1","Gatherer:Enchant"],"picked":"SKIP","floor":29},{"not_picked":["Gatherer:Transmute","Gatherer:FruitForce+1","Gatherer:OddSpoils","Gatherer:FlowerPower","Gatherer:Solidify"],"picked":"SKIP","floor":29},{"not_picked":["Gatherer:ScentOfRosmari","Gatherer:FlowerShield+1","Gatherer:Nutrients","Gatherer:EnergyBasket"],"picked":"Gatherer:QuickSynthesis+1","floor":30},{"not_picked":["Gatherer:TacticalStrike+1","Gatherer:FlowerShield","Gatherer:Convert","Gatherer:Liquidism","Gatherer:HeartToFruit"],"picked":"SKIP","floor":30},{"not_picked":["Gatherer:GatherMaterial","Gatherer:Snatch","Gatherer:PotentialSlash","Gatherer:Frenzy"],"picked":"Gatherer:BalancedGrowth","floor":31},{"not_picked":["Gatherer:ScentOfRosmari+1","Gatherer:QuickSynthesis","Gatherer:BomberForm","Gatherer:Frenzy","Gatherer:AcidicSpray"],"picked":"SKIP","floor":31},{"not_picked":["Gatherer:PotentialSlash","Gatherer:Polymorphism+1","Gatherer:CollectorsShot+1","Gatherer:RecipeChange","Gatherer:FlowerFalling"],"picked":"SKIP","floor":35},{"not_picked":["Gatherer:EchoOfNature+1","Gatherer:GatherMaterial+1","Gatherer:TreeGrowth","Gatherer:Frenzy+1","Gatherer:TacticalStrike+1"],"picked":"SKIP","floor":35},{"not_picked":["Gatherer:StoneFence","Gatherer:Polymorphism","Gatherer:ScentOfRosmari+1","Gatherer:FruitForce+1"],"picked":"Gatherer:QuickSynthesis+1","floor":37},{"not_picked":["Gatherer:GatherMaterial","Gatherer:ScrollOfWall+1","Gatherer:EnergyBasket+1","Gatherer:RottenStipe","Gatherer:FlowerPower"],"picked":"SKIP","floor":37},{"not_picked":["Gatherer:DrugPower","Gatherer:AlchemyTrial","Gatherer:FlowerFalling","Gatherer:Polymorphism+1"],"picked":"Gatherer:FeelingFine+1","floor":39},{"not_picked":["Gatherer:FragileHammer","Gatherer:GlowingPlant+1","Gatherer:QuickSynthesis","Gatherer:FlowerFalling","Gatherer:UpgradeBag+1"],"picked":"SKIP","floor":39},{"not_picked":["Gatherer:Duality","Gatherer:PoisonMastery","Gatherer:PotentialSlash","Gatherer:AcidicSpray","Gatherer:EnergyBasket+1"],"picked":"SKIP","floor":40},{"not_picked":["Gatherer:Duality+1","Gatherer:BalancedGrowth+1","Gatherer:ScherryThrow+1","Gatherer:FeelingFine","Gatherer:CollectorsShot+1"],"picked":"SKIP","floor":46},{"not_picked":["Gatherer:ScherryThrow","Gatherer:Polymorphism+1","Gatherer:Frenzy","Gatherer:CarefulStrike"],"picked":"Gatherer:ScrollOfPurity","floor":48},{"not_picked":["Gatherer:FragileHammer+1","Gatherer:Snatch+1","Gatherer:Frenzy","Gatherer:ScherryThrow","Gatherer:TacticalStrike+1"],"picked":"SKIP","floor":48},{"not_picked":["Gatherer:FragileHammer+1","Gatherer:Snatch+1","Gatherer:Frenzy","Gatherer:ScherryThrow","Gatherer:TacticalStrike+1"],"picked":"SKIP","floor":48},{"not_picked":["Gatherer:ScrollOfWall+1","Gatherer:QuickSynthesis","Gatherer:Pollute","Gatherer:PotentialSlash+1","Gatherer:AlchemyTrial"],"picked":"SKIP","floor":51},{"not_picked":["Gatherer:FlowerFalling+1","Gatherer:BigPouch","Gatherer:DrugPower","Gatherer:TacticalStrike","Gatherer:Pollute+1"],"picked":"SKIP","floor":51},{"not_picked":["Gatherer:GatherMaterial+1","Gatherer:FragileHammer","Gatherer:FlowerShield+1","Gatherer:DrugPower+1"],"picked":"Gatherer:QuickSynthesis+1","floor":52},{"not_picked":["Gatherer:DrugPower+1","Gatherer:Herbalism+1","Gatherer:Liquidism+1","Gatherer:EnergyBasket+1","Gatherer:AromaProtection+1"],"picked":"SKIP","floor":52},{"not_picked":["Gatherer:PotentialSlash+1","Gatherer:ScherryThrow","Gatherer:CollectorsShot+1","Gatherer:FragileHammer","Gatherer:SmartManeuver+1"],"picked":"SKIP","floor":56},{"not_picked":["Gatherer:Uplift","Gatherer:CarefulStrike","Gatherer:SaveValuables","Gatherer:Convert","Gatherer:BigPouch+1"],"picked":"SKIP","floor":56}],"player_experience":1365410,"relics_obtained":[{"floor":1,"key":"SynthV:TestCard"},{"floor":6,"key":"aspiration:SeaSaltIceCream"},{"floor":9,"key":"halation:PrussianBluePaint"},{"floor":11,"key":"ReplayFunnel"},{"floor":14,"key":"testmod-IndustrialRevolution"},{"floor":23,"key":"Mastiff:ReiMu"},{"floor":25,"key":"Gremlin Food"},{"floor":26,"key":"Dota2Spire:BattleFury"},{"floor":32,"key":"jedi:angrymask"},{"floor":40,"key":"infinitespire:CursedDice"},{"floor":43,"key":"AT_DeathDance"},{"floor":44,"key":"Ring of Greed"},{"floor":44,"key":"Smiling Mask"},{"floor":44,"key":"The Courier"},{"floor":44,"key":"Ring of Hypnosis"},{"floor":45,"key":"StSpp:XCola"},{"floor":46,"key":"AntiCross"},{"floor":52,"key":"paleoftheancients:SoulOfTheWokeBloke"},{"floor":54,"key":"qcfpunch:Black_Training_Shirt"},{"floor":58,"key":"StuffTheSpire:RubySignet"}],"event_choices":[{"damage_healed":0,"gold_gain":0,"player_choice":"Agree","damage_taken":0,"max_hp_gain":0,"max_hp_loss":0,"event_name":"conspire:LoneGhost","floor":12,"gold_loss":0},{"damage_healed":0,"gold_gain":0,"player_choice":"Fight","damage_taken":0,"max_hp_gain":0,"max_hp_loss":0,"event_name":"Mysterious Sphere","floor":45,"gold_loss":0}],"is_beta":false,"boss_relics":[{"not_picked":["BloodWine","energizedSpire:SpiderWeb","TimeKeys"]},{"not_picked":["hubris:Stopwatch","Abe\u0027s Treasure"],"picked":"testmod-Fanaticism"}],"items_purged_floors":[0,0,4,28,36],"is_endless":false,"potions_floor_spawned":[2,6,11,16,20,21,29,30,31,33,35,39,40,52],"ascension_level":0}}