{"host":"uv5ws9rdk87e8i5k","time":1611373201,"event":{"mods":["AchievementEnabler","BaseMod","Colored Map","Minty Spire (QoL Compilation)","StSLib","SuperFastMode"],"gold_per_floor":[116,129,146,29,104,104,134,151,230,256,276,296,296,324,324,428,428,441,452,179,189,459,492,34,61,61,90,103,115,147,163,163,266,266,280,293,313,332,332,366,366,381,429,455,805,830,238,238,238,238],"floor_reached":51,"language":"ENG","playtime":1946,"items_purged":["Strike_G","Strike_G","Strike_G"],"score":1539,"play_id":"63322153-7c04-4eb5-84b5-f10a93164175","local_time":"20210122214001","is_ascension_mode":true,"campfire_choices":[{"data":"Glass Knife","floor":6.0,"key":"SMITH"},{"floor":15.0,"key":"REST"},{"data":"Venomology","floor":32,"key":"SMITH"},{"data":"After Image","floor":41,"key":"SMITH"},{"data":"Night Terror","floor":49,"key":"SMITH"}],"circlet_count":0,"master_deck":["Strike_G","Defend_G","Defend_G","Defend_G","Defend_G","Defend_G","Survivor","Neutralize","Dagger Spray","Quick Slash","Cloak And Dagger","Cloak And Dagger","Glass Knife+1","Backstab","Escape Plan","Acrobatics","Footwork","Venomology+1","Blade Dance","Corpse Explosion","PiercingWail","Blade Dance","Shame","Terror+1","After Image+1","Choke+1","Prepared+1","Envenom","Blade Dance","Dramatic Entrance","Infinite Blades","Expertise+1","Injury","Night Terror+1","Prepared","Terror"],"relics":["Ring of the Snake","Thread and Needle","Dead Branch","Gremlin Horn","Orichalcum","Ninja Scroll","Cursed Key","Boot","Bag of Marbles","Mercury Hourglass","Paper Crane","TungstenRod","Tiny Chest","Darkstone Periapt","Philosopher\u0027s Stone","Bag of Preparation","Strawberry","Kunai","Old Coin","Pantograph","Lantern","MealTicket"],"acts_visited":["Exordium","TheCity","TheBeyond"],"potions_floor_usage":[23,25,28,29,33,33,36,37,38,40,46,50,50,50,50,50,50],"damage_taken":[{"damage":1.0,"enemies":"Cultist","floor":1.0,"turns":6.0},{"damage":0.0,"enemies":"2 Louse","floor":2.0,"turns":2.0},{"damage":0.0,"enemies":"Jaw Worm","floor":3.0,"turns":5.0},{"damage":8.0,"enemies":"Lagavulin","floor":7.0,"turns":5.0},{"damage":0.0,"enemies":"Large Slime","floor":8.0,"turns":6.0},{"damage":12.0,"enemies":"Gremlin Nob","floor":10.0,"turns":4.0},{"damage":0.0,"enemies":"Lots of Slimes","floor":11.0,"turns":1.0},{"damage":0.0,"enemies":"3 Louse","floor":12.0,"turns":2.0},{"damage":0.0,"enemies":"Blue Slaver","floor":13.0,"turns":1.0},{"damage":0.0,"enemies":"3 Sentries","floor":14.0,"turns":5.0},{"damage":0.0,"enemies":"Slime Boss","floor":16.0,"turns":8.0},{"damage":0.0,"enemies":"Spheric Guardian","floor":18.0,"turns":3.0},{"damage":2.0,"enemies":"Shell Parasite","floor":19.0,"turns":3.0},{"damage":0.0,"enemies":"Cultist and Chosen","floor":21.0,"turns":5.0},{"damage":3,"enemies":"Gremlin Leader","floor":23,"turns":4},{"damage":0,"enemies":"Book of Stabbing","floor":25,"turns":4},{"damage":0,"enemies":"Slavers","floor":27,"turns":2},{"damage":0,"enemies":"Snake Plant","floor":28,"turns":1},{"damage":0,"enemies":"Snecko","floor":29,"turns":1},{"damage":0,"enemies":"Book of Stabbing","floor":30,"turns":4},{"damage":0,"enemies":"Shelled Parasite and Fungi","floor":31,"turns":2},{"damage":11,"enemies":"Champ","floor":33,"turns":8},{"damage":0,"enemies":"3 Shapes","floor":35,"turns":2},{"damage":0,"enemies":"Orb Walker","floor":36,"turns":1},{"damage":0,"enemies":"Spire Growth","floor":37,"turns":1},{"damage":0,"enemies":"Maw","floor":38,"turns":6},{"damage":0,"enemies":"Reptomancer","floor":40,"turns":3},{"damage":0,"enemies":"3 Darklings","floor":42,"turns":1},{"damage":0,"enemies":"Giant Head","floor":44,"turns":4},{"damage":2,"enemies":"Mind Bloom Boss Battle","floor":45,"turns":6},{"damage":0,"enemies":"Reptomancer","floor":46,"turns":4},{"damage":6,"enemies":"Donu and Deca","floor":50,"turns":3}],"seed_played":"5158342790220568472","potions_obtained":[{"floor":1.0,"key":"BlessingOfTheForge"},{"floor":3.0,"key":"CunningPotion"},{"floor":8.0,"key":"SmokeBomb"},{"floor":11.0,"key":"EntropicBrew"},{"floor":12.0,"key":"Energy Potion"},{"floor":14.0,"key":"GamblersBrew"},{"floor":16.0,"key":"Poison Potion"},{"floor":29,"key":"GamblersBrew"},{"floor":45,"key":"SkillPotion"}],"is_trial":false,"path_per_floor":["M","M","M","$","?","R","E","M","T","E","M","M","M","E","R","B",null,"M","M","$","M","?","E","$","E","T","E","M","M","E","M","R","B",null,"M","M","M","M","?","E","R","M","T","E","?","E","$","?","R","B",null],"character_chosen":"THE_SILENT","items_purchased":["Cloak And Dagger","Glass Knife","Boot","PowerPotion","Mercury Hourglass","GhostInAJar","Lantern","EntropicBrew","MealTicket","Terror"],"campfire_rested":1,"item_purchase_floors":[4,4,20,20,24,24,47,47,47,47],"current_hp_per_floor":[44,44,44,44,33,33,25,25,25,13,13,13,13,13,34,34,61,61,59,59,70,43,40,40,40,40,40,40,40,40,40,40,29,60,60,60,60,60,60,60,60,60,73,73,71,71,71,71,71,77],"gold":238,"neow_bonus":"ONE_RARE_RELIC","is_daily":false,"chose_seed":false,"campfire_upgraded":4,"win_rate":0.0,"timestamp":1611373201,"path_taken":["M","M","M","$","?","R","E","M","T","E","M","M","M","E","R","BOSS","M","M","$","M","?","E","$","E","T","E","M","M","E","M","R","BOSS","M","M","M","M","?","E","R","M","T","E","?","E","$","?","R","BOSS"],"items_purchased_type":["Card","Card","Relic","Potion","Relic","Potion","Relic","Potion","Relic","Card"],"build_version":"2020-12-22","purchased_purges":3,"victory":true,"max_hp_per_floor":[70,70,70,70,70,70,70,70,70,70,70,70,70,70,70,70,70,70,70,70,70,70,70,70,70,70,70,70,70,70,70,70,70,70,70,70,70,70,70,70,70,70,83,83,83,83,83,83,83,83],"card_choices":[{"not_picked":["Tactician","Masterful Stab"],"picked":"Dagger Spray","floor":1.0},{"not_picked":["Underhanded Strike","Slice"],"picked":"Quick Slash","floor":2.0},{"not_picked":["Tactician","Deflect"],"picked":"Cloak And Dagger","floor":3.0},{"not_picked":["Footwork","Dodge and Roll"],"picked":"Backstab","floor":7.0},{"not_picked":["Dagger Throw","Slice"],"picked":"Escape Plan","floor":8.0},{"not_picked":["Outmaneuver","Bouncing Flask"],"picked":"Acrobatics","floor":10.0},{"not_picked":["Dodge and Roll","Prepared"],"picked":"Footwork","floor":11.0},{"not_picked":["Deflect","Expertise"],"picked":"Venomology","floor":12.0},{"not_picked":["Dodge and Roll","Flying Knee"],"picked":"Blade Dance","floor":14.0},{"not_picked":["Envenom","Grand Finale"],"picked":"Corpse Explosion","floor":16.0},{"not_picked":["Backflip","Bane","Slice"],"picked":"SKIP","floor":18.0},{"not_picked":["Caltrops+1","Poisoned Stab","Dodge and Roll"],"picked":"SKIP","floor":19.0},{"not_picked":["Distraction","Outmaneuver"],"picked":"PiercingWail","floor":21.0},{"not_picked":["Outmaneuver","All Out Attack","Flying Knee+1"],"picked":"SKIP","floor":23},{"not_picked":["Reflex+1","Escape Plan"],"picked":"Blade Dance","floor":25},{"not_picked":["Backflip","Bane+1"],"picked":"Terror+1","floor":27},{"not_picked":["Outmaneuver","Backflip"],"picked":"After Image","floor":28},{"not_picked":["Dodge and Roll","Setup+1","Dagger Spray"],"picked":"SKIP","floor":29},{"not_picked":["Bane","Predator+1"],"picked":"Choke+1","floor":30},{"not_picked":["Expertise","Outmaneuver"],"picked":"Prepared+1","floor":31},{"not_picked":["Corpse Explosion","Unload"],"picked":"Envenom","floor":33},{"not_picked":["Quick Slash","Slice","Acrobatics"],"picked":"SKIP","floor":35},{"not_picked":["Flechettes","Footwork","Bane+1"],"picked":"SKIP","floor":36},{"not_picked":["Eviscerate","Flying Knee+1"],"picked":"Blade Dance","floor":37},{"not_picked":["Sucker Punch","Dagger Throw","Outmaneuver"],"picked":"SKIP","floor":38},{"not_picked":["Panache","Panacea"],"picked":"Dramatic Entrance","floor":39},{"not_picked":["Corpse Explosion","Bouncing Flask"],"picked":"Infinite Blades","floor":40},{"not_picked":["Backflip","Dagger Spray"],"picked":"Expertise+1","floor":42},{"not_picked":["Dagger Throw","Bane"],"picked":"Night Terror","floor":44},{"not_picked":["Eviscerate+1","Underhanded Strike"],"picked":"Prepared","floor":45},{"not_picked":["Sucker Punch+1","Reflex","Dagger Spray+1"],"picked":"SKIP","floor":46}],"player_experience":171355,"relics_obtained":[{"floor":7.0,"key":"Dead Branch"},{"floor":9.0,"key":"Gremlin Horn"},{"floor":10.0,"key":"Orichalcum"},{"floor":14.0,"key":"Ninja Scroll"},{"floor":23,"key":"Bag of Marbles"},{"floor":25,"key":"Paper Crane"},{"floor":26,"key":"TungstenRod"},{"floor":27,"key":"Tiny Chest"},{"floor":30,"key":"Darkstone Periapt"},{"floor":40,"key":"Bag of Preparation"},{"floor":43,"key":"Strawberry"},{"floor":44,"key":"Kunai"},{"floor":45,"key":"Old Coin"},{"floor":46,"key":"Pantograph"}],"event_choices":[{"damage_healed":0.0,"max_hp_gain":0.0,"max_hp_loss":0.0,"gold_gain":75.0,"event_name":"World of Goop","player_choice":"Gather Gold","floor":5.0,"gold_loss":0.0,"damage_taken":11.0},{"damage_healed":0.0,"max_hp_gain":0.0,"max_hp_loss":0.0,"gold_gain":270.0,"event_name":"Knowing Skull","player_choice":"GOLD GOLD GOLD ","floor":22.0,"potions_obtained":[],"gold_loss":0.0,"damage_taken":27.0,"cards_obtained":[]},{"damage_healed":0,"gold_gain":0,"player_choice":"Memory 1","damage_taken":0,"max_hp_gain":0,"max_hp_loss":0,"event_name":"SensoryStone","floor":39,"gold_loss":0},{"damage_healed":0,"gold_gain":0,"player_choice":"Fight","damage_taken":0,"max_hp_gain":0,"max_hp_loss":0,"event_name":"MindBloom","floor":45,"gold_loss":0},{"cards_removed":["Strike_G"],"damage_healed":0,"gold_gain":0,"player_choice":"Removed Attack","damage_taken":0,"max_hp_gain":0,"max_hp_loss":0,"event_name":"Falling","floor":48,"gold_loss":0}],"is_beta":false,"boss_relics":[{"not_picked":["SlaversCollar","Velvet Choker"],"picked":"Cursed Key"},{"not_picked":["Pandora\u0027s Box","HoveringKite"],"picked":"Philosopher\u0027s Stone"}],"items_purged_floors":[20,24,47],"is_endless":false,"potions_floor_spawned":[1,3,8,11,12,14,16,18,23,29,30,35,45,46],"ascension_level":7}}