{"host":"9xv6exvwmlpefxuw","time":1611381533,"event":{"mods":["ATMod(阿瑾Mod)","AchievementEnabler","Act Like it!","Aspiration","BaseMod","Chen","Colored Powertips","Conspire","Downfall","Friendly Minions","Gensokyo","GifTheSpireLib","KinomotoSakuraMod(木之本樱)","Koishi","KomeijiMod","Marisa（F雨　魔理沙）","Minty Spire (QoL Compilation)","Pale of the Ancients","Rare Cards Sparkle","Reimu（博丽灵梦）","Remilia_Scarlet Moed（蕾米莉亚・斯卡雷特）3.3.5","Remilia（蕾米莉亚）","RumiaBox-露米娅的神秘盒子","StSLib","The Administrix","The Animator","The Blackbeard","The Mystic","The Servant 0.9.4","WarShipGirlsR/战舰少女R mod","Yakumo Yukari mod","Youmu（魂魄妖梦）","Yuyuko","【功能Mod】混沌之环修复补丁","【功能Mod】聪明的最终Boss"],"gold_per_floor":[117,117,133,147,162,188,188,205,205,205,205],"floor_reached":10,"language":"ZHS","playtime":423,"items_purged":[],"score":70,"play_id":"4f7103a6-69f7-4993-9ced-32182a856fac","local_time":"20210123135853","is_ascension_mode":false,"campfire_choices":[{"floor":7,"key":"REST"}],"circlet_count":0,"master_deck":["Strike_R","Strike_R","Strike_R","Strike_R","Strike_R","Defend_R","Defend_R","Defend_R","Defend_R","Bash+1","Flex","Searing Blow","Dropkick","Seeing Red","Armaments","Pommel Strike"],"relics":["Burning Blood","AT_ATBox","NeowsBlessing","Toy Ornithopter"],"acts_visited":["Exordium"],"potions_floor_usage":[6,6,6,10],"damage_taken":[{"damage":0,"enemies":"Jaw Worm","floor":1,"turns":1},{"damage":0,"enemies":"Cultist","floor":3,"turns":1},{"damage":0,"enemies":"Small Slimes","floor":4,"turns":1},{"damage":34,"enemies":"Gremlin Gang","floor":5,"turns":7},{"damage":46,"enemies":"3 Sentries","floor":6,"turns":8},{"damage":8,"enemies":"Red Slaver","floor":8,"turns":3},{"damage":39,"enemies":"Gremlin Nob","floor":10,"turns":4}],"seed_played":"-5608195484353847345","potions_obtained":[{"floor":1,"key":"Explosive Potion"},{"floor":3,"key":"DistilledChaos"},{"floor":5,"key":"GrandPatriotsElixir:ReiMu"},{"floor":8,"key":"SkillPotion"}],"is_trial":false,"path_per_floor":["M","?","M","M","M","E","R","M","T","E"],"character_chosen":"IRONCLAD","items_purchased":[],"campfire_rested":1,"item_purchase_floors":[],"current_hp_per_floor":[80,80,80,80,52,12,36,34,34,0,0],"gold":205,"neow_bonus":"THREE_ENEMY_KILL","is_daily":false,"chose_seed":false,"campfire_upgraded":0,"win_rate":0.0,"timestamp":1611381533,"path_taken":["M","?","M","M","?","E","R","M","T","E"],"items_purchased_type":[],"build_version":"2020-12-22","purchased_purges":0,"victory":false,"max_hp_per_floor":[80,80,80,80,80,80,80,80,80,80,80],"card_choices":[{"not_picked":["Inflame","Headbutt"],"picked":"Flex","floor":1},{"not_picked":["Clothesline","Bloodletting"],"picked":"Searing Blow","floor":3},{"not_picked":["Whirlwind","Disarm"],"picked":"Dropkick","floor":4},{"not_picked":["Sword Boomerang","Twin Strike"],"picked":"Seeing Red","floor":5},{"not_picked":["AT_ManFootWork","Heavy Blade"],"picked":"Armaments","floor":6},{"not_picked":["Shrug It Off","AT_IchimonjiDouble"],"picked":"Pommel Strike","floor":8}],"player_experience":5707,"relics_obtained":[{"floor":6,"key":"Toy Ornithopter"}],"event_choices":[{"damage_healed":0,"gold_gain":0,"player_choice":"Upgraded","damage_taken":0,"max_hp_gain":0,"max_hp_loss":0,"event_name":"Upgrade Shrine","floor":2,"gold_loss":0,"cards_upgraded":["Bash"]}],"is_beta":false,"boss_relics":[],"items_purged_floors":[],"is_endless":false,"potions_floor_spawned":[1,3,5,8],"killed_by":"Gremlin Nob","ascension_level":0}}