{"host":"7r6bd5ce6zscnmwq","time":1611427157,"event":{"mods":["BaseMod","Block Reminder","Downfall","Minty Spire (QoL Compilation)","Quick Restart","Shop Mod","Spicy Shops","StSLib"],"gold_per_floor":[99,110,129,129,147,147,173,183,213,213,213,46,46,57,77,174,174,74,74,87,87,103,203,271,271,283,283,298,298,98,98,114,211,211,211,228,228,244,344,29,55,80,96,111,111,111,122,153,166,166,166,201,6,6,6,6,6,6],"floor_reached":56,"language":"ENG","playtime":9434,"items_purged":["champ:Defend","champ:Defend","champ:Defend"],"score":832,"play_id":"fdc20df0-6374-42c9-879a-9307853de522","local_time":"20210124033917","is_ascension_mode":false,"campfire_choices":[{"data":"Madness","floor":1.0,"key":"SMITH"},{"data":"champ:Taunt","floor":6.0,"key":"SMITH"},{"data":"champ:GladiatorForm","floor":18.0,"key":"SMITH"},{"data":"champ:ShieldSlam","floor":25.0,"key":"SMITH"},{"floor":27.0,"key":"RECALL"},{"data":"champ:AdrenalArmor","floor":30.0,"key":"SMITH"},{"data":"champ:CalledShot","floor":35.0,"key":"SMITH"},{"data":"champ:EndlessRage","floor":45.0,"key":"SMITH"},{"floor":54,"key":"REST"}],"circlet_count":0,"master_deck":["champ:Execute","champ:Taunt+1","Madness+1","champ:GutPunch","champ:Backstep+1","champ:AdrenalArmor+1","champ:CalledShot+1","champ:Devastate+1","champ:BringItOn","champ:FocusedBerserking","champ:ShieldSlam+1","champ:GladiatorForm+1","Slimebound:Tackle+1","Slimebound:Tackle+1","Slimebound:Tackle+1","champ:DefensiveShout+1","expansioncontent:PrepareCrush","champ:Shatter+1","champ:AdrenalArmor","champ:Lariat+1","champ:EndlessRage+1","Parasite","champ:HeartStrike","champ:GladiatorStyle"],"relics":["champ:ChampionCrown","Oddly Smooth Stone","StrikeDummy","OrangePellets","Busted Crown","downfall:HeartBlessingGreen","champ:GladiatorsBookOfMartialProwess","downfall:HeartBlessingRed","downfall:HeartBlessingBlue","Vajra","Philosopher\u0027s Stone","Toy Ornithopter","Pen Nib","champ:FightingForDummies","Pantograph","Chemical X","champ:DefensiveTrainingManual","Strawberry"],"acts_visited":["Exordium","TheCity","TheBeyond","TheEnding"],"potions_floor_usage":[48,52,52,55,55],"damage_taken":[{"damage":15.0,"enemies":"Small Slimes","floor":2.0,"turns":4.0},{"damage":11.0,"enemies":"Cultist","floor":3.0,"turns":3.0},{"damage":26.0,"enemies":"Jaw Worm","floor":5.0,"turns":4.0},{"damage":30.0,"enemies":"Large Slime","floor":8.0,"turns":6.0},{"damage":69.0,"enemies":"3 Sentries","floor":9.0,"turns":10.0},{"damage":30.0,"enemies":"downfall:FleeingMerchant","floor":12.0,"turns":4.0},{"damage":20.0,"enemies":"Exordium Wildlife","floor":14.0,"turns":4.0},{"damage":20.0,"enemies":"Gremlin Gang","floor":15.0,"turns":4.0},{"damage":85.0,"enemies":"SI_SHIV_ARCHETYPE","floor":16.0,"turns":9.0},{"damage":0.0,"enemies":"Chosen","floor":19.0,"turns":1.0},{"damage":25.0,"enemies":"Spheric Guardian","floor":20.0,"turns":3.0},{"damage":37.0,"enemies":"Centurion and Healer","floor":22.0,"turns":5.0},{"damage":25.0,"enemies":"Chosen and Byrds","floor":26.0,"turns":7.0},{"damage":15.0,"enemies":"Snake Plant","floor":28.0,"turns":4.0},{"damage":20.0,"enemies":"3 Cultists","floor":32.0,"turns":4.0},{"damage":78.0,"enemies":"IC_MUSHROOM_ARCHETYPE","floor":33.0,"turns":6.0},{"damage":56.0,"enemies":"3 Darklings","floor":36.0,"turns":6.0},{"damage":0.0,"enemies":"Orb Walker","floor":38.0,"turns":2.0},{"damage":88.0,"enemies":"downfall:LadyInBlue","floor":39.0,"turns":8.0},{"damage":25.0,"enemies":"downfall:FleeingMerchant","floor":40.0,"turns":4.0},{"damage":45.0,"enemies":"Reptomancer","floor":42.0,"turns":5.0},{"damage":33.0,"enemies":"downfall:FleeingMerchant","floor":43.0,"turns":4.0},{"damage":67.0,"enemies":"Maw","floor":44.0,"turns":4.0},{"damage":65,"enemies":"Writhing Mass","floor":47,"turns":4},{"damage":35,"enemies":"Nemesis","floor":48,"turns":7},{"damage":37,"enemies":"Jaw Worm Horde","floor":49,"turns":4},{"damage":84,"enemies":"WA_ARCHETYPE_DIVINITY","floor":50,"turns":7},{"damage":161,"enemies":"downfall:CharBossMerchant","floor":52,"turns":9},{"damage":228,"enemies":"downfall:NeowBoss","floor":55,"turns":12},{"damage":169,"enemies":"downfall:NeowBossFinal","floor":56,"turns":8}],"seed_played":"7745329427453015663","potions_obtained":[{"floor":2.0,"key":"hexamod:SoulburnPotion"},{"floor":3.0,"key":"SteroidPotion"},{"floor":14.0,"key":"Weak Potion"},{"floor":16.0,"key":"LiquidMemories"},{"floor":20.0,"key":"FearPotion"},{"floor":22.0,"key":"Strength Potion"},{"floor":32.0,"key":"Strength Potion"},{"floor":33.0,"key":"BlessingOfTheForge"},{"floor":38.0,"key":"BlessingOfTheForge"},{"floor":39.0,"key":"champ:UltimateStancePotion"},{"floor":39.0,"key":"champ:OpenerPotion"},{"floor":44.0,"key":"Ancient Potion"},{"floor":47,"key":"Regen Potion"},{"floor":49,"key":"Regen Potion"},{"floor":52,"key":"Block Potion"}],"is_trial":false,"path_per_floor":["R","M","M","?","M","R","T","M","E","?","?","$","?","M","M","B",null,"R","M","M","?","M","?","T","R","M","R","M","?","R","T","M","B",null,"R","M","?","M","?","$","T","E","$","M","R","?","M","E","M","B",null,"E","$","R","B","B"],"character_chosen":"THE_CHAMP","items_purchased":["OrangePellets","Pen Nib","champ:AdrenalArmor","Chemical X","champ:EndlessRage","champ:GladiatorStyle"],"campfire_rested":1,"item_purchase_floors":[12,40,40,43,43,53],"current_hp_per_floor":[90,85,84,84,78,78,78,78,69,69,90,90,90,90,90,70,90,90,90,90,90,83,83,83,83,83,83,83,83,93,93,93,60,100,100,89,89,89,76,76,76,81,83,81,81,81,81,100,88,86,100,54,54,86,73,0,0,0],"gold":6,"neow_bonus":"RANDOM_COLORLESS","is_daily":false,"chose_seed":false,"campfire_upgraded":7,"win_rate":0.0,"timestamp":1611427157,"path_taken":["R","M","M","?","M","R","T","?","E","?","?","?","?","M","M","BOSS","R","M","?","?","M","?","T","R","M","R","?","?","R","?","M","BOSS","R","M","?","M","?","$","T","E","$","M","R","?","?","E","M","BOSS","E","$","R","BOSS","BOSS"],"items_purchased_type":["Relic","Relic","Card","Relic","Card","Card"],"build_version":"2020-12-22","purchased_purges":3,"victory":false,"max_hp_per_floor":[90,90,90,90,90,90,90,90,90,90,90,90,90,90,90,90,90,90,90,90,90,90,90,90,90,90,90,90,90,100,100,100,100,100,100,100,100,100,100,100,100,100,100,100,100,100,100,100,100,100,100,107,107,107,107,107,107,107],"card_choices":[{"not_picked":["Forethought","Dramatic Entrance"],"picked":"Madness","floor":0.0},{"not_picked":["champ:CrownThrow","champ:BerserkersShout"],"picked":"champ:GutPunch","floor":2.0},{"not_picked":["champ:CrownThrow","champ:ArenaPreparation"],"picked":"champ:Backstep","floor":3.0},{"not_picked":["champ:Backstep","champ:Circumvent"],"picked":"champ:AdrenalArmor","floor":5.0},{"not_picked":["champ:BerserkersShout","champ:FocusedBerserking"],"picked":"champ:CalledShot","floor":8.0},{"not_picked":["champ:Circumvent","champ:RecklessLeap"],"picked":"champ:Devastate","floor":9.0},{"not_picked":["champ:TornadoPunch","champ:EndlessRage"],"picked":"champ:BringItOn","floor":12.0},{"not_picked":["champ:PreemptiveStrike","champ:RisingSlash"],"picked":"champ:FocusedBerserking","floor":14.0},{"not_picked":["champ:Duel","champ:PreemptiveStrike"],"picked":"champ:ShieldSlam","floor":15.0},{"not_picked":["champ:DancingMaster","champ:VampiricStrike"],"picked":"champ:GladiatorForm","floor":16.0},{"not_picked":["champ:BladeFlurry+1"],"picked":"SKIP","floor":19.0},{"not_picked":["champ:ShieldSlam+1"],"picked":"SKIP","floor":20.0},{"not_picked":["champ:TornadoPunch"],"picked":"SKIP","floor":22.0},{"not_picked":["champ:CrownThrow+1"],"picked":"SKIP","floor":26.0},{"not_picked":["champ:Haymaker"],"picked":"SKIP","floor":28.0},{"not_picked":["champ:Circumvent"],"picked":"SKIP","floor":32.0},{"not_picked":[],"picked":"champ:DefensiveShout+1","floor":36.0},{"not_picked":[],"picked":"expansioncontent:PrepareCrush","floor":37.0},{"not_picked":[],"picked":"champ:Shatter+1","floor":38.0},{"not_picked":["champ:Parry+1"],"picked":"SKIP","floor":39.0},{"not_picked":["champ:PreciseThrust"],"picked":"SKIP","floor":40.0},{"not_picked":[],"picked":"champ:Lariat+1","floor":42.0},{"not_picked":["champ:TornadoPunch"],"picked":"SKIP","floor":43.0},{"not_picked":["champ:Parry+1"],"picked":"SKIP","floor":44.0},{"not_picked":["champ:TornadoPunch"],"picked":"SKIP","floor":47},{"not_picked":[],"picked":"champ:HeartStrike","floor":48},{"not_picked":["champ:Circumvent"],"picked":"SKIP","floor":49},{"not_picked":["champ:PreciseThrust+1"],"picked":"SKIP","floor":52}],"player_experience":617122,"relics_obtained":[{"floor":7.0,"key":"Oddly Smooth Stone"},{"floor":9.0,"key":"StrikeDummy"},{"floor":31.0,"key":"Vajra"},{"floor":39.0,"key":"Toy Ornithopter"},{"floor":41.0,"key":"champ:FightingForDummies"},{"floor":42.0,"key":"Pantograph"},{"floor":48,"key":"champ:DefensiveTrainingManual"},{"floor":52,"key":"Strawberry"}],"event_choices":[{"damage_healed":0.0,"max_hp_gain":0.0,"max_hp_loss":0.0,"gold_gain":0.0,"event_name":"Accursed Blacksmith","player_choice":"Forge","floor":4.0,"gold_loss":0.0,"damage_taken":0.0,"cards_upgraded":["champ:Backstep"]},{"damage_healed":30.0,"max_hp_gain":0.0,"max_hp_loss":0.0,"gold_gain":0.0,"event_name":"Big Fish","player_choice":"Banana","floor":11.0,"gold_loss":0.0,"damage_taken":0.0}],"is_beta":false,"boss_relics":[{"not_picked":["bronze:MakeshiftBattery","SlaversCollar"],"picked":"Busted Crown"},{"not_picked":["Velvet Choker","Coffee Dripper"],"picked":"Philosopher\u0027s Stone"}],"items_purged_floors":[40,43,53],"is_endless":false,"potions_floor_spawned":[2,3,14,16,20,22,32,33,38,39,44,47,49,52],"killed_by":"downfall:NeowBossFinal","ascension_level":0}}