{"host":"7gewg82ormp6yt4e","time":1611380060,"event":{"mods":["BaseMod","Block Reminder","Colored Map","DeckTracker","Highlight Path","Minty Spire (QoL Compilation)","Relic Stats","StSLib","ojb\u0027s Info Mod"],"gold_per_floor":[110,129,129,24,36,36,68,68,68,95,114,126,126,153,153,227,227,245,189,189,27,45,45,45,45,70,70,83,103,103,103,103],"floor_reached":31,"language":"JPN","playtime":1580,"items_purged":[],"score":506,"play_id":"a00774c0-a152-442b-8e4e-7a88b0cc4705","local_time":"20210123143420","is_ascension_mode":true,"campfire_choices":[{"data":"Rip and Tear","floor":6,"key":"SMITH"},{"data":"Streamline","floor":8,"key":"SMITH"},{"floor":13,"key":"REST"},{"floor":15,"key":"DIG"},{"floor":23,"key":"DIG"},{"floor":25,"key":"DIG"},{"floor":27,"key":"DIG"}],"circlet_count":0,"master_deck":["AscendersBane","Zap","Dualcast","FTL","Tempest","Rip and Tear+1","Cold Snap","Streamline+1","Reinforced Body","Steam","Aggregate","Biased Cognition+1","Multi-Cast","Thunder Strike","Blizzard","Genetic Algorithm","Aggregate","Leap","Redo","Defragment+1","Conserve Battery","Doom and Gloom","Undo"],"relics":["Cracked Core","Ice Cream","Pantograph","Akabeko","Shovel","Orichalcum","Pandora\u0027s Box","Lee\u0027s Waffle","MealTicket","Bronze Scales","Mercury Hourglass"],"acts_visited":["Exordium","TheCity"],"potions_floor_usage":[1,2,10,12,16,18,31],"damage_taken":[{"damage":3,"enemies":"2 Louse","floor":1,"turns":3},{"damage":0,"enemies":"Cultist","floor":2,"turns":2},{"damage":5,"enemies":"Jaw Worm","floor":5,"turns":2},{"damage":19,"enemies":"3 Sentries","floor":7,"turns":6},{"damage":13,"enemies":"Lagavulin","floor":10,"turns":5},{"damage":3,"enemies":"Exordium Wildlife","floor":11,"turns":2},{"damage":8,"enemies":"Exordium Thugs","floor":12,"turns":3},{"damage":9,"enemies":"3 Sentries","floor":14,"turns":6},{"damage":19,"enemies":"Slime Boss","floor":16,"turns":8},{"damage":21,"enemies":"3 Byrds","floor":18,"turns":3},{"damage":0,"enemies":"Chosen","floor":22,"turns":3},{"damage":17,"enemies":"Centurion and Healer","floor":28,"turns":5},{"damage":7,"enemies":"3 Cultists","floor":29,"turns":4},{"damage":56,"enemies":"Gremlin Leader","floor":31,"turns":5}],"seed_played":"-8668133254197600596","potions_obtained":[{"floor":0,"key":"SkillPotion"},{"floor":0,"key":"Swift Potion"},{"floor":1,"key":"Swift Potion"},{"floor":2,"key":"Energy Potion"},{"floor":12,"key":"Energy Potion"},{"floor":16,"key":"Explosive Potion"},{"floor":29,"key":"EssenceOfSteel"}],"is_trial":false,"path_per_floor":["M","M","?","$","M","R","E","R","T","E","M","M","R","E","R","B",null,"M","$","?","$","M","R","$","R","T","R","M","M","?","E"],"character_chosen":"DEFECT","items_purchased":["Rip and Tear","Cold Snap","Conserve Battery","Lee\u0027s Waffle"],"campfire_rested":1,"item_purchase_floors":[4,4,19,21],"current_hp_per_floor":[61,61,61,61,56,56,37,37,37,24,21,13,34,25,25,31,61,40,40,40,78,78,78,78,78,78,78,61,54,54,0,0],"gold":103,"neow_bonus":"THREE_SMALL_POTIONS","is_daily":false,"chose_seed":false,"campfire_upgraded":2,"win_rate":0.0,"timestamp":1611380060,"path_taken":["M","M","?","$","M","R","E","R","T","E","M","M","R","E","R","BOSS","M","?","?","?","M","R","$","R","T","R","M","?","?","E"],"items_purchased_type":["Card","Card","Card","Relic"],"build_version":"2020-12-22","purchased_purges":0,"victory":false,"max_hp_per_floor":[71,71,71,71,71,71,71,71,71,71,71,71,71,71,71,71,71,71,71,71,78,78,78,78,78,78,78,78,78,78,78,78],"relic_stats":{"Lee\u0027s Waffle":38,"Shovel":4,"counters":[14,56],"Pantograph":25,"Bronze Scales":[42],"Pandora\u0027s Box":["Thunder Strike","Thunder Strike","Blizzard","Genetic Algorithm","Aggregate","Leap","Redo"],"MealTicket":0,"Orichalcum":[108],"obtain_stats":[{"Ice Cream":7,"Lee\u0027s Waffle":21,"Shovel":14,"Pantograph":9,"Bronze Scales":25,"Pandora\u0027s Box":17,"MealTicket":23,"Orichalcum":15,"Cracked Core":0,"Akabeko":10,"Mercury Hourglass":27},{"Ice Cream":4,"Lee\u0027s Waffle":10,"Shovel":8,"Pantograph":4,"Bronze Scales":11,"Pandora\u0027s Box":9,"MealTicket":11,"Orichalcum":8,"Cracked Core":0,"Akabeko":5,"Mercury Hourglass":11},{"Ice Cream":13,"Lee\u0027s Waffle":40,"Shovel":29,"Pantograph":13,"Bronze Scales":43,"Pandora\u0027s Box":37,"MealTicket":43,"Orichalcum":29,"Cracked Core":0,"Akabeko":18,"Mercury Hourglass":43}],"Mercury Hourglass":[80]},"card_choices":[{"not_picked":["Beam Cell","Aggregate"],"picked":"FTL","floor":1},{"not_picked":["Recycle","Fusion"],"picked":"Tempest","floor":2},{"not_picked":["Redo","Sweeping Beam"],"picked":"Streamline","floor":5},{"not_picked":["Redo","Leap"],"picked":"Reinforced Body","floor":7},{"not_picked":["Auto Shields","Rip and Tear"],"picked":"Steam","floor":10},{"not_picked":["Reprogram","Chaos"],"picked":"Aggregate","floor":11},{"not_picked":["Sweeping Beam","Gash","Stack"],"picked":"SKIP","floor":12},{"not_picked":["Hologram","Leap"],"picked":"Biased Cognition","floor":14},{"not_picked":["Reboot","All For One"],"picked":"Multi-Cast","floor":16},{"not_picked":["Steam Power","Barrage"],"picked":"Defragment+1","floor":18},{"not_picked":["Stack","Sunder"],"picked":"Doom and Gloom","floor":22},{"not_picked":["Heatsinks","Aggregate","Turbo"],"picked":"SKIP","floor":28},{"not_picked":["Genetic Algorithm","Reprogram+1"],"picked":"Undo","floor":29}],"player_experience":2656006,"relics_obtained":[{"floor":7,"key":"Ice Cream"},{"floor":9,"key":"Pantograph"},{"floor":10,"key":"Akabeko"},{"floor":14,"key":"Shovel"},{"floor":15,"key":"Orichalcum"},{"floor":23,"key":"MealTicket"},{"floor":25,"key":"Bronze Scales"},{"floor":27,"key":"Mercury Hourglass"}],"event_choices":[{"cards_removed":["Defend_B"],"damage_healed":0,"gold_gain":0,"player_choice":"Offered Basic","damage_taken":0,"max_hp_gain":0,"max_hp_loss":0,"event_name":"Bonfire Elementals","floor":3,"gold_loss":0},{"cards_removed":["Thunder Strike"],"damage_healed":0,"gold_gain":0,"player_choice":"Elegance","damage_taken":0,"max_hp_gain":0,"max_hp_loss":0,"event_name":"Back to Basics","floor":20,"gold_loss":0},{"damage_healed":0,"gold_gain":0,"player_choice":"Forge","damage_taken":0,"max_hp_gain":0,"max_hp_loss":0,"event_name":"Accursed Blacksmith","floor":30,"gold_loss":0,"cards_upgraded":["Biased Cognition"]}],"is_beta":false,"boss_relics":[{"not_picked":["Calling Bell","Busted Crown"],"picked":"Pandora\u0027s Box"}],"items_purged_floors":[],"is_endless":false,"potions_floor_spawned":[1,2,12,16,29],"killed_by":"Gremlin Leader","ascension_level":20}}