{"host":"k7udt7atmcuzf6l0","time":1611396680,"event":{"mods":["AchievementEnabler","BaseMod","Colored Map","Colored Powertips","Highlight Path","Minty Spire (QoL Compilation)","Quick Restart","Rare Cards Sparkle","StSLib","UnlockEverythingMod"],"gold_per_floor":[118,293,308,308,321,348,79,135,135,135,169,169,202,202,202,302,302,313,313,313,313,333,361,361,390,390,43,53,63,74,103,103,200,200,218,237,237,253,266,291,302,332,419,15,28,54,70,89,89,89],"floor_reached":51,"language":"ZHS","playtime":1701,"items_purged":["Doubt"],"score":1092,"play_id":"c42114c7-0d47-40f6-b417-10c8d937331b","local_time":"20210123181120","is_ascension_mode":false,"campfire_choices":[{"data":"Limit Break","floor":10.0,"key":"SMITH"},{"data":"Spot Weakness","floor":12.0,"key":"SMITH"},{"floor":15.0,"key":"DIG"},{"floor":24.0,"key":"DIG"},{"floor":32.0,"key":"DIG"},{"floor":49,"key":"DIG"}],"circlet_count":0,"master_deck":["Strike_R","Strike_R","Strike_R","Strike_R","Strike_R+1","Defend_R+1","Defend_R","Defend_R","Defend_R+1","Bash","Sword Boomerang","Clash+1","Spot Weakness+1","Limit Break+1","Headbutt+1","Bloodletting+1","Uppercut+1","Feed+1","Anger+1","Reaper+1","Battle Trance","Whirlwind+1","Clash+1","Heavy Blade+1","Thunderclap+1","Sentinel+1","Dual Wield","Brutality","Sword Boomerang+1","Infernal Blade","Rupture+1","Seeing Red+1","Body Slam+1","Warcry+1","Twin Strike+1","Flex+1","Body Slam+1","Pommel Strike+1","Parasite","Hemokinesis+1"],"relics":["Black Blood","NeowsBlessing","Du-Vu Doll","Centennial Puzzle","Molten Egg 2","Kunai","Smiling Mask","Shovel","Art of War","Black Star","Enchiridion","Orichalcum","Champion Belt","Ornamental Fan","Letter Opener","Bag of Preparation","Matryoshka","Bottled Lightning","War Paint","Vajra","Whetstone","Mummified Hand","Juzu Bracelet","Boot","MawBank","Oddly Smooth Stone","InkBottle","Strange Spoon","Mercury Hourglass","Meat on the Bone","StrikeDummy","Mango"],"acts_visited":["Exordium","TheCity","TheBeyond"],"potions_floor_usage":[45,46,50,50],"damage_taken":[{"damage":0.0,"enemies":"2 Louse","floor":1.0,"turns":1.0},{"damage":0.0,"enemies":"Jaw Worm","floor":3.0,"turns":1.0},{"damage":0.0,"enemies":"Small Slimes","floor":5.0,"turns":1.0},{"damage":31.0,"enemies":"3 Sentries","floor":6.0,"turns":8.0},{"damage":0.0,"enemies":"Gremlin Nob","floor":11.0,"turns":4.0},{"damage":21.0,"enemies":"3 Sentries","floor":13.0,"turns":4.0},{"damage":3.0,"enemies":"Slime Boss","floor":16.0,"turns":5.0},{"damage":18.0,"enemies":"3 Byrds","floor":18.0,"turns":4.0},{"damage":10.0,"enemies":"Chosen","floor":22.0,"turns":3.0},{"damage":52.0,"enemies":"Slavers","floor":23.0,"turns":5.0},{"damage":35.0,"enemies":"Gremlin Leader","floor":25.0,"turns":6.0},{"damage":8.0,"enemies":"Centurion and Healer","floor":28.0,"turns":2.0},{"damage":25.0,"enemies":"Snake Plant","floor":29.0,"turns":4.0},{"damage":0.0,"enemies":"Snecko","floor":30.0,"turns":2.0},{"damage":13.0,"enemies":"Book of Stabbing","floor":31.0,"turns":3.0},{"damage":16.0,"enemies":"Collector","floor":33.0,"turns":5.0},{"damage":4.0,"enemies":"3 Darklings","floor":35.0,"turns":3.0},{"damage":18.0,"enemies":"3 Shapes","floor":36.0,"turns":3.0},{"damage":0.0,"enemies":"Transient","floor":38.0,"turns":5.0},{"damage":5.0,"enemies":"Spire Growth","floor":39.0,"turns":3.0},{"damage":19.0,"enemies":"Giant Head","floor":40.0,"turns":6.0},{"damage":10.0,"enemies":"4 Shapes","floor":41.0,"turns":3.0},{"damage":4.0,"enemies":"Reptomancer","floor":42.0,"turns":2.0},{"damage":10,"enemies":"Jaw Worm Horde","floor":45,"turns":2},{"damage":33,"enemies":"Giant Head","floor":46,"turns":6},{"damage":5,"enemies":"Spire Growth","floor":47,"turns":2},{"damage":2,"enemies":"Writhing Mass","floor":48,"turns":3},{"damage":88,"enemies":"Awakened One","floor":50,"turns":8}],"seed_played":"5548274833958461193","potions_obtained":[{"floor":1.0,"key":"PowerPotion"},{"floor":5.0,"key":"Ancient Potion"},{"floor":6.0,"key":"EntropicBrew"},{"floor":13.0,"key":"Swift Potion"},{"floor":25.0,"key":"DuplicationPotion"},{"floor":29.0,"key":"FearPotion"},{"floor":31.0,"key":"BloodPotion"},{"floor":33.0,"key":"Explosive Potion"},{"floor":36.0,"key":"HeartOfIron"},{"floor":39.0,"key":"GamblersBrew"},{"floor":45,"key":"FearPotion"},{"floor":46,"key":"Weak Potion"},{"floor":47,"key":"HeartOfIron"}],"is_trial":false,"path_per_floor":["M","?","M","?","M","E","$","?","T","R","E","R","E","?","R","B",null,"M","?","?","?","M","E","R","E","T","$","M","M","M","E","R","B",null,"M","M","?","M","M","E","M","E","T","$","M","E","M","M","R","B",null],"character_chosen":"IRONCLAD","items_purchased":["Centennial Puzzle","Headbutt","Bottled Lightning","Whirlwind+1","Clash+1","Strange Spoon","Mercury Hourglass","Twin Strike+1"],"campfire_rested":0,"item_purchase_floors":[7,7,27,27,27,44,44,44],"current_hp_per_floor":[80,80,80,64,70,45,45,45,45,45,51,51,36,24,24,27,80,72,56,85,69,69,43,43,17,17,17,71,52,58,64,64,100,105,109,107,107,113,117,115,117,117,117,117,121,100,111,121,135,71],"gold":89,"neow_bonus":"THREE_ENEMY_KILL","is_daily":false,"chose_seed":false,"campfire_upgraded":2,"win_rate":0.0,"timestamp":1611396680,"path_taken":["M","?","M","?","M","E","$","?","T","R","E","R","E","?","R","BOSS","M","?","?","?","M","E","R","E","T","?","M","M","M","E","R","BOSS","M","M","?","M","?","E","M","E","T","$","M","E","M","M","R","BOSS"],"items_purchased_type":["Relic","Card","Relic","Card","Card","Relic","Relic","Card"],"build_version":"2020-12-22","purchased_purges":1,"victory":true,"max_hp_per_floor":[80,80,80,80,80,80,80,80,80,80,80,80,80,80,80,80,80,84,89,89,89,93,97,97,97,97,97,101,101,101,101,101,105,105,109,113,113,113,117,117,117,117,117,117,121,121,125,125,139,139],"card_choices":[{"not_picked":["Burning Pact","Second Wind"],"picked":"Sword Boomerang","floor":1.0},{"not_picked":["Anger","Sword Boomerang"],"picked":"Clash","floor":3.0},{"not_picked":["Heavy Blade","Rage"],"picked":"Spot Weakness","floor":5.0},{"not_picked":["Thunderclap","Rage"],"picked":"Limit Break","floor":6.0},{"not_picked":["Wild Strike+1","Blood for Blood+1"],"picked":"Bloodletting","floor":11.0},{"not_picked":["Perfected Strike+1","Disarm"],"picked":"Uppercut+1","floor":13.0},{"not_picked":["Brutality","Barricade"],"picked":"Feed+1","floor":16.0},{"not_picked":["Wild Strike+1","Shrug It Off"],"picked":"Anger+1","floor":18.0},{"not_picked":["Heavy Blade+1","Armaments"],"picked":"Reaper+1","floor":22.0},{"not_picked":["Demon Form","Metallicize","Searing Blow+1"],"picked":"SKIP","floor":23.0},{"not_picked":["Dropkick+1","Dark Embrace"],"picked":"Battle Trance","floor":25.0},{"not_picked":["Wild Strike+1","Burning Pact+1"],"picked":"Heavy Blade+1","floor":28.0},{"not_picked":["Cleave+1","Perfected Strike+1"],"picked":"Thunderclap+1","floor":29.0},{"not_picked":["Ghostly Armor","Power Through"],"picked":"Sentinel+1","floor":30.0},{"not_picked":["Clash+1","Warcry"],"picked":"Dual Wield","floor":31.0},{"not_picked":["Bludgeon+1","Impervious"],"picked":"Brutality","floor":33.0},{"not_picked":["Iron Wave+1","Thunderclap+1"],"picked":"Sword Boomerang+1","floor":35.0},{"not_picked":["Anger+1","Flex","Headbutt+1"],"picked":"SKIP","floor":36.0},{"not_picked":["Bloodletting+1","Sword Boomerang+1"],"picked":"Rupture+1","floor":38.0},{"not_picked":["Fire Breathing+1","True Grit","Impervious"],"picked":"SKIP","floor":39.0},{"not_picked":["Perfected Strike+1","Sword Boomerang+1"],"picked":"Seeing Red+1","floor":40.0},{"not_picked":["Warcry","Burning Pact"],"picked":"Body Slam+1","floor":41.0},{"not_picked":["Perfected Strike+1","Cleave+1"],"picked":"Warcry+1","floor":42.0},{"not_picked":["Warcry","Twin Strike+1"],"picked":"Flex+1","floor":45},{"not_picked":["Anger+1","Barricade"],"picked":"Body Slam+1","floor":46},{"not_picked":["Shrug It Off+1","Havoc"],"picked":"Pommel Strike+1","floor":47},{"not_picked":["Flex","Anger+1"],"picked":"Hemokinesis+1","floor":48}],"player_experience":111903,"relics_obtained":[{"floor":6.0,"key":"Du-Vu Doll"},{"floor":9.0,"key":"Molten Egg 2"},{"floor":11.0,"key":"Kunai"},{"floor":13.0,"key":"Smiling Mask"},{"floor":15.0,"key":"Art of War"},{"floor":21.0,"key":"Enchiridion"},{"floor":23.0,"key":"Orichalcum"},{"floor":23.0,"key":"Champion Belt"},{"floor":24.0,"key":"Ornamental Fan"},{"floor":25.0,"key":"Letter Opener"},{"floor":25.0,"key":"Bag of Preparation"},{"floor":26.0,"key":"Matryoshka"},{"floor":31.0,"key":"War Paint"},{"floor":31.0,"key":"Vajra"},{"floor":32.0,"key":"Whetstone"},{"floor":40.0,"key":"Mummified Hand"},{"floor":40.0,"key":"Juzu Bracelet"},{"floor":42.0,"key":"Boot"},{"floor":42.0,"key":"MawBank"},{"floor":43.0,"key":"Oddly Smooth Stone"},{"floor":43.0,"key":"InkBottle"},{"floor":46,"key":"Meat on the Bone"},{"floor":46,"key":"StrikeDummy"},{"floor":49,"key":"Mango"}],"event_choices":[{"damage_healed":0.0,"max_hp_gain":0.0,"max_hp_loss":0.0,"gold_gain":175.0,"event_name":"Liars Game","player_choice":"AGREE","floor":2.0,"gold_loss":0.0,"damage_taken":0.0,"cards_obtained":["Doubt"]},{"damage_healed":0.0,"max_hp_gain":0.0,"max_hp_loss":0.0,"gold_gain":0.0,"event_name":"Shining Light","player_choice":"Entered Light","floor":4.0,"gold_loss":0.0,"damage_taken":16.0,"cards_upgraded":["Defend_R","Strike_R"]},{"damage_healed":0.0,"max_hp_gain":0.0,"max_hp_loss":0.0,"gold_gain":56.0,"event_name":"Golden Wing","player_choice":"Gained Gold","floor":8.0,"gold_loss":0.0,"damage_taken":0.0},{"damage_healed":0.0,"max_hp_gain":0.0,"max_hp_loss":0.0,"gold_gain":0.0,"event_name":"Scrap Ooze","player_choice":"Success","floor":14.0,"gold_loss":0.0,"damage_taken":12.0,"relics_obtained":["Shovel"]},{"damage_healed":0.0,"max_hp_gain":5.0,"max_hp_loss":0.0,"gold_gain":0.0,"event_name":"Forgotten Altar","player_choice":"Shed Blood","floor":19.0,"gold_loss":0.0,"damage_taken":21.0},{"damage_healed":29.0,"max_hp_gain":0.0,"max_hp_loss":0.0,"gold_gain":0.0,"event_name":"The Library","player_choice":"Heal","floor":20.0,"gold_loss":0.0,"damage_taken":0.0},{"damage_healed":0.0,"max_hp_gain":0.0,"max_hp_loss":0.0,"gold_gain":0.0,"event_name":"Cursed Tome","player_choice":"Obtained Book","floor":21.0,"gold_loss":0.0,"damage_taken":16.0},{"damage_healed":0.0,"max_hp_gain":0.0,"max_hp_loss":0.0,"gold_gain":0.0,"event_name":"Match and Keep!","player_choice":"1 cards matched","floor":37.0,"gold_loss":0.0,"damage_taken":0.0,"cards_obtained":["Infernal Blade"]}],"is_beta":false,"boss_relics":[{"not_picked":["Coffee Dripper","Cursed Key"],"picked":"Black Star"},{"not_picked":["Pandora\u0027s Box","Calling Bell"],"picked":"Black Blood"}],"items_purged_floors":[7],"is_endless":false,"potions_floor_spawned":[1,5,6,13,25,29,31,33,36,39,45,46,47],"ascension_level":0}}