{"host":"9tdk3zzhmpo6o3dg","time":1611406709,"event":{"mods":["AchievementEnabler","Act Like it!","BaseMod","Downfall","Gensokyo","Hermit","Koishi","Marisa（F雨　魔理沙）","Minty Spire (QoL Compilation)","Remilia（蕾米莉亚）","SOS（斯巴达之子）","Shop Mod","StSLib","The Alterego","The Cursed","The Hierophant","The Marked","The Senshi","The Servant 0.9.4","WarShipGirlsR/战舰少女R mod"],"gold_per_floor":[111,16,36,36,36,36,64,64,87,121,48,66,81,108,108,211,211,229,244,264,264,264],"floor_reached":21,"language":"ZHS","playtime":3061,"items_purged":[],"score":235,"play_id":"587dd015-d750-42e2-b032-0d083ebebeae","local_time":"20210123205829","is_ascension_mode":true,"campfire_choices":[{"data":"Eruption","floor":6.0,"key":"SMITH"},{"data":"BattleHymn","floor":8.0,"key":"SMITH"},{"data":"Alpha","floor":15.0,"key":"SMITH"}],"circlet_count":0,"master_deck":["Strike_P","Strike_P","Strike_P","Defend_P+1","Defend_P","Defend_P","Defend_P","Eruption+1","Vigilance+1","BowlingBash","JustLucky","JustLucky","BattleHymn+1","SashWhip","Alpha+1","JustLucky","Evaluate","Brilliance","MasterReality","Evaluate","Evaluate","Perseverance+1"],"relics":["HolyWater","NeowsBlessing","War Paint","Dream Catcher","Torii","InkBottle"],"acts_visited":["Exordium","TheCity"],"potions_floor_usage":[],"damage_taken":[{"damage":0.0,"enemies":"Small Slimes","floor":1.0,"turns":1.0},{"damage":0.0,"enemies":"Cultist","floor":3.0,"turns":1.0},{"damage":0.0,"enemies":"Lagavulin","floor":7.0,"turns":1.0},{"damage":1.0,"enemies":"3 Sentries","floor":10.0,"turns":3.0},{"damage":0.0,"enemies":"2 Louse","floor":12.0,"turns":1.0},{"damage":0.0,"enemies":"Lots of Slimes","floor":13.0,"turns":1.0},{"damage":23.0,"enemies":"Lagavulin","floor":14.0,"turns":3.0},{"damage":5.0,"enemies":"Hexaghost","floor":16.0,"turns":6.0},{"damage":11.0,"enemies":"2 Thieves","floor":18.0,"turns":4.0},{"damage":1.0,"enemies":"Chosen","floor":19.0,"turns":4.0},{"damage":43.0,"enemies":"Snake Plant","floor":20.0,"turns":5.0},{"damage":24,"enemies":"Cultist and Chosen","floor":21,"turns":5}],"seed_played":"7343067013995530370","potions_obtained":[{"floor":12.0,"key":"Explosive Potion"},{"floor":13.0,"key":"Fire Potion"},{"floor":14.0,"key":"ColorlessPotion"},{"floor":19.0,"key":"SteroidPotion"}],"is_trial":false,"path_per_floor":["M","$","M","?","?","R","E","R","T","E","$","M","M","E","R","B",null,"M","M","M","M"],"character_chosen":"WATCHER","items_purchased":["Collect","JustLucky","Alpha"],"campfire_rested":0,"item_purchase_floors":[2,2,11],"current_hp_per_floor":[72,72,72,65,72,72,72,72,72,71,71,71,71,48,48,43,72,61,60,17,0,0],"gold":264,"neow_bonus":"THREE_ENEMY_KILL","is_daily":false,"chose_seed":false,"campfire_upgraded":3,"win_rate":0.0,"timestamp":1611406709,"path_taken":["M","$","M","?","?","R","E","R","T","E","$","M","M","E","R","BOSS","M","?","M","M"],"items_purchased_type":["Card","Card","Card"],"build_version":"2020-12-22","purchased_purges":0,"victory":false,"max_hp_per_floor":[72,72,72,72,72,72,72,72,72,72,72,72,72,72,72,72,72,72,72,72,72,72],"card_choices":[{"not_picked":["Prostrate","FlyingSleeves"],"picked":"BowlingBash","floor":1.0},{"not_picked":["BowlingBash","FollowUp"],"picked":"JustLucky","floor":3.0},{"not_picked":["FollowUp","Adaptation"],"picked":"BattleHymn","floor":7.0},{"not_picked":["FlyingSleeves","Crescendo"],"picked":"SashWhip","floor":10.0},{"not_picked":["EmptyFist","ClearTheMind"],"picked":"JustLucky","floor":12.0},{"not_picked":["Collect","Prostrate"],"picked":"Evaluate","floor":13.0},{"not_picked":["WreathOfFlame","Indignation"],"picked":"Brilliance","floor":14.0},{"not_picked":["Omniscience","Scrawl"],"picked":"MasterReality","floor":16.0},{"not_picked":["WreathOfFlame","Conclude+1"],"picked":"Evaluate","floor":18.0},{"not_picked":["CrushJoints+1","MentalFortress"],"picked":"Evaluate","floor":19.0},{"not_picked":["Evaluate","Worship"],"picked":"Perseverance+1","floor":20.0}],"player_experience":207142,"relics_obtained":[{"floor":7.0,"key":"War Paint"},{"floor":9.0,"key":"Dream Catcher"},{"floor":10.0,"key":"Torii"},{"floor":14.0,"key":"InkBottle"}],"event_choices":[{"cards_removed":["Strike_P"],"damage_healed":0.0,"max_hp_gain":0.0,"max_hp_loss":0.0,"gold_gain":0.0,"event_name":"Golden Wing","player_choice":"Card Removal","floor":4.0,"gold_loss":0.0,"damage_taken":7.0},{"cards_removed":["Collect"],"damage_healed":7.0,"max_hp_gain":0.0,"max_hp_loss":0.0,"gold_gain":0.0,"event_name":"Bonfire Elementals","player_choice":"Offered Uncommon","floor":5.0,"gold_loss":0.0,"damage_taken":0.0}],"is_beta":false,"boss_relics":[{"not_picked":["bronze:MakeshiftBattery","Fusion Hammer"],"picked":"HolyWater"}],"items_purged_floors":[],"is_endless":false,"potions_floor_spawned":[12,13,14,19],"killed_by":"Cultist and Chosen","ascension_level":1}}