{"host":"y24pqu7jih1n8m3t","time":1611379898,"event":{"mods":["AchievementEnabler","BaseMod","Bestiary","Block Reminder","Colored Map","Colored Powertips","DeckTracker","Highlight Path","Minty Spire (QoL Compilation)","Permanent Neow","Quick Restart","Rare Cards Sparkle","Relic Stats"],"gold_per_floor":[117,128,128,303,315,38,38,65,65,65,75,106,106,139,139,240,240,256,256,21,38,57,57,71,71,125,144,176,17,27,27,27,27,27],"floor_reached":33,"language":"ENG","playtime":2698,"items_purged":["Doubt"],"score":314,"play_id":"f1477de9-21b2-4b48-931b-a5994a4e5dd4","local_time":"20210123003138","is_ascension_mode":true,"campfire_choices":[{"data":"Apotheosis","floor":7,"key":"SMITH"},{"floor":10,"key":"REST"},{"floor":13,"key":"REST"},{"floor":15,"key":"RECALL"},{"floor":23,"key":"REST"},{"floor":32,"key":"REST"}],"circlet_count":0,"master_deck":["Strike_R","Strike_R","Strike_R+1","Defend_R","Defend_R","Defend_R","Defend_R","Warcry","Anger","Berserk","Apotheosis+1","Body Slam+1","Anger","Shrug It Off","Flex","Disarm","Reaper","Headbutt+1","Shrug It Off","Metallicize","Cleave+1","Burning Pact","Flex+1","Inflame","Inflame","Exhume","Trip","Pommel Strike"],"relics":["Burning Blood","WingedGreaves","Calipers","FossilizedHelix","Whetstone","Fusion Hammer","Nilry\u0027s Codex","Art of War","TungstenRod"],"acts_visited":["Exordium","TheCity"],"potions_floor_usage":[8,14,18,28,28],"damage_taken":[{"damage":0,"enemies":"2 Louse","floor":1,"turns":3},{"damage":10,"enemies":"Jaw Worm","floor":2,"turns":7},{"damage":4,"enemies":"Small Slimes","floor":5,"turns":4},{"damage":35,"enemies":"3 Sentries","floor":8,"turns":8},{"damage":14,"enemies":"3 Louse","floor":11,"turns":4},{"damage":7,"enemies":"Gremlin Nob","floor":12,"turns":4},{"damage":9,"enemies":"3 Sentries","floor":14,"turns":6},{"damage":4,"enemies":"Slime Boss","floor":16,"turns":9},{"damage":11,"enemies":"Spheric Guardian","floor":18,"turns":5},{"damage":5,"enemies":"3 Byrds","floor":21,"turns":4},{"damage":26,"enemies":"Centurion and Healer","floor":22,"turns":6},{"damage":12,"enemies":"Snecko","floor":24,"turns":5},{"damage":21,"enemies":"Shelled Parasite and Fungi","floor":27,"turns":6},{"damage":73,"enemies":"Book of Stabbing","floor":28,"turns":6},{"damage":20,"enemies":"Snake Plant","floor":30,"turns":4},{"damage":81,"enemies":"Automaton","floor":33,"turns":6}],"seed_played":"5363753720621196258","potions_obtained":[{"floor":2,"key":"LiquidMemories"},{"floor":11,"key":"AttackPotion"},{"floor":14,"key":"Fire Potion"},{"floor":16,"key":"LiquidBronze"},{"floor":24,"key":"Energy Potion"},{"floor":28,"key":"Fruit Juice"},{"floor":30,"key":"SpeedPotion"}],"is_trial":false,"path_per_floor":["M","M","?","?","M","$","R","E","T","R","M","E","R","E","R","B",null,"M","?","$","M","M","R","M","?","T","M","E","$","M","$","R","B"],"character_chosen":"IRONCLAD","items_purchased":["Apotheosis","Body Slam","FairyPotion","Shrug It Off","Metallicize","Exhume","Trip"],"campfire_rested":4,"item_purchase_floors":[6,6,20,20,20,29,29],"current_hp_per_floor":[72,68,61,61,63,63,63,34,34,55,47,46,67,64,64,66,72,67,51,51,52,42,63,70,70,70,63,32,32,23,23,46,0,0],"gold":27,"neow_bonus":"REMOVE_TWO","is_daily":false,"chose_seed":false,"campfire_upgraded":1,"win_rate":0.0,"timestamp":1611379898,"path_taken":["M","M","?","?","?","$","R","E","T","R","M","E","R","E","R","BOSS","M","?","$","M","M","R","M","?","T","M","E","$","M","$","R","BOSS"],"items_purchased_type":["Card","Card","Potion","Card","Card","Card","Card"],"build_version":"2020-12-22","purchased_purges":1,"victory":false,"max_hp_per_floor":[72,72,72,72,72,72,72,72,72,72,72,72,72,72,72,72,72,72,72,72,72,72,72,72,72,72,72,77,77,77,77,77,77,77],"relic_stats":{"counters":[16,87],"Art of War":[1],"Whetstone":["Body Slam","Strike_R"],"obtain_stats":[{"Calipers":8,"Nilry\u0027s Codex":19,"WingedGreaves":3,"Fusion Hammer":17,"Art of War":26,"Whetstone":14,"Burning Blood":0,"FossilizedHelix":12,"TungstenRod":28},{"Calipers":4,"Nilry\u0027s Codex":9,"WingedGreaves":2,"Fusion Hammer":8,"Art of War":12,"Whetstone":7,"Burning Blood":0,"FossilizedHelix":6,"TungstenRod":14},{"Calipers":22,"Nilry\u0027s Codex":50,"WingedGreaves":10,"Fusion Hammer":45,"Art of War":65,"Whetstone":36,"Burning Blood":0,"FossilizedHelix":30,"TungstenRod":77}],"Burning Blood":84,"TungstenRod":8},"card_choices":[{"not_picked":["Thunderclap","Second Wind"],"picked":"Warcry","floor":1},{"not_picked":["Havoc","True Grit"],"picked":"Anger","floor":2},{"not_picked":["Cleave","Fire Breathing"],"picked":"Berserk","floor":5},{"not_picked":["Armaments","Sword Boomerang"],"picked":"Anger","floor":8},{"not_picked":["Anger","Perfected Strike"],"picked":"Shrug It Off","floor":11},{"not_picked":["Cleave","Fire Breathing"],"picked":"Flex","floor":12},{"not_picked":["Fire Breathing","Limit Break"],"picked":"Disarm","floor":14},{"not_picked":["Brutality","Offering"],"picked":"Reaper","floor":16},{"not_picked":["Warcry","Power Through"],"picked":"Headbutt+1","floor":18},{"not_picked":["Bloodletting","Pummel+1"],"picked":"Cleave+1","floor":21},{"not_picked":["Iron Wave","Ghostly Armor"],"picked":"Burning Pact","floor":22},{"not_picked":["Feel No Pain","Flame Barrier"],"picked":"Flex+1","floor":24},{"not_picked":["Body Slam+1","Anger"],"picked":"Inflame","floor":27},{"not_picked":["Feel No Pain","Headbutt+1"],"picked":"Inflame","floor":28},{"not_picked":["Feel No Pain","Body Slam"],"picked":"Pommel Strike","floor":30}],"player_experience":138027,"relics_obtained":[{"floor":8,"key":"Calipers"},{"floor":12,"key":"FossilizedHelix"},{"floor":14,"key":"Whetstone"},{"floor":19,"key":"Nilry\u0027s Codex"},{"floor":26,"key":"Art of War"},{"floor":28,"key":"TungstenRod"}],"event_choices":[{"damage_healed":0,"gold_gain":0,"player_choice":"Success","damage_taken":7,"relics_obtained":["WingedGreaves"],"max_hp_gain":0,"max_hp_loss":0,"event_name":"Scrap Ooze","floor":3,"gold_loss":0},{"damage_healed":0,"gold_gain":175,"player_choice":"AGREE","damage_taken":0,"max_hp_gain":0,"max_hp_loss":0,"event_name":"Liars Game","floor":4,"gold_loss":0,"cards_obtained":["Doubt"]},{"damage_healed":0,"gold_gain":0,"player_choice":"Obtained Book","damage_taken":16,"max_hp_gain":0,"max_hp_loss":0,"event_name":"Cursed Tome","floor":19,"gold_loss":0},{"cards_removed":["Strike_R"],"damage_healed":0,"gold_gain":0,"player_choice":"Elegance","damage_taken":0,"max_hp_gain":0,"max_hp_loss":0,"event_name":"Back to Basics","floor":25,"gold_loss":0}],"is_beta":false,"boss_relics":[{"not_picked":["Astrolabe","SacredBark"],"picked":"Fusion Hammer"}],"items_purged_floors":[6],"is_endless":false,"potions_floor_spawned":[2,11,14,16,24,28,30],"killed_by":"Automaton","ascension_level":2}}