{"host":"t7mx8yfj1no5p62f","time":1611377722,"event":{"mods":["BaseMod","Bestiary","Colored Map","Colored Powertips","Minty Spire (QoL Compilation)","Relic Stats","StSLib","ojb\u0027s Info Mod"],"gold_per_floor":[99,99,24,24,24,24,24,24,24,24,24,24,24,24,24,24,24,24,24,24,24,24,24,24,24,24],"floor_reached":25,"language":"ENG","playtime":1541,"items_purged":["Strike_B"],"score":492,"play_id":"1e8225bf-eb3a-4045-9a39-12aec9a6249e","local_time":"20210122235522","is_ascension_mode":true,"campfire_choices":[{"data":"Compile Driver","floor":6.0,"key":"SMITH"},{"data":"Undo","floor":8.0,"key":"SMITH"},{"data":"Rip and Tear","floor":12.0,"key":"SMITH"},{"data":"Hologram","floor":15.0,"key":"SMITH"},{"floor":24,"key":"REST"}],"circlet_count":0,"master_deck":["AscendersBane","Zap","Dualcast","Compile Driver+1","Hologram+1","Undo+1","Conserve Battery","Rip and Tear+1","Hologram","Cold Snap","Seek","Sweeping Beam","Aggregate","Meteor Strike","Hyperbeam","Skim","Conserve Battery","Cold Snap+1","Doom and Gloom","Hologram","Defragment"],"relics":["Ectoplasm","CaptainsWheel","WingedGreaves","Pandora\u0027s Box","Red Mask","Orichalcum"],"acts_visited":["Exordium","TheCity"],"potions_floor_usage":[23,25],"damage_taken":[{"damage":1.0,"enemies":"Cultist","floor":1.0,"turns":4.0},{"damage":9.0,"enemies":"Small Slimes","floor":2.0,"turns":4.0},{"damage":1.0,"enemies":"2 Louse","floor":5.0,"turns":3.0},{"damage":3.0,"enemies":"Blue Slaver","floor":10.0,"turns":3.0},{"damage":0.0,"enemies":"Lagavulin","floor":11.0,"turns":6.0},{"damage":0.0,"enemies":"Exordium Wildlife","floor":13.0,"turns":3.0},{"damage":2.0,"enemies":"Gremlin Gang","floor":14.0,"turns":4.0},{"damage":51.0,"enemies":"Hexaghost","floor":16.0,"turns":14.0},{"damage":0.0,"enemies":"Spheric Guardian","floor":18.0,"turns":4.0},{"damage":1.0,"enemies":"Masked Bandits","floor":19.0,"turns":5.0},{"damage":0.0,"enemies":"Shell Parasite","floor":22.0,"turns":4.0},{"damage":58,"enemies":"Book of Stabbing","floor":23,"turns":9},{"damage":29,"enemies":"Slavers","floor":25,"turns":4}],"seed_played":"1921773417212874102","potions_obtained":[{"floor":5.0,"key":"ColorlessPotion"},{"floor":10.0,"key":"FocusPotion"},{"floor":11.0,"key":"Fruit Juice"},{"floor":23,"key":"GamblersBrew"}],"is_trial":false,"path_per_floor":["M","M","$","?","M","R","?","R","T","M","E","R","M","M","R","B",null,"M","?","?","$","M","E","R","E"],"character_chosen":"DEFECT","items_purchased":[],"campfire_rested":1,"item_purchase_floors":[],"current_hp_per_floor":[63,54,54,59,58,58,58,58,58,55,55,55,55,53,53,2,58,58,57,57,57,57,4,28,0,0],"gold":24,"neow_bonus":"BOSS_RELIC","is_daily":false,"chose_seed":false,"campfire_upgraded":4,"win_rate":0.0,"timestamp":1611377722,"path_taken":["M","?","$","?","M","R","?","R","T","M","E","R","M","M","R","BOSS","M","?","?","$","?","E","R","E"],"items_purchased_type":[],"build_version":"2020-12-22","purchased_purges":1,"victory":false,"max_hp_per_floor":[71,71,71,76,76,76,76,76,76,76,76,76,76,76,76,76,76,76,76,76,76,76,81,81,81,81],"relic_stats":{"counters":[13,67],"Pandora\u0027s Box":["Fusion","Sweeping Beam","Aggregate","Meteor Strike","Hyperbeam","Skim"],"Ectoplasm":318,"Orichalcum":[0],"obtain_stats":[{"CaptainsWheel":9,"Pandora\u0027s Box":17,"Ectoplasm":0,"WingedGreaves":11,"Red Mask":19,"Orichalcum":23,"Cracked Core":0},{"CaptainsWheel":3,"Pandora\u0027s Box":8,"Ectoplasm":0,"WingedGreaves":5,"Red Mask":10,"Orichalcum":12,"Cracked Core":0},{"CaptainsWheel":11,"Pandora\u0027s Box":41,"Ectoplasm":0,"WingedGreaves":20,"Red Mask":50,"Orichalcum":63,"Cracked Core":0}]},"card_choices":[{"not_picked":["Hologram","Stack"],"picked":"Compile Driver","floor":1.0},{"not_picked":["Leap","BootSequence"],"picked":"Hologram","floor":2.0},{"not_picked":["Barrage","BootSequence","Stack"],"picked":"SKIP","floor":5.0},{"not_picked":["Leap","Barrage"],"picked":"Conserve Battery","floor":10.0},{"not_picked":["Leap","Rainbow"],"picked":"Rip and Tear","floor":11.0},{"not_picked":["Tempest","Coolheaded"],"picked":"Hologram","floor":13.0},{"not_picked":["Hello World","Go for the Eyes"],"picked":"Cold Snap","floor":14.0},{"not_picked":["Rainbow","Core Surge"],"picked":"Seek","floor":16.0},{"not_picked":["Redo","Leap"],"picked":"Conserve Battery","floor":18.0},{"not_picked":["Barrage","Rip and Tear"],"picked":"Cold Snap+1","floor":19.0},{"not_picked":["Genetic Algorithm","Auto Shields"],"picked":"Hologram","floor":22.0},{"not_picked":["Gash","Static Discharge"],"picked":"Defragment","floor":23}],"player_experience":1824626,"relics_obtained":[{"floor":9.0,"key":"CaptainsWheel"},{"floor":11.0,"key":"WingedGreaves"},{"floor":19.0,"key":"Red Mask"},{"floor":23,"key":"Orichalcum"}],"event_choices":[{"damage_healed":0.0,"max_hp_gain":5.0,"max_hp_loss":0.0,"gold_gain":0.0,"event_name":"Big Fish","player_choice":"Donut","floor":4.0,"gold_loss":0.0,"damage_taken":0.0},{"damage_healed":0.0,"max_hp_gain":0.0,"max_hp_loss":0.0,"gold_gain":0.0,"cards_transformed":["Strike_B"],"event_name":"Living Wall","player_choice":"Change","floor":7.0,"gold_loss":0.0,"damage_taken":0.0,"cards_obtained":["Undo"]},{"damage_healed":0.0,"max_hp_gain":0.0,"max_hp_loss":0.0,"gold_gain":0.0,"event_name":"Masked Bandits","player_choice":"Fought Bandits","floor":19.0,"gold_loss":0.0,"damage_taken":0.0},{"damage_healed":0.0,"max_hp_gain":0.0,"max_hp_loss":0.0,"gold_gain":0.0,"cards_transformed":["Fusion"],"event_name":"Transmorgrifier","player_choice":"Transformed","floor":20.0,"gold_loss":0.0,"damage_taken":0.0,"cards_obtained":["Doom and Gloom"]}],"is_beta":false,"boss_relics":[{"not_picked":["Nuclear Battery","Velvet Choker"],"picked":"Pandora\u0027s Box"}],"items_purged_floors":[3],"is_endless":false,"potions_floor_spawned":[5,10,11,23],"killed_by":"Slavers","ascension_level":20}}