{"host":"e5u7qs1emxzejr12","time":1611408052,"event":{"mods":["2.2 Compatiblity","Act Like it!","Arknights The Spire","BaseMod","CapriCore","Card Forge","Colored Powertips","Custom Start","Duelist Mod","GifTheSpireLib","Highlight Path","Marisa£¨ìFÓê¡¡Ä§ÀíÉ³£©","Minty Spire (QoL Compilation)","Quick Restart","Replay The Spire","StSLib","SuperFastMode","óô»ðÖ¸ÄÏ"],"gold_per_floor":[145,162,5,16,29,63,63,96,96,117,117,131,157,173,173,245,245,260,219,242,71,84,116,116,143,143,143,178,178,126,141,141,215,215,234,234,259,259,311,342,362,397,397,412,150,150,150,182,16,16,16,16,16,16,51,51],"floor_reached":57,"language":"ZHS","playtime":7907,"items_purged":[],"score":3683,"play_id":"549c9a48-af96-45e5-ab8a-43f93800142a","local_time":"20210123212052","is_ascension_mode":true,"campfire_choices":[{"floor":15.0,"key":"RECALL"},{"data":"1","floor":53,"key":"LIFT"}],"circlet_count":0,"master_deck":["theDuelist:MysticalElf+1","theDuelist:MysticalElf+1","AscendersBane","theDuelist:InvitationDarkSleep+1","theDuelist:BlueDragonSummoner+1","theDuelist:Yami+1","theDuelist:IcyCrevasse+1","theDuelist:InjectionFairy+1","theDuelist:InvitationDarkSleep+1","theDuelist:WonderWand+1","theDuelist:Yami+1","theDuelist:RainbowMagician+1","theDuelist:InjectionFairy+1","theDuelist:VoidVanishment+1","theDuelist:RainbowMagician+1","theDuelist:RainbowMagician+1"],"relics":["theDuelist:MillenniumPuzzle","theDuelist:CardPoolRelic","theDuelist:CardPoolBasicRelic","theDuelist:BoosterPackPoolRelic","theDuelist:CardPoolAddRelic","theDuelist:CardPoolMinusRelic","theDuelist:CardPoolSaveRelic","theDuelist:CardPoolOptionsRelic","Hammer of Thor","Seething Fire","Anvil of the Gods","NeowsBlessing","Paper Crane","Mummified Hand","Sundial","theDuelist:GamblerChip","Replay:Wax Seal","TheAbacus","theDuelist:ElectricBurst","Replay:Mystery Machine","Quantum Egg","theDuelist:WhiteBowlRelic","theDuelist:BoosterExtraAllRaresRelic","theDuelist:SpellcasterStone","Inserter","Pondfish Scales","Replay:PocketPolymizer","Girya","Torii","Potion Belt","Akabeko","Pantograph","Bottled Lightning","Replay:Arrowhead","Melange","theDuelist:MerchantNecklace"],"acts_visited":["Exordium","TheCity","TheBeyond","TheEnding"],"potions_floor_usage":[56,56,56,56,56,56,56,56],"damage_taken":[{"damage":0.0,"enemies":"Cultist","floor":1.0,"turns":1.0},{"damage":0.0,"enemies":"Jaw Worm","floor":2.0,"turns":1.0},{"damage":0.0,"enemies":"2 Louse","floor":4.0,"turns":1.0},{"damage":0.0,"enemies":"Lots of Slimes","floor":5.0,"turns":6.0},{"damage":4.0,"enemies":"3 Sentries","floor":6.0,"turns":12.0},{"damage":10.0,"enemies":"Gremlin Nob","floor":8.0,"turns":4.0},{"damage":0.0,"enemies":"Exordium Thugs","floor":12.0,"turns":5.0},{"damage":0.0,"enemies":"Large Slime","floor":14.0,"turns":9.0},{"damage":9.0,"enemies":"Fading Forest","floor":16.0,"turns":13.0},{"damage":0.0,"enemies":"Chosen","floor":18.0,"turns":3.0},{"damage":0.0,"enemies":"Spheric Guardian","floor":22.0,"turns":6.0},{"damage":0.0,"enemies":"theDuelist:KaibaA2","floor":23.0,"turns":6.0},{"damage":0.0,"enemies":"Slavers","floor":25.0,"turns":4.0},{"damage":0.0,"enemies":"theDuelist:KaibaA2","floor":28.0,"turns":6.0},{"damage":5.0,"enemies":"Chosen and Byrds","floor":31.0,"turns":7.0},{"damage":2,"enemies":"Pondfish","floor":33,"turns":6},{"damage":0,"enemies":"3 Darklings","floor":35,"turns":5},{"damage":0,"enemies":"Mind Bloom Boss Battle","floor":37,"turns":4},{"damage":0,"enemies":"Mind Bloom Boss Battle","floor":39,"turns":9},{"damage":0,"enemies":"R_Hoarder","floor":40,"turns":2},{"damage":0,"enemies":"3 Shapes","floor":41,"turns":5},{"damage":0,"enemies":"Nemesis","floor":42,"turns":3},{"damage":0,"enemies":"Spire Growth","floor":44,"turns":6},{"damage":1,"enemies":"Reptomancer","floor":48,"turns":5},{"damage":27,"enemies":"Time Eater","floor":50,"turns":5},{"damage":2,"enemies":"Donu and Deca","floor":51,"turns":8},{"damage":47,"enemies":"Shield and Spear","floor":55,"turns":6},{"damage":35,"enemies":"The Heart","floor":56,"turns":7}],"seed_played":"-5338536906046867468","potions_obtained":[{"floor":2.0,"key":"EntropicBrew"},{"floor":5.0,"key":"LiquidBronze"},{"floor":40,"key":"theDuelist:TokenPotionB"},{"floor":42,"key":"theDuelist:SealedPack"}],"is_trial":false,"path_per_floor":["M","M","$","M","M","E","T","E","T","?","$","M","?","M","R","B",null,"M","$","T","$","M","E","R","E","T","?","E","?","$","M","R","B",null,"M","?","?","$","?","E","M","E","T","M","$","?","R","E","R","B","B",null,"R","$","E","B",null],"character_chosen":"THE_DUELIST","items_purchased":["theDuelist:Yami","theDuelist:IcyCrevasse","theDuelist:StatueAnguishPattern","TheAbacus","theDuelist:InjectionFairy","Bottled Lightning","Melange"],"campfire_rested":0,"item_purchase_floors":[3,3,19,21,30,45,49],"current_hp_per_floor":[63,63,63,63,70,70,70,60,60,60,60,70,70,70,70,61,68,70,70,70,70,70,70,70,70,70,62,70,50,50,72,72,75,75,75,75,75,75,75,75,75,75,75,75,75,75,75,75,75,69,75,75,75,75,43,68],"gold":51,"neow_bonus":"THREE_ENEMY_KILL","is_daily":false,"chose_seed":false,"campfire_upgraded":0,"win_rate":0.0,"timestamp":1611408052,"path_taken":["M","?","$","M","?","E","?","E","T","?","?","M","?","M","R","BOSS","M","$","?","?","M","E","R","E","T","?","E","?","$","M","R","BOSS","M","?","?","$","?","E","M","E","T","?","$","?","R","E","R","BOSS","BOSS","R","$","E","BOSS"],"items_purchased_type":["Card","Card","Card","Relic","Card","Relic","Relic"],"build_version":"2020-12-22","purchased_purges":0,"victory":true,"max_hp_per_floor":[70,70,70,70,70,70,70,70,70,70,70,70,70,70,70,70,70,70,70,70,70,70,70,70,70,70,70,70,75,75,75,75,75,75,75,75,75,75,75,75,75,75,75,75,75,75,75,75,75,75,75,75,75,75,75,75],"card_choices":[{"not_picked":["theDuelist:CosmicHorrorGangiel","theDuelist:CrystalWingDragon","theDuelist:ExodiaLA","theDuelist:MagiciansRobe"],"picked":"theDuelist:InvitationDarkSleep","floor":1.0},{"not_picked":["theDuelist:SangaThunder","theDuelist:NeoMagic","theDuelist:Mudballman","theDuelist:ExodiaLA"],"picked":"theDuelist:BlueDragonSummoner","floor":2.0},{"not_picked":["theDuelist:SangaThunder","theDuelist:NeoMagic","theDuelist:DarkMagician","theDuelist:CosmicHorrorGangiel"],"picked":"theDuelist:InjectionFairy","floor":4.0},{"not_picked":["theDuelist:ExodiaLA","theDuelist:FlyingSaucer","theDuelist:NeoMagic","theDuelist:FrontierWiseman"],"picked":"theDuelist:InvitationDarkSleep","floor":5.0},{"not_picked":["theDuelist:ClearKuriboh","theDuelist:DarklordSuperbia","theDuelist:MillenniumGolem","theDuelist:WormKing","theDuelist:GilfordLegend"],"picked":"SKIP","floor":6.0},{"not_picked":["theDuelist:InariFire","theDuelist:TimeWizard","theDuelist:BadReaction"],"picked":"theDuelist:WonderWand","floor":8.0},{"not_picked":["theDuelist:Sparks","theDuelist:IcyCrevasse","theDuelist:CastleWalls","theDuelist:WonderWand+1"],"picked":"theDuelist:Yami","floor":12.0},{"not_picked":["Chrysalis","Forethought","Jack Of All Trades","Mind Blast"],"picked":"SKIP","floor":14.0},{"not_picked":["theDuelist:ExodiaNecross","theDuelist:Wildfire","theDuelist:RainbowDarkDragon","theDuelist:IrisEarthMother"],"picked":"theDuelist:RainbowMagician","floor":16.0},{"not_picked":["theDuelist:SpellShatteringArrow","theDuelist:PowerKaishin","theDuelist:BlizzardWarrior","theDuelist:CallAtlanteans","theDuelist:Mudballman"],"picked":"SKIP","floor":18.0},{"not_picked":["theDuelist:SangaThunder","theDuelist:WhiteMagicalHat","theDuelist:CrystalWingDragon","theDuelist:InariFire+1","theDuelist:SangaEarth"],"picked":"SKIP","floor":22.0},{"not_picked":["Chrysalis","Dramatic Entrance","Magnetism","Mind Blast"],"picked":"SKIP","floor":23.0},{"not_picked":["theDuelist:RainbowDarkDragon","theDuelist:RainbowKuriboh+1","theDuelist:RainbowOverdragon","theDuelist:IrisEarthMother"],"picked":"theDuelist:RainbowMagician","floor":25.0},{"not_picked":["theDuelist:BlizzardWarrior","theDuelist:MysticalElf","theDuelist:SpellShatteringArrow+1","theDuelist:AncientElf"],"picked":"theDuelist:FairyBox+1","floor":28.0},{"not_picked":["theDuelist:ExodiaHead","theDuelist:RainbowDarkDragon","theDuelist:QueenDragunDjinn","theDuelist:IceQueen"],"picked":"theDuelist:VoidVanishment+1","floor":31.0},{"not_picked":["theDuelist:ExodiaHead","theDuelist:Wildfire","theDuelist:QueenDragunDjinn","theDuelist:GrandSpellbookTower"],"picked":"theDuelist:DarkPaladin","floor":33},{"not_picked":["theDuelist:ExodiaNecross","theDuelist:ExodiaRL","theDuelist:ExodiaRA+1","theDuelist:ExodiaLL","theDuelist:ExodiaLA+1"],"picked":"SKIP","floor":35},{"not_picked":["theDuelist:BlueBloodedOni","theDuelist:GreenGraveOni","theDuelist:GreyGreedOni","theDuelist:PurplePainOni+1","theDuelist:RainbowOverdragon+1"],"picked":"SKIP","floor":40},{"not_picked":["theDuelist:SpellShatteringArrow","theDuelist:LordD","theDuelist:InjectionFairy","theDuelist:CallAtlanteans","theDuelist:AncientElf+1"],"picked":"SKIP","floor":41},{"not_picked":["theDuelist:SpellShatteringArrow","theDuelist:LordD","theDuelist:InjectionFairy","theDuelist:CallAtlanteans","theDuelist:AncientElf+1"],"picked":"SKIP","floor":41},{"not_picked":["theDuelist:RainbowDarkDragon","theDuelist:IrisEarthMother+1","theDuelist:RainbowKuriboh","theDuelist:RainbowOverdragon"],"picked":"theDuelist:RainbowMagician+1","floor":42},{"not_picked":["theDuelist:SangaThunder","theDuelist:FlyingSaucer","theDuelist:DarkMagicianGirl","theDuelist:PowerKaishin+1","theDuelist:CallAtlanteans"],"picked":"SKIP","floor":44},{"not_picked":["theDuelist:SangaThunder+1","theDuelist:NeoMagic+1","theDuelist:InjectionFairy","theDuelist:DarkMagician+1","theDuelist:ApprenticeIllusionMagician"],"picked":"SKIP","floor":48},{"not_picked":["theDuelist:CrystalWingDragon+1","theDuelist:RainbowDarkDragon+1","theDuelist:IrisEarthMother+1","theDuelist:QueenDragunDjinn+1"],"picked":"theDuelist:RainbowMagician+1","floor":55}],"player_experience":85823,"relics_obtained":[{"floor":6.0,"key":"Paper Crane"},{"floor":8.0,"key":"Mummified Hand"},{"floor":9.0,"key":"Sundial"},{"floor":20.0,"key":"Replay:Wax Seal"},{"floor":23.0,"key":"theDuelist:ElectricBurst"},{"floor":25.0,"key":"Replay:Mystery Machine"},{"floor":26.0,"key":"Quantum Egg"},{"floor":28.0,"key":"theDuelist:BoosterExtraAllRaresRelic"},{"floor":37,"key":"Pondfish Scales"},{"floor":39,"key":"Replay:PocketPolymizer"},{"floor":39,"key":"Girya"},{"floor":39,"key":"Torii"},{"floor":40,"key":"Potion Belt"},{"floor":42,"key":"Akabeko"},{"floor":43,"key":"Pantograph"},{"floor":48,"key":"Replay:Arrowhead"},{"floor":55,"key":"theDuelist:MerchantNecklace"}],"event_choices":[{"damage_healed":0.0,"max_hp_gain":0.0,"max_hp_loss":0.0,"gold_gain":0.0,"event_name":"Card Trader","player_choice":"Sold Sparks+ for 21 Gold.","duelist":true,"floor":10.0,"gold_loss":0.0,"damage_taken":0.0},{"damage_healed":0.0,"max_hp_gain":0.0,"max_hp_loss":0.0,"gold_gain":0.0,"event_name":"Card Trader","player_choice":"Sold Neo Magic Swordsman+ for 26 Gold.","duelist":true,"floor":13.0,"gold_loss":0.0,"damage_taken":0.0},{"damage_healed":0.0,"max_hp_gain":0.0,"max_hp_loss":0.0,"gold_gain":0.0,"event_name":"Aknamkanon\u0027s Tomb","player_choice":"Dig - random Duelist relic","duelist":true,"floor":27.0,"gold_loss":0.0,"damage_taken":0.0},{"damage_healed":0.0,"max_hp_gain":5.0,"max_hp_loss":0.0,"gold_gain":0.0,"event_name":"Forgotten Altar","player_choice":"Shed Blood","floor":29.0,"gold_loss":0.0,"damage_taken":25.0},{"damage_healed":0.0,"max_hp_gain":0.0,"max_hp_loss":0.0,"gold_gain":0.0,"event_name":"Addict","player_choice":"Stole Relic","floor":32.0,"gold_loss":0.0,"damage_taken":0.0,"relics_obtained":["theDuelist:SpellcasterStone"],"cards_obtained":["Shame"]},{"damage_healed":0,"gold_gain":0,"player_choice":"Leave","duelist":true,"damage_taken":0,"max_hp_gain":0,"max_hp_loss":0,"event_name":"Relic Duplicator","floor":36,"gold_loss":0},{"damage_healed":0,"gold_gain":0,"player_choice":"Fight","damage_taken":0,"max_hp_gain":0,"max_hp_loss":0,"event_name":"MindBloom","floor":37,"gold_loss":0},{"damage_healed":0,"gold_gain":0,"player_choice":"Fight","duelist":true,"damage_taken":0,"max_hp_gain":0,"max_hp_loss":0,"event_name":"Battle City","floor":39,"gold_loss":0},{"damage_healed":0,"gold_gain":0,"player_choice":"Ignored","damage_taken":0,"max_hp_gain":0,"max_hp_loss":0,"event_name":"Tomb of Lord Red Mask","floor":46,"gold_loss":0}],"is_beta":false,"boss_relics":[{"not_picked":["ReplayTheSpireMod:DimensionalGlitch","Runic Pyramid"],"picked":"theDuelist:GamblerChip"},{"not_picked":["Pandora\u0027s Box","Abe\u0027s Treasure"],"picked":"Inserter"}],"items_purged_floors":[],"is_endless":false,"potions_floor_spawned":[2,5,14,22,23,25,40,42,48],"ascension_level":20}}