{"host":"qsusua7l529r8z9k","time":1611382501,"event":{"mods":["Aspiration","BaseMod","Minty Spire (QoL Compilation)","Spicy Shops","StSLib"],"gold_per_floor":[117,136,136,149,149,149,149,180,260,286,300,300,311,324,324,403,403,422,422,422],"floor_reached":19,"language":"ZHS","playtime":834,"items_purged":[],"score":313,"play_id":"e845c333-3cd6-44c9-9c60-159282f70bd3","local_time":"20210123141501","is_ascension_mode":true,"campfire_choices":[{"data":"Coolheaded","floor":6.0,"key":"SMITH"},{"data":"Dualcast","floor":12.0,"key":"SMITH"},{"data":"Capacitor","floor":15.0,"key":"SMITH"}],"circlet_count":0,"master_deck":["AscendersBane","Strike_B","Strike_B","Strike_B","Defend_B","Defend_B","Defend_B","Defend_B","Zap","Dualcast+1","Coolheaded+1","Glacier","Genetic Algorithm","All For One","Undo","Ball Lightning","Steam","Capacitor+1","Core Surge","Turbo"],"relics":["Cracked Core","aspiration:Nostalgia","PureWater","Regal Pillow","aspiration:FetidBarrel","Kunai","Peace Pipe","aspiration:RunicSpoon"],"acts_visited":["Exordium","TheCity"],"potions_floor_usage":[16,16],"damage_taken":[{"damage":0.0,"enemies":"Small Slimes","floor":1.0,"turns":3.0},{"damage":0.0,"enemies":"Cultist","floor":2.0,"turns":3.0},{"damage":0.0,"enemies":"Jaw Worm","floor":4.0,"turns":5.0},{"damage":36.0,"enemies":"Gremlin Nob","floor":8.0,"turns":5.0},{"damage":1.0,"enemies":"3 Sentries","floor":10.0,"turns":8.0},{"damage":2.0,"enemies":"Exordium Wildlife","floor":11.0,"turns":5.0},{"damage":0.0,"enemies":"Gremlin Gang","floor":13.0,"turns":4.0},{"damage":0.0,"enemies":"3 Louse","floor":14.0,"turns":4.0},{"damage":17,"enemies":"Slime Boss","floor":16,"turns":14},{"damage":21,"enemies":"Spheric Guardian","floor":18,"turns":7},{"damage":33,"enemies":"Chosen","floor":19,"turns":4}],"seed_played":"-2326072467026530008","potions_obtained":[{"floor":2.0,"key":"Dexterity Potion"},{"floor":3.0,"key":"SteroidPotion"},{"floor":8.0,"key":"Block Potion"},{"floor":10.0,"key":"Block Potion"},{"floor":11.0,"key":"Fire Potion"},{"floor":16,"key":"FocusPotion"},{"floor":18,"key":"PotionOfCapacity"}],"is_trial":false,"path_per_floor":["M","M","?","M","?","R","T","E","T","E","M","R","M","M","R","B",null,"M","M"],"character_chosen":"DEFECT","items_purchased":[],"campfire_rested":0,"item_purchase_floors":[],"current_hp_per_floor":[64,64,64,64,57,57,57,21,21,20,18,18,18,18,18,1,54,33,0,0],"gold":422,"neow_bonus":"NOSTALGIA","is_daily":false,"chose_seed":false,"campfire_upgraded":3,"win_rate":0.0,"timestamp":1611382501,"path_taken":["M","M","?","?","?","R","?","E","T","E","M","R","M","M","R","BOSS","M","?"],"items_purchased_type":[],"build_version":"2020-12-22","purchased_purges":0,"victory":false,"max_hp_per_floor":[71,71,71,71,71,71,71,71,71,71,71,71,71,71,71,71,71,71,71,71],"card_choices":[{"not_picked":["Rebound","Barrage"],"picked":"Coolheaded","floor":1.0},{"not_picked":["Gash","Redo"],"picked":"Glacier","floor":2.0},{"not_picked":["Go for the Eyes","Conserve Battery"],"picked":"Genetic Algorithm","floor":4.0},{"not_picked":["Stack","Coolheaded"],"picked":"All For One","floor":8.0},{"not_picked":["Go for the Eyes","Lockon"],"picked":"Undo","floor":10.0},{"not_picked":["Leap","Beam Cell"],"picked":"Ball Lightning","floor":11.0},{"not_picked":["Barrage","Steam","Conserve Battery"],"picked":"SKIP","floor":13.0},{"not_picked":["Barrage","Conserve Battery"],"picked":"Steam","floor":13.0},{"not_picked":["Scrape","Steam Power"],"picked":"Capacitor","floor":14.0},{"not_picked":["All For One","Rainbow"],"picked":"Core Surge","floor":16},{"not_picked":["Go for the Eyes","Beam Cell+1"],"picked":"Turbo","floor":18}],"player_experience":469946,"relics_obtained":[{"floor":7.0,"key":"Regal Pillow"},{"floor":8.0,"key":"aspiration:FetidBarrel"},{"floor":9.0,"key":"Kunai"},{"floor":10.0,"key":"Peace Pipe"}],"event_choices":[{"damage_healed":0.0,"max_hp_gain":0.0,"max_hp_loss":0.0,"gold_gain":0.0,"event_name":"Lab","player_choice":"Got Potions","floor":3.0,"gold_loss":0.0,"damage_taken":0.0},{"cards_removed":["Strike_B"],"damage_healed":0.0,"max_hp_gain":0.0,"max_hp_loss":0.0,"gold_gain":0.0,"event_name":"Golden Wing","player_choice":"Card Removal","floor":5.0,"gold_loss":0.0,"damage_taken":7.0}],"is_beta":false,"boss_relics":[{"not_picked":["Snecko Eye","Runic Pyramid"],"picked":"aspiration:RunicSpoon"}],"items_purged_floors":[],"is_endless":false,"potions_floor_spawned":[2,8,10,11,16,18],"killed_by":"Chosen","ascension_level":15}}