{"host":"vyjryxuuuxkt43k4","time":1611418193,"event":{"mods":["AchievementEnabler","BaseMod","Colored Map","DeckTracker","Keyboard Shortcuts","Minty Spire (QoL Compilation)","Permanent Neow","Quick Restart","StSLib","SuperFastMode","everything is the same but u backflip on backflip"],"gold_per_floor":[115,126,201,218,218,218,249,268,268,268,302,318,5,23,23,98,98,108,119,134,144,144,144,144,144],"floor_reached":24,"language":"KOR","playtime":924,"items_purged":["Strike_R"],"score":420,"play_id":"c5846b63-00b4-4fdf-973b-86837e2611f9","local_time":"20210124010953","is_ascension_mode":true,"campfire_choices":[{"data":"Wild Strike","floor":6.0,"key":"SMITH"},{"floor":10.0,"key":"REST"},{"data":"Armaments","floor":15.0,"key":"SMITH"},{"data":"Corruption","floor":23.0,"key":"SMITH"}],"circlet_count":0,"master_deck":["AscendersBane","Strike_R","Strike_R","Defend_R","Defend_R","Defend_R","Defend_R","Bash","Wild Strike+1","Shrug It Off","Shrug It Off","Battle Trance","Demon Form","Cleave","Rampage","Impervious","Flex","Armaments+1","Body Slam","Corruption+1","Warcry","Headbutt","Body Slam+1"],"relics":["Black Blood","Regal Pillow","Meat on the Bone","Darkstone Periapt","ClockworkSouvenir"],"acts_visited":["Exordium","TheCity"],"potions_floor_usage":[24],"damage_taken":[{"damage":14.0,"enemies":"2 Louse","floor":1.0,"turns":3.0},{"damage":6.0,"enemies":"Cultist","floor":2.0,"turns":3.0},{"damage":1.0,"enemies":"Small Slimes","floor":4.0,"turns":3.0},{"damage":31.0,"enemies":"Gremlin Nob","floor":7.0,"turns":4.0},{"damage":1.0,"enemies":"2 Fungi Beasts","floor":8.0,"turns":4.0},{"damage":52.0,"enemies":"3 Sentries","floor":11.0,"turns":11.0},{"damage":20.0,"enemies":"Large Slime","floor":12.0,"turns":5.0},{"damage":7.0,"enemies":"Exordium Wildlife","floor":14.0,"turns":3.0},{"damage":44.0,"enemies":"Hexaghost","floor":16.0,"turns":10.0},{"damage":7.0,"enemies":"Spheric Guardian","floor":18.0,"turns":4.0},{"damage":2.0,"enemies":"Chosen","floor":19.0,"turns":5.0},{"damage":34.0,"enemies":"Sentry and Sphere","floor":20.0,"turns":7.0},{"damage":26.0,"enemies":"Cultist and Chosen","floor":21.0,"turns":6.0},{"damage":43,"enemies":"Book of Stabbing","floor":24,"turns":4}],"seed_played":"1505284300210380790","potions_obtained":[{"floor":1.0,"key":"SmokeBomb"},{"floor":8.0,"key":"FearPotion"},{"floor":11.0,"key":"BloodPotion"},{"floor":12.0,"key":"BlessingOfTheForge"},{"floor":18.0,"key":"Dexterity Potion"}],"is_trial":false,"path_per_floor":["M","M","?","M","?","R","E","M","T","R","E","M","$","M","R","B",null,"M","M","M","M","?","R","E"],"character_chosen":"IRONCLAD","items_purchased":["ClockworkSouvenir","Flex","Armaments"],"campfire_rested":1,"item_purchase_floors":[13,13,13],"current_hp_per_floor":[60,60,49,54,54,54,29,34,34,71,52,50,50,49,49,23,62,67,75,53,51,40,40,0,0],"gold":144,"neow_bonus":"TRANSFORM_CARD","is_daily":false,"chose_seed":false,"campfire_upgraded":3,"win_rate":0.0,"timestamp":1611418193,"path_taken":["M","M","?","M","?","R","E","M","T","R","E","M","$","M","R","BOSS","M","M","M","M","?","R","E"],"items_purchased_type":["Relic","Card","Card"],"build_version":"2020-12-22","purchased_purges":1,"victory":false,"max_hp_per_floor":[75,75,75,75,75,75,75,75,75,75,75,75,75,75,75,75,75,75,75,75,75,75,75,75,75],"card_choices":[{"not_picked":["Rampage","Whirlwind"],"picked":"Shrug It Off","floor":1.0},{"not_picked":["Combust","Iron Wave"],"picked":"Shrug It Off","floor":2.0},{"not_picked":["Perfected Strike","Thunderclap"],"picked":"Battle Trance","floor":4.0},{"not_picked":["Fire Breathing","Pommel Strike"],"picked":"Demon Form","floor":7.0},{"not_picked":["Anger","Iron Wave"],"picked":"Cleave","floor":8.0},{"not_picked":["Havoc","Dual Wield"],"picked":"Rampage","floor":11.0},{"not_picked":["Armaments","Wild Strike"],"picked":"Impervious","floor":12.0},{"not_picked":["Havoc","Thunderclap"],"picked":"Body Slam","floor":14.0},{"not_picked":["Demon Form","Brutality"],"picked":"Corruption","floor":16.0},{"not_picked":["Anger+1","True Grit"],"picked":"Warcry","floor":18.0},{"not_picked":["Wild Strike","Iron Wave+1"],"picked":"Headbutt","floor":19.0},{"not_picked":["Iron Wave","Perfected Strike"],"picked":"Body Slam+1","floor":20.0},{"not_picked":["Iron Wave","Perfected Strike","Flex"],"picked":"SKIP","floor":21.0}],"player_experience":276306,"relics_obtained":[{"floor":7.0,"key":"Regal Pillow"},{"floor":9.0,"key":"Meat on the Bone"},{"floor":11.0,"key":"Darkstone Periapt"}],"event_choices":[{"damage_healed":0.0,"max_hp_gain":0.0,"max_hp_loss":0.0,"gold_gain":75.0,"event_name":"World of Goop","player_choice":"Gather Gold","floor":3.0,"gold_loss":0.0,"damage_taken":11.0},{"cards_removed":["Strike_R"],"damage_healed":0.0,"max_hp_gain":0.0,"max_hp_loss":0.0,"gold_gain":0.0,"event_name":"Purifier","player_choice":"Purged","floor":5.0,"gold_loss":0.0,"damage_taken":0.0},{"damage_healed":0.0,"max_hp_gain":0.0,"max_hp_loss":0.0,"gold_gain":0.0,"event_name":"Wheel of Change","player_choice":"Damaged","floor":22.0,"gold_loss":0.0,"damage_taken":11.0}],"is_beta":false,"boss_relics":[{"not_picked":["Runic Cube","SacredBark"],"picked":"Black Blood"}],"items_purged_floors":[13],"is_endless":false,"potions_floor_spawned":[1,8,11,12,18],"killed_by":"Book of Stabbing","ascension_level":20}}