{"host":"2lvuisjyit3p3u01","time":1611433974,"event":{"mods":["Act Like it!","BaseMod","Bestiary","Better Synergies","CapriCore","Colored Map","Colored Powertips","Duelist Mod","GifTheSpireLib","Minty Spire (QoL Compilation)","Quick Restart","Replay The Spire","StSLib"],"gold_per_floor":[136,136,85,100,100,100,226,226,226,80,80,113,133,152,152,255,255,271,73,120,130,148,148,161,161,184,214,214,225,241,256,256,351,401,420,330,346,366,366,392,392,405,405,425,454,454,95,107,107,107],"floor_reached":51,"language":"ENG","playtime":3940,"items_purged":["theDuelist:CurseAging","theDuelist:CastleWalls+1"],"score":814,"play_id":"eaf5823b-15d1-43ba-b9a5-56b9416b2ea3","local_time":"20210123223254","is_ascension_mode":false,"campfire_choices":[{"data":"theDuelist:ConvulsionNature","floor":6.0,"key":"SMITH"},{"data":"theDuelist:ConvulsionNature","floor":11.0,"key":"SMITH"},{"data":"theDuelist:MillenniumGolem","floor":15.0,"key":"SMITH"},{"floor":23.0,"key":"REST"},{"data":"1","floor":41,"key":"LIFT"},{"data":"2","floor":49,"key":"LIFT"}],"circlet_count":1,"master_deck":["theDuelist:CastleWalls+1","theDuelist:CastleWalls+1","theDuelist:NaturiaBeast+1","theDuelist:NaturiaCliff+1","theDuelist:NaturiaRock+1","theDuelist:NaturiaTulip+1","theDuelist:MagicSparks+1","theDuelist:Sparks+1","theDuelist:Sparks+1","theDuelist:NaturiaEggplant+1","theDuelist:ConvulsionNature+1","theDuelist:ConvulsionNature+1","theDuelist:NaturiaCherries+1","theDuelist:NaturiaMantis+1","theDuelist:NaturiaDragonfly+1","theDuelist:MillenniumGolem+1","theDuelist:WingedKuriboh+1","theDuelist:HuntingInstinct+1","CommonCold","theDuelist:NaturiaPineapple+1","theDuelist:NaturiaStinkbug+1","theDuelist:NaturiaEggplant+1","theDuelist:NaturiaGaiastrio+1","theDuelist:WingedKuriboh+1","theDuelist:FuryFire+4","theDuelist:NaturiaHorneedle+1","theDuelist:MillenniumGolem+1","theDuelist:NaturiaStinkbug+1","theDuelist:NaturiaRosewhip+1","theDuelist:HammerShot+1","theDuelist:NaturiaRosewhip"],"relics":["theDuelist:MillenniumPuzzle","theDuelist:CardPoolRelic","theDuelist:CardPoolBasicRelic","theDuelist:BoosterPackPoolRelic","theDuelist:CardPoolAddRelic","theDuelist:CardPoolMinusRelic","theDuelist:CardPoolSaveRelic","theDuelist:CardPoolOptionsRelic","NeowsBlessing","theDuelist:MillenniumCoin","ReplayTheSpireMod:Shallot","Orrery","Calipers","Replay:Ancient Bell","Happy Flower","Mercury Hourglass","Replay:Multitool","BargainBundle","Turnip","Girya","Circlet","Art of War","Toy Ornithopter","Tiny House","theDuelist:MillenniumRing","Bottled Lightning","King of Hearts","Mark of the Bloom","theDuelist:MillenniumPeriapt"],"acts_visited":["Exordium","TheCity","TheBeyond"],"potions_floor_usage":[40,40,50,50,50],"damage_taken":[{"damage":0.0,"enemies":"Jaw Worm","floor":1.0,"turns":1.0},{"damage":0.0,"enemies":"2 Louse","floor":4.0,"turns":1.0},{"damage":0.0,"enemies":"3 Sentries","floor":7.0,"turns":1.0},{"damage":21.0,"enemies":"Lagavulin","floor":12.0,"turns":6.0},{"damage":0.0,"enemies":"Small Slimes","floor":13.0,"turns":2.0},{"damage":0.0,"enemies":"Blue Slaver","floor":14.0,"turns":3.0},{"damage":21.0,"enemies":"Fading Forest","floor":16.0,"turns":11.0},{"damage":25.0,"enemies":"Spheric Guardian","floor":18.0,"turns":5.0},{"damage":39.0,"enemies":"Spheric Guardian","floor":20.0,"turns":8.0},{"damage":7.0,"enemies":"3 Byrds","floor":21.0,"turns":4.0},{"damage":4.0,"enemies":"Cultist and Chosen","floor":22.0,"turns":5.0},{"damage":16.0,"enemies":"Shelled Parasite and Fungi","floor":24.0,"turns":4.0},{"damage":28.0,"enemies":"Book of Stabbing","floor":27.0,"turns":5.0},{"damage":0.0,"enemies":"Snecko","floor":29.0,"turns":4.0},{"damage":13.0,"enemies":"Cultist and Chosen","floor":30.0,"turns":5.0},{"damage":27.0,"enemies":"Shelled Parasite and Fungi","floor":31.0,"turns":5.0},{"damage":20.0,"enemies":"Collector","floor":33.0,"turns":9.0},{"damage":0.0,"enemies":"3 Shapes","floor":35.0,"turns":3.0},{"damage":6.0,"enemies":"Orb Walker","floor":37.0,"turns":3.0},{"damage":50.0,"enemies":"Transient","floor":38.0,"turns":5.0},{"damage":23,"enemies":"R_Hoarder","floor":40,"turns":7},{"damage":14,"enemies":"3 Darklings","floor":42,"turns":4},{"damage":0,"enemies":"4 Shapes","floor":44,"turns":2},{"damage":13,"enemies":"Giant Head","floor":45,"turns":7},{"damage":0,"enemies":"Spire Growth","floor":48,"turns":4},{"damage":9,"enemies":"Awakened One","floor":50,"turns":9}],"seed_played":"661442512573072217","potions_obtained":[{"floor":1.0,"key":"FearPotion"},{"floor":4.0,"key":"Dexterity Potion"},{"floor":14.0,"key":"theDuelist:IcePotion"},{"floor":22.0,"key":"theDuelist:CoolBottle"},{"floor":27.0,"key":"theDuelist:BurningPotion"},{"floor":29.0,"key":"Regen Potion"},{"floor":33.0,"key":"theDuelist:VampireVial"},{"floor":34.0,"key":"theDuelist:MayhemPotion"},{"floor":37.0,"key":"SpeedPotion"},{"floor":38.0,"key":"DistilledChaos"},{"floor":40,"key":"ColorlessPotion"},{"floor":42,"key":"theDuelist:FlamingBottle"},{"floor":48,"key":"theDuelist:VampireVial"}],"is_trial":false,"path_per_floor":["M","?","$","M","?","R","E","?","T","$","R","E","M","M","R","B",null,"M","$","?","M","M","R","M","?","T","E","R","M","M","M","R","B",null,"M","?","M","M","?","E","R","M","T","M","E","?","$","M","R","B",null],"character_chosen":"THE_DUELIST","items_purchased":["theDuelist:ConvulsionNature","Orrery","BargainBundle","theDuelist:NaturiaStinkbug","theDuelist:NaturiaEggplant","theDuelist:BurningPotion","Explosive Potion","theDuelist:SealedPackC","theDuelist:MillenniumPeriapt"],"campfire_rested":1,"item_purchase_floors":[3,10,19,19,19,19,19,19,47],"current_hp_per_floor":[80,80,80,80,85,85,85,68,68,68,68,47,47,47,47,40,85,60,60,21,14,10,35,33,33,33,5,30,44,55,28,53,48,90,90,90,84,39,100,80,80,66,66,66,53,53,53,53,53,44],"gold":107,"neow_bonus":"THREE_ENEMY_KILL","is_daily":false,"chose_seed":false,"campfire_upgraded":3,"win_rate":0.0,"timestamp":1611433974,"path_taken":["M","?","$","M","?","R","E","?","T","?","R","E","M","?","R","BOSS","M","$","?","M","M","R","M","?","T","E","R","?","M","M","R","BOSS","M","?","?","M","?","E","R","M","T","?","E","?","$","M","R","BOSS"],"items_purchased_type":["Card","Relic","Relic","Card","Card","Potion","Potion","Potion","Relic"],"build_version":"2020-12-22","purchased_purges":2,"victory":true,"max_hp_per_floor":[80,80,80,80,85,85,85,85,85,85,85,85,85,85,85,85,85,85,85,85,85,85,85,85,85,85,85,85,85,85,85,85,85,90,90,90,90,90,100,100,100,100,100,100,100,100,100,100,100,100],"card_choices":[{"not_picked":["theDuelist:NaturiaHydrangea","theDuelist:NaturiaDragonfly","theDuelist:NaturiaCliff","theDuelist:NaturiaBrambi"],"picked":"theDuelist:NaturiaEggplant","floor":1.0},{"not_picked":["theDuelist:NaturiaGaiastrio","theDuelist:NaturiaPineapple","theDuelist:SangaEarth","theDuelist:NaturiaForest"],"picked":"theDuelist:NaturiaCherries","floor":4.0},{"not_picked":["theDuelist:AttackTheMoon","theDuelist:Fissure","theDuelist:GraniteLoyalist","theDuelist:Blockman","theDuelist:MudragonSwamp"],"picked":"SKIP","floor":7.0},{"not_picked":["theDuelist:NaturiaCliff","theDuelist:SummoningSwarm","theDuelist:NaturiaTulip","theDuelist:SurvivalInstinct"],"picked":"theDuelist:NaturiaMantis","floor":10.0},{"not_picked":["theDuelist:NaturiaForest","theDuelist:ClosedForest","theDuelist:Canyon","theDuelist:Wildfire"],"picked":"theDuelist:NaturiaBarkion","floor":10.0},{"not_picked":["theDuelist:NaturiaEggplant","theDuelist:NaturiaTulip","theDuelist:FossilDig","theDuelist:WildNatureRelease"],"picked":"theDuelist:NaturiaDragonfly","floor":10.0},{"not_picked":["theDuelist:NaturiaHydrangea","theDuelist:NaturiaDragonfly","theDuelist:NaturiaExterio","theDuelist:NaturiaBeetle"],"picked":"theDuelist:FuryFire","floor":12.0},{"not_picked":["theDuelist:BigFire","theDuelist:DestroyerGolem","theDuelist:GraniteLoyalist","theDuelist:HammerShot"],"picked":"theDuelist:MillenniumGolem","floor":13.0},{"not_picked":["theDuelist:Sangan","theDuelist:GraniteLoyalist","theDuelist:HammerShot","theDuelist:MudragonSwamp"],"picked":"theDuelist:WingedKuriboh","floor":14.0},{"not_picked":["theDuelist:NaturiaVein","theDuelist:NaturiaBarkion","theDuelist:MultiplicationOfAnts","theDuelist:HeartUnderdog"],"picked":"theDuelist:HuntingInstinct","floor":16.0},{"not_picked":["theDuelist:GravekeeperCurse","theDuelist:CurseArmaments"],"picked":"CommonCold","floor":17.0},{"not_picked":["Hallucinations","Parasite"],"picked":"Writhe","floor":17.0},{"not_picked":["Voices","Spreading Infection"],"picked":"theDuelist:CurseAging","floor":17.0},{"not_picked":["theDuelist:NaturiaParadizo+1","theDuelist:SpacetimeTranscendence","theDuelist:NaturiaCosmobeet","theDuelist:ClosedForest+1"],"picked":"theDuelist:NaturiaPineapple","floor":18.0},{"not_picked":["theDuelist:WildNatureRelease","theDuelist:ExterioFang+1","theDuelist:ConvulsionNature","theDuelist:LeodrakeMane","theDuelist:SpacetimeTranscendence"],"picked":"SKIP","floor":21.0},{"not_picked":["theDuelist:WildNatureRelease","theDuelist:SangaEarth","theDuelist:NaturiaLandoise"],"picked":"SKIP","floor":22.0},{"not_picked":["theDuelist:NaturiaBeetle","theDuelist:NaturiaLandoise+1","theDuelist:NaturiaStagBeetle","theDuelist:NaturiaBeans","theDuelist:NaturiaVein"],"picked":"SKIP","floor":24.0},{"not_picked":["theDuelist:NaturiaHydrangea","theDuelist:NaturiaEggplant","theDuelist:NaturiaDragonfly","theDuelist:NaturiaCliff","theDuelist:NaturiaMosquito"],"picked":"SKIP","floor":27.0},{"not_picked":["theDuelist:SurvivalInstinct","theDuelist:Alpacaribou"],"picked":"theDuelist:NaturiaGaiastrio","floor":29.0},{"not_picked":["theDuelist:NaturiaCliff","theDuelist:NaturiaRagweed","theDuelist:NaturiaDragonfly","theDuelist:FossilDig+1","theDuelist:NaturiaRock"],"picked":"SKIP","floor":30.0},{"not_picked":["theDuelist:Sangan+1","theDuelist:MillenniumGolem+1","theDuelist:MudGolem","theDuelist:DestroyerGolem+1"],"picked":"theDuelist:WingedKuriboh","floor":31.0},{"not_picked":["theDuelist:NaturiaForest","theDuelist:DemiseLand+1","theDuelist:ClosedForest","theDuelist:MultiplicationOfAnts"],"picked":"theDuelist:NaturiaHorneedle","floor":33.0},{"not_picked":["theDuelist:GemElephant","theDuelist:Mudora","theDuelist:RockSunrise+1","theDuelist:BigEye"],"picked":"theDuelist:MillenniumGolem","floor":34.0},{"not_picked":["theDuelist:NaturiaGaiastrio+1","theDuelist:CrystalRose+1","theDuelist:NaturiaButterfly","theDuelist:BarkionBark"],"picked":"theDuelist:NaturiaStinkbug","floor":35.0},{"not_picked":["theDuelist:Pollinosis+1","theDuelist:SeedSacredTree","theDuelist:LonefireBlossom","theDuelist:NaturiaMantis","theDuelist:SpacetimeTranscendence"],"picked":"SKIP","floor":37.0},{"not_picked":["theDuelist:GraniteLoyalist+1","theDuelist:HammerShot","theDuelist:Mudora","theDuelist:WingedKuriboh+1","theDuelist:Fissure"],"picked":"SKIP","floor":38.0},{"not_picked":["theDuelist:NaturiaCliff+1","theDuelist:NaturiaDragonfly","theDuelist:FossilDig+1","theDuelist:FossilExcavation"],"picked":"theDuelist:NaturiaRosewhip+1","floor":40},{"not_picked":["theDuelist:DestroyerGolem+1","theDuelist:GraniteLoyalist+1","theDuelist:Blockman+1","theDuelist:MudGolem"],"picked":"theDuelist:HammerShot","floor":42},{"not_picked":["theDuelist:NaturiaCliff","theDuelist:NaturiaMantis+1","theDuelist:NaturiaHydrangea+1","theDuelist:FossilDig+1","theDuelist:LonefireBlossom+1"],"picked":"SKIP","floor":44},{"not_picked":["theDuelist:Anteater","theDuelist:LeodrakeMane","theDuelist:NaturalDisaster+1","theDuelist:ConvulsionNature+1","theDuelist:NaturiaVein"],"picked":"SKIP","floor":45},{"not_picked":["theDuelist:NaturiaLandoise","theDuelist:NaturiaAntjaw+1","theDuelist:NaturiaStinkbug","theDuelist:NaturiaParadizo"],"picked":"theDuelist:NaturiaRosewhip","floor":48}],"player_experience":316252,"relics_obtained":[{"floor":7.0,"key":"theDuelist:MillenniumCoin"},{"floor":9.0,"key":"ReplayTheSpireMod:Shallot"},{"floor":12.0,"key":"Calipers"},{"floor":20.0,"key":"Dead Branch"},{"floor":20.0,"key":"Turnip"},{"floor":20.0,"key":"Girya"},{"floor":26.0,"key":"Art of War"},{"floor":27.0,"key":"Toy Ornithopter"},{"floor":40,"key":"theDuelist:MillenniumRing"},{"floor":43,"key":"Bottled Lightning"},{"floor":45,"key":"King of Hearts"}],"event_choices":[{"damage_healed":0.0,"max_hp_gain":0.0,"max_hp_loss":0.0,"gold_gain":0.0,"event_name":"Tomb of the Nameless","player_choice":"Leave","duelist":true,"floor":2.0,"gold_loss":0.0,"damage_taken":0.0},{"damage_healed":0.0,"max_hp_gain":5.0,"max_hp_loss":0.0,"gold_gain":0.0,"event_name":"Big Fish","player_choice":"Donut","floor":5.0,"gold_loss":0.0,"damage_taken":0.0},{"damage_healed":0.0,"max_hp_gain":0.0,"max_hp_loss":0.0,"gold_gain":0.0,"event_name":"Shining Light","player_choice":"Entered Light","floor":8.0,"gold_loss":0.0,"damage_taken":17.0,"cards_upgraded":["theDuelist:Sparks","theDuelist:Sparks"]},{"damage_healed":0.0,"max_hp_gain":0.0,"max_hp_loss":0.0,"gold_gain":0.0,"event_name":"Battle City","player_choice":"Fight","duelist":true,"floor":20.0,"gold_loss":0.0,"damage_taken":0.0},{"damage_healed":0.0,"max_hp_gain":0.0,"max_hp_loss":0.0,"gold_gain":0.0,"event_name":"Battle City","player_choice":"Leave","duelist":true,"floor":25.0,"gold_loss":0.0,"damage_taken":0.0},{"cards_removed":["Writhe"],"damage_healed":0.0,"max_hp_gain":0.0,"max_hp_loss":0.0,"gold_gain":0.0,"event_name":"Designer","player_choice":"Upgrade and Remove","floor":36.0,"gold_loss":90.0,"damage_taken":0.0,"cards_upgraded":["theDuelist:WingedKuriboh"]},{"cards_removed":["theDuelist:NaturiaBarkion"],"damage_healed":51.0,"max_hp_gain":10.0,"max_hp_loss":0.0,"gold_gain":0.0,"event_name":"Bonfire Elementals","player_choice":"Offered Rare","floor":39.0,"gold_loss":0.0,"damage_taken":0.0},{"damage_healed":0,"gold_gain":0,"player_choice":"Upgrade","damage_taken":0,"relics_obtained":["Mark of the Bloom"],"max_hp_gain":0,"max_hp_loss":0,"event_name":"MindBloom","floor":46,"gold_loss":0,"cards_upgraded":["theDuelist:CastleWalls","theDuelist:CastleWalls","theDuelist:CastleWalls","theDuelist:NaturiaBeast","theDuelist:NaturiaCliff","theDuelist:NaturiaRock","theDuelist:NaturiaTulip","theDuelist:NaturiaEggplant","theDuelist:NaturiaMantis","theDuelist:WingedKuriboh","theDuelist:HuntingInstinct","theDuelist:NaturiaPineapple","theDuelist:NaturiaStinkbug","theDuelist:NaturiaGaiastrio","theDuelist:FuryFire","theDuelist:NaturiaHorneedle","theDuelist:MillenniumGolem","theDuelist:NaturiaStinkbug","theDuelist:HammerShot"]}],"is_beta":false,"boss_relics":[{"not_picked":["Runic Cube","Ectoplasm"],"picked":"Replay:Ancient Bell"},{"not_picked":["ReplayTheSpireMod:Lightbulb","Grinning Jar"],"picked":"Happy Flower"},{"not_picked":["Paper Crane","theDuelist:BoosterPackSpellEgg"],"picked":"Mercury Hourglass"},{"not_picked":["Bird Faced Urn","FossilizedHelix"],"picked":"Replay:Multitool"},{"not_picked":["Fusion Hammer","Busted Crown"],"picked":"Tiny House"}],"items_purged_floors":[19,47],"is_endless":false,"potions_floor_spawned":[1,4,14,22,27,29,33,37,38,40,42,48],"ascension_level":0}}