{"host":"2qv44oxt58ptq59r","time":1611429250,"event":{"mods":["AchievementEnabler","BaseMod","Colored Powertips","Highlight Path","Minty Spire (QoL Compilation)","Permanent Neow","StSLib"],"gold_per_floor":[110,126,11,21,36,65,65,165,165,11,46,46,58,126,126,222,222,242,242,260,271,283,283,60,60,86,185,185,202,220,234,234,338,338,354,366,35,35,54,85,33,33,33,43,43,43,43,43,43,43,43],"floor_reached":50,"language":"ENG","playtime":6573,"items_purged":["Strike_B"],"score":507,"play_id":"364269da-b19c-4a07-b5f8-533929b5c7f8","local_time":"20210123191410","is_ascension_mode":false,"campfire_choices":[{"data":"Buffer","floor":7.0,"key":"SMITH"},{"data":"Zap","floor":15.0,"key":"SMITH"},{"data":"Defragment","floor":23.0,"key":"SMITH"},{"floor":25.0,"key":"REST"},{"floor":32.0,"key":"RECALL"},{"floor":42.0,"key":"REST"},{"data":"Storm","floor":45.0,"key":"SMITH"},{"floor":49.0,"key":"REST"}],"circlet_count":0,"master_deck":["Defend_B","Defend_B+1","Defend_B","Zap+1","Dualcast","Conserve Battery","Cold Snap","Defragment+1","Doom and Gloom","Tempest","Glacier","Buffer+1","Steam","Ball Lightning","Lockon+1","Loop+1","Buffer+1","Beam Cell","Leap+1","White Noise","Beam Cell","Machine Learning","Hologram+1","Ball Lightning+1","Storm+1","Coolheaded","Trip+1","Redo","Lockon+1","Ball Lightning","Madness","Madness"],"relics":["Cracked Core","Letter Opener","Sundial","OrangePellets","Darkstone Periapt","Astrolabe","Regal Pillow","Art of War","Nuclear Battery","Bottled Lightning","Potion Belt","War Paint"],"acts_visited":["Exordium","TheCity","TheBeyond"],"potions_floor_usage":[50,50,50,50],"damage_taken":[{"damage":0.0,"enemies":"Small Slimes","floor":1.0,"turns":3.0},{"damage":0.0,"enemies":"Cultist","floor":2.0,"turns":4.0},{"damage":0.0,"enemies":"Jaw Worm","floor":4.0,"turns":3.0},{"damage":5.0,"enemies":"3 Louse","floor":5.0,"turns":3.0},{"damage":7.0,"enemies":"Lagavulin","floor":6.0,"turns":8.0},{"damage":0.0,"enemies":"Gremlin Nob","floor":11.0,"turns":4.0},{"damage":1.0,"enemies":"Looter","floor":13.0,"turns":4.0},{"damage":23.0,"enemies":"Hexaghost","floor":16.0,"turns":9.0},{"damage":26.0,"enemies":"3 Byrds","floor":18.0,"turns":6.0},{"damage":10.0,"enemies":"Spheric Guardian","floor":20.0,"turns":6.0},{"damage":0.0,"enemies":"Cultist and Chosen","floor":21.0,"turns":8.0},{"damage":0.0,"enemies":"Snecko","floor":22.0,"turns":5.0},{"damage":11.0,"enemies":"Snake Plant","floor":29.0,"turns":5.0},{"damage":5.0,"enemies":"Centurion and Healer","floor":30.0,"turns":5.0},{"damage":4.0,"enemies":"Shelled Parasite and Fungi","floor":31.0,"turns":5.0},{"damage":2.0,"enemies":"Automaton","floor":33.0,"turns":8.0},{"damage":0.0,"enemies":"Orb Walker","floor":35.0,"turns":6.0},{"damage":1.0,"enemies":"3 Darklings","floor":36.0,"turns":5.0},{"damage":19.0,"enemies":"4 Shapes","floor":39.0,"turns":3.0},{"damage":19.0,"enemies":"Reptomancer","floor":40.0,"turns":8.0},{"damage":20.0,"enemies":"Transient","floor":44.0,"turns":5.0},{"damage":161,"enemies":"Awakened One","floor":50,"turns":9}],"seed_played":"6696349089989002845","potions_obtained":[{"floor":1.0,"key":"Energy Potion"},{"floor":5.0,"key":"FairyPotion"},{"floor":13.0,"key":"GamblersBrew"},{"floor":20.0,"key":"ColorlessPotion"},{"floor":29.0,"key":"SkillPotion"},{"floor":30.0,"key":"FearPotion"},{"floor":31.0,"key":"EssenceOfDarkness"},{"floor":40.0,"key":"Regen Potion"},{"floor":44.0,"key":"BlessingOfTheForge"}],"is_trial":false,"path_per_floor":["M","M","$","M","M","E","R","?","T","$","E","$","M","?","R","B",null,"M","?","M","M","M","R","$","R","T","?","?","M","M","M","R","B",null,"M","M","$","?","M","E","$","R","T","M","R","?","?","?","R","B"],"character_chosen":"DEFECT","items_purchased":["Defragment","Doom and Gloom","OrangePellets","Regal Pillow","Bottled Lightning","Storm","Coolheaded","PowerPotion"],"campfire_rested":3,"item_purchase_floors":[3,3,10,24,37,37,37,41],"current_hp_per_floor":[82,82,82,82,77,70,70,70,70,70,70,70,69,69,69,46,82,56,56,46,46,46,46,46,82,82,82,82,71,66,62,62,60,82,82,81,81,81,62,43,43,82,82,62,62,62,52,52,82,0,0],"gold":43,"neow_bonus":"TEN_PERCENT_HP_BONUS","is_daily":false,"chose_seed":false,"campfire_upgraded":4,"win_rate":0.0,"timestamp":1611429250,"path_taken":["M","M","$","M","M","E","R","?","T","?","E","$","M","?","R","BOSS","M","?","M","M","M","R","$","R","T","?","?","M","M","M","R","BOSS","M","M","$","?","M","E","?","R","T","M","R","?","?","?","R","BOSS"],"items_purchased_type":["Card","Card","Relic","Relic","Relic","Card","Card","Potion"],"build_version":"2020-12-22","purchased_purges":1,"victory":false,"max_hp_per_floor":[82,82,82,82,82,82,82,82,82,82,82,82,82,82,82,82,82,82,82,82,82,82,82,82,82,82,82,82,82,82,82,82,82,82,82,82,82,82,82,82,82,82,82,82,82,82,82,82,82,82,82],"card_choices":[{"not_picked":["Chill","Streamline"],"picked":"Conserve Battery","floor":1.0},{"not_picked":["Stack","Beam Cell"],"picked":"Cold Snap","floor":2.0},{"not_picked":["Steam","Rip and Tear"],"picked":"Tempest","floor":4.0},{"not_picked":["Streamline","Sweeping Beam"],"picked":"Glacier","floor":5.0},{"not_picked":["Go for the Eyes","Rip and Tear"],"picked":"Buffer","floor":6.0},{"not_picked":["Hologram","Stack"],"picked":"Steam","floor":11.0},{"not_picked":["Conserve Battery","Steam"],"picked":"Ball Lightning","floor":13.0},{"not_picked":["Genetic Algorithm","Glacier"],"picked":"Beam Cell","floor":18.0},{"not_picked":["Redo","Scrape"],"picked":"Leap+1","floor":20.0},{"not_picked":["Aggregate+1","Hello World","Consume"],"picked":"SKIP","floor":21.0},{"not_picked":["Gash","Sweeping Beam+1","Turbo"],"picked":"SKIP","floor":22.0},{"not_picked":["Recycle","Leap"],"picked":"White Noise","floor":29.0},{"not_picked":["Gash","Turbo+1","Leap"],"picked":"SKIP","floor":30.0},{"not_picked":["Stack","Barrage+1"],"picked":"Beam Cell","floor":31.0},{"not_picked":["Amplify","Thunder Strike"],"picked":"Machine Learning","floor":33.0},{"not_picked":["Beam Cell","Streamline"],"picked":"Hologram+1","floor":35.0},{"not_picked":["Go for the Eyes+1","Hologram+1"],"picked":"Ball Lightning+1","floor":36.0},{"not_picked":["Flash of Steel","Panacea"],"picked":"Trip","floor":38.0},{"not_picked":["Meteor Strike","Sweeping Beam+1"],"picked":"Redo","floor":39.0},{"not_picked":["Conserve Battery","Force Field"],"picked":"Lockon+1","floor":40.0},{"not_picked":["Compile Driver+1","Reprogram+1"],"picked":"Ball Lightning","floor":44.0}],"player_experience":5460165,"relics_obtained":[{"floor":6.0,"key":"Letter Opener"},{"floor":9.0,"key":"Sundial"},{"floor":11.0,"key":"Darkstone Periapt"},{"floor":26.0,"key":"Art of War"},{"floor":40.0,"key":"Potion Belt"},{"floor":43.0,"key":"War Paint"}],"event_choices":[{"damage_healed":0.0,"max_hp_gain":0.0,"max_hp_loss":0.0,"gold_gain":100.0,"event_name":"Golden Shrine","player_choice":"Pray","floor":8.0,"gold_loss":0.0,"damage_taken":0.0},{"damage_healed":0.0,"max_hp_gain":0.0,"max_hp_loss":0.0,"gold_gain":68.0,"event_name":"Golden Wing","player_choice":"Gained Gold","floor":14.0,"gold_loss":0.0,"damage_taken":0.0},{"damage_healed":0.0,"max_hp_gain":0.0,"max_hp_loss":0.0,"gold_gain":0.0,"event_name":"Ghosts","player_choice":"Ignored","floor":19.0,"gold_loss":0.0,"damage_taken":0.0},{"damage_healed":0.0,"max_hp_gain":0.0,"max_hp_loss":0.0,"gold_gain":99.0,"event_name":"Nest","player_choice":"Stole From Cult","floor":27.0,"gold_loss":0.0,"damage_taken":0.0},{"damage_healed":0.0,"max_hp_gain":0.0,"max_hp_loss":0.0,"gold_gain":0.0,"event_name":"Vampires","player_choice":"Ignored","floor":28.0,"gold_loss":0.0,"damage_taken":0.0},{"damage_healed":0.0,"max_hp_gain":0.0,"max_hp_loss":0.0,"gold_gain":0.0,"event_name":"SensoryStone","player_choice":"Memory 1","floor":38.0,"gold_loss":0.0,"damage_taken":0.0},{"cards_removed":["Defend_B"],"damage_healed":0.0,"max_hp_gain":0.0,"max_hp_loss":0.0,"gold_gain":0.0,"event_name":"Falling","player_choice":"Removed Skill","floor":46.0,"gold_loss":0.0,"damage_taken":0.0},{"damage_healed":0.0,"max_hp_gain":0.0,"max_hp_loss":0.0,"gold_gain":0.0,"event_name":"Winding Halls","player_choice":"Embrace Madness","floor":47.0,"gold_loss":0.0,"damage_taken":10.0,"cards_obtained":["Madness","Madness"]},{"damage_healed":0.0,"max_hp_gain":0.0,"max_hp_loss":0.0,"gold_gain":0.0,"event_name":"Mysterious Sphere","player_choice":"Ignored","floor":48.0,"gold_loss":0.0,"damage_taken":0.0}],"is_beta":false,"boss_relics":[{"not_picked":["Sozu","Cursed Key"],"picked":"Astrolabe"},{"not_picked":["Snecko Eye","Velvet Choker"],"picked":"Nuclear Battery"}],"items_purged_floors":[24],"is_endless":false,"potions_floor_spawned":[1,5,13,20,29,30,31,40,44],"killed_by":"Awakened One","ascension_level":0}}