{"host":"lbezuomzcjopy55u","time":1611421233,"event":{"mods":["BaseMod","Bestiary","Minty Spire (QoL Compilation)","Quick Restart","Slay-I","StSLib","Uncapped"],"gold_per_floor":[119,119,119,140,140,140,176,176,176,194,210,226,226,226],"floor_reached":13,"language":"ZHS","playtime":220,"items_purged":[],"score":154,"play_id":"eb18b98e-0d12-4987-9bbc-d429acc9fcda","local_time":"20210124010033","is_ascension_mode":true,"campfire_choices":[{"data":"Dualcast","floor":6,"key":"SMITH"}],"circlet_count":0,"master_deck":["Strike_B","Strike_B","Strike_B","Defend_B","Defend_B","Defend_B","Defend_B","Zap","Dualcast+1","Ball Lightning","Storm","Undo","Defragment","Buffer","Turbo"],"relics":["Cracked Core","NeowsBlessing","Golden Idol","Ginger","Blue Candle"],"acts_visited":["Exordium"],"potions_floor_usage":[13],"damage_taken":[{"damage":0,"enemies":"Jaw Worm","floor":1,"turns":1},{"damage":0,"enemies":"2 Louse","floor":4,"turns":1},{"damage":0,"enemies":"3 Sentries","floor":7,"turns":1},{"damage":1,"enemies":"Cultist","floor":10,"turns":3},{"damage":12,"enemies":"3 Louse","floor":11,"turns":3},{"damage":0,"enemies":"Looter","floor":12,"turns":3},{"damage":36,"enemies":"Gremlin Nob","floor":13,"turns":3}],"seed_played":"3600110661704741452","potions_obtained":[{"floor":1,"key":"Dexterity Potion"},{"floor":12,"key":"Fire Potion"}],"is_trial":false,"path_per_floor":["M","?","$","M","?","R","E","?","T","M","M","M","E"],"character_chosen":"DEFECT","items_purchased":[],"campfire_rested":0,"item_purchase_floors":[],"current_hp_per_floor":[68,50,50,50,43,43,43,43,43,42,30,30,0,0],"gold":226,"neow_bonus":"THREE_ENEMY_KILL","is_daily":false,"chose_seed":false,"campfire_upgraded":1,"win_rate":0.0,"timestamp":1611421233,"path_taken":["M","?","$","M","?","R","E","?","T","?","M","M","E"],"items_purchased_type":[],"build_version":"2020-12-22","purchased_purges":0,"victory":false,"max_hp_per_floor":[75,75,75,75,75,75,75,75,75,75,75,75,75,75],"card_choices":[{"not_picked":["Go for the Eyes","Rip and Tear"],"picked":"Ball Lightning","floor":1},{"not_picked":["Rip and Tear","Stack"],"picked":"Storm","floor":4},{"not_picked":["Conserve Battery","Blizzard"],"picked":"Undo","floor":7},{"not_picked":["Turbo","Aggregate"],"picked":"Buffer","floor":10},{"not_picked":["Steam","Stack"],"picked":"Turbo","floor":11},{"not_picked":["Streamline","Redo","Hologram"],"picked":"SKIP","floor":12}],"player_experience":282452,"relics_obtained":[{"floor":7,"key":"Ginger"},{"floor":9,"key":"Blue Candle"}],"event_choices":[{"damage_healed":0,"gold_gain":0,"player_choice":"Take Damage","damage_taken":18,"relics_obtained":["Golden Idol"],"max_hp_gain":0,"max_hp_loss":0,"event_name":"Golden Idol","floor":2,"gold_loss":0},{"cards_removed":["Strike_B"],"damage_healed":0,"gold_gain":0,"player_choice":"Card Removal","damage_taken":7,"max_hp_gain":0,"max_hp_loss":0,"event_name":"Golden Wing","floor":5,"gold_loss":0},{"damage_healed":0,"gold_gain":0,"player_choice":"1 cards matched","damage_taken":0,"max_hp_gain":0,"max_hp_loss":0,"event_name":"Match and Keep!","floor":8,"gold_loss":0,"cards_obtained":["Defragment"]}],"is_beta":false,"boss_relics":[],"items_purged_floors":[],"is_endless":false,"potions_floor_spawned":[1,12],"killed_by":"Gremlin Nob","ascension_level":8}}