{"host":"jqa9y4qkalbx8qgz","time":1611394445,"event":{"mods":["Act Like it!","BaseMod","BetterRewards","CCEM","Downfall","Gensokyo","Marisa????????","Minty Spire (QoL Compilation)","Permanent Neow","Relic Stats","Replay The Spire","StSLib","Wandering Minibosses"],"gold_per_floor":[2,2,2,131,161,196,241,241,275,303,353,394,458,358,0,55,206,206,206,264,325,9,61,152,152,223,123,123,23,132,132,222,299,443,443,443,531,609,609,664,740,775,921,1014,1088,841,915,915,957,1072,1090,1090,1171,77,77,123,185],"floor_reached":58,"language":"ENG","playtime":4968,"items_purged":["Strike_MRS","Strike_MRS","Strike_MRS","Strike_MRS"],"score":1833,"play_id":"e8bae4de-a3a7-4942-9464-8685ac79e901","local_time":"20210123123405","is_ascension_mode":true,"campfire_choices":[{"data":"expansioncontent:PrepareCrush","floor":1.0,"key":"SMITH"},{"data":"MillisecondPulsars","floor":14.0,"key":"SMITH"},{"data":"UltimateShortwave","floor":19.0,"key":"SMITH"},{"floor":27,"key":"RECALL"},{"data":"EventHorizon","floor":29,"key":"SMITH"},{"data":"AsteroidBelt","floor":36,"key":"SMITH"},{"data":"Singularity","floor":48,"key":"SMITH"},{"data":"EnergyFlow","floor":55,"key":"SMITH"},{"data":"MilkyWay","floor":55,"key":"SMITH"}],"circlet_count":0,"master_deck":["Defend_MRS","Defend_MRS","Defend_MRS","Defend_MRS","MasterSpark","UpSweep","expansioncontent:DashGenerateEvil","expansioncontent:PrepareCrush+1","WitchOfGreed","AsteroidBelt","MagicAbsorber","GalacticHalo","MillisecondPulsars+1","AsteroidBelt+1","MilkyWay","WitchOfGreed","GalacticHalo","GrandCross","MilkyWay","EnergyFlow+1","Robbery+1","UltimateShortwave+1","IllusionStar","MilkyWay+1","EventHorizon+1","Singularity+1","EarthLightRay+1","AsteroidBelt+1","BlazeAway+1","TreasureHunter","MagicChant+1","AsteroidBelt+1","ChargingUp+1","MilkyWay+1","StarBarrage+1","AlicesGift+1","EarthLightRay+1","AsteroidBelt+1","Singularity+1","expansioncontent:DashGenerateEvil","OrrerysSun","OrrerysSun","AlicesGift","DarkMatter+1","SporeBomb+1"],"relics":["MiniHakkero","WingedGreaves","Bag of Preparation","Replay:Bottled Snecko","CCEMRelics:WhiteRose","Snack Pack","CCEMRelics:Barrel","Replay:Bottled Steam","downfall:HeartBlessingGreen","Nunchaku","Philosopher\u0027s Stone","Toxic Egg 2","downfall:HeartBlessingBlue","downfall:HeartBlessingRed","Ring of Hypnosis","Iron Hammer","Painkiller Herb","MawBank","Prayer Wheel","Pen Nib","Quantum Egg","CCEMRelics:Pendulum","Replay:Wax Seal","Ice Cream","Vajra","Blue Doll","Replay:Arrowhead","Pantograph","Strange Spoon","White Beast Statue"],"acts_visited":["Exordium","Gensokyo:Gensokyo","Gensokyo:Gensokyoer","TheEnding"],"potions_floor_usage":[34,34,34,34,43,46,46,56,57,57],"damage_taken":[{"damage":2.0,"enemies":"Gensokyo:Gryphon","floor":4.0,"turns":3.0},{"damage":0.0,"enemies":"Gensokyo:Python","floor":5.0,"turns":4.0},{"damage":0.0,"enemies":"Gensokyo:2_Kodama","floor":6.0,"turns":3.0},{"damage":0.0,"enemies":"Gensokyo:Mamizou","floor":7.0,"turns":9.0},{"damage":0.0,"enemies":"Gensokyo:2_Rabbits","floor":9.0,"turns":3.0},{"damage":0.0,"enemies":"Gensokyo:Gryphon_and_Rabbit","floor":10.0,"turns":5.0},{"damage":3.0,"enemies":"Gensokyo:Aya","floor":11.0,"turns":7.0},{"damage":0.0,"enemies":"Gensokyo:LivingMonolith","floor":12.0,"turns":3.0},{"damage":0.0,"enemies":"Gensokyo:Mamizou","floor":13.0,"turns":8.0},{"damage":0.0,"enemies":"downfall:FleeingMerchant","floor":15.0,"turns":4.0},{"damage":6.0,"enemies":"Gensokyo:5_Fairies","floor":16.0,"turns":8.0},{"damage":9.0,"enemies":"DF_ARCHETYPE_STREAMLINE","floor":17.0,"turns":12.0},{"damage":1.0,"enemies":"Gensokyo:AngelMirror","floor":20.0,"turns":4.0},{"damage":8.0,"enemies":"Gensokyo:CosmicMonolith","floor":21.0,"turns":5.0},{"damage":0.0,"enemies":"downfall:FleeingMerchant","floor":22.0,"turns":4.0},{"damage":0.0,"enemies":"Gensokyo:Swordslinger","floor":23.0,"turns":4.0},{"damage":13.0,"enemies":"Gensokyo:Chomper_and_Gloop","floor":24.0,"turns":8.0},{"damage":29,"enemies":"Gensokyo:Monolith_and_Dog","floor":26,"turns":6},{"damage":2,"enemies":"Gensokyo:3_Gloops","floor":30,"turns":8},{"damage":19,"enemies":"Gensokyo:Reisen","floor":32,"turns":7},{"damage":26,"enemies":"Gensokyo:Chomper_and_Gloop","floor":33,"turns":7},{"damage":35,"enemies":"SI_MIRROR_ARCHETYPE","floor":34,"turns":8},{"damage":0,"enemies":"Gensokyo:3_Bats","floor":37,"turns":4},{"damage":0,"enemies":"Gensokyo:3_Boulders","floor":38,"turns":3},{"damage":11,"enemies":"Gensokyo:Sharpion","floor":40,"turns":5},{"damage":25,"enemies":"Gensokyo:Marisa","floor":41,"turns":7},{"damage":39,"enemies":"Gensokyo:Kasen","floor":43,"turns":7},{"damage":9,"enemies":"Gensokyo:Doremy","floor":44,"turns":6},{"damage":11,"enemies":"Gensokyo:4_Bats","floor":45,"turns":5},{"damage":0,"enemies":"downfall:FleeingMerchant","floor":46,"turns":3},{"damage":0,"enemies":"Gensokyo:SeedOfUnknown","floor":47,"turns":5},{"damage":20,"enemies":"Gensokyo:Marisa","floor":49,"turns":4},{"damage":0,"enemies":"Gensokyo:AtlasGolem","floor":50,"turns":3},{"damage":45,"enemies":"WA_ARCHETYPE_DIVINITY","floor":51,"turns":10},{"damage":8,"enemies":"downfall:CharBossMerchant","floor":53,"turns":6},{"damage":17,"enemies":"downfall:NeowBoss","floor":56,"turns":8},{"damage":34,"enemies":"downfall:NeowBossFinal","floor":57,"turns":6}],"seed_played":"6521454805222300995","potions_obtained":[{"floor":4.0,"key":"sneckomod:MuddlingPotion"},{"floor":5.0,"key":"champ:CounterPotion"},{"floor":6.0,"key":"PowerPotion"},{"floor":7.0,"key":"bronze:BurnAndBuffPotion"},{"floor":9.0,"key":"SkillPotion"},{"floor":11.0,"key":"PowerPotion"},{"floor":12.0,"key":"BottledSpark"},{"floor":16.0,"key":"EssenceOfSteel"},{"floor":16.0,"key":"SkillPotion"},{"floor":17.0,"key":"SkillPotion"},{"floor":22.0,"key":"EntropicBrew"},{"floor":23.0,"key":"ColorlessPotion"},{"floor":34,"key":"Cursed Concoction"},{"floor":37,"key":"Ancient Potion"},{"floor":38,"key":"Fruit Juice"},{"floor":43,"key":"BottledSpark"},{"floor":43,"key":"Block Potion"},{"floor":46,"key":"Strength Potion"},{"floor":47,"key":"Dexterity Potion"}],"is_trial":false,"path_per_floor":["R","PTL","PTL","M","M","M","E","T","M","M","E","M","E","R","$","M","B",null,"R","M","M","$","M","M","T","M","R","?","R","M","?","E","M","B",null,"T","?","?","?","?","E","T","E","E","?","T","?","T","E","?","B",null,"E","T","T","B","B",null],"character_chosen":"MARISA","items_purchased":["expansioncontent:DashGenerateEvil","expansioncontent:PrepareCrush","Bag of Preparation","Replay:Bottled Snecko","WitchOfGreed","EnergyFlow","Robbery+1","Nunchaku","EventHorizon","Toxic Egg 2","Ice Cream","Vajra","PowerPotion","Pantograph","Strange Spoon","expansioncontent:DashGenerateEvil","OrrerysSun","AlicesGift","DarkMatter+1","White Beast Statue","SporeBomb+1"],"campfire_rested":0,"item_purchase_floors":[0,0,0,0,0,15,15,15,22,22,46,46,46,54,54,54,54,54,54,54,54],"current_hp_per_floor":[37,37,37,35,35,35,35,35,37,39,36,36,36,36,38,44,51,75,75,74,67,67,75,62,62,35,45,45,45,51,51,40,24,7,85,85,85,85,85,84,69,69,47,50,47,53,61,61,49,65,34,90,84,84,84,89,64],"gold":185,"neow_bonus":"","is_daily":false,"chose_seed":false,"campfire_upgraded":8,"win_rate":0.0,"timestamp":1611394445,"path_taken":["R","PTL","PTL","M","M","M","E","T","M","M","E","M","E","R","$","M","BOSS","R","M","M","$","M","?","T","M","R","?","R","M","?","E","M","BOSS","T","?","?","?","?","E","T","E","E","?","T","?","T","E","?","BOSS","E","T","T","BOSS","BOSS"],"items_purchased_type":["Card","Card","Relic","Relic","Card","Card","Card","Relic","Card","Relic","Relic","Relic","Potion","Relic","Relic","Card","Card","Card","Card","Relic","Card"],"build_version":"2020-12-22","purchased_purges":4,"victory":true,"max_hp_per_floor":[75,75,75,75,75,75,75,75,75,75,75,75,75,75,75,75,75,75,75,75,75,75,75,75,75,75,85,85,85,85,85,85,85,85,85,85,85,85,85,85,85,85,90,90,90,90,90,90,90,90,90,90,90,90,90,90,90],"relic_stats":{"Strange Spoon":[17],"Nunchaku":[32],"counters":[157,907],"Pantograph":7,"Prayer Wheel":3,"Pen Nib":[13],"Bag of Preparation":[86],"MawBank":60,"obtain_stats":[{"CCEMRelics:PorcelainBowl":9,"Gensokyo:UndefinedDarkness":30,"downfall:HeartBlessingGreen":18,"Ginger":44,"CCEMRelics:DerglesHeadphones":45,"Old Coin":48,"Blood Vial":42,"Sundial":46,"MealTicket":30,"Kunai":56,"Replay:Wax Seal":44,"Replay:Bottled Steam":13,"Blue Candle":10,"Velvet Choker":17,"BreadOfAWashokuLover":42,"Pen Nib":0,"Akabeko":38,"CCEMRelics:FestiveHat":13,"Bird Faced Urn":29,"Gensokyo:YoukaiFlower":12,"MiniHakkero":0,"StrikeDummy":42,"Gensokyo:MarisaImprobabilityPotion":23,"Unceasing Top":37,"AmplifyWand":54,"Regal Pillow":9,"Lantern":45,"Torii":45,"Singing Bowl":26,"CCEMRelics:WrappedPresent":44,"StoneCalendar":0,"Painkiller Herb":35,"Blue Doll":49,"Bag of Preparation":31,"SproutingBranch":38,"Ancient Tea Set":13,"Gensokyo:PortableGap":3,"Smiling Mask":7,"Toolbox":44,"Gensokyo:OccultBall":4,"WingedGreaves":0,"Chemical X":22,"CCEMRelics:WhiteRose":7,"InkBottle":27,"CCEMRelics:OrganicArmor":40,"Potion Belt":43,"downfall:HeartBlessingRed":44,"PreservedInsect":10,"Omamori":27,"MawBank":27,"Replay:Arrowhead":53,"Busted Crown":34,"Ornamental Fan":26,"Orrery":0,"Art of War":6,"Toy Ornithopter":28,"Ice Cream":42,"Gremlin Horn":28,"CeramicFish":48,"Vajra":52,"Sozu":17,"Lizard Tail":44,"Centennial Puzzle":46,"HornCleat":25,"Strawberry":21,"Philosopher\u0027s Stone":34,"Prayer Wheel":0,"Iron Hammer":32,"RampagingMagicTools":17,"Toxic Egg 2":22,"Happy Flower":21,"Ring of Hypnosis":31,"Oddly Smooth Stone":6,"Du-Vu Doll":0,"OrangePellets":44,"Shuriken":30,"Molten Egg 2":0,"Black Star":34,"CCEMRelics:WarHorn":42,"Meat on the Bone":55,"Pocketwatch":30,"Darkstone Periapt":7,"Gensokyo:MarisaIngredientList":10,"CCEMRelics:Pendulum":53,"Mango":24,"Gensokyo:NagashiBinaDoll":5,"expansioncontent:StudyCardRelic":17,"ClockworkSouvenir":21,"Frozen Eye":30,"Dream Catcher":8,"Nunchaku":8,"Gensokyo:MarisaPhilosophersStone":8,"TheAbacus":44,"Mummified Hand":40,"CCEMRelics:OverlyComfyChair":26,"downfall:HeartBlessingBlue":44,"Slimebound:StickyStick":24,"Gambling Chip":24,"Pantograph":54,"Tiny Chest":30,"Replay:Bottled Snecko":0,"SimpleLauncher":20,"CCEMRelics:Barrel":9,"Quantum Egg":43,"Gensokyo:ConquerorOfFear":31,"Gensokyo:CelestialsFlawlessClothing":14,"Orichalcum":54,"Medical Kit":44,"White Beast Statue":54,"Mercury Hourglass":46,"Calling Bell":42,"Peace Pipe":12,"Strange Spoon":20,"ShroomBag":31,"Gensokyo:EmptyGrave":39,"Anchor":44,"CaptainsWheel":11,"wanderingMiniBosses:CarrionFlame":11,"CCEMRelics:GrindingGear":26,"CCEMRelics:TinyMinotavrHorn":47,"Bag of Marbles":53,"Snack Pack":8,"Membership Card":47,"TungstenRod":23},{"CCEMRelics:PorcelainBowl":29,"Gensokyo:UndefinedDarkness":74,"downfall:HeartBlessingGreen":66,"Ginger":48,"CCEMRelics:DerglesHeadphones":49,"Old Coin":83,"Blood Vial":79,"Sundial":21,"MealTicket":113,"Kunai":88,"Replay:Wax Seal":148,"Replay:Bottled Steam":129,"Blue Candle":104,"Velvet Choker":108,"BreadOfAWashokuLover":118,"Pen Nib":24,"Akabeko":116,"CCEMRelics:FestiveHat":32,"Bird Faced Urn":74,"Gensokyo:YoukaiFlower":4,"MiniHakkero":0,"StrikeDummy":79,"Gensokyo:MarisaImprobabilityPotion":8,"Unceasing Top":43,"AmplifyWand":23,"Regal Pillow":60,"Lantern":81,"Torii":81,"Singing Bowl":111,"CCEMRelics:WrappedPresent":20,"StoneCalendar":88,"Painkiller Herb":142,"Blue Doll":152,"Bag of Preparation":114,"SproutingBranch":79,"Ancient Tea Set":5,"Gensokyo:PortableGap":26,"Smiling Mask":58,"Toolbox":20,"Gensokyo:OccultBall":54,"WingedGreaves":52,"Chemical X":110,"CCEMRelics:WhiteRose":124,"InkBottle":112,"CCEMRelics:OrganicArmor":19,"Potion Belt":47,"downfall:HeartBlessingRed":80,"PreservedInsect":104,"Omamori":112,"MawBank":11,"Replay:Arrowhead":155,"Busted Crown":42,"Ornamental Fan":38,"Orrery":24,"Art of War":28,"Toy Ornithopter":12,"Ice Cream":47,"Gremlin Horn":12,"CeramicFish":83,"Vajra":86,"Sozu":34,"Lizard Tail":20,"Centennial Puzzle":21,"HornCleat":38,"Strawberry":36,"Philosopher\u0027s Stone":14,"Prayer Wheel":24,"Iron Hammer":140,"RampagingMagicTools":66,"Toxic Egg 2":135,"Happy Flower":7,"Ring of Hypnosis":139,"Oddly Smooth Stone":90,"Du-Vu Doll":24,"OrangePellets":20,"Shuriken":13,"Molten Egg 2":88,"Black Star":77,"CCEMRelics:WarHorn":79,"Meat on the Bone":24,"Pocketwatch":113,"Darkstone Periapt":3,"Gensokyo:MarisaIngredientList":4,"CCEMRelics:Pendulum":22,"Mango":9,"Gensokyo:NagashiBinaDoll":54,"expansioncontent:StudyCardRelic":6,"ClockworkSouvenir":36,"Frozen Eye":12,"Dream Catcher":29,"Nunchaku":92,"Gensokyo:MarisaPhilosophersStone":103,"TheAbacus":118,"Mummified Hand":19,"CCEMRelics:OverlyComfyChair":72,"downfall:HeartBlessingBlue":80,"Slimebound:StickyStick":111,"Gambling Chip":9,"Pantograph":155,"Tiny Chest":40,"Replay:Bottled Snecko":120,"SimpleLauncher":7,"CCEMRelics:Barrel":4,"Quantum Egg":147,"Gensokyo:ConquerorOfFear":75,"Gensokyo:CelestialsFlawlessClothing":5,"Orichalcum":23,"Medical Kit":20,"White Beast Statue":155,"Mercury Hourglass":21,"Calling Bell":79,"Peace Pipe":94,"Strange Spoon":7,"ShroomBag":75,"Gensokyo:EmptyGrave":79,"Anchor":20,"CaptainsWheel":93,"wanderingMiniBosses:CarrionFlame":30,"CCEMRelics:GrindingGear":10,"CCEMRelics:TinyMinotavrHorn":50,"Bag of Marbles":22,"Snack Pack":124,"Membership Card":21,"TungstenRod":37},{"CCEMRelics:PorcelainBowl":119,"Gensokyo:UndefinedDarkness":393,"downfall:HeartBlessingGreen":334,"Ginger":239,"CCEMRelics:DerglesHeadphones":242,"Old Coin":455,"Blood Vial":419,"Sundial":77,"MealTicket":651,"Kunai":498,"Replay:Wax Seal":857,"Replay:Bottled Steam":741,"Blue Candle":585,"Velvet Choker":624,"BreadOfAWashokuLover":685,"Pen Nib":97,"Akabeko":672,"CCEMRelics:FestiveHat":137,"Bird Faced Urn":393,"Gensokyo:YoukaiFlower":14,"MiniHakkero":0,"StrikeDummy":419,"Gensokyo:MarisaImprobabilityPotion":30,"Unceasing Top":201,"AmplifyWand":88,"Regal Pillow":298,"Lantern":439,"Torii":439,"Singing Bowl":636,"CCEMRelics:WrappedPresent":76,"StoneCalendar":503,"Painkiller Herb":825,"Blue Doll":874,"Bag of Preparation":654,"SproutingBranch":419,"Ancient Tea Set":18,"Gensokyo:PortableGap":104,"Smiling Mask":291,"Toolbox":76,"Gensokyo:OccultBall":272,"WingedGreaves":267,"Chemical X":630,"CCEMRelics:WhiteRose":715,"InkBottle":646,"CCEMRelics:OrganicArmor":72,"Potion Belt":234,"downfall:HeartBlessingRed":428,"PreservedInsect":597,"Omamori":641,"MawBank":41,"Replay:Arrowhead":893,"Busted Crown":195,"Ornamental Fan":173,"Orrery":97,"Art of War":113,"Toy Ornithopter":42,"Ice Cream":234,"Gremlin Horn":43,"CeramicFish":455,"Vajra":490,"Sozu":149,"Lizard Tail":76,"Centennial Puzzle":83,"HornCleat":173,"Strawberry":161,"Philosopher\u0027s Stone":56,"Prayer Wheel":97,"Iron Hammer":810,"RampagingMagicTools":334,"Toxic Egg 2":777,"Happy Flower":27,"Ring of Hypnosis":803,"Oddly Smooth Stone":512,"Du-Vu Doll":97,"OrangePellets":76,"Shuriken":49,"Molten Egg 2":503,"Black Star":413,"CCEMRelics:WarHorn":419,"Meat on the Bone":91,"Pocketwatch":651,"Darkstone Periapt":11,"Gensokyo:MarisaIngredientList":14,"CCEMRelics:Pendulum":87,"Mango":35,"Gensokyo:NagashiBinaDoll":272,"expansioncontent:StudyCardRelic":23,"ClockworkSouvenir":161,"Frozen Eye":45,"Dream Catcher":119,"Nunchaku":523,"Gensokyo:MarisaPhilosophersStone":583,"TheAbacus":685,"Mummified Hand":69,"CCEMRelics:OverlyComfyChair":380,"downfall:HeartBlessingBlue":428,"Slimebound:StickyStick":636,"Gambling Chip":35,"Pantograph":893,"Tiny Chest":182,"Replay:Bottled Snecko":696,"SimpleLauncher":27,"CCEMRelics:Barrel":14,"Quantum Egg":851,"Gensokyo:ConquerorOfFear":398,"Gensokyo:CelestialsFlawlessClothing":18,"Orichalcum":90,"Medical Kit":76,"White Beast Statue":893,"Mercury Hourglass":77,"Calling Bell":419,"Peace Pipe":534,"Strange Spoon":27,"ShroomBag":398,"Gensokyo:EmptyGrave":419,"Anchor":76,"CaptainsWheel":529,"wanderingMiniBosses:CarrionFlame":126,"CCEMRelics:GrindingGear":38,"CCEMRelics:TinyMinotavrHorn":247,"Bag of Marbles":87,"Snack Pack":715,"Membership Card":83,"TungstenRod":165}]},"card_choices":[{"not_picked":["GravityBeat","StarlightTyphoon"],"picked":"AsteroidBelt","floor":4.0},{"not_picked":["PowerUp","DarkMatter"],"picked":"MagicAbsorber","floor":5.0},{"not_picked":["SporeBomb","LuminesStrike"],"picked":"GalacticHalo","floor":6.0},{"not_picked":["LuminesStrike","Occultation"],"picked":"MillisecondPulsars","floor":7.0},{"not_picked":["MeteoricShower","DoubleSpark"],"picked":"AsteroidBelt","floor":9.0},{"not_picked":["PowerUp","DragonMeteor"],"picked":"MilkyWay","floor":10.0},{"not_picked":["SuperPerseids","ShootingEcho"],"picked":"WitchOfGreed","floor":11.0},{"not_picked":["UnstableBomb","DC"],"picked":"GalacticHalo","floor":12.0},{"not_picked":["6A","PulseMagic"],"picked":"GrandCross","floor":13.0},{"not_picked":["MillisecondPulsars","Robbery"],"picked":"MilkyWay","floor":15.0},{"not_picked":["ChargingUp","PowerUp","MeteoricShower"],"picked":"SKIP","floor":16.0},{"not_picked":["StarDustReverie","CasketOfStar"],"picked":"UltimateShortwave","floor":17.0},{"not_picked":["StarlightTyphoon+1","StarBarrage+1","Acceleration"],"picked":"SKIP","floor":20.0},{"not_picked":["ChargingUp","GrandCross"],"picked":"IllusionStar","floor":21.0},{"not_picked":["SporeBomb","Robbery"],"picked":"MilkyWay","floor":22.0},{"not_picked":["ShootingEcho","LuminesStrike+1","MeteoricShower"],"picked":"SKIP","floor":23.0},{"not_picked":["EnergyFlow+1","RefractionSpark"],"picked":"Singularity","floor":24.0},{"not_picked":["DoubleSpark+1","FairyDestructionRay"],"picked":"EarthLightRay+1","floor":26},{"not_picked":["IllusionStar+1","PowerUp+1"],"picked":"AsteroidBelt+1","floor":30},{"not_picked":["Singularity","BinaryStars+1"],"picked":"BlazeAway+1","floor":32},{"not_picked":["Robbery","RefractionSpark","NonDirectionalLaser"],"picked":"SKIP","floor":33},{"not_picked":["SatelliteIllusion","BigCrunch+1"],"picked":"TreasureHunter","floor":34},{"not_picked":["PowerUp+1","ShootTheMoon+1"],"picked":"MagicChant+1","floor":37},{"not_picked":["GasGiant+1","UnstableBomb+1","LuminesStrike+1"],"picked":"SKIP","floor":38},{"not_picked":["EnergyFlow+1","GalacticHalo+1"],"picked":"SprinkleStarSeal+1","floor":40},{"not_picked":["SporeBomb+1","6A","MeteoricShower"],"picked":"SKIP","floor":41},{"not_picked":["Occultation+1","PulseMagic+1"],"picked":"AsteroidBelt+1","floor":43},{"not_picked":["WitchOfGreed+1","RefractionSpark"],"picked":"ChargingUp+1","floor":44},{"not_picked":["WitchLeyline","MagicChant+1"],"picked":"MilkyWay+1","floor":45},{"not_picked":["NonDirectionalLaser","DarkSpark","DC+1"],"picked":"SKIP","floor":45},{"not_picked":["DoubleSpark","StarlightTyphoon+1"],"picked":"StarBarrage+1","floor":46},{"not_picked":["SporeBomb+1","SatelliteIllusion"],"picked":"AlicesGift+1","floor":47},{"not_picked":["AsteroidBelt+1","IllusionStar+1"],"picked":"EarthLightRay+1","floor":47},{"not_picked":["StarBarrage+1","MachineGunSpark+1"],"picked":"AsteroidBelt+1","floor":49},{"not_picked":["WitchLeyline+1","SporeBomb+1","Orbital+1"],"picked":"SKIP","floor":50},{"not_picked":["AsteroidBelt+1","MagicAbsorber+1","SporeBomb+1"],"picked":"SKIP","floor":50},{"not_picked":["MilkyWay+1","GrandCross+1"],"picked":"Singularity+1","floor":53}],"player_experience":296124,"relics_obtained":[{"floor":7.0,"key":"CCEMRelics:WhiteRose"},{"floor":8.0,"key":"Snack Pack"},{"floor":11.0,"key":"CCEMRelics:Barrel"},{"floor":13.0,"key":"Replay:Bottled Steam"},{"floor":31,"key":"Ring of Hypnosis"},{"floor":32,"key":"Iron Hammer"},{"floor":41,"key":"MawBank"},{"floor":41,"key":"Prayer Wheel"},{"floor":42,"key":"Pen Nib"},{"floor":43,"key":"Quantum Egg"},{"floor":44,"key":"CCEMRelics:Pendulum"},{"floor":44,"key":"Replay:Wax Seal"},{"floor":49,"key":"Blue Doll"},{"floor":53,"key":"Replay:Arrowhead"}],"event_choices":[],"is_beta":false,"boss_relics":[{"not_picked":["Replay:Ancient Bell","Ring of Chaos"],"picked":"Philosopher\u0027s Stone"},{"not_picked":["Velvet Choker","CCEMRelics:TransientCore"],"picked":"Painkiller Herb"}],"items_purged_floors":[0,15,46,54],"is_endless":false,"potions_floor_spawned":[7,9,11,12,17,21,23,24,30,37,40,45,47],"ascension_level":1}}