{"host":"sr8h12zimc8zi8zs","time":1611376786,"event":{"mods":["2.2 Compatiblity","AchievementEnabler","BaseMod","CapriCore","GifTheSpireLib","Minty Spire (QoL Compilation)","Permanent Neow","Replay The Spire","StSLib"],"gold_per_floor":[112,112,86,16,29,29,29],"floor_reached":6,"language":"KOR","playtime":715,"items_purged":[],"score":34,"play_id":"51aea700-3aed-430c-bbb6-9af3e0fbe6d0","local_time":"20210123133946","is_ascension_mode":false,"campfire_choices":[],"circlet_count":0,"master_deck":["Strike_G","Strike_G","Strike_G","Strike_G","Strike_G","Defend_G","Defend_G+1","Defend_G+1","Defend_G","Defend_G","Survivor","Neutralize","ReplayTheSpireMod:Speed Training","Blade Dance"],"relics":["Ring of the Snake","War Paint","Snack Pack"],"acts_visited":["Exordium"],"potions_floor_usage":[],"damage_taken":[{"damage":2,"enemies":"Jaw Worm","floor":1,"turns":6},{"damage":0,"enemies":"Small Slimes","floor":5,"turns":5},{"damage":23,"enemies":"Lagavulin","floor":6,"turns":11}],"seed_played":"-9116860392561832806","potions_obtained":[{"floor":5,"key":"GamblersBrew"}],"is_trial":false,"path_per_floor":["M","?","?","?","M","E"],"character_chosen":"THE_SILENT","items_purchased":[],"campfire_rested":0,"item_purchase_floors":[],"current_hp_per_floor":[68,73,73,73,73,58,58],"gold":29,"neow_bonus":"RANDOM_COMMON_RELIC","is_daily":false,"chose_seed":false,"campfire_upgraded":0,"win_rate":0.0,"timestamp":1611376786,"path_taken":["M","?","?","?","M","E"],"items_purchased_type":[],"build_version":"2020-12-22","purchased_purges":0,"victory":false,"max_hp_per_floor":[70,75,75,75,75,75,75],"card_choices":[{"not_picked":["Dodge and Roll","Sucker Punch"],"picked":"ReplayTheSpireMod:Speed Training","floor":1},{"not_picked":["All Out Attack","Draining Mist"],"picked":"Blade Dance","floor":5}],"player_experience":133647,"relics_obtained":[],"event_choices":[{"damage_healed":0,"gold_gain":0,"player_choice":"Donut","damage_taken":0,"max_hp_gain":5,"max_hp_loss":0,"event_name":"Big Fish","floor":2,"gold_loss":0},{"damage_healed":0,"gold_gain":0,"player_choice":"Left Gold","damage_taken":0,"max_hp_gain":0,"max_hp_loss":0,"event_name":"World of Goop","floor":3,"gold_loss":26},{"damage_healed":0,"gold_gain":0,"player_choice":"Paid Gold","damage_taken":0,"relics_obtained":["Snack Pack"],"max_hp_gain":0,"max_hp_loss":0,"event_name":"WeMeetAgain","floor":4,"gold_loss":70}],"is_beta":false,"boss_relics":[],"items_purged_floors":[],"is_endless":false,"potions_floor_spawned":[5],"killed_by":"Lagavulin","ascension_level":0}}