{"host":"6jrnojxwearbrjzo","time":1611407390,"event":{"mods":["BaseMod","Conspire","Downfall","Highlight Path","Marisa（F雨　魔理沙）","Minty Spire (QoL Compilation)","MostiFishMod","Quick Restart","Random Character Button","Shop Mod","Spicy Shops","StSLib","The Construct","The Servant 0.9.4","Yuyuko","[功能]功能增强和修复MOD","vexMod"],"gold_per_floor":[110,3,3,3,79,79,2,33,33,33,68,68,99,119,119,223,223,241,43,53,53,22,52,52,81,81,31,42,42,42,42,42,138,138,152,152,152],"floor_reached":38,"language":"ZHS","playtime":1007,"items_purged":["Defend_G","Defend_G","Strike_G","Strike_G","Strike_G","Defend_G","Defend_G","Glass Knife","Strike_G","Strike_G"],"score":1316,"play_id":"3afe1a66-68b3-44f1-aef5-63469eed3713","local_time":"20210123210950","is_ascension_mode":true,"campfire_choices":[{"data":"Choke","floor":6,"key":"SMITH"},{"data":"Finisher","floor":10,"key":"SMITH"},{"data":"Survivor","floor":15,"key":"SMITH"},{"data":"vexMod:StairwayStrike","floor":24,"key":"SMITH"},{"floor":32,"key":"RECALL"}],"circlet_count":0,"master_deck":["Survivor+1","Neutralize+1","Choke+1","Finisher+1","MostiFishMod:SupremeArchaeology+1","MostiFishMod:ThornCasing","MostiFishMod:VineMother","Cloak And Dagger+1","vexMod:StairwayStrike+1","Blade Dance+1","MostiFishMod:GrandStart+1"],"relics":["Ring of the Snake","DaveBox","Transparent","SynthV:TestCard","StrikeDummy","conspire:Dentures","Regal Pillow","Omamori","Potion Belt","Paper Crane","Lizard Tail","Pen Nib","HaiYi:Twilight","Mummified Hand","Nunchaku","PreservedInsect","BrkXgEgg","War Paint","DianPoetry","Nilry\u0027s Codex","sneckomod:BabySnecko","ImprovedEquipment","Coffee Dripper"],"acts_visited":["TheCity","TheBeyond"],"potions_floor_usage":[11,11,33,37,37,37],"damage_taken":[{"damage":14,"enemies":"Jaw Worm","floor":1,"turns":2},{"damage":16,"enemies":"3 Sentries","floor":8,"turns":2},{"damage":14,"enemies":"Lagavulin","floor":11,"turns":2},{"damage":28,"enemies":"3 Sentries","floor":13,"turns":3},{"damage":7,"enemies":"Small Slimes","floor":14,"turns":1},{"damage":14,"enemies":"Slime Boss","floor":16,"turns":2},{"damage":14,"enemies":"conspire:FuzzyDice","floor":18,"turns":2},{"damage":7,"enemies":"2 Thieves","floor":20,"turns":1},{"damage":7,"enemies":"conspire:SneckoGhost","floor":23,"turns":1},{"damage":7,"enemies":"conspire:Head Lice","floor":25,"turns":1},{"damage":7,"enemies":"Shelled Parasite and Fungi","floor":28,"turns":1},{"damage":7,"enemies":"conspire:MysteriousRune","floor":33,"turns":1},{"damage":7,"enemies":"Orb Walker","floor":35,"turns":1},{"damage":14,"enemies":"Time Eater","floor":37,"turns":2}],"seed_played":"-736304107546962058","potions_obtained":[{"floor":1,"key":"Strength Potion"},{"floor":1,"key":"BlessingOfTheForge"},{"floor":8,"key":"LiquidBronze"},{"floor":11,"key":"Energy Potion"},{"floor":16,"key":"bronze:BurnAndBuffPotion"},{"floor":18,"key":"SkillPotion"},{"floor":25,"key":"SkillPotion"},{"floor":28,"key":"FearPotion"},{"floor":33,"key":"EssenceOfSteel"}],"is_trial":false,"path_per_floor":["M","$","?","$","?","R","$","E","T","R","E","?","E","M","R","B",null,"M","$","M","?","$","E","R","E","T","?","M","?","?","T","R","B",null,"M","?","B",null],"character_chosen":"THE_SILENT","items_purchased":["StrikeDummy","conspire:Dentures","Finisher","Regal Pillow","Omamori","MostiFishMod:SupremeArchaeology","Mummified Hand","Nunchaku","PreservedInsect","vexMod:StairwayStrike","Blade Dance","BrkXgEgg"],"campfire_rested":0,"item_purchase_floors":[2,2,7,7,7,7,19,19,19,19,19,22],"current_hp_per_floor":[70,70,70,70,70,70,70,70,70,70,70,70,70,70,70,70,70,70,70,70,70,70,70,70,70,70,70,70,54,54,54,54,70,70,70,70,70],"gold":152,"neow_bonus":"UPGRADE_CARD","is_daily":false,"chose_seed":false,"campfire_upgraded":4,"win_rate":0.0,"timestamp":1611407390,"path_taken":["M","$","?","?","?","R","?","E","T","R","E","?","E","?","R","BOSS","M","$","?","?","$","E","R","E","T","?","?","?","?","?","R","BOSS","M","?","BOSS"],"items_purchased_type":["Relic","Relic","Card","Relic","Relic","Card","Relic","Relic","Relic","Card","Card","Relic"],"build_version":"2020-12-22","purchased_purges":10,"victory":true,"max_hp_per_floor":[70,70,70,70,70,70,70,70,70,70,70,70,70,70,70,70,70,70,70,70,70,70,70,70,70,70,70,70,70,70,70,70,70,70,70,70,70],"card_choices":[{"not_picked":["Sucker Punch","Blade Dance"],"picked":"Choke","floor":1},{"not_picked":["Cloak And Dagger","Tactician","Blade Dance","Sucker Punch"],"picked":"MostiFishMod:ThornCasing","floor":8},{"not_picked":["Poisoned Stab","Escape Plan","Outmaneuver","Dagger Throw","Leg Sweep"],"picked":"SKIP","floor":11},{"not_picked":["Calculated Gamble","Caltrops","Dagger Throw","Distraction","All Out Attack"],"picked":"SKIP","floor":13},{"not_picked":["Flying Knee","Prepared","Outmaneuver","PiercingWail","Endless Agony"],"picked":"SKIP","floor":14},{"not_picked":["MostiFishMod:HiddenBlade","MostiFishMod:FullyArmed","Bullet Time","MostiFishMod:ShivMaster"],"picked":"MostiFishMod:VineMother","floor":16},{"not_picked":["Backstab","Quick Slash+1","Infinite Blades","Outmaneuver+1"],"picked":"Cloak And Dagger+1","floor":18},{"not_picked":["Blade Dance","Escape Plan","Cloak And Dagger","MostiFishMod:PerfectParry","Flechettes+1"],"picked":"SKIP","floor":20},{"not_picked":["MostiFishMod:InvigoratingSolution+1","Doppelganger+1","MostiFishMod:PoisonShield","Poisoned Stab","PiercingWail"],"picked":"SKIP","floor":23},{"not_picked":["Quick Slash","Blade Dance","Cloak And Dagger","Deadly Poison","Underhanded Strike"],"picked":"SKIP","floor":25},{"not_picked":["Flying Knee","Dodge and Roll+1","Quick Slash","PiercingWail","Poisoned Stab"],"picked":"SKIP","floor":28},{"not_picked":["MostiFishMod:FullyArmed+1","Wraith Form v2+1","MostiFishMod:LethalBlade+1","MostiFishMod:Confrontation+1"],"picked":"MostiFishMod:GrandStart+1","floor":33},{"not_picked":["Reflex","Poisoned Stab+1","Catalyst+1","Backstab","MostiFishMod:PerfectParry+1"],"picked":"SKIP","floor":35}],"player_experience":102190,"relics_obtained":[{"floor":1,"key":"SynthV:TestCard"},{"floor":8,"key":"Potion Belt"},{"floor":9,"key":"Paper Crane"},{"floor":11,"key":"Lizard Tail"},{"floor":13,"key":"Pen Nib"},{"floor":23,"key":"War Paint"},{"floor":25,"key":"DianPoetry"},{"floor":29,"key":"Nilry\u0027s Codex"},{"floor":31,"key":"ImprovedEquipment"}],"event_choices":[{"damage_healed":0,"gold_gain":0,"cards_transformed":["Defend_G"],"player_choice":"Transformed","damage_taken":0,"max_hp_gain":0,"max_hp_loss":0,"event_name":"Transmorgrifier","floor":3,"gold_loss":0,"cards_obtained":["Glass Knife"]},{"damage_healed":0,"gold_gain":76,"player_choice":"Gained Gold","damage_taken":0,"max_hp_gain":0,"max_hp_loss":0,"event_name":"Golden Wing","floor":5,"gold_loss":0},{"damage_healed":0,"gold_gain":0,"player_choice":"Grow","damage_taken":0,"max_hp_gain":0,"max_hp_loss":0,"event_name":"Living Wall","floor":12,"gold_loss":0,"cards_upgraded":["MostiFishMod:SupremeArchaeology"]},{"damage_healed":0,"gold_gain":0,"player_choice":"Leave","damage_taken":0,"max_hp_gain":0,"max_hp_loss":0,"event_name":"conspire:Investor","floor":21,"gold_loss":0},{"damage_healed":0,"gold_gain":0,"player_choice":"Bet on Owner","damage_taken":0,"max_hp_gain":0,"max_hp_loss":0,"event_name":"The Joust","floor":27,"gold_loss":50},{"damage_healed":0,"gold_gain":0,"player_choice":"Obtained Book","damage_taken":16,"max_hp_gain":0,"max_hp_loss":0,"event_name":"Cursed Tome","floor":29,"gold_loss":0},{"damage_healed":0,"gold_gain":0,"player_choice":"Took Portal","damage_taken":0,"max_hp_gain":0,"max_hp_loss":0,"event_name":"SecretPortal","floor":36,"gold_loss":0}],"is_beta":false,"boss_relics":[{"not_picked":["vexMod:MysteryBossChallenge","vexMod:RockOfEvil"],"picked":"HaiYi:Twilight"},{"not_picked":["JellyFishMachine","MostiFishMod:Hod"],"picked":"Coffee Dripper"}],"items_purged_floors":[2,7,7,7,19,19,19,19,19,19],"is_endless":false,"potions_floor_spawned":[1,1,8,8,8,11,14,16,18,23,25,28,33,33,33],"ascension_level":6}}