{"host":"1mv6gj0zv8k9e9tz","time":1611423672,"event":{"mods":["AchievementEnabler","BaseMod","Better Third Choice","Colored Map","KOR Keyword Fix","Minty Spire (QoL Compilation)","Permanent Neow","Rare Cards Sparkle","StSLib"],"gold_per_floor":[315,164,177,11,24,43,43,43,43,43,43,43,68,84,84,175,175,189,114,139,62,83,83,8,8,34,54,95,95,95],"floor_reached":29,"language":"KOR","playtime":991,"items_purged":["Predator"],"score":470,"play_id":"4e0677d7-35d1-4f18-a87b-10bfb31b398a","local_time":"20210124024112","is_ascension_mode":true,"campfire_choices":[{"data":"Bouncing Flask","floor":7.0,"key":"SMITH"},{"data":"Bullet Time","floor":10.0,"key":"SMITH"},{"data":"Noxious Fumes","floor":12.0,"key":"SMITH"},{"data":"Acrobatics","floor":15.0,"key":"SMITH"},{"data":"Bouncing Flask","floor":23.0,"key":"SMITH"},{"data":"Tactician","floor":25.0,"key":"SMITH"}],"circlet_count":0,"master_deck":["AscendersBane","Survivor","Neutralize+1","Backflip","Bullet Time+1","Corpse Explosion","Deadly Poison","Dagger Spray","Noxious Fumes+1","Bouncing Flask+1","Acrobatics+1","Bouncing Flask+1","Deflect","Bane+1","Phantasmal Killer","Malaise","After Image","Flying Knee","Flying Knee","Tools of the Trade","Dodge and Roll","Acrobatics","Tactician+1","Reflex","Leg Sweep"],"relics":["Ring of the Snake","Old Coin","Orrery","Golden Idol","Nunchaku","Pandora\u0027s Box","Whetstone","Gremlin Horn"],"acts_visited":["Exordium","TheCity"],"potions_floor_usage":[28],"damage_taken":[{"damage":1.0,"enemies":"Small Slimes","floor":1.0,"turns":4.0},{"damage":12.0,"enemies":"Jaw Worm","floor":3.0,"turns":6.0},{"damage":11.0,"enemies":"Cultist","floor":5.0,"turns":4.0},{"damage":6.0,"enemies":"Looter","floor":6.0,"turns":4.0},{"damage":6.0,"enemies":"Exordium Thugs","floor":13.0,"turns":3.0},{"damage":4.0,"enemies":"Large Slime","floor":14.0,"turns":4.0},{"damage":6.0,"enemies":"Hexaghost","floor":16.0,"turns":7.0},{"damage":22.0,"enemies":"Shell Parasite","floor":18.0,"turns":5.0},{"damage":24.0,"enemies":"3 Byrds","floor":20.0,"turns":4.0},{"damage":0.0,"enemies":"3 Cultists","floor":22.0,"turns":2.0},{"damage":4,"enemies":"Snake Plant","floor":27,"turns":3},{"damage":23,"enemies":"Slavers","floor":28,"turns":2},{"damage":21,"enemies":"Shelled Parasite and Fungi","floor":29,"turns":1}],"seed_played":"-2771487846479037462","potions_obtained":[{"floor":3.0,"key":"FairyPotion"},{"floor":5.0,"key":"DistilledChaos"},{"floor":13.0,"key":"Energy Potion"},{"floor":16.0,"key":"FairyPotion"},{"floor":27,"key":"BlessingOfTheForge"},{"floor":28,"key":"CunningPotion"}],"is_trial":false,"path_per_floor":["M","$","M","$","M","M","R","?","T","R","T","R","M","M","R","B",null,"M","$","M","$","M","R","?","R","T","M","E","M"],"character_chosen":"THE_SILENT","items_purchased":["Bullet Time","Orrery","Tactician"],"campfire_rested":0,"item_purchase_floors":[2,4,21],"current_hp_per_floor":[58,58,46,46,35,29,29,29,29,29,29,29,23,19,19,13,48,26,26,2,2,2,2,2,2,2,18,18,0,0],"gold":95,"neow_bonus":"ONE_RARE_RELIC","is_daily":false,"chose_seed":false,"campfire_upgraded":6,"win_rate":0.0,"timestamp":1611423672,"path_taken":["M","$","M","$","M","M","R","?","T","R","?","R","M","?","R","BOSS","M","$","M","$","M","R","?","R","T","M","E","M"],"items_purchased_type":["Card","Relic","Card"],"build_version":"2020-12-22","purchased_purges":1,"victory":false,"max_hp_per_floor":[66,66,66,66,66,66,66,60,60,60,60,60,60,60,60,60,60,60,60,60,60,60,60,60,60,60,60,60,60,60],"card_choices":[{"not_picked":["Outmaneuver","PiercingWail"],"picked":"Backflip","floor":1.0},{"not_picked":["Dash","Masterful Stab","Backflip"],"picked":"SKIP","floor":3.0},{"not_picked":["Envenom","Footwork"],"picked":"Corpse Explosion","floor":4.0},{"not_picked":["Predator","Blade Dance"],"picked":"Deadly Poison","floor":4.0},{"not_picked":["Reflex","Prepared"],"picked":"Dagger Spray","floor":4.0},{"not_picked":["Outmaneuver","Endless Agony"],"picked":"Noxious Fumes","floor":4.0},{"not_picked":["Poisoned Stab","Choke","Predator"],"picked":"SKIP","floor":5.0},{"not_picked":["Deadly Poison","Blur"],"picked":"Bouncing Flask","floor":6.0},{"not_picked":["Distraction","Reflex"],"picked":"Acrobatics","floor":13.0},{"not_picked":["Poisoned Stab","Caltrops"],"picked":"Bouncing Flask","floor":14.0},{"not_picked":["Underhanded Strike","Poisoned Stab"],"picked":"Dodge and Roll","floor":18.0},{"not_picked":["Underhanded Strike","Poisoned Stab"],"picked":"Acrobatics","floor":20.0},{"not_picked":["Underhanded Strike","Skewer","Dagger Throw"],"picked":"SKIP","floor":22.0},{"not_picked":["Blade Dance","Caltrops"],"picked":"Reflex","floor":27},{"not_picked":["Die Die Die","Caltrops"],"picked":"Leg Sweep","floor":28}],"player_experience":553145,"relics_obtained":[{"floor":11.0,"key":"Nunchaku"},{"floor":26.0,"key":"Whetstone"},{"floor":28,"key":"Gremlin Horn"}],"event_choices":[{"damage_healed":0.0,"max_hp_gain":0.0,"max_hp_loss":6.0,"gold_gain":0.0,"event_name":"Golden Idol","player_choice":"Lose Max HP","floor":8.0,"gold_loss":0.0,"damage_taken":0.0,"relics_obtained":["Golden Idol"]},{"cards_removed":["Setup"],"damage_healed":0.0,"max_hp_gain":0.0,"max_hp_loss":0.0,"gold_gain":0.0,"event_name":"Beggar","player_choice":"Gave Gold","floor":24.0,"gold_loss":75.0,"damage_taken":0.0}],"is_beta":false,"boss_relics":[{"not_picked":["WristBlade","Tiny House"],"picked":"Pandora\u0027s Box"}],"items_purged_floors":[19],"is_endless":false,"potions_floor_spawned":[3,5,13,16,18,27,28],"killed_by":"Shelled Parasite and Fungi","ascension_level":20}}