{"host":"zkqorkqsr6o67e8b","time":1611410486,"event":{"mods":["BaseMod","Better Vampires","Downfall","Minty Spire (QoL Compilation)","Quick Restart","StSLib","The Alterego","¡¾ÒÅÎï¿¨ÅÆ¡¿REMEMod"],"gold_per_floor":[100,115,135,19,35,66,89,89,107,121,139,39,73,85,95,169,169,69,81,81,81,66,97,145,161,188,103,103,128,128,148,166,245,245,145,155,165,178,190,224,224,237,271,291,223,248,291,291,319,319,319,347,0,0,237,270],"floor_reached":57,"language":"ZHS","playtime":4328,"items_purged":["alterego_mod:Impale","Decay"],"score":2305,"play_id":"03b78fc7-6c5f-4d7a-a25a-65032c7811a1","local_time":"20210123220126","is_ascension_mode":true,"campfire_choices":[{"data":"alterego_mod:BrynhildrRomantia","floor":1.0,"key":"SMITH"},{"data":"alterego_mod:TrashNCrash","floor":8.0,"key":"SMITH"},{"data":"alterego_mod:BrynhildrsRune","floor":12.0,"key":"SMITH"},{"data":"alterego_mod:Pet","floor":18.0,"key":"SMITH"},{"data":"alterego_mod:TrickOrTreatment","floor":28.0,"key":"SMITH"},{"floor":30.0,"key":"RECALL"},{"data":"alterego_mod:GoddessCore","floor":35.0,"key":"SMITH"},{"data":"alterego_mod:Venus","floor":54,"key":"SMITH"}],"circlet_count":0,"master_deck":["AscendersBane","alterego_mod:Strike","alterego_mod:Strike","alterego_mod:Strike","alterego_mod:Defend","alterego_mod:Defend","alterego_mod:Defend","alterego_mod:Defend","alterego_mod:BrynhildrsRune+1","alterego_mod:BrynhildrRomantia+1","alterego_mod:ChallengeComplete","alterego_mod:TrashNCrash+1","alterego_mod:Birthday","alterego_mod:TrickOrTreatment+1","alterego_mod:Pet+1","alterego_mod:SakuraFive","alterego_mod:Cushion","alterego_mod:GoddessCore+1","alterego_mod:Birthday+1","alterego_mod:BiFurious","alterego_mod:Venus+1","alterego_mod:AlterEgo","alterego_mod:MagicResistance","alterego_mod:Cushion","alterego_mod:Birthday","alterego_mod:Rake","Enlightenment"],"relics":["alterego_mod:MasochisticConstitution","REME_ComplimentaryCards","Boot","downfall:HeartBlessingGreen","MealTicket","Cursed Key","downfall:HeartBlessingBlue","REME_LimitBreaker","Happy Flower","Potion Belt","Tiny Chest","Runic Pyramid","downfall:HeartBlessingRed","Omamori","CeramicFish","Gambling Chip","Bag of Preparation","hexamod:BolsterEngine","Bronze Scales","Bottled Flame","REME_ArchaeologicalTools"],"acts_visited":["Exordium","TheCity","TheBeyond","TheEnding"],"potions_floor_usage":[55,55,55],"damage_taken":[{"damage":2.0,"enemies":"Jaw Worm","floor":2.0,"turns":3.0},{"damage":1.0,"enemies":"2 Louse","floor":3.0,"turns":4.0},{"damage":10.0,"enemies":"downfall:FleeingMerchant","floor":4.0,"turns":4.0},{"damage":7.0,"enemies":"Small Slimes","floor":5.0,"turns":4.0},{"damage":41.0,"enemies":"Lagavulin","floor":6.0,"turns":8.0},{"damage":9.0,"enemies":"2 Fungi Beasts","floor":9.0,"turns":5.0},{"damage":17.0,"enemies":"Exordium Thugs","floor":10.0,"turns":6.0},{"damage":0.0,"enemies":"Blue Slaver","floor":11.0,"turns":5.0},{"damage":35.0,"enemies":"3 Sentries","floor":13.0,"turns":9.0},{"damage":1.0,"enemies":"Large Slime","floor":14.0,"turns":9.0},{"damage":34.0,"enemies":"Lots of Slimes","floor":15.0,"turns":11.0},{"damage":132.0,"enemies":"DF_ARCHETYPE_STREAMLINE","floor":16.0,"turns":15.0},{"damage":14.0,"enemies":"Chosen","floor":19.0,"turns":6.0},{"damage":1.0,"enemies":"downfall:FleeingMerchant","floor":22.0,"turns":4.0},{"damage":22.0,"enemies":"REME_1_Revenger","floor":23.0,"turns":7.0},{"damage":27.0,"enemies":"Snecko","floor":25.0,"turns":6.0},{"damage":107.0,"enemies":"Gremlin Leader","floor":26.0,"turns":8.0},{"damage":3.0,"enemies":"downfall:FleeingMerchant","floor":27.0,"turns":4.0},{"damage":17.0,"enemies":"REME_1_Revenger","floor":29.0,"turns":8.0},{"damage":11.0,"enemies":"Centurion and Healer","floor":31.0,"turns":7.0},{"damage":15.0,"enemies":"Snake Plant","floor":32.0,"turns":4.0},{"damage":75.0,"enemies":"SI_MIRROR_ARCHETYPE","floor":33.0,"turns":13.0},{"damage":7.0,"enemies":"3 Darklings","floor":36.0,"turns":8.0},{"damage":26.0,"enemies":"3 Shapes","floor":37.0,"turns":9.0},{"damage":7.0,"enemies":"Maw","floor":38.0,"turns":7.0},{"damage":13.0,"enemies":"Spire Growth","floor":39.0,"turns":4.0},{"damage":53.0,"enemies":"Giant Head","floor":40.0,"turns":7.0},{"damage":29.0,"enemies":"3 Darklings","floor":42.0,"turns":5.0},{"damage":0.0,"enemies":"3 Darklings","floor":43.0,"turns":9.0},{"damage":16.0,"enemies":"Sphere and 2 Shapes","floor":44.0,"turns":6.0},{"damage":0.0,"enemies":"downfall:FleeingMerchant","floor":45.0,"turns":3.0},{"damage":16.0,"enemies":"Maw","floor":46.0,"turns":5.0},{"damage":3.0,"enemies":"Nemesis","floor":47.0,"turns":5.0},{"damage":49.0,"enemies":"4 Shapes","floor":49.0,"turns":10.0},{"damage":2,"enemies":"WA_ARCHETYPE_DIVINITY","floor":50,"turns":10},{"damage":5,"enemies":"downfall:CharBossMerchant","floor":52,"turns":5},{"damage":46,"enemies":"downfall:NeowBoss","floor":55,"turns":14},{"damage":74,"enemies":"downfall:NeowBossFinal","floor":56,"turns":11}],"seed_played":"-7932514811018774895","potions_obtained":[{"floor":2.0,"key":"Energy Potion"},{"floor":3.0,"key":"Fire Potion"},{"floor":6.0,"key":"Regen Potion"},{"floor":16.0,"key":"AttackPotion"},{"floor":25.0,"key":"EntropicBrew"},{"floor":26.0,"key":"REME_GoldPotion"},{"floor":29.0,"key":"PowerPotion"},{"floor":32.0,"key":"Fruit Juice"},{"floor":33.0,"key":"REME_GoldPotion"},{"floor":36.0,"key":"Fire Potion"},{"floor":42.0,"key":"AttackPotion"},{"floor":47.0,"key":"Strength Potion"},{"floor":49.0,"key":"Slimebound:ThreeZeroPotion"}],"is_trial":false,"path_per_floor":["R","M","M","$","M","E","T","R","M","M","M","R","E","M","M","B",null,"R","M","?","?","$","E","T","M","E","$","R","E","R","M","M","B",null,"R","M","M","M","M","E","T","M","?","M","$","M","E","?","M","B",null,"E","$","R","B","B",null],"character_chosen":"The_Alterego","items_purchased":["alterego_mod:Birthday","Bag of Preparation","alterego_mod:MagicResistance","hexamod:BolsterEngine","alterego_mod:Cushion","Enlightenment","REME_ArchaeologicalTools"],"campfire_rested":0,"item_purchase_floors":[4,45,45,45,45,53,53],"current_hp_per_floor":[59,69,79,70,88,60,60,60,76,84,97,97,98,138,159,35,129,139,139,139,139,156,158,158,154,82,107,107,124,124,161,168,131,199,199,226,231,241,243,207,207,227,275,284,284,280,294,294,295,312,315,321,321,321,322,263],"gold":270,"neow_bonus":"REMOVE_CARD","is_daily":false,"chose_seed":false,"campfire_upgraded":7,"win_rate":0.0,"timestamp":1611410486,"path_taken":["R","M","M","$","M","E","T","R","M","M","M","R","E","M","M","BOSS","R","M","?","?","$","E","T","M","E","?","R","E","R","M","M","BOSS","R","M","M","M","M","E","T","M","?","M","$","M","E","?","M","BOSS","E","$","R","BOSS","BOSS"],"items_purchased_type":["Card","Relic","Card","Relic","Card","Card","Relic"],"build_version":"2020-12-22","purchased_purges":2,"victory":true,"max_hp_per_floor":[65,70,79,80,89,94,94,94,103,112,116,116,129,138,159,160,160,170,175,175,175,176,181,181,186,191,192,192,197,197,206,216,221,221,221,226,239,244,249,254,254,259,275,284,284,289,294,294,311,316,316,321,321,321,322,323],"card_choices":[{"not_picked":["alterego_mod:Bloomers","alterego_mod:DeftHands","alterego_mod:Maid"],"picked":"SKIP","floor":2.0},{"not_picked":["alterego_mod:Mirror","alterego_mod:Rip"],"picked":"alterego_mod:ChallengeComplete","floor":3.0},{"not_picked":["alterego_mod:Bounce","alterego_mod:Bunnysuit"],"picked":"alterego_mod:TrashNCrash","floor":4.0},{"not_picked":["alterego_mod:Lingerie","alterego_mod:Complex","alterego_mod:Jiggle"],"picked":"SKIP","floor":5.0},{"not_picked":["alterego_mod:Complex","alterego_mod:Undulate","alterego_mod:SideboobHour"],"picked":"SKIP","floor":6.0},{"not_picked":["alterego_mod:Bounce","alterego_mod:BiFurious","alterego_mod:Cycle"],"picked":"SKIP","floor":9.0},{"not_picked":["alterego_mod:BoobPocket","alterego_mod:Jiggle"],"picked":"alterego_mod:TrickOrTreatment","floor":10.0},{"not_picked":["alterego_mod:Rip","alterego_mod:DiscoLights","alterego_mod:PerceptionDisorder"],"picked":"SKIP","floor":11.0},{"not_picked":["alterego_mod:BeGentle","alterego_mod:Smother","alterego_mod:Swimsuit"],"picked":"SKIP","floor":13.0},{"not_picked":["alterego_mod:1TonWallop","alterego_mod:SuperDuperMasochism","alterego_mod:Bounce"],"picked":"SKIP","floor":14.0},{"not_picked":["alterego_mod:1TonWallop","alterego_mod:TrashNCrash"],"picked":"alterego_mod:Pet","floor":15.0},{"not_picked":["alterego_mod:Cooking","alterego_mod:Swimsuit","alterego_mod:TrashNCrash"],"picked":"SKIP","floor":19.0},{"not_picked":["alterego_mod:Undulate","alterego_mod:SakuraPetals"],"picked":"alterego_mod:Cushion","floor":22.0},{"not_picked":["alterego_mod:MaintainEyeContact","alterego_mod:Stockings+1"],"picked":"alterego_mod:GoddessCore","floor":23.0},{"not_picked":["alterego_mod:Rip","alterego_mod:Jiggle","alterego_mod:HighServant"],"picked":"SKIP","floor":25.0},{"not_picked":["alterego_mod:SakuraPetals","alterego_mod:DestructionOfProperty+1","alterego_mod:Punishment"],"picked":"SKIP","floor":26.0},{"not_picked":["alterego_mod:Mirror","alterego_mod:SakuraLabyrinth","alterego_mod:Complex+1"],"picked":"SKIP","floor":27.0},{"not_picked":["alterego_mod:VirginLaserPalladion","alterego_mod:Lingerie"],"picked":"alterego_mod:Birthday+1","floor":29.0},{"not_picked":["alterego_mod:DustData","alterego_mod:Undulate","alterego_mod:BustOut"],"picked":"SKIP","floor":31.0},{"not_picked":["alterego_mod:Maid","alterego_mod:HighServant","alterego_mod:SakuraLabyrinth"],"picked":"SKIP","floor":32.0},{"not_picked":["alterego_mod:DiscoLights","alterego_mod:Complex"],"picked":"alterego_mod:BiFurious","floor":36.0},{"not_picked":["alterego_mod:BreastValley","alterego_mod:Mirror","alterego_mod:Valentines+1"],"picked":"SKIP","floor":37.0},{"not_picked":["alterego_mod:BiFurious","alterego_mod:BreastValley","alterego_mod:Cycle+1"],"picked":"SKIP","floor":38.0},{"not_picked":["alterego_mod:Mirror","alterego_mod:Belle","alterego_mod:BiFurious"],"picked":"SKIP","floor":39.0},{"not_picked":["alterego_mod:RocketPunch","alterego_mod:Cycle","alterego_mod:Clap"],"picked":"SKIP","floor":40.0},{"not_picked":["alterego_mod:Punishment","alterego_mod:Cooking+1","alterego_mod:BoobPocket"],"picked":"SKIP","floor":42.0},{"not_picked":["alterego_mod:MagicResistance","alterego_mod:DustData"],"picked":"alterego_mod:Venus","floor":43.0},{"not_picked":["alterego_mod:Pet+1","alterego_mod:BoobPocket+1","alterego_mod:BreastValley"],"picked":"SKIP","floor":44.0},{"not_picked":["alterego_mod:PerceptionDisorder","alterego_mod:Cycle"],"picked":"alterego_mod:AlterEgo","floor":45.0},{"not_picked":["alterego_mod:DeftHands","alterego_mod:HighServant"],"picked":"alterego_mod:Birthday","floor":46.0},{"not_picked":["alterego_mod:DiscoLights+1","alterego_mod:Cycle"],"picked":"alterego_mod:Rake","floor":47.0},{"not_picked":["alterego_mod:Rip","alterego_mod:Bounce"],"picked":"alterego_mod:Belle","floor":49.0},{"not_picked":["alterego_mod:Jiggle","alterego_mod:Cycle","alterego_mod:GachaTicket"],"picked":"SKIP","floor":52}],"player_experience":546537,"relics_obtained":[{"floor":6.0,"key":"Boot"},{"floor":13.0,"key":"MealTicket"},{"floor":23.0,"key":"REME_LimitBreaker"},{"floor":24.0,"key":"Happy Flower"},{"floor":26.0,"key":"Potion Belt"},{"floor":29.0,"key":"Tiny Chest"},{"floor":40.0,"key":"Omamori"},{"floor":41.0,"key":"CeramicFish"},{"floor":43.0,"key":"Gambling Chip"},{"floor":47.0,"key":"Bronze Scales"},{"floor":52,"key":"Bottled Flame"}],"event_choices":[{"damage_healed":0.0,"max_hp_gain":0.0,"max_hp_loss":0.0,"gold_gain":0.0,"event_name":"Ghosts","player_choice":"Ignored","floor":20.0,"gold_loss":0.0,"damage_taken":0.0},{"damage_healed":0.0,"max_hp_gain":0.0,"max_hp_loss":0.0,"gold_gain":0.0,"event_name":"The Library","player_choice":"Read","floor":21.0,"gold_loss":0.0,"damage_taken":0.0,"cards_obtained":["alterego_mod:SakuraFive"]}],"is_beta":false,"boss_relics":[{"not_picked":["Fusion Hammer","Empty Cage"],"picked":"Cursed Key"},{"not_picked":["Philosopher\u0027s Stone","Pandora\u0027s Box"],"picked":"Runic Pyramid"}],"items_purged_floors":[4,27],"is_endless":false,"potions_floor_spawned":[2,3,6,13,14,16,25,26,29,32,33,36,38,40,42,43,47,49],"ascension_level":20}}