{"host":"9v3x998ddbx8o276","time":1611397960,"event":{"mods":["AchievementEnabler","BaseMod","Colored Map","Colored Powertips","Highlight Path","Minty Spire (QoL Compilation)","Quick Restart","Rare Cards Sparkle"],"gold_per_floor":[110,110,126,14,29,29,59,75,75,105,105,105,135,148,148,245,245,261,279,293,218,128,128,162,162,187,187,197,197,41,56,56,159,159,171,171,18,28,28,55,55,74,74,74,102,116,132,164,164,164],"floor_reached":51,"language":"ENG","playtime":1725,"items_purged":["Clumsy"],"score":1288,"play_id":"6615ebd1-c855-4aea-a77f-4f5c7d771952","local_time":"20210123210240","is_ascension_mode":true,"campfire_choices":[{"data":"Immolate","floor":6,"key":"SMITH"},{"floor":15,"key":"REST"},{"data":"Bludgeon","floor":23,"key":"SMITH"},{"data":"Sword Boomerang","floor":25,"key":"SMITH"},{"data":"Feel No Pain","floor":27,"key":"SMITH"},{"data":"Double Tap","floor":32,"key":"SMITH"},{"data":"Feel No Pain","floor":41,"key":"SMITH"},{"data":"Flame Barrier","floor":44,"key":"SMITH"},{"floor":49,"key":"REST"}],"circlet_count":0,"master_deck":["AscendersBane","Strike_R","Strike_R","Defend_R+1","Defend_R","Defend_R","Defend_R+1","Bash","Immolate+1","Flex","Shrug It Off","Blood for Blood","Bludgeon+1","Flame Barrier+1","Disarm","Feel No Pain+1","Cleave","Corruption","Battle Trance","Havoc","Flash of Steel","Sword Boomerang+1","Uppercut","Decay","Double Tap+1","Feed","Shockwave+1","Feel No Pain+1","Sentinel","Feel No Pain","Injury","Power Through+1"],"relics":["Burning Blood","Mercury Hourglass","Mummified Hand","Matryoshka","Gremlin Horn","Snecko Eye","Bag of Marbles","Oddly Smooth Stone","Happy Flower","Cursed Key","Question Card","Nunchaku","Darkstone Periapt","Du-Vu Doll","Smiling Mask"],"acts_visited":["Exordium","TheCity","TheBeyond"],"potions_floor_usage":[13,16,33,49,50],"damage_taken":[{"damage":8,"enemies":"2 Louse","floor":1,"turns":3},{"damage":0,"enemies":"Small Slimes","floor":3,"turns":3},{"damage":5,"enemies":"Cultist","floor":5,"turns":4},{"damage":14,"enemies":"3 Sentries","floor":7,"turns":5},{"damage":0,"enemies":"3 Louse","floor":8,"turns":1},{"damage":42,"enemies":"Lagavulin","floor":10,"turns":6},{"damage":5,"enemies":"3 Sentries","floor":13,"turns":4},{"damage":0,"enemies":"Large Slime","floor":14,"turns":4},{"damage":0,"enemies":"Slime Boss","floor":16,"turns":5},{"damage":0,"enemies":"Spheric Guardian","floor":18,"turns":1},{"damage":10,"enemies":"2 Thieves","floor":19,"turns":2},{"damage":0,"enemies":"Snecko","floor":20,"turns":4},{"damage":7,"enemies":"Slavers","floor":24,"turns":2},{"damage":2,"enemies":"Snake Plant","floor":28,"turns":2},{"damage":0,"enemies":"Centurion and Healer","floor":31,"turns":1},{"damage":25,"enemies":"Collector","floor":33,"turns":5},{"damage":0,"enemies":"3 Darklings","floor":35,"turns":1},{"damage":0,"enemies":"Orb Walker","floor":38,"turns":1},{"damage":0,"enemies":"Reptomancer","floor":40,"turns":5},{"damage":16,"enemies":"Transient","floor":42,"turns":5},{"damage":15,"enemies":"Giant Head","floor":45,"turns":7},{"damage":2,"enemies":"Jaw Worm Horde","floor":46,"turns":2},{"damage":15,"enemies":"4 Shapes","floor":47,"turns":4},{"damage":53,"enemies":"Nemesis","floor":48,"turns":6},{"damage":50,"enemies":"Donu and Deca","floor":50,"turns":8}],"seed_played":"-5236013153960991161","potions_obtained":[{"floor":5,"key":"Ancient Potion"},{"floor":7,"key":"BloodPotion"},{"floor":10,"key":"Block Potion"},{"floor":13,"key":"GamblersBrew"},{"floor":18,"key":"Energy Potion"},{"floor":20,"key":"Block Potion"},{"floor":28,"key":"CultistPotion"},{"floor":38,"key":"BlessingOfTheForge"}],"is_trial":false,"path_per_floor":["M","?","M","$","M","R","E","M","T","E","?","?","E","M","R","B",null,"M","M","M","?","$","R","E","R","T","R","M","?","$","M","R","B",null,"M","?","$","M","?","E","R","M","T","R","E","M","M","E","R","B",null],"character_chosen":"IRONCLAD","items_purchased":["Blood for Blood","Flash of Steel","Double Tap","Feel No Pain","Sentinel"],"campfire_rested":2,"item_purchase_floors":[4,22,30,37,37],"current_hp_per_floor":[70,54,60,60,61,61,53,59,59,23,23,23,24,30,54,60,75,80,76,80,80,80,80,79,79,79,79,80,80,80,80,80,61,75,80,80,80,80,80,80,80,70,70,70,64,68,62,15,57,13],"gold":164,"neow_bonus":"THREE_RARE_CARDS","is_daily":false,"chose_seed":false,"campfire_upgraded":7,"win_rate":0.0,"timestamp":1611397960,"path_taken":["M","?","M","$","M","R","E","M","T","E","?","?","E","M","R","BOSS","M","M","?","?","$","R","E","R","T","R","M","?","$","M","R","BOSS","M","?","$","M","?","E","R","?","T","R","E","M","M","E","R","BOSS"],"items_purchased_type":["Card","Card","Card","Card","Card"],"build_version":"2020-12-22","purchased_purges":1,"victory":true,"max_hp_per_floor":[80,80,80,80,80,80,80,80,80,80,80,80,80,80,80,80,80,80,80,80,80,80,80,80,80,80,80,80,80,80,80,80,80,80,80,80,80,80,80,80,80,80,80,80,83,83,86,86,86,86],"card_choices":[{"not_picked":["Impervious","Limit Break"],"picked":"Immolate","floor":0},{"not_picked":["Perfected Strike","Havoc"],"picked":"Flex","floor":1},{"not_picked":["True Grit","Entrench"],"picked":"Shrug It Off","floor":3},{"not_picked":["Heavy Blade","Rupture"],"picked":"Bludgeon","floor":5},{"not_picked":["Pummel","Shockwave"],"picked":"Flame Barrier","floor":7},{"not_picked":["Flex","Entrench","Headbutt"],"picked":"SKIP","floor":8},{"not_picked":["Iron Wave","Havoc"],"picked":"Disarm","floor":10},{"not_picked":["Brutality","Disarm"],"picked":"Feel No Pain","floor":13},{"not_picked":["Pommel Strike","Iron Wave"],"picked":"Cleave","floor":14},{"not_picked":["Barricade","Fiend Fire"],"picked":"Corruption","floor":16},{"not_picked":["Reckless Charge","Infernal Blade"],"picked":"Battle Trance","floor":18},{"not_picked":["Pommel Strike","Perfected Strike"],"picked":"Havoc","floor":19},{"not_picked":["Perfected Strike+1","Twin Strike","Havoc"],"picked":"SKIP","floor":20},{"not_picked":["Burning Pact","Perfected Strike"],"picked":"Sword Boomerang","floor":24},{"not_picked":["Battle Trance","True Grit"],"picked":"Uppercut","floor":28},{"not_picked":["Anger","True Grit","Pommel Strike"],"picked":"SKIP","floor":31},{"not_picked":["Exhume","Corruption"],"picked":"Feed","floor":33},{"not_picked":["Intimidate+1","True Grit"],"picked":"Shockwave+1","floor":35},{"not_picked":["Sword Boomerang","Perfected Strike+1","Clash+1"],"picked":"SKIP","floor":38},{"not_picked":["Twin Strike+1","Sever Soul+1","Wild Strike"],"picked":"SKIP","floor":40},{"not_picked":["Reckless Charge","Entrench","Clothesline+1"],"picked":"Feel No Pain","floor":42},{"not_picked":["Clash+1","Havoc","Pommel Strike","Twin Strike+1"],"picked":"SKIP","floor":45},{"not_picked":["Perfected Strike+1","Heavy Blade","Flex+1","Body Slam"],"picked":"SKIP","floor":46},{"not_picked":["Flex","Corruption","Rage","Clothesline+1"],"picked":"SKIP","floor":47},{"not_picked":["Havoc+1","Dual Wield","Twin Strike+1"],"picked":"Power Through+1","floor":48}],"player_experience":1687220,"relics_obtained":[{"floor":7,"key":"Mercury Hourglass"},{"floor":9,"key":"Mummified Hand"},{"floor":10,"key":"Matryoshka"},{"floor":13,"key":"Gremlin Horn"},{"floor":24,"key":"Bag of Marbles"},{"floor":26,"key":"Oddly Smooth Stone"},{"floor":26,"key":"Happy Flower"},{"floor":40,"key":"Question Card"},{"floor":43,"key":"Nunchaku"},{"floor":43,"key":"Darkstone Periapt"},{"floor":45,"key":"Du-Vu Doll"},{"floor":48,"key":"Smiling Mask"}],"event_choices":[{"damage_healed":0,"gold_gain":0,"player_choice":"Entered Light","damage_taken":16,"max_hp_gain":0,"max_hp_loss":0,"event_name":"Shining Light","floor":2,"gold_loss":0,"cards_upgraded":["Defend_R","Defend_R"]},{"damage_healed":0,"gold_gain":0,"player_choice":"Ignored","damage_taken":0,"max_hp_gain":0,"max_hp_loss":0,"event_name":"Liars Game","floor":11,"gold_loss":0},{"cards_removed":["Strike_R"],"damage_healed":0,"gold_gain":0,"player_choice":"Purged","damage_taken":0,"max_hp_gain":0,"max_hp_loss":0,"event_name":"Purifier","floor":12,"gold_loss":0},{"cards_removed":["Strike_R"],"damage_healed":0,"gold_gain":0,"player_choice":"Gave Gold","damage_taken":0,"max_hp_gain":0,"max_hp_loss":0,"event_name":"Beggar","floor":21,"gold_loss":75},{"damage_healed":0,"gold_gain":0,"player_choice":"Smashed Altar","damage_taken":0,"max_hp_gain":0,"max_hp_loss":0,"event_name":"Forgotten Altar","floor":29,"gold_loss":0,"cards_obtained":["Decay"]},{"damage_healed":0,"gold_gain":0,"player_choice":"Ignored","damage_taken":0,"max_hp_gain":0,"max_hp_loss":0,"event_name":"Tomb of Lord Red Mask","floor":36,"gold_loss":0},{"cards_removed":["Strike_R"],"damage_healed":0,"gold_gain":0,"player_choice":"Offered Basic","damage_taken":0,"max_hp_gain":0,"max_hp_loss":0,"event_name":"Bonfire Elementals","floor":39,"gold_loss":0}],"is_beta":false,"boss_relics":[{"not_picked":["Empty Cage","Astrolabe"],"picked":"Snecko Eye"},{"not_picked":["Velvet Choker","Runic Pyramid"],"picked":"Cursed Key"}],"items_purged_floors":[4],"is_endless":false,"potions_floor_spawned":[5,7,10,13,14,18,20,28,38,42,46],"ascension_level":10}}