{"host":"y15j0sqd0it1yzon","time":1611436944,"event":{"mods":["AchievementEnabler","BaseMod","Lobotomy","Minty Spire (QoL Compilation)","StSLib"],"gold_per_floor":[110,28,28,45,45,74,74,91,91,91,102,116,1,0,0,0,0],"floor_reached":16,"language":"ENG","playtime":1494,"items_purged":["Strike_G"],"score":100,"play_id":"8d4a9fcd-7855-45b5-9bcc-a6484d94d3aa","local_time":"20210123212224","is_ascension_mode":false,"campfire_choices":[{"floor":7,"key":"REST"},{"floor":10,"key":"REST"},{"floor":15,"key":"REST"}],"circlet_count":0,"master_deck":["Strike_G","Strike_G","Strike_G","Strike_G","Defend_G","Defend_G","Defend_G","Defend_G","Defend_G","Survivor","Neutralize","WallGazer","Deadly Poison","Catalyst","ShyLook","Deflect","FairyFestival","Backflip","VoidDream","Deadly Poison","NakedNest","PiercingWail","Noxious Fumes"],"relics":["Ring of the Snake","CogitoBucket","Mummified Hand","Shuriken","ResearcherNote"],"acts_visited":["Exordium"],"potions_floor_usage":[12,12,12],"damage_taken":[{"damage":1,"enemies":"2 Louse","floor":1,"turns":4},{"damage":2,"enemies":"Cultist","floor":4,"turns":4},{"damage":51,"enemies":"Lagavulin","floor":6,"turns":7},{"damage":10,"enemies":"Jaw Worm","floor":8,"turns":4},{"damage":9,"enemies":"2 Fungi Beasts","floor":11,"turns":5},{"damage":45,"enemies":"Exordium Wildlife","floor":12,"turns":7},{"damage":43,"enemies":"The Guardian","floor":16,"turns":2}],"seed_played":"1730833480970680400","potions_obtained":[{"floor":6,"key":"ColorlessPotion"},{"floor":8,"key":"SteroidPotion"},{"floor":11,"key":"Block Potion"}],"is_trial":false,"path_per_floor":["M","$","?","M","?","E","R","M","T","R","M","M","$","?","R","B"],"character_chosen":"THE_SILENT","items_purchased":["Catalyst","Noxious Fumes"],"campfire_rested":3,"item_purchase_floors":[2,13],"current_hp_per_floor":[69,69,69,67,72,21,43,33,33,55,46,1,1,1,23,0,0],"gold":0,"neow_bonus":"","is_daily":false,"chose_seed":false,"campfire_upgraded":0,"win_rate":0.0,"timestamp":1611436944,"path_taken":["M","$","?","?","?","E","R","M","T","R","M","M","?","?","R","BOSS"],"items_purchased_type":["Card","Card"],"build_version":"2020-12-22","purchased_purges":1,"victory":false,"max_hp_per_floor":[70,70,70,70,75,75,75,75,75,75,75,75,75,75,75,75,75],"card_choices":[{"not_picked":["UniverseFragment","SpiderBud"],"picked":"WallGazer","floor":1},{"not_picked":["Dagger Spray","Underhanded Strike"],"picked":"Deadly Poison","floor":1},{"not_picked":["MeatLantern","UniverseFragment"],"picked":"ShyLook","floor":4},{"not_picked":["Predator","Eviscerate","Underhanded Strike"],"picked":"SKIP","floor":4},{"not_picked":["Predator","Eviscerate","Underhanded Strike"],"picked":"SKIP","floor":4},{"not_picked":["A Thousand Cuts","Malaise"],"picked":"Deflect","floor":6},{"not_picked":["OSAHOGD","PunishingBird"],"picked":"FairyFestival","floor":6},{"not_picked":["Dodge and Roll","Riddle With Holes"],"picked":"Backflip","floor":8},{"not_picked":["Freischutz","CherryBlossoms"],"picked":"VoidDream","floor":8},{"not_picked":["Blade Dance","Predator"],"picked":"Deadly Poison","floor":11},{"not_picked":["Scorched","Murderer"],"picked":"NakedNest","floor":12},{"not_picked":["Terror","Bane"],"picked":"PiercingWail","floor":12}],"player_experience":413626,"relics_obtained":[{"floor":6,"key":"Mummified Hand"},{"floor":9,"key":"Shuriken"}],"event_choices":[{"damage_healed":0,"gold_gain":0,"player_choice":"Leave","damage_taken":0,"max_hp_gain":0,"max_hp_loss":0,"event_name":"FaceTrader","floor":3,"gold_loss":0},{"damage_healed":0,"gold_gain":0,"player_choice":"Donut","damage_taken":0,"max_hp_gain":5,"max_hp_loss":0,"event_name":"Big Fish","floor":5,"gold_loss":0},{"damage_healed":0,"gold_gain":0,"player_choice":"Left Gold","damage_taken":0,"max_hp_gain":0,"max_hp_loss":0,"event_name":"World of Goop","floor":14,"gold_loss":1}],"is_beta":false,"boss_relics":[],"items_purged_floors":[13],"is_endless":false,"potions_floor_spawned":[6,8,11],"killed_by":"The Guardian","ascension_level":0}}