{"host":"kpklgwyuz86bov3e","time":1611383668,"event":{"mods":["100% Spire Juice","Act Like it!","Aspiration","BaseMod","Better Third Choice","CCEM","Colored Powertips","Conspire","Energized Spire","GifTheSpireLib","Halation","Hallownest","Highlight Path","Hubris","Jedi Mod","Melee Mod","Minty Spire (QoL Compilation)","Rare Cards Sparkle","Relic Sorter","Relic Stats","Replay The Spire","Shedinja","Shop Mod","Spicy Shops","Spikes Relics","StS++","StSLib","Stuff the Spire","The Blue Laboratory","The Poker Player","TheBandit","Waifu the Spire","slay the spire mod where everything is the same but ironclad has a cowboy hat"],"gold_per_floor":[110,110,110,110,35,66,66,91,91,103,103,103],"floor_reached":10,"language":"ENG","playtime":752,"items_purged":["Normality"],"score":72,"play_id":"fa7a11e4-7ab0-4c82-9071-6b2fd5e78831","local_time":"20210123013428","is_ascension_mode":false,"metric_token":2130,"campfire_choices":[{"data":"PokerPlayerMod:ItsShowtime","floor":7,"key":"SMITH"}],"circlet_count":0,"master_deck":["PokerPlayerMod:Diamond1","PokerPlayerMod:Diamond2","PokerPlayerMod:Diamond3","PokerPlayerMod:Diamond4","PokerPlayerMod:Diamond5","PokerPlayerMod:Spade1","PokerPlayerMod:Spade2","PokerPlayerMod:Spade3","PokerPlayerMod:Spade5","PokerPlayerMod:Club1","PokerPlayerMod:Club2","PokerPlayerMod:Heart2","PokerPlayerMod:TrumpStrike","PokerPlayerMod:BadJoker","PokerPlayerMod:Mulligan","Regret","PokerPlayerMod:ItsShowtime+1","PokerPlayerMod:Diamond8"],"relics":["PokerPlayerMod:DeckCase","hubris:Icosahedron","Ring of Fury","ReplayTheSpireMod:Ring of Addiction","Chameleon Ring","hubris:EmptyBottle","StuffTheSpire:RedRose","StSpp:BrokenTotem","Replay:Baseball","MawBank"],"acts_visited":["Exordium"],"potions_floor_usage":[6,8,10,10],"damage_taken":[{"damage":0,"enemies":"Small Slimes","floor":1,"turns":3},{"damage":6,"enemies":"Replay:BlueRogue","floor":6,"turns":3},{"damage":37,"enemies":"Lagavulin","floor":8,"turns":4},{"damage":20,"enemies":"3 Sentries","floor":10,"turns":1}],"seed_played":"-8788935419141202377","potions_obtained":[{"floor":3,"key":"jedi:hoardpotion"},{"floor":3,"key":"Explosive Potion"},{"floor":3,"key":"Fire Potion"}],"is_trial":false,"path_per_floor":["M","?","?","?","$","E","R","E","T","E"],"character_chosen":"THE_POKER_PLAYER","items_purchased":[],"campfire_rested":0,"item_purchase_floors":[],"current_hp_per_floor":[52,52,52,52,52,46,46,12,12,0,0,0],"gold":103,"neow_bonus":"UPGRADE_CARD","is_daily":false,"chose_seed":false,"campfire_upgraded":1,"win_rate":0.0,"timestamp":1611383668,"path_taken":["M","?","?","?","?","E","R","E","T","E"],"items_purchased_type":[],"build_version":"2020-12-22","purchased_purges":1,"victory":false,"max_hp_per_floor":[52,52,52,52,52,52,52,52,52,52,52,52],"relic_stats":{"counters":[4,11],"MawBank":12,"obtain_stats":[{"PokerPlayerMod:DeckCase":0,"Replay:Baseball":8,"hubris:Icosahedron":2,"Chameleon Ring":3,"ReplayTheSpireMod:Ring of Addiction":3,"Ring of Fury":3,"StSpp:BrokenTotem":6,"hubris:EmptyBottle":3,"StuffTheSpire:RedRose":4,"MawBank":9},{"PokerPlayerMod:DeckCase":0,"Replay:Baseball":3,"hubris:Icosahedron":1,"Chameleon Ring":1,"ReplayTheSpireMod:Ring of Addiction":1,"Ring of Fury":1,"StSpp:BrokenTotem":2,"hubris:EmptyBottle":1,"StuffTheSpire:RedRose":1,"MawBank":3},{"PokerPlayerMod:DeckCase":0,"Replay:Baseball":10,"hubris:Icosahedron":3,"Chameleon Ring":3,"ReplayTheSpireMod:Ring of Addiction":3,"Ring of Fury":3,"StSpp:BrokenTotem":6,"hubris:EmptyBottle":3,"StuffTheSpire:RedRose":3,"MawBank":10}]},"card_choices":[{"not_picked":["PokerPlayerMod:Trickery","PokerPlayerMod:FlyingCard","PokerPlayerMod:Configure"],"picked":"SKIP","floor":1},{"not_picked":["PokerPlayerMod:Diamond5","PokerPlayerMod:Spade3"],"picked":"PokerPlayerMod:ItsShowtime","floor":6},{"not_picked":["PokerPlayerMod:Club2","PokerPlayerMod:Trickery"],"picked":"PokerPlayerMod:Diamond8","floor":8}],"player_experience":413926,"relics_obtained":[{"floor":3,"key":"Ring of Fury"},{"floor":3,"key":"ReplayTheSpireMod:Ring of Addiction"},{"floor":3,"key":"Chameleon Ring"},{"floor":3,"key":"hubris:EmptyBottle"},{"floor":6,"key":"StSpp:BrokenTotem"},{"floor":8,"key":"Replay:Baseball"},{"floor":9,"key":"MawBank"}],"event_choices":[],"is_beta":false,"boss_relics":[],"items_purged_floors":[5],"is_endless":false,"potions_floor_spawned":[6],"killed_by":"3 Sentries","ascension_level":0}}