{"host":"bq4pt811tk9yrmjl","time":1611407013,"event":{"mods":["AchievementEnabler","BaseMod","Colored Map","Colored Powertips","Defuse TimeMaze Blight","Hermit","Minty Spire (QoL Compilation)","StSLib","SuperFastMode"],"gold_per_floor":[119,52,52,152,166,204,204,220,220,220,253,66,66,81,81,201,201,215,215,240,263,263,263],"floor_reached":22,"language":"ENG","playtime":374,"items_purged":[],"score":230,"play_id":"54b9a555-7c30-49f1-b99e-f2c546949c74","local_time":"20210123110332","is_ascension_mode":true,"campfire_choices":[{"data":"Neutralize","floor":7,"key":"SMITH"},{"floor":13,"key":"REST"},{"data":"Bouncing Flask","floor":15,"key":"SMITH"}],"circlet_count":0,"master_deck":["Strike_G","Strike_G","Strike_G","Strike_G","Strike_G","Defend_G","Defend_G","Defend_G","Defend_G","Defend_G","Survivor","Neutralize+1","Escape Plan","Bouncing Flask+1","Blade Dance+1","Leg Sweep+1","Corpse Explosion+1","Terror+1","Blur+1","Decay","Flying Knee+1","Infinite Blades"],"relics":["Ring of the Snake","NeowsBlessing","Golden Idol","Toxic Egg 2","Akabeko","Membership Card","HoveringKite"],"acts_visited":["Exordium","TheCity"],"potions_floor_usage":[8,11,20],"damage_taken":[{"damage":0,"enemies":"Cultist","floor":1,"turns":1},{"damage":0,"enemies":"Small Slimes","floor":5,"turns":1},{"damage":0,"enemies":"3 Sentries","floor":6,"turns":1},{"damage":0,"enemies":"2 Louse","floor":8,"turns":2},{"damage":7,"enemies":"Gremlin Nob","floor":11,"turns":4},{"damage":8,"enemies":"Gremlin Gang","floor":14,"turns":4},{"damage":17,"enemies":"The Guardian","floor":16,"turns":9},{"damage":15,"enemies":"3 Byrds","floor":18,"turns":3},{"damage":2,"enemies":"Chosen","floor":20,"turns":3},{"damage":0,"enemies":"Centurion and Healer","floor":21,"turns":6},{"damage":4,"enemies":"Snecko","floor":22,"turns":4}],"seed_played":"2752102195248064396","potions_obtained":[{"floor":1,"key":"Energy Potion"},{"floor":8,"key":"Fire Potion"},{"floor":18,"key":"DuplicationPotion"}],"is_trial":false,"path_per_floor":["M","$","?","?","M","E","R","M","T","?","E","$","R","M","R","B",null,"M","?","M","M","M"],"character_chosen":"THE_SILENT","items_purchased":["Bouncing Flask","Membership Card","Terror+1"],"campfire_rested":1,"item_purchase_floors":[2,12,12],"current_hp_per_floor":[70,70,53,53,53,53,53,53,53,46,39,39,60,52,52,35,70,55,55,53,53,49,49],"gold":263,"neow_bonus":"THREE_ENEMY_KILL","is_daily":false,"chose_seed":false,"campfire_upgraded":2,"win_rate":0.0,"timestamp":1611407012,"path_taken":["M","$","?","?","M","E","R","?","T","?","E","$","R","?","R","BOSS","M","?","?","M","M"],"items_purchased_type":["Card","Relic","Card"],"build_version":"2020-12-22","purchased_purges":0,"victory":false,"max_hp_per_floor":[70,70,70,70,70,70,70,70,70,70,70,70,70,70,70,70,70,70,70,70,70,70,70],"card_choices":[{"not_picked":["Deflect","Well Laid Plans"],"picked":"Escape Plan","floor":1},{"not_picked":["Slice","Prepared","Flechettes"],"picked":"SKIP","floor":5},{"not_picked":["Deflect+1","Sucker Punch"],"picked":"Blade Dance+1","floor":6},{"not_picked":["Backflip+1","Acrobatics+1"],"picked":"Leg Sweep+1","floor":8},{"not_picked":["Doppelganger+1","Well Laid Plans"],"picked":"Corpse Explosion+1","floor":11},{"not_picked":["Concentrate+1","Finisher","Outmaneuver+1"],"picked":"SKIP","floor":14},{"not_picked":["Choke+1","Accuracy"],"picked":"Blur+1","floor":18},{"not_picked":["Choke+1","Prepared+1"],"picked":"Flying Knee+1","floor":20},{"not_picked":["Dagger Spray","Flying Knee"],"picked":"Infinite Blades","floor":21}],"player_experience":218213,"relics_obtained":[{"floor":6,"key":"Toxic Egg 2"},{"floor":11,"key":"Akabeko"}],"event_choices":[{"damage_healed":0,"gold_gain":0,"player_choice":"Take Damage","damage_taken":17,"relics_obtained":["Golden Idol"],"max_hp_gain":0,"max_hp_loss":0,"event_name":"Golden Idol","floor":3,"gold_loss":0},{"damage_healed":0,"gold_gain":100,"player_choice":"Pray","damage_taken":0,"max_hp_gain":0,"max_hp_loss":0,"event_name":"Golden Shrine","floor":4,"gold_loss":0},{"damage_healed":0,"gold_gain":0,"player_choice":"Damaged","damage_taken":7,"max_hp_gain":0,"max_hp_loss":0,"event_name":"Wheel of Change","floor":10,"gold_loss":0},{"damage_healed":0,"gold_gain":0,"player_choice":"Cursed","damage_taken":0,"max_hp_gain":0,"max_hp_loss":0,"event_name":"Wheel of Change","floor":19,"gold_loss":0,"cards_obtained":["Decay"]}],"is_beta":false,"boss_relics":[{"not_picked":["Cursed Key","Pandora\u0027s Box"],"picked":"HoveringKite"}],"items_purged_floors":[],"is_endless":false,"potions_floor_spawned":[1,8,18],"killed_by":"Snecko","ascension_level":1}}