{"host":"3njd8cwh9oidqdzn","time":1611392767,"event":{"mods":["AchievementEnabler","Act Like it!","Arknights The Spire","BaseMod","Downfall","Gensokyo","KinomotoSakuraMod(Ä¾Ö®±¾Ó£)","Minty Spire (QoL Compilation)","Quick Restart","Rare Cards Sparkle","Robot Space Explorer","StSLib"],"gold_per_floor":[116,36,36,36,36,36,46,22,22,22,22,22,22],"floor_reached":16,"language":"ZHS","playtime":822,"items_purged":[],"score":84,"play_id":"3d93af47-0bd2-4db1-94ec-3028f1b8e116","local_time":"20210123170607","is_ascension_mode":false,"campfire_choices":[{"data":"RobotSpaceExplorer:Probe","floor":15,"key":"SMITH"}],"circlet_count":0,"master_deck":["RobotSpaceExplorer:Strike","RobotSpaceExplorer:Strike","RobotSpaceExplorer:Strike","RobotSpaceExplorer:Strike","RobotSpaceExplorer:Defend","RobotSpaceExplorer:Defend","RobotSpaceExplorer:Defend","RobotSpaceExplorer:Defend","RobotSpaceExplorer:Scan","RobotSpaceExplorer:MiniLasers","RobotSpaceExplorer:Probe+1","Gensokyo:RPG","Gensokyo:Shovel","RobotSpaceExplorer:PlasmaMissile+1","RobotSpaceExplorer:MetalStrike"],"relics":["RobotSpaceExplorer:RoboCore","Gensokyo:PortableGap","RobotSpaceExplorer:BottledGravity","Gensokyo:CelestialsFlawlessClothing","HornCleat"],"acts_visited":["Gensokyo:Gensokyo"],"potions_floor_usage":[],"damage_taken":[{"damage":0,"enemies":"Gensokyo:3_Fairies","floor":1,"turns":4},{"damage":0,"enemies":"Gensokyo:Python","floor":11,"turns":2},{"damage":152,"enemies":"Gensokyo:Reimu","floor":16,"turns":16}],"seed_played":"-573210340749041845","potions_obtained":[],"is_trial":false,"path_per_floor":["M","COS","?","T","?","T","M","$","?","$","R","B"],"character_chosen":"RobotSpaceExplorer","items_purchased":["RobotSpaceExplorer:MetalStrike"],"campfire_rested":0,"item_purchase_floors":[12],"current_hp_per_floor":[82,82,71,68,51,51,51,51,51,51,51,0,0],"gold":22,"neow_bonus":"TEN_PERCENT_HP_BONUS","is_daily":false,"chose_seed":false,"campfire_upgraded":1,"win_rate":0.0,"timestamp":1611392767,"path_taken":["M","COS","?","?","?","T","?","?","?","?","R","BOSS"],"items_purchased_type":["Card"],"build_version":"2020-12-22","purchased_purges":0,"victory":false,"max_hp_per_floor":[82,82,71,68,65,62,62,59,59,59,59,59,59],"card_choices":[{"not_picked":["RobotSpaceExplorer:Counterblock","RobotSpaceExplorer:SelfCleaning"],"picked":"RobotSpaceExplorer:Probe","floor":1},{"not_picked":["RobotSpaceExplorer:MetalStrike","RobotSpaceExplorer:SurgingShield"],"picked":"RobotSpaceExplorer:PlasmaMissile","floor":11}],"player_experience":981,"relics_obtained":[{"floor":5,"key":"RobotSpaceExplorer:BottledGravity"},{"floor":9,"key":"HornCleat"}],"event_choices":[],"is_beta":false,"boss_relics":[],"items_purged_floors":[],"is_endless":false,"potions_floor_spawned":[],"killed_by":"Gensokyo:Reimu","ascension_level":0}}