{"host":"phniwng9zo19jwdb","time":1611427739,"event":{"mods":["AchievementEnabler","BaseMod","Colored Powertips","Dark Map","Faster Ascension Climbing","GifTheSpireLib","Minty Spire (QoL Compilation)","Permanent Neow","Rare Cards Sparkle","StSLib"],"gold_per_floor":[17,28,28,41,52,52,52],"floor_reached":6,"language":"ENG","playtime":272,"items_purged":[],"score":72,"play_id":"5fcc7b19-afaa-4ea9-b047-d21d95db9199","local_time":"20210123194859","is_ascension_mode":true,"campfire_choices":[],"circlet_count":0,"master_deck":["AscendersBane","Strike_G","Strike_G","Strike_G","Strike_G","Defend_G","Defend_G","Defend_G","Defend_G","Defend_G","Survivor","Neutralize","Adrenaline","Poisoned Stab","Dagger Spray","Bouncing Flask","Calculated Gamble"],"relics":["Ring of the Snake"],"acts_visited":["Exordium"],"potions_floor_usage":[5,6],"damage_taken":[{"damage":1.0,"enemies":"Cultist","floor":1.0,"turns":4.0},{"damage":0.0,"enemies":"Small Slimes","floor":2.0,"turns":4.0},{"damage":1.0,"enemies":"2 Louse","floor":4.0,"turns":3.0},{"damage":21,"enemies":"Large Slime","floor":5,"turns":8},{"damage":17,"enemies":"Lagavulin","floor":6,"turns":4}],"seed_played":"-8745178387862225464","potions_obtained":[{"floor":4.0,"key":"LiquidMemories"},{"floor":5,"key":"Regen Potion"}],"is_trial":false,"path_per_floor":["M","M","?","M","M","E"],"character_chosen":"THE_SILENT","items_purchased":[],"campfire_rested":0,"item_purchase_floors":[],"current_hp_per_floor":[58,58,58,57,36,31,31],"gold":52,"neow_bonus":"THREE_RARE_CARDS","is_daily":false,"chose_seed":false,"campfire_upgraded":0,"win_rate":0.0,"timestamp":1611427739,"path_taken":["M","M","?","M","M","E"],"items_purchased_type":[],"build_version":"2020-12-22","purchased_purges":0,"victory":false,"max_hp_per_floor":[66,66,66,66,66,66,66],"card_choices":[{"not_picked":["Malaise","Tools of the Trade"],"picked":"Adrenaline","floor":0.0},{"not_picked":["Flying Knee","Dagger Spray"],"picked":"Poisoned Stab","floor":1.0},{"not_picked":["Outmaneuver","Acrobatics"],"picked":"Dagger Spray","floor":2.0},{"not_picked":["Eviscerate","Deadly Poison"],"picked":"Calculated Gamble","floor":4.0},{"not_picked":["Flechettes","Finisher","Slice"],"picked":"SKIP","floor":5}],"player_experience":62785,"relics_obtained":[],"event_choices":[{"damage_healed":0.0,"max_hp_gain":0.0,"max_hp_loss":0.0,"gold_gain":0.0,"cards_transformed":["Strike_G"],"event_name":"Living Wall","player_choice":"Change","floor":3.0,"gold_loss":0.0,"damage_taken":0.0,"cards_obtained":["Bouncing Flask"]}],"is_beta":false,"boss_relics":[],"items_purged_floors":[],"is_endless":false,"potions_floor_spawned":[4,5],"killed_by":"Lagavulin","ascension_level":18}}