{"host":"g1nobhbyuiiqkluq","time":1611394660,"event":{"mods":["Act Like it!","Aspiration","BaseMod","Better Match","Better Skull","Block Reminder","Conspire","Halation","Hubris","Minty Spire (QoL Compilation)","Quick Restart","Relic Stats","Replay The Spire","Spicy Shops","Spikes Relics","StSLib","SuperFastMode"],"gold_per_floor":[115,135,148,148,46,46,77,77,77,77,77,89,109,143,143,222,222,235,235,235],"floor_reached":19,"language":"ENG","playtime":651,"items_purged":[],"score":554,"play_id":"d81ac670-aa19-4ea4-ba49-92da3be5ea20","local_time":"20210123013740","daily_mods":["SealedDeck","Binary","Terminal","Uncertain Future"],"is_ascension_mode":true,"campfire_choices":[{"data":"conspire:Banana","floor":6.0,"key":"SMITH"},{"data":"Coolheaded","floor":8.0,"key":"SMITH"},{"data":"Coolheaded","floor":15.0,"key":"SMITH"}],"circlet_count":0,"master_deck":["AscendersBane","Turbo","Go for the Eyes","Self Repair","Gash","Gash","Gash","Coolheaded","Coolheaded+1","Coolheaded+1","conspire:Banana+1","ReplayTheSpireMod:Fabricate Wheel"],"relics":["Cracked Core","Art of War","hubris:OldNail","The Courier","Painkiller Herb"],"acts_visited":["Exordium","TheCity"],"potions_floor_usage":[],"damage_taken":[{"damage":0.0,"enemies":"2 Louse","floor":1.0,"turns":2.0},{"damage":0.0,"enemies":"Small Slimes","floor":2.0,"turns":2.0},{"damage":1.0,"enemies":"Jaw Worm","floor":3.0,"turns":3.0},{"damage":0.0,"enemies":"Replay:BlueRogue","floor":7.0,"turns":5.0},{"damage":6.0,"enemies":"Large Slime","floor":12.0,"turns":4.0},{"damage":0.0,"enemies":"2 Fungi Beasts","floor":13.0,"turns":3.0},{"damage":0.0,"enemies":"Lagavulin","floor":14.0,"turns":4.0},{"damage":0.0,"enemies":"Fading Forest","floor":16.0,"turns":10.0},{"damage":8.0,"enemies":"2 Thieves","floor":18.0,"turns":4.0}],"seed_played":"-1062555437239868374","potions_obtained":[{"floor":2.0,"key":"Fruit Juice"},{"floor":7.0,"key":"Fire Potion"},{"floor":13.0,"key":"Elixir"},{"floor":14.0,"key":"PotionOfCapacity"},{"floor":16.0,"key":"Fruit Juice"}],"is_trial":true,"path_per_floor":["M","M","M","?","$","R","E","R","T","?","$","M","M","E","R","B",null,"?","T"],"character_chosen":"DEFECT","items_purchased":["conspire:Banana"],"campfire_rested":0,"item_purchase_floors":[5],"current_hp_per_floor":[69,73,72,65,65,65,70,69,68,57,57,60,68,69,68,74,73,74,74,74],"gold":235,"neow_bonus":"","is_daily":false,"chose_seed":false,"campfire_upgraded":3,"win_rate":0.0,"timestamp":1611394660,"path_taken":["M","M","M","?","$","R","E","R","T","?","?","M","M","E","R","BOSS","?","T"],"items_purchased_type":["Card"],"build_version":"2020-12-22","purchased_purges":0,"victory":false,"max_hp_per_floor":[69,73,72,71,70,69,70,69,68,67,66,67,68,69,68,74,73,74,74,74],"relic_stats":{"counters":[9,37],"Art of War":[0],"obtain_stats":[{"Painkiller Herb":17,"The Courier":14,"Art of War":7,"Cracked Core":0,"hubris:OldNail":10},{"Painkiller Herb":8,"The Courier":7,"Art of War":4,"Cracked Core":0,"hubris:OldNail":4},{"Painkiller Herb":33,"The Courier":23,"Art of War":12,"Cracked Core":0,"hubris:OldNail":12}]},"card_choices":[{"not_picked":["Panic Button","Sweeping Beam"],"picked":"SKIP","floor":1.0},{"not_picked":["Compile Driver","Steam"],"picked":"SKIP","floor":2.0},{"not_picked":["Hologram","Reinforced Body"],"picked":"SKIP","floor":3.0},{"not_picked":["Steam","Compile Driver"],"picked":"SKIP","floor":7.0},{"not_picked":["Sweeping Beam","Lockon"],"picked":"SKIP","floor":12.0},{"not_picked":["Conserve Battery","Streamline"],"picked":"SKIP","floor":13.0},{"not_picked":["Rainbow","Sweeping Beam"],"picked":"SKIP","floor":14.0},{"not_picked":["Meteor Strike"],"picked":"ReplayTheSpireMod:Fabricate Wheel","floor":16.0},{"not_picked":["Compile Driver","conspire:SharedLibrary"],"picked":"SKIP","floor":18.0}],"player_experience":3035822,"relics_obtained":[{"floor":7.0,"key":"Art of War"},{"floor":14.0,"key":"The Courier"}],"event_choices":[{"cards_removed":["Sweeping Beam"],"damage_healed":0.0,"max_hp_gain":0.0,"max_hp_loss":0.0,"gold_gain":0.0,"event_name":"Golden Wing","player_choice":"Card Removal","floor":4.0,"gold_loss":0.0,"damage_taken":7.0},{"damage_healed":0.0,"max_hp_gain":0.0,"max_hp_loss":0.0,"gold_gain":0.0,"event_name":"Scrap Ooze","player_choice":"Success","floor":10.0,"gold_loss":0.0,"damage_taken":11.0,"relics_obtained":["hubris:OldNail"]}],"is_beta":false,"boss_relics":[{"not_picked":["Fusion Hammer","hubris:Backtick"],"picked":"Painkiller Herb"}],"items_purged_floors":[],"is_endless":false,"potions_floor_spawned":[2,7,13,14,16],"ascension_level":20}}