{"host":"3nces2ajq3sg92g2","time":1611417677,"event":{"mods":["ATMod(阿瑾Mod)","Alarm Clock","Arknights The Spire","BaseMod","Colored Map","Conspire","Dota2Spire","Downfall","Minty Spire (QoL Compilation)","MostiFishMod","Quick Restart","Shop Mod","StSLib","TestMod","WarShipGirlsR/战舰少女R mod","vexMod","【功能Mod】聪明的最终Boss","【遗物卡牌】REMEMod"],"gold_per_floor":[113,123,735,810,836,870,896,924,972,1007,1068,1101,107,171,171,249,249,261,301,315,10,10,69,102,167,194,214,264,283,298,348,348,456,456,467,467,477,477,527,556,23,86,137,197,197,279,32,60,60,432,624],"floor_reached":52,"language":"ZHS","playtime":10174,"items_purged":[],"score":3465,"play_id":"30d3c438-0303-426d-b4f7-0a72939352b0","local_time":"20210124000117","daily_mods":["Heirloom","Time Dilation","Flight","downfall:Lament","DeadlyEvents","Elite Swarm","downfall:Enraging"],"is_ascension_mode":true,"campfire_choices":[{"data":"rmod:seals","floor":15.0,"key":"SMITH"},{"data":"rmod:expedition","floor":32,"key":"SMITH"},{"data":"AT_FamilyPortrait","floor":45,"key":"SMITH"},{"data":"rmod:expedition","floor":49,"key":"SMITH"}],"circlet_count":0,"master_deck":["AscendersBane","rmod:strick","rmod:strick","rmod:strick","rmod:strick","rmod:defend","rmod:defend","rmod:defend","rmod:defend","rmod:basicallowance","rmod:maingunfire","AT_FocusSwordFire","AT_FamilyPortrait+1","rmod:victimresponsibility","rmod:expedition+1","rmod:diaomin","rmod:steelsupply","rmod:acesubmarine","rmod:seals+1","rmod:seals","rmod:ridicule","rmod:lastglory","rmod:acesubmarine","rmod:selfconfidence+1","rmod:launchingtorpedo","rmod:gendarmerie","rmod:ridicule","rmod:abidefaith","rmod:wife","rmod:aluminumsupply","rmod:aviationdawn+1","rmod:tearstotiara","Writhe","rmod:highspeedmaneuver","rmod:desperatesituation","rmod:abidefaith","rmod:steelsupply","rmod:openingtorpedo","rmod:robin","rmod:selfconfidence+1","rmod:unsinkable","rmod:supriseattacks","rmod:supportaircraftcarrier","rmod:ridicule","rmod:expedition+1","rmod:diamondstrike+1","rmod:abidefaith","MostiFishMod:PerfectForm","rmod:chargemoney","rmod:aviationdawn","rmod:chargemoney","rmod:supportescort","Panacea","rmod:abidefaith","rmod:seals","rmod:supriseattacks","rmod:mineteam","rmod:stealaluminum"],"relics":["rmod:firstchargereward","AT_ATBox","NeowsBlessing","DaveBox","testmod-TestBox","REME_ComplimentaryCards","Pocketwatch","testmod-ThousandKnives","BionicSphere","SynthV:TestCard","conspire:GlowingRock","Mummified Hand","Mercury Hourglass","AT_EbonyIvory","Dota2Spire:HandOfMidas","Toy Ornithopter","DianDianMeat","Sling","testmod-HeartOfStrike","Dota2Spire:MaskOfMadness","Turnip","Black Star","Eternal Feather","Dead Branch","Akabeko","The Courier","testmod-CrystalShield","rmod:equipmentrecovery","AT_ArcaneBoots","TungstenRod","Potion Belt","conspire:SeveredTorchhead","Blood Vial","Smiling Mask","Lee\u0027s Waffle","Whetstone","conspire:InfiniteJournal","vexMod:FocusSash","Dota2Spire:EyeOfSkadi","testmod-OneHitWonder","testmod-FatalChain","HornCleat","Nunchaku","Darkstone Periapt","REME_ArchaeologicalTools"],"acts_visited":["Exordium","TheCity","TheBeyond"],"potions_floor_usage":[19,25,33,33,33,33,46,50,50],"damage_taken":[{"damage":0.0,"enemies":"conspire:RoseBush","floor":1.0,"turns":1.0},{"damage":0.0,"enemies":"Small Slimes","floor":2.0,"turns":1.0},{"damage":0.0,"enemies":"2 Louse","floor":3.0,"turns":1.0},{"damage":6.0,"enemies":"Exordium Wildlife","floor":5.0,"turns":6.0},{"damage":0.0,"enemies":"Lagavulin","floor":6.0,"turns":4.0},{"damage":0.0,"enemies":"3 Sentries","floor":7.0,"turns":4.0},{"damage":0.0,"enemies":"Lagavulin","floor":8.0,"turns":5.0},{"damage":10.0,"enemies":"3 Sentries","floor":10.0,"turns":5.0},{"damage":0.0,"enemies":"Lagavulin","floor":11.0,"turns":5.0},{"damage":0.0,"enemies":"3 Sentries","floor":12.0,"turns":4.0},{"damage":0.0,"enemies":"Gremlin Nob","floor":14.0,"turns":1.0},{"damage":0.0,"enemies":"Hexaghost","floor":16.0,"turns":3.0},{"damage":0.0,"enemies":"Spheric Guardian","floor":18.0,"turns":1.0},{"damage":60,"enemies":"3 Byrds","floor":19,"turns":2},{"damage":0,"enemies":"Snecko","floor":20,"turns":2},{"damage":0,"enemies":"REME_1_Revenger","floor":23,"turns":2},{"damage":0,"enemies":"Gremlin Leader","floor":24,"turns":2},{"damage":18,"enemies":"REME_1_Revenger","floor":25,"turns":4},{"damage":0,"enemies":"Centurion and Healer","floor":27,"turns":2},{"damage":0,"enemies":"Chosen and Byrds","floor":28,"turns":3},{"damage":0,"enemies":"Snecko","floor":29,"turns":1},{"damage":10,"enemies":"Snake Plant","floor":30,"turns":2},{"damage":0,"enemies":"Sentry and Sphere","floor":31,"turns":2},{"damage":0,"enemies":"Automaton","floor":33,"turns":8},{"damage":0,"enemies":"3 Darklings","floor":35,"turns":1},{"damage":0,"enemies":"3 Shapes","floor":37,"turns":1},{"damage":0,"enemies":"Maw","floor":39,"turns":5},{"damage":0,"enemies":"Reptomancer","floor":40,"turns":2},{"damage":0,"enemies":"Giant Head","floor":42,"turns":3},{"damage":0,"enemies":"Reptomancer","floor":44,"turns":3},{"damage":10,"enemies":"Nemesis","floor":46,"turns":3},{"damage":0,"enemies":"Giant Head","floor":48,"turns":4},{"damage":0,"enemies":"Donu and Deca","floor":50,"turns":11},{"damage":61,"enemies":"Time Eater","floor":51,"turns":25}],"seed_played":"-777294446774564139","potions_obtained":[{"floor":1.0,"key":"REME_GoldPotion"},{"floor":3.0,"key":"SkillPotion"},{"floor":7.0,"key":"Dota2Spire:Clarity"},{"floor":10.0,"key":"Guardian:BlockOnCardUsePotion"},{"floor":11.0,"key":"DuplicationPotion"},{"floor":12.0,"key":"conspire:TimeTravelPotion"},{"floor":23,"key":"Explosive Potion"},{"floor":27,"key":"champ:CounterPotion"},{"floor":28,"key":"PowerPotion"},{"floor":30,"key":"Fire Potion"},{"floor":31,"key":"Dota2Spire:HealingSalve"},{"floor":33,"key":"SmokeBomb"},{"floor":37,"key":"BlessingOfTheForge"},{"floor":38,"key":"Weak Potion"},{"floor":42,"key":"GamblersBrew"},{"floor":44,"key":"Dexterity Potion"}],"is_trial":true,"path_per_floor":["M","M","M","?","M","E","E","E","T","E","E","E","$","E","R","B",null,"M","M","M","$","?","E","E","E","T","M","M","M","M","M","R","B",null,"M","?","M","?","M","E","$","E","T","E","R","E","$","E","R","B","B",null],"character_chosen":"PRAEFECT","items_purchased":["testmod-SpacePotion","PowerPotion","Sling","testmod-HeartOfStrike","Dota2Spire:MaskOfMadness","rmod:selfconfidence","rmod:launchingtorpedo","rmod:gendarmerie","rmod:tearstotiara","Eternal Feather","MostiFishMod:PerfectForm","Lee\u0027s Waffle","rmod:chargemoney","rmod:aviationdawn","rmod:chargemoney","rmod:supportescort","Panacea","FairyPotion","rmod:mineteam","Nunchaku"],"campfire_rested":0,"item_purchase_floors":[13,13,13,13,13,13,13,13,21,21,41,41,41,41,41,41,41,47,47,47],"current_hp_per_floor":[63,63,63,52,46,47,47,47,47,37,43,44,58,63,63,74,88,95,54,63,73,84,98,111,112,112,127,143,160,168,187,211,281,281,302,324,347,347,371,396,574,606,606,644,644,673,708,746,749,749,747],"gold":624,"neow_bonus":"","is_daily":false,"chose_seed":false,"campfire_upgraded":4,"win_rate":0.0,"timestamp":1611417677,"path_taken":["M","M","M","?","M","E","E","E","T","E","E","E","$","E","R","BOSS","M","M","M","$","?","E","E","E","T","M","M","M","M","M","R","BOSS","M","?","M","?","M","E","$","E","T","E","R","E","$","E","R","BOSS","BOSS"],"items_purchased_type":["Potion","Potion","Relic","Relic","Relic","Card","Card","Card","Card","Relic","Card","Relic","Card","Card","Card","Card","Card","Potion","Card","Relic"],"build_version":"2020-12-22","purchased_purges":0,"victory":true,"max_hp_per_floor":[70,70,70,70,70,71,71,71,71,71,71,72,81,86,86,92,92,99,107,116,126,137,149,162,176,176,191,207,224,242,261,261,281,281,302,324,347,347,371,396,574,606,606,644,644,678,713,749,749,749,747],"card_choices":[{"not_picked":["rmod:intelligenceanalysis","rmod:tearstotiara"],"picked":"rmod:victimresponsibility","floor":1.0},{"not_picked":["rmod:capitalist","rmod:luckystar","rmod:intelligenceanalysis","rmod:aluminumsupply"],"picked":"rmod:expedition","floor":2.0},{"not_picked":["rmod:tearstotiara","rmod:mineteam","rmod:aviationdawn","rmod:wolves"],"picked":"rmod:diaomin","floor":3.0},{"not_picked":["rmod:unsinkable","rmod:diaomin","rmod:firesupport","rmod:circuitoustactics"],"picked":"rmod:steelsupply","floor":5.0},{"not_picked":["rmod:saltedfish","rmod:supriseattacks","rmod:fletcher","rmod:windflower"],"picked":"rmod:acesubmarine","floor":6.0},{"not_picked":["rmod:secretscript","rmod:u235","rmod:timeschanged","rmod:stealaluminum"],"picked":"rmod:seals","floor":7.0},{"not_picked":["rmod:acesubmarine","rmod:lastglory","rmod:supriseattacks","rmod:expeditionaryescort"],"picked":"rmod:seals","floor":8.0},{"not_picked":["rmod:secretscript","rmod:acesubmarine","rmod:saltedfish","rmod:lastglory","rmod:desperatesituation"],"picked":"rmod:ridicule","floor":10.0},{"not_picked":["rmod:timeschanged","rmod:seals","rmod:fletcher","rmod:stealaluminum"],"picked":"rmod:lastglory","floor":11.0},{"not_picked":["rmod:seals","rmod:timeschanged","rmod:expeditionaryescort","rmod:supriseattacks"],"picked":"rmod:acesubmarine","floor":12.0},{"not_picked":["rmod:stealaluminum","rmod:secretscript","rmod:windflower","rmod:saltedfish"],"picked":"rmod:ridicule","floor":14.0},{"not_picked":["rmod:seals","rmod:windflower","rmod:stealaluminum","rmod:fletcher"],"picked":"rmod:abidefaith","floor":16.0},{"not_picked":["rmod:intelligenceanalysis","rmod:overbreakdown","rmod:circuitoustactics","rmod:tearstotiara"],"picked":"rmod:wife","floor":18.0},{"not_picked":["rmod:slowdown","rmod:lastglory","rmod:capitalist","rmod:diamondstrike"],"picked":"rmod:aluminumsupply","floor":19},{"not_picked":["rmod:firesupport","rmod:overbreakdown","rmod:aluminumsupply","rmod:heivgo"],"picked":"rmod:aviationdawn+1","floor":20},{"not_picked":["rmod:seals","rmod:saltedfish","rmod:stealaluminum","rmod:expeditionaryescort"],"picked":"rmod:highspeedmaneuver","floor":23},{"not_picked":["rmod:acesubmarine","rmod:stealaluminum","rmod:lastglory","rmod:seals"],"picked":"rmod:desperatesituation","floor":24},{"not_picked":["rmod:auspiciousomen","rmod:highspeedmaneuver","rmod:secretscript","rmod:expeditionaryescort"],"picked":"rmod:abidefaith","floor":25},{"not_picked":["rmod:intelligenceanalysis","rmod:diaomin","rmod:victimresponsibility","rmod:heivgo"],"picked":"rmod:steelsupply","floor":27},{"not_picked":["rmod:unsinkable","rmod:overbreakdown","rmod:supportescort+1","rmod:tearstotiara"],"picked":"rmod:openingtorpedo","floor":28},{"not_picked":["rmod:aluminumsupply","rmod:wife","rmod:auspiciousomen","rmod:diamondstrike"],"picked":"rmod:robin","floor":29},{"not_picked":["rmod:aluminumsupply","rmod:smokecover","rmod:wife","rmod:circuitoustactics"],"picked":"rmod:selfconfidence","floor":30},{"not_picked":["rmod:goodfighter","rmod:rockthrower+1","rmod:selfconfidence","rmod:salvage"],"picked":"rmod:unsinkable","floor":31},{"not_picked":["rmod:stealaluminum","rmod:highspeedmaneuver","rmod:abidefaith","rmod:seals"],"picked":"rmod:supriseattacks","floor":33},{"not_picked":["rmod:capitalist","rmod:combined+1","rmod:steelsupply","rmod:intelligenceanalysis"],"picked":"rmod:supportaircraftcarrier","floor":35},{"not_picked":[],"picked":"rmod:ridicule","floor":36},{"not_picked":["rmod:fletcherpendant","rmod:luckystar","rmod:mineteam","rmod:overbreakdown"],"picked":"rmod:expedition","floor":37},{"not_picked":["rmod:firesupport","rmod:fletcherpendant","rmod:wife+1","rmod:victimresponsibility"],"picked":"rmod:diamondstrike+1","floor":39},{"not_picked":["rmod:supriseattacks","rmod:expeditionaryescort","rmod:u235","rmod:windflower"],"picked":"rmod:abidefaith","floor":40},{"not_picked":["rmod:acesubmarine","rmod:lastglory","rmod:windflower","rmod:seals"],"picked":"rmod:abidefaith","floor":42},{"not_picked":["rmod:desperatesituation","rmod:secretscript","rmod:timeschanged","rmod:windflower"],"picked":"rmod:seals","floor":44},{"not_picked":["rmod:saltedfish","rmod:acesubmarine","rmod:windflower","rmod:fletcher"],"picked":"rmod:supriseattacks","floor":46},{"not_picked":["rmod:expeditionaryescort","rmod:saltedfish","rmod:ridicule","rmod:supriseattacks"],"picked":"rmod:stealaluminum","floor":48}],"player_experience":63136,"relics_obtained":[{"floor":1.0,"key":"SynthV:TestCard"},{"floor":6.0,"key":"conspire:GlowingRock"},{"floor":7.0,"key":"Mummified Hand"},{"floor":8.0,"key":"Mercury Hourglass"},{"floor":9.0,"key":"AT_EbonyIvory"},{"floor":10.0,"key":"Dota2Spire:HandOfMidas"},{"floor":11.0,"key":"Toy Ornithopter"},{"floor":12.0,"key":"DianDianMeat"},{"floor":14.0,"key":"Turnip"},{"floor":23,"key":"Akabeko"},{"floor":23,"key":"The Courier"},{"floor":24,"key":"testmod-CrystalShield"},{"floor":24,"key":"rmod:equipmentrecovery"},{"floor":25,"key":"AT_SpeedBoots"},{"floor":25,"key":"TungstenRod"},{"floor":26,"key":"Potion Belt"},{"floor":40,"key":"Blood Vial"},{"floor":40,"key":"Smiling Mask"},{"floor":42,"key":"Whetstone"},{"floor":42,"key":"conspire:InfiniteJournal"},{"floor":43,"key":"vexMod:FocusSash"},{"floor":44,"key":"Dota2Spire:EyeOfSkadi"},{"floor":44,"key":"testmod-OneHitWonder"},{"floor":46,"key":"testmod-FatalChain"},{"floor":46,"key":"HornCleat"},{"floor":48,"key":"Darkstone Periapt"},{"floor":48,"key":"REME_ArchaeologicalTools"}],"event_choices":[{"damage_healed":0.0,"max_hp_gain":0.0,"max_hp_loss":0.0,"gold_gain":75.0,"event_name":"World of Goop","player_choice":"Gather Gold","floor":4.0,"gold_loss":0.0,"damage_taken":11.0},{"damage_healed":0,"gold_gain":0,"player_choice":"Opened","damage_taken":0,"relics_obtained":["Dead Branch"],"max_hp_gain":0,"max_hp_loss":0,"event_name":"The Mausoleum","floor":22,"gold_loss":0,"cards_obtained":["Writhe"]}],"is_beta":false,"boss_relics":[{"not_picked":["testmod-EnergyCheck","testmod-Temperance"],"picked":"Black Star"},{"not_picked":["testmod-StringDisintegrator","TakeMeEscape"],"picked":"conspire:SeveredTorchhead"}],"items_purged_floors":[],"is_endless":false,"potions_floor_spawned":[1,3,7,10,11,12,23,27,28,30,31,33,37,42,44],"ascension_level":20}}