{"host":"hszimsrtxxc2k25w","time":1611442550,"event":{"mods":["AchievementEnabler","BaseMod","Colored Map","DeckTracker","Minty Spire (QoL Compilation)","Rare Cards Sparkle","SuperFastMode"],"gold_per_floor":[116,135,135,135,17,17,36,36,59,87,134,134,134,164,164,164,164],"floor_reached":16,"language":"KOR","playtime":285,"items_purged":["Strike_R"],"score":200,"play_id":"7dc38bfb-a5bc-4b56-a394-ba41b3919073","local_time":"20210124075550","is_ascension_mode":true,"campfire_choices":[{"data":"Blood for Blood","floor":6.0,"key":"SMITH"},{"data":"Pommel Strike","floor":8.0,"key":"SMITH"},{"data":"Bludgeon","floor":12.0,"key":"SMITH"},{"data":"Dark Embrace","floor":15.0,"key":"SMITH"}],"circlet_count":0,"master_deck":["AscendersBane","Strike_R+1","Strike_R","Strike_R","Strike_R","Defend_R","Defend_R","Defend_R+1","Defend_R","Bash","Pommel Strike+1","Blood for Blood+1","Burning Pact","Second Wind","Bludgeon+1","Dark Embrace+1"],"relics":["Burning Blood","NeowsBlessing","Golden Idol","CeramicFish","Strawberry"],"acts_visited":["Exordium"],"potions_floor_usage":[16],"damage_taken":[{"damage":0.0,"enemies":"Cultist","floor":1.0,"turns":1.0},{"damage":0.0,"enemies":"Small Slimes","floor":2.0,"turns":1.0},{"damage":0.0,"enemies":"Jaw Worm","floor":7.0,"turns":1.0},{"damage":17.0,"enemies":"3 Louse","floor":10.0,"turns":3.0},{"damage":34.0,"enemies":"3 Sentries","floor":11.0,"turns":9.0},{"damage":6.0,"enemies":"2 Fungi Beasts","floor":14.0,"turns":3.0},{"damage":45,"enemies":"Hexaghost","floor":16,"turns":8}],"seed_played":"-8812091755713149521","potions_obtained":[{"floor":2.0,"key":"DistilledChaos"}],"is_trial":false,"path_per_floor":["M","M","?","?","$","R","M","R","T","M","E","R","?","M","R","B"],"character_chosen":"IRONCLAD","items_purchased":["Blood for Blood"],"campfire_rested":0,"item_purchase_floors":[5],"current_hp_per_floor":[74,75,52,52,52,52,58,58,58,47,26,26,51,51,51,6,6],"gold":164,"neow_bonus":"THREE_ENEMY_KILL","is_daily":false,"chose_seed":false,"campfire_upgraded":4,"win_rate":0.0,"timestamp":1611442550,"path_taken":["M","M","?","?","$","R","M","R","T","?","E","R","?","M","R","BOSS"],"items_purchased_type":["Card"],"build_version":"2020-12-22","purchased_purges":1,"victory":false,"max_hp_per_floor":[75,75,75,68,68,68,68,68,68,68,75,75,75,75,75,75,75],"card_choices":[{"not_picked":["Twin Strike","Armaments"],"picked":"Pommel Strike","floor":1.0},{"not_picked":["Headbutt","Wild Strike","Clash"],"picked":"SKIP","floor":2.0},{"not_picked":["Headbutt","Perfected Strike"],"picked":"Burning Pact","floor":7.0},{"not_picked":["Warcry","Twin Strike"],"picked":"Second Wind","floor":10.0},{"not_picked":["Second Wind","Body Slam"],"picked":"Bludgeon","floor":11.0},{"not_picked":["Rage","Shockwave"],"picked":"Dark Embrace","floor":14.0}],"player_experience":637892,"relics_obtained":[{"floor":9.0,"key":"CeramicFish"},{"floor":11.0,"key":"Strawberry"}],"event_choices":[{"damage_healed":0.0,"max_hp_gain":0.0,"max_hp_loss":0.0,"gold_gain":0.0,"event_name":"Shining Light","player_choice":"Entered Light","floor":3.0,"gold_loss":0.0,"damage_taken":23.0,"cards_upgraded":["Strike_R","Defend_R"]},{"damage_healed":0.0,"max_hp_gain":0.0,"max_hp_loss":7.0,"gold_gain":0.0,"event_name":"Golden Idol","player_choice":"Lose Max HP","floor":4.0,"gold_loss":0.0,"damage_taken":0.0,"relics_obtained":["Golden Idol"]},{"damage_healed":25.0,"max_hp_gain":0.0,"max_hp_loss":0.0,"gold_gain":0.0,"event_name":"Big Fish","player_choice":"Banana","floor":13.0,"gold_loss":0.0,"damage_taken":0.0}],"is_beta":false,"boss_relics":[],"items_purged_floors":[5],"is_endless":false,"potions_floor_spawned":[2],"killed_by":"Hexaghost","ascension_level":20}}