{"host":"kxxtapsg6b05ffj7","time":1611418549,"event":{"mods":["AchievementEnabler","Act Like it!","BaseMod","BetterRewards","Colored Map","Conspire","Downfall","Hubris","Infinite Spire","Minty Spire (QoL Compilation)","Rare Cards Sparkle","Replay The Spire","Shop Mod","StSLib","The Construct"],"gold_per_floor":[113,126,0,14,32,58,76,111,111,130,130,146,174,174,174,272,272,282,282,282,282,23,51,51,78,131,143,143,157,257,282,282,380,380,393,353,62,79,89,114,128,155,155,190,203,203,232,249,249,249],"floor_reached":51,"language":"ZHS","playtime":4623,"items_purged":["Regret"],"score":1068,"play_id":"d964f3c2-c885-4429-9aa8-5ff3f4f05424","local_time":"20210124001549","is_ascension_mode":true,"campfire_choices":[{"data":"Venomology","floor":24,"key":"SMITH"},{"floor":28,"key":"REST"},{"floor":32,"key":"REST"},{"floor":49,"key":"REST"}],"circlet_count":0,"master_deck":["Strike_G","Strike_G","Strike_G","Strike_G+1","Defend_G","Defend_G","Defend_G","Defend_G+1","Survivor+1","Neutralize+1","Dodge and Roll","Flying Knee+1","Noxious Fumes","Noxious Fumes+1","Catalyst","Bane","Well Laid Plans","Catalyst+1","Footwork","Bouncing Flask+1","ReplayTheSpireMod:Shiv Toss+1","Escape Plan+1","Phantasmal Killer+1","hubris:Fate+1","Replay:Bootleg Shield Generator+1","Distraction+1","infinitespire:Neurotoxin+1","Prepared+1","ReplayTheSpireMod:Tripwire+1","ReplayTheSpireMod:Speed Training+1","Replay:Poison Smokescreen+1","Deflect+1","Distraction+1","Burst+1","Acrobatics+1","hubris:DuctTapeCard","Replay:Bootleg Shield Generator+1","hubris:Sniper+1","Fluid Movement+1","Deadly Poison+1","Riddle With Holes+1","A Thousand Cuts","Poisoned Stab+1","Poisoned Stab","Leg Sweep+1","Adrenaline+1","Fluid Movement+1"],"relics":["Ring of the Snake","Replay:Multitool","Shuriken","Toxic Egg 2","Vajra","infinitespire:EmpoweringShard","infinitespire:Joker Card","hubris:TenFootPole","SlaversCollar","MerchantsRug","hubris:EmptyBottle","Dream Catcher","Bronze Scales","Durian","Replay:Ringing Soul","Boot","Honey Jar","hubris:DuctTape","Gambling Chip","infinitespire:FocusingShard","hubris:FunFungus","ReplayFunnel","Golden Egg"],"acts_visited":["Exordium","TheCity","TheBeyond"],"potions_floor_usage":[7,8,8,12,13,16,18,18,25,25,25,25,29,29,30,30,30,30,31,31,33,33,39,39,39,39,40,40,40,40,40,41,41,41,44,44,44,45,47,48,48,50,50],"damage_taken":[{"damage":0.0,"enemies":"Cultist","floor":1.0,"turns":3.0},{"damage":5.0,"enemies":"Jaw Worm","floor":2.0,"turns":4.0},{"damage":0.0,"enemies":"Small Slimes","floor":4.0,"turns":4.0},{"damage":10.0,"enemies":"conspire:2 RoseBushes","floor":5.0,"turns":5.0},{"damage":13,"enemies":"Replay:BlueRogue","floor":6,"turns":7},{"damage":8,"enemies":"Gremlin Gang","floor":7,"turns":4},{"damage":24,"enemies":"Gremlin Nob","floor":8,"turns":5},{"damage":12,"enemies":"Exordium Wildlife","floor":10,"turns":5},{"damage":0,"enemies":"2 Fungi Beasts","floor":12,"turns":4},{"damage":4,"enemies":"Replay:BlueRogue","floor":13,"turns":5},{"damage":19,"enemies":"Fading Forest","floor":16,"turns":11},{"damage":22,"enemies":"conspire:FuzzyDice","floor":18,"turns":4},{"damage":17,"enemies":"conspire:SneckoGhost","floor":23,"turns":5},{"damage":12,"enemies":"Slavers","floor":25,"turns":5},{"damage":5,"enemies":"2 Thieves","floor":27,"turns":4},{"damage":23,"enemies":"Sentry and Sphere","floor":29,"turns":6},{"damage":14,"enemies":"Colosseum Slavers","floor":30,"turns":3},{"damage":7,"enemies":"Colosseum Nobs","floor":30,"turns":3},{"damage":0,"enemies":"conspire:Head Lice","floor":31,"turns":6},{"damage":54,"enemies":"Automaton","floor":33,"turns":6},{"damage":13,"enemies":"3 Shapes","floor":35,"turns":4},{"damage":7,"enemies":"Orb Walker","floor":38,"turns":2},{"damage":10,"enemies":"3 Darklings","floor":39,"turns":5},{"damage":0,"enemies":"R_Hoarder","floor":40,"turns":4},{"damage":0,"enemies":"Writhing Mass","floor":41,"turns":4},{"damage":5,"enemies":"Nemesis","floor":42,"turns":5},{"damage":0,"enemies":"Reptomancer","floor":44,"turns":3},{"damage":0,"enemies":"Spire Growth","floor":45,"turns":2},{"damage":0,"enemies":"R_Hoarder","floor":47,"turns":4},{"damage":1,"enemies":"4 Shapes","floor":48,"turns":4},{"damage":18,"enemies":"conspire:OrnateMirror","floor":50,"turns":4}],"seed_played":"1234550096462315974","potions_obtained":[{"floor":2.0,"key":"Explosive Potion"},{"floor":5.0,"key":"PowerPotion"},{"floor":7,"key":"Explosive Potion"},{"floor":10,"key":"SpeedPotion"},{"floor":12,"key":"conspire:TimeTravelPotion"},{"floor":13,"key":"SteroidPotion"},{"floor":23,"key":"Strength Potion"},{"floor":27,"key":"Weak Potion"},{"floor":29,"key":"Fire Potion"},{"floor":38,"key":"Weak Potion"},{"floor":40,"key":"EntropicBrew"},{"floor":44,"key":"Poison Potion"},{"floor":47,"key":"Reflective Coating"},{"floor":48,"key":"GhostInAJar"}],"is_trial":false,"path_per_floor":["M","M","$","M","M","E","M","E","T","M","R","M","E","?","R","B",null,"M","?","AVR","?","$","E","R","E","T","M","R","M","?","E","R","B",null,"M","?","$","M","M","E","M","E","T","E","M","?","E","M","R","B",null],"character_chosen":"THE_SILENT","items_purchased":["Noxious Fumes","Catalyst","MerchantsRug","hubris:EmptyBottle","Replay:Bootleg Shield Generator+1","hubris:DuctTape","Replay:Bootleg Shield Generator+1"],"campfire_rested":3,"item_purchase_floors":[3,3,22,22,22,37,37],"current_hp_per_floor":[77,72,72,72,62,49,41,17,17,5,28,28,24,24,24,15,77,55,55,55,55,55,38,38,26,26,21,44,51,38,41,70,19,94,84,84,87,83,76,79,82,80,80,83,101,101,104,106,130,112],"gold":249,"neow_bonus":"TEN_PERCENT_HP_BONUS","is_daily":false,"chose_seed":false,"campfire_upgraded":1,"win_rate":0.0,"timestamp":1611418549,"path_taken":["M","?","$","M","M","E","M","E","T","M","R","M","E","?","R","BOSS","M","?","AVR","?","$","E","R","E","T","M","R","?","?","E","R","BOSS","M","?","$","M","?","E","M","E","T","E","M","?","E","M","R","BOSS"],"items_purchased_type":["Card","Card","Relic","Relic","Card","Relic","Card"],"build_version":"2020-12-22","purchased_purges":1,"victory":true,"max_hp_per_floor":[77,77,77,77,77,77,77,77,77,77,77,77,77,77,77,77,77,77,77,77,77,77,77,77,77,77,77,77,77,85,88,91,94,94,97,97,100,103,106,109,112,115,115,118,121,121,124,127,130,130],"card_choices":[{"not_picked":["ReplayTheSpireMod:Scrap Shanks","Dash"],"picked":"Dodge and Roll","floor":1.0},{"not_picked":["Bane","Hidden Blade"],"picked":"Flying Knee","floor":2.0},{"not_picked":["conspire:DoublingDagger","hubris:TrickCloak","Underhanded Strike"],"picked":"SKIP","floor":4.0},{"not_picked":["Hidden Blade","Draining Mist"],"picked":"Bane","floor":5.0},{"not_picked":["Flying Knee","Reflex"],"picked":"Well Laid Plans","floor":6},{"not_picked":["Backflip","Prepared"],"picked":"Catalyst","floor":7},{"not_picked":["Leg Sweep","Crippling Poison"],"picked":"Venomology","floor":8},{"not_picked":["Heel Hook","Finisher"],"picked":"Footwork","floor":10},{"not_picked":["Dagger Throw","PiercingWail+1"],"picked":"Bouncing Flask+1","floor":12},{"not_picked":["Quick Slash","Acrobatics+1"],"picked":"ReplayTheSpireMod:Shiv Toss+1","floor":13},{"not_picked":["Poison Darts+1","Malaise+1"],"picked":"Phantasmal Killer+1","floor":16},{"not_picked":["hubris:Despair","hubris:Wrath"],"picked":"Regret","floor":17},{"not_picked":["hubris:Envy","hubris:Gluttony"],"picked":"Overencumbered","floor":17},{"not_picked":["Amnesia","Delirium"],"picked":"downfall:Icky","floor":17},{"not_picked":["Expertise+1","Escape Plan+1"],"picked":"Backstab+1","floor":18},{"not_picked":["Acrobatics+1","Eviscerate+1"],"picked":"Distraction+1","floor":23},{"not_picked":["Catalyst+1","Sucker Punch+1"],"picked":"infinitespire:Neurotoxin+1","floor":25},{"not_picked":["PiercingWail+1","Well Laid Plans"],"picked":"Prepared+1","floor":27},{"not_picked":["Dagger Throw+1","Bane"],"picked":"ReplayTheSpireMod:Tripwire+1","floor":28},{"not_picked":["Underhanded Strike","Burst+1"],"picked":"ReplayTheSpireMod:Speed Training+1","floor":29},{"not_picked":["Acrobatics+1","Flying Knee+1"],"picked":"Replay:Poison Smokescreen+1","floor":30},{"not_picked":["Heel Hook","Tactician+1"],"picked":"Deflect+1","floor":31},{"not_picked":["Flechettes","Finisher+1"],"picked":"Distraction+1","floor":32},{"not_picked":["Tools of the Trade","infinitespire:Neurotoxin+1"],"picked":"Burst+1","floor":33},{"not_picked":["Bane","Heel Hook","Prepared+1"],"picked":"Acrobatics+1","floor":35},{"not_picked":["Blade Dance+1","Finisher+1","Dagger Spray"],"picked":"hubris:Sniper+1","floor":38},{"not_picked":["PiercingWail+1","Wraith Form v2","Deadly Poison+1"],"picked":"Fluid Movement+1","floor":39},{"not_picked":["Sucker Punch+1","Dagger Spray+1","Glass Knife"],"picked":"Deadly Poison+1","floor":40},{"not_picked":["Deadly Poison+1","Sucker Punch","Dagger Spray+1"],"picked":"Riddle With Holes+1","floor":41},{"not_picked":["PiercingWail+1","Slice","Dagger Throw+1"],"picked":"A Thousand Cuts","floor":42},{"not_picked":["Deadly Poison+1","Doppelganger+1","Slice"],"picked":"Poisoned Stab+1","floor":44},{"not_picked":["Flying Knee+1","Dagger Throw","Choke+1"],"picked":"Poisoned Stab","floor":45},{"not_picked":["Noxious Fumes","Flying Knee","Underhanded Strike+1"],"picked":"Leg Sweep+1","floor":47},{"not_picked":["Predator+1","Calculated Gamble+1","Deflect+1"],"picked":"Adrenaline+1","floor":48},{"not_picked":["Endless Agony","Sneak Up+1","Hidden Blade+1"],"picked":"Fluid Movement+1","floor":49}],"player_experience":290059,"relics_obtained":[{"floor":6,"key":"Replay:Multitool"},{"floor":8,"key":"Shuriken"},{"floor":9,"key":"Toxic Egg 2"},{"floor":13,"key":"Vajra"},{"floor":23,"key":"Whetstone"},{"floor":25,"key":"Dream Catcher"},{"floor":26,"key":"Bronze Scales"},{"floor":30,"key":"Durian"},{"floor":30,"key":"Replay:Ringing Soul"},{"floor":31,"key":"Boot"},{"floor":40,"key":"Gambling Chip"},{"floor":42,"key":"infinitespire:FocusingShard"},{"floor":43,"key":"hubris:FunFungus"},{"floor":44,"key":"ReplayFunnel"},{"floor":47,"key":"Golden Egg"}],"event_choices":[{"cards_removed":["Strike_G"],"damage_healed":0,"gold_gain":0,"player_choice":"Purged","damage_taken":0,"max_hp_gain":0,"max_hp_loss":0,"event_name":"Purifier","floor":14,"gold_loss":0},{"cards_removed":["downfall:Icky","Overencumbered"],"damage_healed":0,"gold_gain":0,"player_choice":"Removed Curses","damage_taken":0,"max_hp_gain":0,"max_hp_loss":0,"event_name":"Fountain of Cleansing","floor":21,"gold_loss":0},{"damage_healed":0,"gold_gain":0,"player_choice":"Fight","damage_taken":0,"max_hp_gain":0,"max_hp_loss":0,"event_name":"Colosseum","floor":30,"gold_loss":0},{"damage_healed":0,"gold_gain":0,"player_choice":"Fought Nobs","damage_taken":0,"max_hp_gain":0,"max_hp_loss":0,"event_name":"Colosseum","floor":30,"gold_loss":0},{"damage_healed":0,"gold_gain":0,"player_choice":"Upgraded Two","damage_taken":0,"max_hp_gain":0,"max_hp_loss":0,"event_name":"Designer","floor":36,"gold_loss":40,"cards_upgraded":["Neutralize","Defend_G"]},{"damage_healed":0,"gold_gain":0,"player_choice":"Leave","damage_taken":0,"max_hp_gain":0,"max_hp_loss":0,"event_name":"conspire:Investor","floor":46,"gold_loss":0}],"is_beta":false,"boss_relics":[{"not_picked":["ReplayTheSpireMod:SealedPack","Runic Pyramid"],"picked":"Replay:Ancient Bell"},{"not_picked":["MawBank","Potion Belt"],"picked":"War Paint"},{"not_picked":["Letter Opener","Snack Pack"],"picked":"infinitespire:EmpoweringShard"},{"not_picked":["hubris:Potato","Unceasing Top"],"picked":"infinitespire:Joker Card"},{"not_picked":["construct:WeddingRing","Replay:Wanted Poster"],"picked":"Honey Jar"}],"items_purged_floors":[20],"is_endless":false,"potions_floor_spawned":[2,5,7,10,12,13,23,27,29,30,38,40,44,47,48],"ascension_level":1}}