{"host":"1zjc08c6hob33401","time":1611417375,"event":{"mods":["AchievementEnabler","Act Like it!","Aspiration","BaseMod","Downfall","Elementarium","Energized Spire","Evolution","Friendly Minions","Gensokyo","GifTheSpireLib","Hubris","Infinite Spire","Jedi Mod","Menagerie","Minty Spire (QoL Compilation)","Pale of the Ancients","Quick Restart","Replay The Spire","Retaliation","Shop Mod","Spire Arcade","StS++","StSLib","Stuff the Spire","The Blue Laboratory","Wandering Minibosses","vexMod","??????REMEMod"],"gold_per_floor":[109,34,48,48,40,40,40],"floor_reached":6,"language":"RUS","playtime":442,"items_purged":["Defend_G"],"score":49,"play_id":"35b4eca2-958e-4fa8-aff5-296999b34c53","local_time":"20210123175615","is_ascension_mode":true,"campfire_choices":[],"circlet_count":0,"master_deck":["Quick Slash","Quick Slash","Strike_G","Strike_G","Strike_G","Defend_G","Defend_G","Defend_G","Defend_G","Survivor","Neutralize","Wraith Form v2+1","Concentrate","Eviscerate","Dagger Throw"],"relics":["Ring of the Snake","EVO:Axolotl","REME_ComplimentaryCards"],"acts_visited":["Gensokyo:Gensokyo"],"potions_floor_usage":[6,6],"damage_taken":[{"damage":0.0,"enemies":"Gensokyo:3_Fairies","floor":1.0,"turns":8.0},{"damage":3.0,"enemies":"Gensokyo:Python","floor":3.0,"turns":4.0},{"damage":7.0,"enemies":"Gensokyo:2_Kodama","floor":5.0,"turns":6.0},{"damage":4,"enemies":"Gensokyo:Cirno","floor":6,"turns":3}],"seed_played":"-153183921633166726","potions_obtained":[{"floor":1.0,"key":"Reflective Coating"},{"floor":5.0,"key":"blueLaboratory:HorrorPotion"}],"is_trial":false,"path_per_floor":["M","$","M","?","M","E"],"character_chosen":"THE_SILENT","items_purchased":[],"campfire_rested":0,"item_purchase_floors":[],"current_hp_per_floor":[63,63,60,60,53,49,49],"gold":40,"neow_bonus":"UPGRADE_CARD","is_daily":false,"chose_seed":false,"campfire_upgraded":0,"win_rate":0.0,"timestamp":1611417375,"path_taken":["M","$","?","?","?","E"],"items_purchased_type":[],"build_version":"2020-12-22","purchased_purges":1,"victory":false,"max_hp_per_floor":[70,70,70,70,70,70,70],"card_choices":[{"not_picked":["StuffTheSpire:Python","Blade Dance"],"picked":"Concentrate","floor":1.0},{"not_picked":["Masterful Stab","Cloak And Dagger"],"picked":"Eviscerate","floor":3.0},{"not_picked":["Deadly Poison","Distraction"],"picked":"Dagger Throw","floor":5.0}],"player_experience":668242,"relics_obtained":[],"event_choices":[],"is_beta":false,"boss_relics":[],"items_purged_floors":[2],"is_endless":false,"potions_floor_spawned":[1,5],"killed_by":"Gensokyo:Cirno","ascension_level":7}}