{"host":"jd8ca16pxkooz5tw","time":1611400728,"event":{"mods":["AchievementEnabler","BaseMod","Colored Map","Defuse TimeMaze Blight","Downfall","GifTheSpireLib","Highlight Path","Minty Spire (QoL Compilation)","StSLib"],"gold_per_floor":[99,19,35,45,45,79,79,107,557,589,617,417,417,417,430,532,532,532,532,556,590,590,31,111,111,145,245,265,292,392,22,37,133,133,133,148,148,23,40,69,114,139,172,197,197,97,97,128,143,143,143,143],"floor_reached":50,"language":"ENG","playtime":2708,"items_purged":["downfall:Icky","bronze:Defend"],"score":1012,"play_id":"1ffc5e79-cb0a-4955-b32b-49818ec284f9","local_time":"20210123121848","daily_mods":["Heirloom","Time Dilation","Flight","downfall:Lament"],"is_ascension_mode":true,"campfire_choices":[{"floor":1,"key":"RECALL"},{"floor":12,"key":"REST"},{"data":"bronze:Assembly","floor":13,"key":"SMITH"},{"data":"bronze:Verify","floor":18,"key":"SMITH"},{"data":"bronze:Allocate","floor":25,"key":"SMITH"},{"data":"bronze:Repulsor","floor":35,"key":"SMITH"},{"data":"bronze:MaxOutput","floor":46,"key":"SMITH"}],"circlet_count":0,"master_deck":["bronze:Strike","bronze:Strike","bronze:Defend","bronze:Defend+1","bronze:Defend","bronze:Replicate","bronze:Goto","bronze:ChildClass","bronze:Assembly+1","expansioncontent:Chronoboost","bronze:WhirlingStrike","bronze:MaxOutput+1","bronze:DarkDash","bronze:Break","downfall:Icky","bronze:CutThrough","bronze:ChosenStrike","bronze:Branch","bronze:BronzeOrb","bronze:Verify+1","bronze:Allocate+1","bronze:Repulsor+1","bronze:ThunderWave+1","J.A.X.+1","bronze:ThunderWave+1","bronze:ChosenStrike+1","bronze:ItsAFeature","bronze:Return","bronze:ItsAFeature","bronze:BugBarrage+1","bronze:BugBarrage+1","bronze:HyperBeam+1","bronze:Overheat+1","bronze:ForceShield","bronze:SpaghettiCode","bronze:Frontload+1","bronze:BuggyMess+1","bronze:Overheat+1","bronze:Boost+1","bronze:BurnOut+1","bronze:BugBarrage+1","bronze:ForceShield+1","bronze:ItsAFeature+1","bronze:FineTuning","bronze:Allocate+1"],"relics":["bronze:BronzeCore","NeowsBlessing","Pocketwatch","Happy Flower","Bronze Scales","Turnip","Prayer Wheel","Sundial","Slimebound:StickyStick","Mercury Hourglass","downfall:HeartBlessingGreen","downfall:HeartBlessingRed","Mummified Hand","Runic Pyramid","Nunchaku","Red Mask","Molten Egg 2","Bottled Lightning","Ornamental Fan","Darkstone Periapt","MutagenicStrength","Anchor","Torii","Bottled Flame","Lee\u0027s Waffle","Runic Dome","Blood Vial","Akabeko","Unceasing Top","War Paint","downfall:HeartBlessingBlue","Frozen Egg 2","bronze:ProtectiveGoggles"],"acts_visited":["Exordium","TheCity","TheBeyond"],"potions_floor_usage":[11,11,16,26,30,50],"damage_taken":[{"damage":0,"enemies":"downfall:FleeingMerchant","floor":2,"turns":1},{"damage":0,"enemies":"Cultist","floor":3,"turns":1},{"damage":0,"enemies":"2 Louse","floor":4,"turns":1},{"damage":16,"enemies":"Gremlin Nob","floor":6,"turns":3},{"damage":15,"enemies":"Lagavulin","floor":8,"turns":5},{"damage":0,"enemies":"Gremlin Nob","floor":10,"turns":2},{"damage":18,"enemies":"Lagavulin","floor":11,"turns":3},{"damage":0,"enemies":"Small Slimes","floor":15,"turns":1},{"damage":0,"enemies":"WA_ARCHETYPE_RETAIN","floor":16,"turns":5},{"damage":12,"enemies":"Masked Bandits","floor":21,"turns":3},{"damage":2,"enemies":"Book of Stabbing","floor":26,"turns":5},{"damage":8,"enemies":"downfall:Augmenter","floor":27,"turns":4},{"damage":0,"enemies":"Spheric Guardian","floor":28,"turns":1},{"damage":0,"enemies":"Gremlin Leader","floor":29,"turns":2},{"damage":0,"enemies":"IC_STATUS_ARCHETYPE","floor":30,"turns":4},{"damage":3,"enemies":"Snake Plant","floor":32,"turns":1},{"damage":19,"enemies":"SI_MIRROR_ARCHETYPE","floor":33,"turns":6},{"damage":0,"enemies":"3 Shapes","floor":36,"turns":1},{"damage":3,"enemies":"3 Darklings","floor":39,"turns":1},{"damage":3,"enemies":"Reptomancer","floor":40,"turns":2},{"damage":10,"enemies":"Nemesis","floor":42,"turns":5},{"damage":3,"enemies":"Reptomancer","floor":43,"turns":2},{"damage":28,"enemies":"Nemesis","floor":44,"turns":3},{"damage":0,"enemies":"Giant Head","floor":48,"turns":5},{"damage":46,"enemies":"Transient","floor":49,"turns":5},{"damage":17,"enemies":"DF_ARCHETYPE_ORBS","floor":50,"turns":2}],"seed_played":"-6537051261663805789","potions_obtained":[{"floor":3,"key":"Fire Potion"},{"floor":4,"key":"GamblersBrew"},{"floor":11,"key":"PowerPotion"},{"floor":16,"key":"Weak Potion"},{"floor":21,"key":"Swift Potion"},{"floor":28,"key":"Energy Potion"},{"floor":30,"key":"SteroidPotion"},{"floor":33,"key":"SpeedPotion"},{"floor":42,"key":"Weak Potion"}],"is_trial":true,"path_per_floor":["R","$","M","M","?","E","T","E","?","E","E","R","R","T","M","B",null,"R","?","T","?","?","$","T","R","E","?","M","E","?","$","M","B",null,"R","M","?","$","M","E","T","E","E","E","?","R","?","E","M","B"],"character_chosen":"THE_AUTOMATON","items_purchased":["bronze:Assembly","Happy Flower","expansioncontent:Chronoboost","Molten Egg 2","Bottled Lightning","bronze:Repulsor","Lee\u0027s Waffle","bronze:HyperBeam+1","bronze:Overheat+1"],"campfire_rested":1,"item_purchase_floors":[2,2,2,23,23,23,31,31,38],"current_hp_per_floor":[70,70,70,70,63,47,47,32,32,32,14,35,35,35,35,35,70,70,70,70,58,45,45,45,45,43,35,35,35,35,82,79,60,82,82,82,82,82,79,76,76,68,67,41,41,51,51,53,9,0,0,0],"gold":143,"neow_bonus":"","is_daily":false,"chose_seed":false,"campfire_upgraded":5,"win_rate":0.0,"timestamp":1611400728,"path_taken":["R","$","M","?","?","E","T","E","?","E","E","R","R","?","M","BOSS","R","?","?","?","?","$","T","R","E","?","?","E","?","?","M","BOSS","R","M","?","?","M","E","T","E","E","E","?","R","?","E","M","BOSS"],"items_purchased_type":["Card","Relic","Card","Relic","Relic","Card","Relic","Card","Card"],"build_version":"2020-12-22","purchased_purges":2,"victory":false,"max_hp_per_floor":[70,70,70,70,70,70,70,70,70,70,70,70,70,70,70,70,70,70,70,70,70,75,75,75,75,75,75,75,75,75,82,82,82,82,82,82,82,82,82,82,82,82,82,82,82,92,92,92,92,92,92,92],"card_choices":[{"not_picked":["bronze:ForLoop","bronze:WhirlingStrike"],"picked":"bronze:ChildClass","floor":2},{"not_picked":["bronze:NullPointer","bronze:BugBarrage"],"picked":"bronze:WhirlingStrike","floor":3},{"not_picked":["bronze:CloningBeam","bronze:DarkDash"],"picked":"bronze:MaxOutput","floor":4},{"not_picked":["bronze:BitShift","bronze:ForceShield"],"picked":"bronze:DarkDash","floor":6},{"not_picked":["bronze:Boost","bronze:BronzeArmor"],"picked":"bronze:Break","floor":8},{"not_picked":["bronze:FineTuning","bronze:Deprecate"],"picked":"bronze:CutThrough","floor":10},{"not_picked":["bronze:Return","bronze:Optimize"],"picked":"bronze:ChosenStrike","floor":11},{"not_picked":["bronze:WhirlingStrike","bronze:Overload"],"picked":"bronze:Branch","floor":15},{"not_picked":["bronze:ChildClass","bronze:Branch"],"picked":"bronze:BronzeOrb","floor":15},{"not_picked":["bronze:Break","bronze:AlphaBuild"],"picked":"bronze:Verify","floor":16},{"not_picked":["bronze:MaxOutput+1","bronze:Invalidate"],"picked":"bronze:Allocate","floor":21},{"not_picked":["bronze:Shield","bronze:Deprecate"],"picked":"bronze:ThunderWave+1","floor":26},{"not_picked":[],"picked":"J.A.X.","floor":27},{"not_picked":["bronze:WhirlingStrike+1","bronze:DelayedSlice+1"],"picked":"bronze:ThunderWave+1","floor":27},{"not_picked":["bronze:NullPointer+1","bronze:Invalidate"],"picked":"bronze:Return","floor":28},{"not_picked":["bronze:WildBeam+1","bronze:Shield"],"picked":"bronze:ItsAFeature","floor":28},{"not_picked":["bronze:WhirlingStrike+1","bronze:Return"],"picked":"bronze:BugBarrage+1","floor":29},{"not_picked":["bronze:Frontload","bronze:WhirlingStrike+1"],"picked":"bronze:BugBarrage+1","floor":30},{"not_picked":["bronze:Iterate+1","bronze:Return+1"],"picked":"bronze:Overheat+1","floor":32},{"not_picked":["bronze:Turbo","bronze:Repulsor"],"picked":"bronze:ForceShield","floor":32},{"not_picked":["bronze:HyperBeam+1","bronze:Format"],"picked":"bronze:SpaghettiCode","floor":33},{"not_picked":["bronze:DelayedGuard","bronze:Shield"],"picked":"bronze:Frontload+1","floor":36},{"not_picked":["bronze:DelayedSlice+1","bronze:Shield+1"],"picked":"bronze:BuggyMess+1","floor":36},{"not_picked":["bronze:WhirlingStrike+1","bronze:Shield+1"],"picked":"bronze:Boost+1","floor":39},{"not_picked":["bronze:DigitalCarnage+1","bronze:Deprecate"],"picked":"bronze:BurnOut+1","floor":39},{"not_picked":["bronze:DelayedGuard+1","bronze:Deprecate"],"picked":"bronze:BugBarrage+1","floor":40},{"not_picked":["bronze:SpaghettiCode","bronze:Safeguard+1","bronze:ForceShield"],"picked":"SKIP","floor":42},{"not_picked":["bronze:Invalidate+1","bronze:WhirlingStrike+1"],"picked":"bronze:ForceShield+1","floor":43},{"not_picked":["bronze:Repair+1","bronze:ChosenStrike+1"],"picked":"bronze:ItsAFeature+1","floor":44},{"not_picked":["bronze:Deprecate","bronze:GetLatest"],"picked":"bronze:FineTuning","floor":48},{"not_picked":["bronze:Frontload+1","bronze:Deprecate"],"picked":"bronze:Allocate+1","floor":49},{"not_picked":["bronze:ForLoop","bronze:Frontload","bronze:DelayedSlice+1"],"picked":"SKIP","floor":49}],"player_experience":314945,"relics_obtained":[{"floor":6,"key":"Turnip"},{"floor":7,"key":"Prayer Wheel"},{"floor":8,"key":"Sundial"},{"floor":10,"key":"Slimebound:StickyStick"},{"floor":11,"key":"Mercury Hourglass"},{"floor":14,"key":"Mummified Hand"},{"floor":20,"key":"Nunchaku"},{"floor":21,"key":"Red Mask"},{"floor":24,"key":"Ornamental Fan"},{"floor":26,"key":"Darkstone Periapt"},{"floor":27,"key":"MutagenicStrength"},{"floor":29,"key":"Anchor"},{"floor":30,"key":"Torii"},{"floor":30,"key":"Bottled Flame"},{"floor":40,"key":"Blood Vial"},{"floor":42,"key":"Akabeko"},{"floor":43,"key":"Unceasing Top"},{"floor":44,"key":"War Paint"},{"floor":47,"key":"Frozen Egg 2"},{"floor":48,"key":"bronze:ProtectiveGoggles"}],"event_choices":[{"damage_healed":0,"gold_gain":0,"player_choice":"Success","damage_taken":7,"relics_obtained":["Bronze Scales"],"max_hp_gain":0,"max_hp_loss":0,"event_name":"Scrap Ooze","floor":5,"gold_loss":0},{"damage_healed":0,"gold_gain":0,"player_choice":"Fought Bandits","damage_taken":0,"max_hp_gain":0,"max_hp_loss":0,"event_name":"Masked Bandits","floor":21,"gold_loss":0}],"is_beta":false,"boss_relics":[{"not_picked":["Velvet Choker","SlaversCollar"],"picked":"Runic Pyramid"},{"not_picked":["expansioncontent:StudyCardRelic","Astrolabe"],"picked":"Runic Dome"}],"items_purged_floors":[31,38],"is_endless":false,"potions_floor_spawned":[3,4,11,16,21,28,30,33,39,40,42,49],"killed_by":"DF_ARCHETYPE_ORBS","ascension_level":1}}