{"host":"zk71suw73lg2r165","time":1611422796,"event":{"mods":["BaseMod","Colored Map","Minty Spire (QoL Compilation)","Permanent Neow","Relic Stats","StSLib"],"gold_per_floor":[364,380,39,56,56,88,100,140,152,164,202,233,263,275,287,374,386,409,30,66,78,78,78,122,122,122],"floor_reached":25,"language":"ENG","playtime":913,"items_purged":["Pain","Strike_P"],"score":446,"play_id":"03236a16-cfc4-4442-bb61-9498f1f22744","local_time":"20210123122636","is_ascension_mode":true,"campfire_choices":[{"data":"Conclude","floor":7.0,"key":"SMITH"},{"data":"WindmillStrike","floor":15.0,"key":"SMITH"},{"floor":23,"key":"REST"}],"circlet_count":0,"master_deck":["AscendersBane","Strike_P","Strike_P","Strike_P","Defend_P","Defend_P","Defend_P","Defend_P","Eruption+1","Vigilance","EmptyFist+1","LikeWater","CutThroughFate+1","Wireheading","Conclude+1","WindmillStrike+1","BowlingBash","Vengeance","DeceiveReality","EmptyFist+1","Wish","TalkToTheHand+1","ThirdEye","Protect","Writhe","InnerPeace"],"relics":["HolyWater","Sling","MawBank","HornCleat","Whetstone","Molten Egg 2","Happy Flower","Ornamental Fan","Lizard Tail"],"acts_visited":["Exordium","TheCity"],"potions_floor_usage":[21],"damage_taken":[{"damage":4.0,"enemies":"Cultist","floor":1.0,"turns":3.0},{"damage":0.0,"enemies":"2 Louse","floor":2.0,"turns":1.0},{"damage":0.0,"enemies":"Jaw Worm","floor":4.0,"turns":5.0},{"damage":7.0,"enemies":"Lagavulin","floor":6.0,"turns":4.0},{"damage":1.0,"enemies":"3 Sentries","floor":8.0,"turns":4.0},{"damage":8.0,"enemies":"Gremlin Nob","floor":11.0,"turns":3.0},{"damage":0.0,"enemies":"Looter","floor":12.0,"turns":1.0},{"damage":1.0,"enemies":"Blue Slaver","floor":13.0,"turns":2.0},{"damage":12.0,"enemies":"The Guardian","floor":16.0,"turns":10.0},{"damage":0.0,"enemies":"Chosen","floor":18.0,"turns":3.0},{"damage":21.0,"enemies":"Shell Parasite","floor":20.0,"turns":4.0},{"damage":15,"enemies":"3 Cultists","floor":21,"turns":5},{"damage":21,"enemies":"Centurion and Healer","floor":24,"turns":6},{"damage":60,"enemies":"Book of Stabbing","floor":25,"turns":7}],"seed_played":"655130175645302083","potions_obtained":[{"floor":6.0,"key":"AttackPotion"},{"floor":8.0,"key":"Swift Potion"},{"floor":12.0,"key":"ColorlessPotion"},{"floor":16.0,"key":"Strength Potion"},{"floor":18.0,"key":"BottledMiracle"}],"is_trial":false,"path_per_floor":["M","M","$","M","?","E","R","E","T","T","E","M","M","?","R","B",null,"M","$","M","M","?","R","M","E"],"character_chosen":"WATCHER","items_purchased":["Sling","CutThroughFate","Wireheading","ThirdEye","Ornamental Fan"],"campfire_rested":1,"item_purchase_floors":[3,3,3,19,19],"current_hp_per_floor":[57,57,57,57,57,50,50,49,49,49,41,41,40,40,40,28,58,58,58,37,22,22,42,21,0,0],"gold":122,"neow_bonus":"TWO_FIFTY_GOLD","is_daily":false,"chose_seed":false,"campfire_upgraded":2,"win_rate":0.0,"timestamp":1611422796,"path_taken":["M","?","$","M","?","E","R","E","T","?","E","M","M","?","R","BOSS","M","$","M","M","?","R","M","E"],"items_purchased_type":["Relic","Card","Card","Card","Relic"],"build_version":"2020-12-22","purchased_purges":2,"victory":false,"max_hp_per_floor":[68,68,68,68,68,68,68,68,68,68,68,68,68,68,68,68,68,68,68,68,68,68,68,68,68,68],"relic_stats":{"Lizard Tail":34,"Happy Flower":[12],"counters":[14,58],"Ornamental Fan":[20],"Whetstone":["CutThroughFate","EmptyFist"],"MawBank":156,"obtain_stats":[{"Lizard Tail":22,"HornCleat":8,"Happy Flower":11,"Ornamental Fan":19,"HolyWater":17,"Molten Egg 2":10,"Whetstone":9,"PureWater":0,"Sling":3,"MawBank":6},{"Lizard Tail":12,"HornCleat":5,"Happy Flower":6,"Ornamental Fan":10,"HolyWater":9,"Molten Egg 2":5,"Whetstone":5,"PureWater":0,"Sling":2,"MawBank":4},{"Lizard Tail":45,"HornCleat":17,"Happy Flower":20,"Ornamental Fan":36,"HolyWater":33,"Molten Egg 2":17,"Whetstone":17,"PureWater":0,"Sling":4,"MawBank":13}]},"card_choices":[{"not_picked":["CutThroughFate","BowlingBash"],"picked":"EmptyFist","floor":1.0},{"not_picked":["EmptyFist","Protect"],"picked":"LikeWater","floor":2.0},{"not_picked":["FlyingSleeves","SashWhip"],"picked":"Conclude","floor":4.0},{"not_picked":["EmptyFist","SignatureMove"],"picked":"WindmillStrike","floor":6.0},{"not_picked":["Halt","FlyingSleeves"],"picked":"BowlingBash","floor":8.0},{"not_picked":["EmptyMind","Omniscience"],"picked":"Vengeance","floor":11.0},{"not_picked":["Protect","WindmillStrike+1"],"picked":"DeceiveReality","floor":12.0},{"not_picked":["Evaluate","Prostrate"],"picked":"EmptyFist+1","floor":13.0},{"not_picked":["DeusExMachina","Alpha"],"picked":"Wish","floor":16.0},{"not_picked":["PathToVictory","FlurryOfBlows+1"],"picked":"TalkToTheHand+1","floor":18.0},{"not_picked":["FollowUp+1","CrushJoints+1","SignatureMove+1"],"picked":"SKIP","floor":20.0},{"not_picked":["Prostrate","CutThroughFate+1"],"picked":"Protect","floor":21},{"not_picked":["CrushJoints+1","ReachHeaven+1"],"picked":"InnerPeace","floor":24}],"player_experience":1351670,"relics_obtained":[{"floor":6.0,"key":"MawBank"},{"floor":8.0,"key":"HornCleat"},{"floor":9.0,"key":"Whetstone"},{"floor":10.0,"key":"Molten Egg 2"},{"floor":11.0,"key":"Happy Flower"}],"event_choices":[{"damage_healed":0.0,"max_hp_gain":0.0,"max_hp_loss":0.0,"gold_gain":0.0,"event_name":"Living Wall","player_choice":"Grow","floor":5.0,"gold_loss":0.0,"damage_taken":0.0,"cards_upgraded":["Eruption"]},{"damage_healed":0.0,"max_hp_gain":0.0,"max_hp_loss":0.0,"gold_gain":0.0,"event_name":"Scrap Ooze","player_choice":"Fled","floor":14.0,"gold_loss":0.0,"damage_taken":0.0},{"damage_healed":0,"gold_gain":0,"player_choice":"Opened","damage_taken":0,"relics_obtained":["Lizard Tail"],"max_hp_gain":0,"max_hp_loss":0,"event_name":"The Mausoleum","floor":22,"gold_loss":0,"cards_obtained":["Writhe"]}],"is_beta":false,"boss_relics":[{"not_picked":["Astrolabe","Tiny House"],"picked":"HolyWater"}],"items_purged_floors":[3,19],"is_endless":false,"potions_floor_spawned":[6,8,12,16,18],"killed_by":"Book of Stabbing","ascension_level":20}}