{"host":"srk2drlvga69hbot","time":1611424742,"event":{"mods":["BaseMod","Bestiary","Block Reminder","Colored Map","Colored Powertips","Dark Map","DeckTracker","Highlight Path","Minty Spire (QoL Compilation)","Quick Restart","Rare Cards Sparkle","Relic Stats","SuperFastMode","Unceasing Turn Reminder"],"gold_per_floor":[110,60,60,60,74,74,117,138,138,138,63,63,104,118,118,118,118],"floor_reached":16,"language":"ZHS","playtime":603,"items_purged":["Defend_G"],"score":124,"play_id":"42304f7d-7f45-4843-bd14-ab6ea98566fa","local_time":"20210124015902","is_ascension_mode":true,"campfire_choices":[{"data":"Neutralize","floor":6.0,"key":"SMITH"},{"data":"Backstab","floor":12.0,"key":"SMITH"},{"floor":15,"key":"REST"}],"circlet_count":0,"master_deck":["Strike_G","Strike_G","Strike_G","Strike_G","Defend_G","Defend_G","Defend_G","Survivor","Neutralize+1","Prepared","Reflex","Backstab+1","Acrobatics","Underhanded Strike"],"relics":["Ring of the Snake","Golden Idol","Toy Ornithopter","Letter Opener","Prayer Wheel"],"acts_visited":["Exordium"],"potions_floor_usage":[13,13,16],"damage_taken":[{"damage":0.0,"enemies":"2 Louse","floor":1.0,"turns":3.0},{"damage":9.0,"enemies":"Jaw Worm","floor":5.0,"turns":3.0},{"damage":34.0,"enemies":"3 Sentries","floor":7.0,"turns":15.0},{"damage":0.0,"enemies":"Cultist","floor":8.0,"turns":3.0},{"damage":4,"enemies":"Lagavulin","floor":13,"turns":6},{"damage":4,"enemies":"Large Slime","floor":14,"turns":5},{"damage":45,"enemies":"Slime Boss","floor":16,"turns":6}],"seed_played":"8321390788883723866","potions_obtained":[{"floor":5.0,"key":"Explosive Potion"},{"floor":7.0,"key":"Ancient Potion"},{"floor":8.0,"key":"BlessingOfTheForge"},{"floor":14,"key":"Explosive Potion"}],"is_trial":false,"path_per_floor":["M","?","?","$","M","R","E","M","T","?","$","R","E","M","R","B"],"character_chosen":"THE_SILENT","items_purchased":[],"campfire_rested":1,"item_purchase_floors":[],"current_hp_per_floor":[70,70,53,53,44,44,10,10,10,10,10,10,16,12,33,0,0],"gold":118,"neow_bonus":"THREE_CARDS","is_daily":false,"chose_seed":false,"campfire_upgraded":2,"win_rate":0.0,"timestamp":1611424742,"path_taken":["M","?","?","?","M","R","E","?","T","?","$","R","E","M","R","BOSS"],"items_purchased_type":[],"build_version":"2020-12-22","purchased_purges":1,"victory":false,"max_hp_per_floor":[70,70,70,70,70,70,70,70,70,70,70,70,70,70,70,70,70],"relic_stats":{"counters":[7,41],"Golden Idol":27,"Prayer Wheel":1,"Letter Opener":[25],"obtain_stats":[{"Golden Idol":3,"Prayer Wheel":13,"Letter Opener":9,"Toy Ornithopter":7,"Ring of the Snake":0},{"Golden Idol":1,"Prayer Wheel":5,"Letter Opener":4,"Toy Ornithopter":3,"Ring of the Snake":0},{"Golden Idol":3,"Prayer Wheel":30,"Letter Opener":24,"Toy Ornithopter":21,"Ring of the Snake":0}],"Toy Ornithopter":15,"Ring of the Snake":[14]},"card_choices":[{"not_picked":["Distraction","Expertise"],"picked":"Prepared","floor":0.0},{"not_picked":["Slice","Footwork","Prepared"],"picked":"SKIP","floor":1.0},{"not_picked":["Distraction","Poisoned Stab"],"picked":"Reflex","floor":5.0},{"not_picked":["Setup","Slice"],"picked":"Backstab","floor":7.0},{"not_picked":["Corpse Explosion","Sucker Punch","Well Laid Plans"],"picked":"SKIP","floor":8.0},{"not_picked":["Dodge and Roll","Reflex"],"picked":"Acrobatics","floor":13},{"not_picked":["Dagger Spray","Slice"],"picked":"Underhanded Strike","floor":14},{"not_picked":["Well Laid Plans","Bullet Time","Endless Agony"],"picked":"SKIP","floor":14}],"player_experience":181474,"relics_obtained":[{"floor":7.0,"key":"Toy Ornithopter"},{"floor":9.0,"key":"Letter Opener"},{"floor":13,"key":"Prayer Wheel"}],"event_choices":[{"cards_removed":["Defend_G"],"damage_healed":0.0,"max_hp_gain":0.0,"max_hp_loss":0.0,"gold_gain":0.0,"event_name":"The Cleric","player_choice":"Card Removal","floor":2.0,"gold_loss":50.0,"damage_taken":0.0},{"damage_healed":0.0,"max_hp_gain":0.0,"max_hp_loss":0.0,"gold_gain":0.0,"event_name":"Golden Idol","player_choice":"Take Damage","floor":3.0,"gold_loss":0.0,"damage_taken":17.0,"relics_obtained":["Golden Idol"]},{"cards_removed":["Strike_G"],"damage_healed":0.0,"max_hp_gain":0.0,"max_hp_loss":0.0,"gold_gain":0.0,"event_name":"Purifier","player_choice":"Purged","floor":10.0,"gold_loss":0.0,"damage_taken":0.0}],"is_beta":false,"boss_relics":[],"items_purged_floors":[11],"is_endless":false,"potions_floor_spawned":[5,7,8,14],"killed_by":"Slime Boss","ascension_level":3}}