{"host":"684z1xpuwaoqmmh1","time":1611390766,"event":{"mods":["BaseMod","Downfall","Hermit","Jorbs\u0027s Wanderer Trilogy","Marisa????????","Minty Spire (QoL Compilation)","Robot Space Explorer","Shade Mod","StSLib","The Bug Knight","The Cursed","The Dragon Tamer","The Hayseed","The Hierophant","The Marked","The Mystic","The Runesmith","The Senshi"],"gold_per_floor":[118,135,135,152,166,200,200,200,200,226,237,265,280,310,310,414,414,428,428,338,350,368,397,397,426,451,26,46,46,72,96,96,96,96],"floor_reached":33,"language":"ENG","playtime":1276,"items_purged":[],"score":471,"play_id":"97dcb951-9069-4685-8734-7cea9d48c703","local_time":"20210123103246","is_ascension_mode":true,"campfire_choices":[{"floor":7,"key":"REST"},{"data":"theMarked:HeritageOfTheMarked","floor":15,"key":"SMITH"},{"floor":24,"key":"REST"},{"floor":32,"key":"REST"}],"circlet_count":0,"master_deck":["theMarked:Strike","theMarked:Strike","theMarked:Strike","theMarked:Defend","theMarked:Defend","theMarked:Defend","theMarked:Defend+1","theMarked:SoldierOfQuellstein+1","theMarked:RepellingDischarge+1","theMarked:BanishingStrike","theMarked:GodGivenPower","theMarked:Overcharge","theMarked:ChannelForce","theMarked:MysticalArsenal","theMarked:RepellingDischarge","theMarked:WastefulDefense","theMarked:HeritageOfTheMarked+1","theMarked:ShockingTouch","theMarked:TakeOffHeels+1","theMarked:TakeCover+1","theMarked:ContemptForTheProud","theMarked:DeterminationOfTheMarked","theMarked:WardOff","theMarked:TunnelVision","theMarked:Generate","theMarked:Panic+1","theMarked:ReduceFriction"],"relics":["theMarked:BronzeBlade","Strawberry","Vajra","Bottled Flame","Runesmith:Locket","hexamod:CandleOfCauterizing","champ:DuelingGlove","Blood Vial","War Paint","Gremlin Horn","theSenshi:SailorFukuRelic","CeramicFish","Thread and Needle"],"acts_visited":["Exordium","TheCity"],"potions_floor_usage":[6,10,12,21,23,33],"damage_taken":[{"damage":3,"enemies":"Small Slimes","floor":1,"turns":4},{"damage":2,"enemies":"Jaw Worm","floor":2,"turns":4},{"damage":0,"enemies":"Cultist","floor":4,"turns":3},{"damage":6,"enemies":"Blue Slaver","floor":5,"turns":3},{"damage":10,"enemies":"3 Sentries","floor":6,"turns":6},{"damage":5,"enemies":"Lagavulin","floor":10,"turns":7},{"damage":5,"enemies":"3 Louse","floor":11,"turns":3},{"damage":30,"enemies":"Gremlin Nob","floor":12,"turns":4},{"damage":0,"enemies":"Red Slaver","floor":13,"turns":3},{"damage":5,"enemies":"Lagavulin","floor":14,"turns":6},{"damage":17,"enemies":"Hexaghost","floor":16,"turns":7},{"damage":11,"enemies":"Chosen","floor":18,"turns":5},{"damage":3,"enemies":"2 Thieves","floor":21,"turns":4},{"damage":13,"enemies":"Snake Plant","floor":22,"turns":4},{"damage":29,"enemies":"Slavers","floor":23,"turns":4},{"damage":16,"enemies":"Book of Stabbing","floor":25,"turns":4},{"damage":0,"enemies":"Centurion and Healer","floor":28,"turns":5},{"damage":0,"enemies":"Gremlin Leader","floor":30,"turns":3},{"damage":8,"enemies":"Shelled Parasite and Fungi","floor":31,"turns":2},{"damage":34,"enemies":"Collector","floor":33,"turns":6}],"seed_played":"-2366039596244748032","potions_obtained":[{"floor":0,"key":"Ancient Potion"},{"floor":0,"key":"DuplicationPotion"},{"floor":0,"key":"Fire Potion"},{"floor":10,"key":"FearPotion"},{"floor":12,"key":"DuplicationPotion"},{"floor":13,"key":"SpeedPotion"},{"floor":16,"key":"PowerPotion"},{"floor":23,"key":"bronze:BurnAndBuffPotion"},{"floor":31,"key":"AttackPotion"}],"is_trial":false,"path_per_floor":["M","M","?","M","M","E","R","?","T","E","M","E","M","E","R","B",null,"M","?","?","M","M","E","R","E","T","$","M","?","E","M","R","B"],"character_chosen":"THE_DEFAULT","items_purchased":["theMarked:Generate","Gremlin Horn","theSenshi:SailorFukuRelic"],"campfire_rested":3,"item_purchase_floors":[27,27,27],"current_hp_per_floor":[60,58,58,58,52,49,72,72,72,67,62,32,32,27,27,10,60,49,49,49,46,33,4,27,11,11,11,13,13,15,9,32,0,0],"gold":96,"neow_bonus":"THREE_SMALL_POTIONS","is_daily":false,"chose_seed":false,"campfire_upgraded":1,"win_rate":0.0,"timestamp":1611390766,"path_taken":["M","M","?","M","M","E","R","?","T","E","M","E","?","E","R","BOSS","M","?","?","?","M","E","R","E","T","?","M","?","E","M","R","BOSS"],"items_purchased_type":["Card","Relic","Relic"],"build_version":"2020-12-22","purchased_purges":0,"victory":false,"max_hp_per_floor":[70,70,70,70,70,77,77,77,77,77,77,77,77,77,77,77,77,77,77,77,77,77,77,77,77,77,77,77,77,77,77,77,77,77],"card_choices":[{"not_picked":["theMarked:AttractMetal","theMarked:ElectricStrings"],"picked":"theMarked:RepellingDischarge","floor":1},{"not_picked":["theMarked:ChainLightning","theMarked:TwofoldDefense"],"picked":"theMarked:BanishingStrike","floor":2},{"not_picked":["theMarked:ElementalBlade","theMarked:Polarize"],"picked":"theMarked:GodGivenPower","floor":4},{"not_picked":["theMarked:Frustration","theMarked:Electrocute"],"picked":"theMarked:Overcharge","floor":5},{"not_picked":["theMarked:EmpowerWeapon","theMarked:Improvise"],"picked":"theMarked:ChannelForce","floor":6},{"not_picked":["theMarked:RepellingDischarge","theMarked:TwofoldDefense"],"picked":"theMarked:MysticalArsenal","floor":10},{"not_picked":["theMarked:Static","theMarked:DeterminationOfTheMarked"],"picked":"theMarked:RepellingDischarge","floor":11},{"not_picked":["theMarked:Frustration","theMarked:Overcharge"],"picked":"theMarked:WastefulDefense","floor":12},{"not_picked":["theMarked:Improvise","theMarked:Overcharge"],"picked":"theMarked:HeritageOfTheMarked","floor":13},{"not_picked":["theMarked:Aftermath","theMarked:HeightenedSenses"],"picked":"theMarked:ShockingTouch","floor":14},{"not_picked":["theMarked:MagicAdept","theMarked:EternalStudent"],"picked":"theMarked:TakeOffHeels","floor":16},{"not_picked":["theMarked:Electrocute","theMarked:Polarize+1"],"picked":"theMarked:TakeCover+1","floor":18},{"not_picked":["theMarked:ShockingTouch+1","theMarked:Parkour+1"],"picked":"theMarked:ContemptForTheProud","floor":21},{"not_picked":["theMarked:SwordAndMagic","theMarked:HeightenedSenses"],"picked":"theMarked:DeterminationOfTheMarked","floor":22},{"not_picked":["theMarked:ResourceFulStrike","theMarked:ParalyzingBlade"],"picked":"theMarked:WardOff","floor":23},{"not_picked":["theMarked:Panic","theMarked:HeightenedSenses"],"picked":"theMarked:TunnelVision","floor":25},{"not_picked":["theMarked:RepellingDischarge","theMarked:WastefulAttack"],"picked":"theMarked:Panic+1","floor":28},{"not_picked":["theMarked:KeepCalmAndFightOn","theMarked:Aftermath","theMarked:EmpowerWeapon"],"picked":"SKIP","floor":30},{"not_picked":["theMarked:BanishingWave","theMarked:StartUp"],"picked":"theMarked:ReduceFriction","floor":31}],"player_experience":2913686,"relics_obtained":[{"floor":6,"key":"Strawberry"},{"floor":9,"key":"Vajra"},{"floor":10,"key":"Bottled Flame"},{"floor":12,"key":"Runesmith:Locket"},{"floor":14,"key":"hexamod:CandleOfCauterizing"},{"floor":23,"key":"champ:DuelingGlove"},{"floor":25,"key":"Blood Vial"},{"floor":26,"key":"War Paint"},{"floor":30,"key":"Thread and Needle"}],"event_choices":[{"damage_healed":0,"gold_gain":0,"player_choice":"Grow","damage_taken":0,"max_hp_gain":0,"max_hp_loss":0,"event_name":"Living Wall","floor":3,"gold_loss":0,"cards_upgraded":["theMarked:SoldierOfQuellstein"]},{"cards_removed":["theMarked:Strike"],"damage_healed":0,"gold_gain":0,"player_choice":"Offered Basic","damage_taken":0,"max_hp_gain":0,"max_hp_loss":0,"event_name":"Bonfire Elementals","floor":8,"gold_loss":0},{"damage_healed":0,"gold_gain":0,"player_choice":"Ignored","damage_taken":0,"max_hp_gain":0,"max_hp_loss":0,"event_name":"Ghosts","floor":19,"gold_loss":0},{"cards_removed":["theMarked:Strike"],"damage_healed":0,"gold_gain":0,"player_choice":"Upgrade and Remove","damage_taken":0,"max_hp_gain":0,"max_hp_loss":0,"event_name":"Designer","floor":20,"gold_loss":90,"cards_upgraded":["theMarked:RepellingDischarge"]},{"damage_healed":0,"gold_gain":0,"player_choice":"Opened","damage_taken":0,"relics_obtained":["CeramicFish"],"max_hp_gain":0,"max_hp_loss":0,"event_name":"The Mausoleum","floor":29,"gold_loss":0}],"is_beta":false,"boss_relics":[{"not_picked":["Astrolabe","Cursed Key"],"picked":"theMarked:BronzeBlade"}],"items_purged_floors":[],"is_endless":false,"potions_floor_spawned":[4,10,12,13,16,18,23,31],"killed_by":"Collector","ascension_level":6}}