{"host":"bg8va46pgqgvtzim","time":1611412572,"event":{"mods":["BaseMod","Minty Spire (QoL Compilation)","Quick Restart","StSLib","SuperFastMode"],"gold_per_floor":[112,112,112,127,138,166,166,9,21,74,74,74,74,91,37,56,56,56,158,158,176,176,176,187,187,87,12,12,12,25,58,78,78,98,130,59,59,76,103,117,135,145,145,242,242,252,267,284,284,301,321,321,347,347,359,393,393,405,405,416,43,54,124,144,164,164,164,164,164,164,14,44,44],"floor_reached":74,"language":"ZHS","playtime":2496,"items_purged":["Strike_G","Defend_G","Predator+1","Defend_G+1"],"score":1717,"play_id":"23fb229b-1a79-40bb-b532-f1759160f431","local_time":"20210123223612","is_ascension_mode":true,"campfire_choices":[{"data":"Blade Dance","floor":7.0,"key":"SMITH"},{"data":"Accuracy","floor":11.0,"key":"SMITH"},{"data":"Predator","floor":13.0,"key":"SMITH"},{"data":"Expertise","floor":17.0,"key":"SMITH"},{"data":"Acrobatics","floor":18.0,"key":"SMITH"},{"data":"Tactician","floor":37.0,"key":"SMITH"},{"data":"Tactician","floor":43.0,"key":"SMITH"},{"data":"Prepared","floor":52.0,"key":"SMITH"},{"data":"Setup","floor":54.0,"key":"SMITH"},{"data":"Acrobatics","floor":59.0,"key":"SMITH"},{"floor":66.0,"key":"RECALL"},{"data":"Choke","floor":67.0,"key":"SMITH"},{"data":"Well Laid Plans","floor":70.0,"key":"SMITH"}],"circlet_count":0,"master_deck":["Survivor","Neutralize+1","Underhanded Strike+1","Blade Dance+1","After Image","Accuracy+1","Expertise+1","Reflex","Acrobatics+1","Concentrate","Reflex+1","Choke+1","Tactician+1","Acrobatics+1","Terror","Tactician+1","Escape Plan+1","Calculated Gamble+1","Well Laid Plans+1","Setup+1","Acrobatics","Prepared+1","Accuracy+1","Prepared+1","Prepared+1"],"relics":["Ring of the Snake","NeowsBlessing","Meat on the Bone","MealTicket","FaceOfCleric","Philosopher\u0027s Stone","Dream Catcher","Happy Flower","Ginger","Empty Cage","Bronze Scales","War Paint","Blood Vial","Sundial","Bottled Tornado","Whetstone"],"acts_visited":["Exordium","TheCity","TheBeyond","TheEnding"],"potions_floor_usage":[73,73,73,73],"damage_taken":[{"damage":0.0,"enemies":"Small Slimes","floor":1.0,"turns":1.0},{"damage":0.0,"enemies":"2 Louse","floor":4.0,"turns":1.0},{"damage":0.0,"enemies":"Jaw Worm","floor":5.0,"turns":1.0},{"damage":26.0,"enemies":"3 Sentries","floor":6.0,"turns":10.0},{"damage":0.0,"enemies":"Lots of Slimes","floor":9.0,"turns":1.0},{"damage":0.0,"enemies":"2 Fungi Beasts","floor":14.0,"turns":3.0},{"damage":0.0,"enemies":"Blue Slaver","floor":16.0,"turns":4.0},{"damage":0.0,"enemies":"Slime Boss","floor":19.0,"turns":5.0},{"damage":10.0,"enemies":"3 Byrds","floor":21.0,"turns":4.0},{"damage":0.0,"enemies":"Chosen","floor":24.0,"turns":2.0},{"damage":1.0,"enemies":"Shelled Parasite and Fungi","floor":30.0,"turns":2.0},{"damage":0.0,"enemies":"Gremlin Leader","floor":31.0,"turns":2.0},{"damage":0.0,"enemies":"Chosen and Byrds","floor":32.0,"turns":3.0},{"damage":0.0,"enemies":"Centurion and Healer","floor":34.0,"turns":2.0},{"damage":0.0,"enemies":"Book of Stabbing","floor":35.0,"turns":3.0},{"damage":0.0,"enemies":"3 Cultists","floor":38.0,"turns":2.0},{"damage":0.0,"enemies":"Gremlin Leader","floor":39.0,"turns":2.0},{"damage":8.0,"enemies":"Cultist and Chosen","floor":40.0,"turns":2.0},{"damage":0.0,"enemies":"Snecko","floor":41.0,"turns":3.0},{"damage":0.0,"enemies":"3 Cultists","floor":42.0,"turns":1.0},{"damage":0.0,"enemies":"Collector","floor":44.0,"turns":2.0},{"damage":0.0,"enemies":"3 Darklings","floor":46.0,"turns":2.0},{"damage":0.0,"enemies":"3 Shapes","floor":47.0,"turns":1.0},{"damage":0.0,"enemies":"Sphere and 2 Shapes","floor":48.0,"turns":1.0},{"damage":0.0,"enemies":"4 Shapes","floor":50.0,"turns":1.0},{"damage":0.0,"enemies":"3 Darklings","floor":51.0,"turns":1.0},{"damage":0.0,"enemies":"Nemesis","floor":53.0,"turns":1.0},{"damage":0.0,"enemies":"Transient","floor":55.0,"turns":2.0},{"damage":0.0,"enemies":"Reptomancer","floor":56.0,"turns":2.0},{"damage":0.0,"enemies":"4 Shapes","floor":58.0,"turns":1.0},{"damage":0.0,"enemies":"Maw","floor":60.0,"turns":1.0},{"damage":0.0,"enemies":"Spire Growth","floor":62.0,"turns":1.0},{"damage":0.0,"enemies":"3 Darklings","floor":64.0,"turns":1.0},{"damage":0.0,"enemies":"Transient","floor":65.0,"turns":1.0},{"damage":33.0,"enemies":"Time Eater","floor":68.0,"turns":5.0},{"damage":20,"enemies":"Shield and Spear","floor":72,"turns":2},{"damage":1,"enemies":"The Heart","floor":73,"turns":3}],"seed_played":"2315975485854591483","potions_obtained":[{"floor":6.0,"key":"Explosive Potion"},{"floor":9.0,"key":"FairyPotion"},{"floor":14.0,"key":"Fire Potion"},{"floor":16.0,"key":"EntropicBrew"},{"floor":34.0,"key":"SkillPotion"},{"floor":35.0,"key":"DistilledChaos"},{"floor":39.0,"key":"Regen Potion"},{"floor":55.0,"key":"Fire Potion"},{"floor":72,"key":"SpeedPotion"}],"is_trial":false,"path_per_floor":["M","?","?","M","M","E","R","$","M","T","R","?","R","M","$","M","R","R","B",null,"M","?","?","M","?","$","?","$","?","M","E","M","T","M","E","$","R","M","E","M","M","M","R","B",null,"M","M","M","?","M","M","R","E","R","M","E","T","M","R","M","$","M","T","M","M","R","R","B",null,"R","$","E","B",null],"character_chosen":"THE_SILENT","items_purchased":["Accuracy","Acrobatics","Well Laid Plans","Sundial"],"campfire_rested":0,"item_purchase_floors":[8,15,36,61],"current_hp_per_floor":[70,63,68,68,68,42,42,42,42,42,42,42,42,43,58,59,59,59,60,78,69,69,69,70,70,80,80,80,65,65,66,67,67,68,69,84,84,85,86,79,80,81,81,82,96,97,98,99,99,100,101,101,102,102,103,104,104,105,105,106,106,107,107,108,109,109,109,77,110,110,110,91,93],"gold":44,"neow_bonus":"THREE_ENEMY_KILL","is_daily":false,"chose_seed":false,"campfire_upgraded":12,"win_rate":0.0,"timestamp":1611412572,"path_taken":["M","?","?","M","M","E","R","$","M","T","R","?","R","M","$","?","R","R","BOSS","M","?","?","M","?","$","?","$","?","M","E","M","T","M","E","?","R","M","E","M","M","M","R","BOSS","M","M","M","?","?","M","R","E","R","M","E","T","M","R","M","$","M","?","M","M","R","R","BOSS","R","$","E","BOSS"],"items_purchased_type":["Card","Card","Card","Relic"],"build_version":"2020-12-22","purchased_purges":4,"victory":true,"max_hp_per_floor":[70,70,75,75,75,75,75,75,75,75,75,75,75,76,76,77,77,77,78,78,79,79,79,80,80,80,80,80,85,86,87,88,88,89,90,90,90,91,92,93,94,95,95,96,96,97,98,99,99,100,101,101,102,102,103,104,104,105,105,106,106,107,107,108,109,109,109,110,110,110,110,111,112],"card_choices":[{"not_picked":["Flying Knee","Dagger Spray"],"picked":"Underhanded Strike","floor":1.0},{"not_picked":["Setup","Concentrate"],"picked":"Predator","floor":4.0},{"not_picked":["Acrobatics","Skewer"],"picked":"Blade Dance","floor":5.0},{"not_picked":["Slice","Sucker Punch"],"picked":"After Image","floor":6.0},{"not_picked":["PiercingWail","Blade Dance"],"picked":"Expertise","floor":9.0},{"not_picked":["Deflect","Dagger Spray"],"picked":"Reflex","floor":14.0},{"not_picked":["Poisoned Stab","Skewer"],"picked":"Concentrate","floor":16.0},{"not_picked":["Dodge and Roll","Sucker Punch"],"picked":"Reflex","floor":21.0},{"not_picked":["Deadly Poison","Sucker Punch+1"],"picked":"Acrobatics","floor":24.0},{"not_picked":["Dodge and Roll+1","Deadly Poison+1","Dagger Throw"],"picked":"SKIP","floor":30.0},{"not_picked":["Dodge and Roll","Dagger Spray+1"],"picked":"Terror","floor":31.0},{"not_picked":["Sucker Punch","Dagger Spray"],"picked":"Tactician","floor":32.0},{"not_picked":["Bouncing Flask","Poisoned Stab+1"],"picked":"Escape Plan+1","floor":34.0},{"not_picked":["Flying Knee","Outmaneuver"],"picked":"Calculated Gamble+1","floor":35.0},{"not_picked":["Setup","Noxious Fumes+1","Bane"],"picked":"SKIP","floor":38.0},{"not_picked":["Noxious Fumes+1","Bane"],"picked":"Setup","floor":38.0},{"not_picked":["Leg Sweep","Envenom","Deflect+1"],"picked":"SKIP","floor":39.0},{"not_picked":["Deadly Poison","Escape Plan+1","Dagger Throw"],"picked":"SKIP","floor":40.0},{"not_picked":["Dodge and Roll","Crippling Poison+1","Acrobatics"],"picked":"SKIP","floor":41.0},{"not_picked":["Cloak And Dagger","Bane+1","Dagger Spray"],"picked":"SKIP","floor":42.0},{"not_picked":["Blur+1","Deflect","Underhanded Strike+1"],"picked":"SKIP","floor":46.0},{"not_picked":["Finisher","Quick Slash","Underhanded Strike"],"picked":"SKIP","floor":47.0},{"not_picked":["Dagger Throw+1","Grand Finale","Slice+1"],"picked":"SKIP","floor":48.0},{"not_picked":["Poisoned Stab+1","Outmaneuver"],"picked":"Acrobatics","floor":50.0},{"not_picked":["Cloak And Dagger+1","Dash"],"picked":"Prepared","floor":51.0},{"not_picked":["Dash","Crippling Poison"],"picked":"Accuracy+1","floor":53.0},{"not_picked":["Night Terror","Slice+1","Deflect+1"],"picked":"SKIP","floor":55.0},{"not_picked":["Poisoned Stab","Sucker Punch","Accuracy"],"picked":"SKIP","floor":56.0},{"not_picked":["Terror","Acrobatics+1","Skewer+1"],"picked":"SKIP","floor":58.0},{"not_picked":["Cloak And Dagger+1","PiercingWail+1","Poisoned Stab+1"],"picked":"SKIP","floor":60.0},{"not_picked":["Dagger Spray","Glass Knife"],"picked":"Prepared+1","floor":62.0},{"not_picked":["Poisoned Stab+1","Riddle With Holes","Dagger Spray+1"],"picked":"SKIP","floor":64.0},{"not_picked":["Acrobatics","Setup+1"],"picked":"Prepared+1","floor":65.0},{"not_picked":["Slice","Eviscerate","Die Die Die"],"picked":"SKIP","floor":72}],"player_experience":2313418,"relics_obtained":[{"floor":6.0,"key":"Meat on the Bone"},{"floor":10.0,"key":"MealTicket"},{"floor":31.0,"key":"Dream Catcher"},{"floor":35.0,"key":"Happy Flower"},{"floor":39.0,"key":"Ginger"},{"floor":56.0,"key":"War Paint"},{"floor":57.0,"key":"Blood Vial"},{"floor":63.0,"key":"Bottled Tornado"},{"floor":72,"key":"Whetstone"}],"event_choices":[{"cards_removed":["Strike_G"],"damage_healed":0.0,"max_hp_gain":0.0,"max_hp_loss":0.0,"gold_gain":0.0,"event_name":"Golden Wing","player_choice":"Card Removal","floor":2.0,"gold_loss":0.0,"damage_taken":7.0},{"damage_healed":0.0,"max_hp_gain":5.0,"max_hp_loss":0.0,"gold_gain":0.0,"event_name":"Big Fish","player_choice":"Donut","floor":3.0,"gold_loss":0.0,"damage_taken":0.0},{"damage_healed":0.0,"max_hp_gain":0.0,"max_hp_loss":0.0,"gold_gain":0.0,"event_name":"FaceTrader","player_choice":"Trade","floor":12.0,"gold_loss":0.0,"damage_taken":0.0,"relics_obtained":["FaceOfCleric"]},{"damage_healed":0.0,"max_hp_gain":0.0,"max_hp_loss":0.0,"gold_gain":0.0,"event_name":"Ghosts","player_choice":"Ignored","floor":22.0,"gold_loss":0.0,"damage_taken":0.0},{"damage_healed":0.0,"max_hp_gain":0.0,"max_hp_loss":0.0,"gold_gain":0.0,"cards_transformed":["Strike_G","Strike_G"],"event_name":"Drug Dealer","player_choice":"Became Test Subject","floor":23.0,"gold_loss":0.0,"damage_taken":0.0,"cards_obtained":["Choke","Tactician"]},{"cards_removed":["Strike_G"],"damage_healed":0.0,"max_hp_gain":0.0,"max_hp_loss":0.0,"gold_gain":0.0,"event_name":"Back to Basics","player_choice":"Elegance","floor":25.0,"gold_loss":0.0,"damage_taken":0.0},{"cards_removed":["Defend_G"],"damage_healed":0.0,"max_hp_gain":0.0,"max_hp_loss":0.0,"gold_gain":0.0,"event_name":"Beggar","player_choice":"Gave Gold","floor":27.0,"gold_loss":75.0,"damage_taken":0.0},{"damage_healed":0.0,"max_hp_gain":5.0,"max_hp_loss":0.0,"gold_gain":0.0,"event_name":"Forgotten Altar","player_choice":"Shed Blood","floor":29.0,"gold_loss":0.0,"damage_taken":20.0},{"damage_healed":0.0,"max_hp_gain":0.0,"max_hp_loss":0.0,"gold_gain":0.0,"event_name":"WeMeetAgain","player_choice":"Gave Potion","floor":49.0,"gold_loss":0.0,"damage_taken":0.0,"relics_obtained":["Bronze Scales"]}],"is_beta":false,"boss_relics":[{"not_picked":["SlaversCollar","Ectoplasm"],"picked":"Philosopher\u0027s Stone"},{"not_picked":["Ring of the Serpent","Snecko Eye"],"picked":"Empty Cage"}],"items_purged_floors":[8,26,61,71],"is_endless":false,"potions_floor_spawned":[6,9,14,16,34,35,38,39,40,41,42,46,55,56,58,60,72],"ascension_level":1}}