{"host":"mi0eibewekhugwl1","time":1611375939,"event":{"mods":["AchievementEnabler","BaseMod","Colored Map","Colored Powertips","DeckTracker","Keyboard Shortcuts","Minty Spire (QoL Compilation)","Quick Restart","Rare Cards Sparkle","Relic Stats","StSLib","SuperFastMode","everything is the same but u backflip on backflip"],"gold_per_floor":[111,130,145,145,164,164,189,233,233,233,233],"floor_reached":10,"language":"KOR","playtime":221,"items_purged":[],"score":140,"play_id":"46d17dab-8686-40a6-9ce0-f7ac299d4fef","local_time":"20210123132539","is_ascension_mode":true,"campfire_choices":[{"data":"Armaments","floor":6,"key":"SMITH"}],"circlet_count":0,"master_deck":["AscendersBane","Strike_R","Strike_R","Strike_R","Strike_R","Defend_R","Defend_R","Defend_R","Defend_R","Bash","Body Slam","Pommel Strike","Armaments+1","Cleave","Bludgeon"],"relics":["Burning Blood","Golden Idol","Bag of Preparation","Paper Frog"],"acts_visited":["Exordium"],"potions_floor_usage":[8,10],"damage_taken":[{"damage":2,"enemies":"Cultist","floor":1,"turns":4},{"damage":15,"enemies":"Small Slimes","floor":2,"turns":4},{"damage":3,"enemies":"2 Louse","floor":3,"turns":4},{"damage":49,"enemies":"Large Slime","floor":5,"turns":8},{"damage":12,"enemies":"3 Louse","floor":7,"turns":5},{"damage":7,"enemies":"Lagavulin","floor":8,"turns":7},{"damage":20,"enemies":"3 Sentries","floor":10,"turns":4}],"seed_played":"8452618849961856997","potions_obtained":[{"floor":2,"key":"SteroidPotion"},{"floor":5,"key":"DuplicationPotion"},{"floor":8,"key":"AttackPotion"}],"is_trial":false,"path_per_floor":["M","M","M","?","M","R","M","E","T","E"],"character_chosen":"IRONCLAD","items_purchased":[],"campfire_rested":0,"item_purchase_floors":[],"current_hp_per_floor":[72,63,66,66,23,23,17,16,16,0,0],"gold":233,"neow_bonus":"REMOVE_CARD","is_daily":false,"chose_seed":false,"campfire_upgraded":1,"win_rate":0.0,"timestamp":1611375939,"path_taken":["M","M","M","?","M","R","M","E","T","E"],"items_purchased_type":[],"build_version":"2020-12-22","purchased_purges":0,"victory":false,"max_hp_per_floor":[75,75,75,68,68,68,68,68,68,68,68],"relic_stats":{"counters":[7,36],"Golden Idol":18,"Bag of Preparation":[2],"obtain_stats":[{"Golden Idol":4,"Bag of Preparation":8,"Burning Blood":0,"Paper Frog":9},{"Golden Idol":3,"Bag of Preparation":6,"Burning Blood":0,"Paper Frog":6},{"Golden Idol":12,"Bag of Preparation":32,"Burning Blood":0,"Paper Frog":32}],"Burning Blood":36},"card_choices":[{"not_picked":["Rupture","Headbutt"],"picked":"Body Slam","floor":1},{"not_picked":["Burning Pact","Warcry"],"picked":"Pommel Strike","floor":2},{"not_picked":["Clash","Warcry","Clothesline"],"picked":"SKIP","floor":3},{"not_picked":["Heavy Blade","Armaments","True Grit"],"picked":"SKIP","floor":5},{"not_picked":["Heavy Blade","True Grit"],"picked":"Armaments","floor":5},{"not_picked":["Flex","Bloodletting"],"picked":"Cleave","floor":7},{"not_picked":["Inflame","Headbutt"],"picked":"Bludgeon","floor":8}],"player_experience":1757354,"relics_obtained":[{"floor":8,"key":"Bag of Preparation"},{"floor":9,"key":"Paper Frog"}],"event_choices":[{"damage_healed":0,"gold_gain":0,"player_choice":"Lose Max HP","damage_taken":0,"relics_obtained":["Golden Idol"],"max_hp_gain":0,"max_hp_loss":7,"event_name":"Golden Idol","floor":4,"gold_loss":0}],"is_beta":false,"boss_relics":[],"items_purged_floors":[],"is_endless":false,"potions_floor_spawned":[2,5,8],"killed_by":"3 Sentries","ascension_level":20}}