{"host":"sav7uxregyirlf69","time":1611376408,"event":{"mods":["AchievementEnabler","BaseMod","Colored Map","DeckTracker","Keyboard Shortcuts","Minty Spire (QoL Compilation)","READ ME - Guardian Mod","StSLib","SuperFastMode"],"gold_per_floor":[109,109,69,84,99,99,134,134,134,134,167,167,33,57,57,156,156,174,174,47,62,62,62],"floor_reached":22,"language":"KOR","playtime":300,"items_purged":["Strike_B"],"score":384,"play_id":"81a28861-afed-4799-84ec-f89a71117247","local_time":"20210123133328","is_ascension_mode":true,"campfire_choices":[{"data":"Zap","floor":6,"key":"SMITH"},{"data":"Dualcast","floor":8,"key":"SMITH"},{"data":"Recycle","floor":15,"key":"SMITH"}],"circlet_count":0,"master_deck":["AscendersBane","Strike_B","Strike_B","Defend_B","Defend_B","Defend_B","Defend_B","Zap+1","Dualcast+1","Ball Lightning","Go for the Eyes","Doom and Gloom","Meteor Strike","Capacitor","Undo","Conserve Battery","Recycle+1","Creative AI","Turbo+1","Self Repair","Hologram"],"relics":["Cracked Core","NeowsBlessing","Ice Cream","Mercury Hourglass","Golden Idol","StrikeDummy","Philosopher\u0027s Stone"],"acts_visited":["Exordium","TheCity"],"potions_floor_usage":[7,11,11,21],"damage_taken":[{"damage":0,"enemies":"Jaw Worm","floor":1,"turns":1},{"damage":0,"enemies":"2 Louse","floor":4,"turns":1},{"damage":0,"enemies":"Cultist","floor":5,"turns":1},{"damage":20,"enemies":"3 Sentries","floor":7,"turns":4},{"damage":20,"enemies":"Lagavulin","floor":11,"turns":6},{"damage":7,"enemies":"Large Slime","floor":14,"turns":4},{"damage":21,"enemies":"Hexaghost","floor":16,"turns":9},{"damage":14,"enemies":"Chosen","floor":18,"turns":5},{"damage":27,"enemies":"Shell Parasite","floor":21,"turns":5},{"damage":27,"enemies":"Snake Plant","floor":22,"turns":2}],"seed_played":"1793641663754504031","potions_obtained":[{"floor":3,"key":"EntropicBrew"},{"floor":3,"key":"CultistPotion"},{"floor":11,"key":"Fire Potion"},{"floor":16,"key":"BlessingOfTheForge"},{"floor":21,"key":"Strength Potion"}],"is_trial":false,"path_per_floor":["M","?","?","M","M","R","E","R","T","?","E","?","$","M","R","B",null,"M","?","$","M","M"],"character_chosen":"DEFECT","items_purchased":["Undo","Conserve Battery","Hologram"],"campfire_rested":0,"item_purchase_floors":[13,13,20],"current_hp_per_floor":[64,57,57,57,57,57,37,37,37,37,17,38,38,31,31,10,51,37,37,37,20,0,0],"gold":62,"neow_bonus":"THREE_ENEMY_KILL","is_daily":false,"chose_seed":false,"campfire_upgraded":3,"win_rate":0.0,"timestamp":1611376408,"path_taken":["M","?","?","M","?","R","E","R","T","?","E","?","$","M","R","BOSS","M","?","$","M","M"],"items_purchased_type":["Card","Card","Card"],"build_version":"2020-12-22","purchased_purges":1,"victory":false,"max_hp_per_floor":[71,71,71,71,71,71,71,71,71,64,64,64,64,64,64,64,64,64,64,64,64,64,64],"card_choices":[{"not_picked":["Barrage","Reprogram"],"picked":"Ball Lightning","floor":1},{"not_picked":["Rebound","Compile Driver"],"picked":"Go for the Eyes","floor":4},{"not_picked":["Undo","Melter"],"picked":"Doom and Gloom","floor":5},{"not_picked":["Scrape","FTL"],"picked":"Meteor Strike","floor":7},{"not_picked":["Conserve Battery","Beam Cell"],"picked":"Capacitor","floor":11},{"not_picked":["Turbo","Storm"],"picked":"Recycle","floor":14},{"not_picked":["Fission","Hyperbeam"],"picked":"Creative AI","floor":16},{"not_picked":["Blizzard","Sunder"],"picked":"Turbo+1","floor":18},{"not_picked":["Rebound","Ball Lightning","Darkness"],"picked":"SKIP","floor":21}],"player_experience":1364278,"relics_obtained":[{"floor":7,"key":"Ice Cream"},{"floor":9,"key":"Mercury Hourglass"},{"floor":11,"key":"StrikeDummy"}],"event_choices":[{"cards_removed":["Strike_B"],"damage_healed":0,"gold_gain":0,"player_choice":"Card Removal","damage_taken":7,"max_hp_gain":0,"max_hp_loss":0,"event_name":"Golden Wing","floor":2,"gold_loss":0},{"damage_healed":0,"gold_gain":0,"player_choice":"Bought 3 Potions","damage_taken":0,"max_hp_gain":0,"max_hp_loss":0,"event_name":"The Woman in Blue","floor":3,"gold_loss":0},{"damage_healed":0,"gold_gain":0,"player_choice":"Lose Max HP","damage_taken":0,"relics_obtained":["Golden Idol"],"max_hp_gain":0,"max_hp_loss":7,"event_name":"Golden Idol","floor":10,"gold_loss":0},{"damage_healed":21,"gold_gain":0,"player_choice":"Banana","damage_taken":0,"max_hp_gain":0,"max_hp_loss":0,"event_name":"Big Fish","floor":12,"gold_loss":0},{"damage_healed":0,"gold_gain":0,"player_choice":"Read","damage_taken":0,"max_hp_gain":0,"max_hp_loss":0,"event_name":"The Library","floor":19,"gold_loss":0,"cards_obtained":["Self Repair"]}],"is_beta":false,"boss_relics":[{"not_picked":["Ectoplasm","Fusion Hammer"],"picked":"Philosopher\u0027s Stone"}],"items_purged_floors":[20],"is_endless":false,"potions_floor_spawned":[4,11,14,16,21],"killed_by":"Snake Plant","ascension_level":20}}