{"host":"aqym1xxr3lb31d9m","time":1611408593,"event":{"mods":["BaseMod","Block Reminder","Colored Map","Colored Powertips","DeckTracker","Highlight Path","Minty Spire (QoL Compilation)","Quick Restart","Random Character Button","StSLib","SuperFastMode","UnlockEverythingMod"],"gold_per_floor":[114,133,103,103,103,103,103,103,103,131,146,157,192,205,205,280,280,300,311,331,331,244,270,270,270,270,284,284,32,64,64,64,141,141,155,110,110,110,128,156,156,181,208,208,208,240,250,250,250,250,250],"floor_reached":50,"language":"JPN","playtime":2129,"items_purged":[],"score":1198,"play_id":"77545230-2641-44d2-9a37-d5824d34b0e5","local_time":"20210123222953","is_ascension_mode":true,"campfire_choices":[{"data":"Shockwave","floor":6,"key":"SMITH"},{"data":"Twin Strike","floor":8,"key":"SMITH"},{"data":"Metallicize","floor":15,"key":"SMITH"},{"data":"Barricade","floor":24,"key":"SMITH"},{"floor":28,"key":"REST"},{"data":"True Grit","floor":32,"key":"SMITH"},{"data":"Fiend Fire","floor":41,"key":"SMITH"},{"data":"Immolate","floor":45,"key":"SMITH"},{"floor":49,"key":"RECALL"}],"circlet_count":0,"master_deck":["AscendersBane","Bash","Shockwave+1","Headbutt","Clothesline","Metallicize+1","Reckless Charge","Cleave","Fiend Fire+1","Feel No Pain","True Grit+1","Heavy Blade","Corruption","Inflame","Spot Weakness","Feel No Pain","Whirlwind","Second Wind","Immolate+1","Barricade+1","Rage","Headbutt+1","True Grit","Berserk+1","Dark Embrace+1","Fire Breathing+1","Madness","Madness","Shrug It Off","Shockwave","Burning Pact+1","Armaments+1","PanicButton"],"relics":["Burning Blood","NeowsBlessing","Gambling Chip","Mercury Hourglass","Mango","Pandora\u0027s Box","MutagenicStrength","Pantograph","Frozen Egg 2","Membership Card","Lantern","Kunai","Mark of Pain","Vajra","Shuriken","Bottled Flame","Ancient Tea Set"],"acts_visited":["Exordium","TheCity","TheBeyond"],"potions_floor_usage":[11,11,13,16,20,23,23,33,40,42,47],"damage_taken":[{"damage":0,"enemies":"Jaw Worm","floor":1,"turns":1},{"damage":0,"enemies":"Cultist","floor":2,"turns":1},{"damage":0,"enemies":"Lagavulin","floor":10,"turns":1},{"damage":0,"enemies":"2 Louse","floor":11,"turns":2},{"damage":16,"enemies":"Exordium Wildlife","floor":12,"turns":6},{"damage":22,"enemies":"3 Sentries","floor":13,"turns":5},{"damage":3,"enemies":"Large Slime","floor":14,"turns":4},{"damage":31,"enemies":"The Guardian","floor":16,"turns":11},{"damage":22,"enemies":"Shell Parasite","floor":18,"turns":5},{"damage":19,"enemies":"2 Thieves","floor":19,"turns":4},{"damage":7,"enemies":"3 Cultists","floor":20,"turns":4},{"damage":37,"enemies":"Slavers","floor":23,"turns":4},{"damage":27,"enemies":"Snake Plant","floor":27,"turns":5},{"damage":32,"enemies":"Gremlin Leader","floor":30,"turns":5},{"damage":4,"enemies":"Champ","floor":33,"turns":11},{"damage":2,"enemies":"Orb Walker","floor":35,"turns":3},{"damage":32,"enemies":"3 Darklings","floor":39,"turns":3},{"damage":10,"enemies":"Reptomancer","floor":40,"turns":6},{"damage":17,"enemies":"Giant Head","floor":42,"turns":9},{"damage":53,"enemies":"Nemesis","floor":46,"turns":11},{"damage":0,"enemies":"Jaw Worm Horde","floor":47,"turns":3},{"damage":39,"enemies":"Donu and Deca","floor":50,"turns":4}],"seed_played":"-4252789661230455253","potions_obtained":[{"floor":3,"key":"SpeedPotion"},{"floor":3,"key":"EntropicBrew"},{"floor":11,"key":"Fruit Juice"},{"floor":12,"key":"SteroidPotion"},{"floor":14,"key":"AttackPotion"},{"floor":19,"key":"Ancient Potion"},{"floor":20,"key":"BloodPotion"},{"floor":30,"key":"PowerPotion"},{"floor":33,"key":"LiquidBronze"},{"floor":39,"key":"AttackPotion"},{"floor":42,"key":"BloodPotion"},{"floor":46,"key":"Energy Potion"},{"floor":47,"key":"DuplicationPotion"}],"is_trial":false,"path_per_floor":["M","M","?","$","$","R","?","R","T","E","M","M","E","M","R","B",null,"M","M","M","?","$","E","R","?","T","M","R","$","E","?","R","B",null,"M","$","?","?","M","E","R","E","T","T","R","E","M","?","R","B"],"character_chosen":"IRONCLAD","items_purchased":["Barricade","Membership Card","Lantern","Fire Breathing+1"],"campfire_rested":1,"item_purchase_floors":[22,29,29,36],"current_hp_per_floor":[74,75,75,75,75,75,75,75,75,75,80,70,68,71,71,46,82,66,53,70,70,70,39,39,39,39,18,46,46,20,94,94,94,94,94,94,77,77,51,47,47,54,54,54,54,7,13,13,13,0,0],"gold":250,"neow_bonus":"THREE_ENEMY_KILL","is_daily":false,"chose_seed":false,"campfire_upgraded":7,"win_rate":0.0,"timestamp":1611408593,"path_taken":["M","M","?","?","$","R","?","R","T","E","M","?","E","M","R","BOSS","M","M","M","?","$","E","R","?","T","M","R","?","E","?","R","BOSS","M","?","?","?","M","E","R","E","T","?","R","E","M","?","R","BOSS"],"items_purchased_type":["Card","Relic","Relic","Card"],"build_version":"2020-12-22","purchased_purges":0,"victory":false,"max_hp_per_floor":[75,75,75,75,75,75,75,75,75,75,80,80,94,94,94,94,94,94,94,94,94,94,94,94,94,94,94,94,94,94,94,94,94,94,94,94,94,94,94,94,94,94,94,94,94,94,94,94,94,94,94],"card_choices":[{"not_picked":["Heavy Blade","Rage"],"picked":"Twin Strike","floor":1},{"not_picked":["Intimidate","Power Through"],"picked":"Shockwave","floor":2},{"not_picked":["Evolve","Rampage"],"picked":"Headbutt","floor":10},{"not_picked":["Havoc","Iron Wave"],"picked":"Clothesline","floor":11},{"not_picked":["Anger","Wild Strike"],"picked":"Metallicize","floor":12},{"not_picked":["Hemokinesis","Cleave"],"picked":"Reckless Charge","floor":13},{"not_picked":["Anger","Twin Strike"],"picked":"Cleave","floor":14},{"not_picked":["Juggernaut","Bludgeon"],"picked":"Fiend Fire","floor":16},{"not_picked":["Cleave","Pommel Strike"],"picked":"Whirlwind","floor":18},{"not_picked":["Armaments","Clash"],"picked":"Second Wind","floor":19},{"not_picked":["Blood for Blood","Ghostly Armor+1"],"picked":"Immolate","floor":20},{"not_picked":["Pommel Strike","Heavy Blade"],"picked":"Rage","floor":23},{"not_picked":["Iron Wave","Pummel"],"picked":"Headbutt+1","floor":27},{"not_picked":["Intimidate","Havoc"],"picked":"True Grit","floor":30},{"not_picked":["Immolate","Exhume"],"picked":"Berserk+1","floor":33},{"not_picked":["Warcry","Pommel Strike"],"picked":"Dark Embrace+1","floor":35},{"not_picked":["Spot Weakness","Flex"],"picked":"Shrug It Off","floor":39},{"not_picked":["Thunderclap","Anger"],"picked":"Shockwave","floor":40},{"not_picked":["Body Slam","Anger","Cleave"],"picked":"SKIP","floor":42},{"not_picked":["Reckless Charge","Twin Strike"],"picked":"Burning Pact+1","floor":46},{"not_picked":["Twin Strike","Reckless Charge"],"picked":"Armaments+1","floor":47},{"not_picked":["Bandage Up","Finesse"],"picked":"PanicButton","floor":48}],"player_experience":3989691,"relics_obtained":[{"floor":9,"key":"Gambling Chip"},{"floor":10,"key":"Mercury Hourglass"},{"floor":13,"key":"Mango"},{"floor":23,"key":"Pantograph"},{"floor":26,"key":"Frozen Egg 2"},{"floor":30,"key":"Kunai"},{"floor":40,"key":"Vajra"},{"floor":42,"key":"Shuriken"},{"floor":44,"key":"Bottled Flame"},{"floor":46,"key":"Ancient Tea Set"}],"event_choices":[{"damage_healed":0,"gold_gain":0,"player_choice":"Bought 2 Potions","damage_taken":0,"max_hp_gain":0,"max_hp_loss":0,"event_name":"The Woman in Blue","floor":3,"gold_loss":0},{"cards_removed":["Strike_R"],"damage_healed":0,"gold_gain":0,"player_choice":"Purged","damage_taken":0,"max_hp_gain":0,"max_hp_loss":0,"event_name":"Purifier","floor":7,"gold_loss":0},{"damage_healed":0,"gold_gain":0,"player_choice":"Inject Mutagens","damage_taken":0,"relics_obtained":["MutagenicStrength"],"max_hp_gain":0,"max_hp_loss":0,"event_name":"Drug Dealer","floor":21,"gold_loss":0},{"damage_healed":0,"gold_gain":0,"player_choice":"Ignored","damage_taken":0,"max_hp_gain":0,"max_hp_loss":0,"event_name":"Vampires","floor":25,"gold_loss":0},{"cards_removed":["Infernal Blade"],"damage_healed":74,"gold_gain":0,"player_choice":"Offered Uncommon","damage_taken":0,"max_hp_gain":0,"max_hp_loss":0,"event_name":"Bonfire Elementals","floor":31,"gold_loss":0},{"damage_healed":0,"gold_gain":0,"player_choice":"Embrace Madness","damage_taken":17,"max_hp_gain":0,"max_hp_loss":0,"event_name":"Winding Halls","floor":37,"gold_loss":0,"cards_obtained":["Madness","Madness"]},{"cards_removed":["Twin Strike"],"damage_healed":0,"gold_gain":0,"player_choice":"Removed Attack","damage_taken":0,"max_hp_gain":0,"max_hp_loss":0,"event_name":"Falling","floor":38,"gold_loss":0},{"damage_healed":0,"gold_gain":0,"player_choice":"Memory 1","damage_taken":0,"max_hp_gain":0,"max_hp_loss":0,"event_name":"SensoryStone","floor":48,"gold_loss":0}],"is_beta":false,"boss_relics":[{"not_picked":["Busted Crown","Ectoplasm"],"picked":"Pandora\u0027s Box"},{"not_picked":["SacredBark","Empty Cage"],"picked":"Mark of Pain"}],"items_purged_floors":[],"is_endless":false,"potions_floor_spawned":[11,12,14,19,20,30,33,39,42,46,47],"killed_by":"Donu and Deca","ascension_level":20}}