{"host":"3zmssa4s99zhxek5","time":1611389968,"event":{"mods":["AchievementEnabler","BaseMod","Minty Spire (QoL Compilation)","Permanent Neow","Relic Stats"],"gold_per_floor":[111,126,126,138,151,176,176,207,207,357,139,172,183,195,195,269,269,280,280,3,23,37,37,54,86,86,115,115,132,132,165,165,243,243,261,261,90,136,136,136,136,136,159,159,178,197,229,94,94,94,94],"floor_reached":50,"language":"KOR","playtime":6303,"items_purged":["Doubt"],"score":1131,"play_id":"7c84c9eb-03bd-4962-a7e7-29af4625755f","local_time":"20210123171928","is_ascension_mode":true,"campfire_choices":[{"data":"Bash","floor":7.0,"key":"SMITH"},{"data":"Disarm","floor":15.0,"key":"SMITH"},{"data":"Dark Embrace","floor":23.0,"key":"SMITH"},{"data":"True Grit","floor":28.0,"key":"SMITH"},{"data":"Evolve","floor":32.0,"key":"SMITH"},{"floor":40,"key":"DIG"},{"floor":41,"key":"DIG"},{"floor":42,"key":"DIG"},{"floor":44,"key":"DIG"},{"floor":49,"key":"DIG"}],"circlet_count":0,"master_deck":["AscendersBane","Strike_R+1","Strike_R+1","Strike_R+1","Strike_R+1","Defend_R+1","Defend_R+1","Defend_R+1","Defend_R+1","Bash+1","Wild Strike+1","Wild Strike+1","Reaper+1","Iron Wave+1","Disarm+1","Dark Embrace+1","Sever Soul+1","Flash of Steel+1","Wild Strike+1","Offering+1","Sentinel+1","Power Through+1","Master of Strategy+1","Ghostly Armor+1","Flame Barrier+1","Thunderclap+1","True Grit+1","Shrug It Off+1","Burning Pact+1","Evolve+1","Intimidate+1","Berserk+1","Carnage+1","Shrug It Off+1","Intimidate","Second Wind","Seeing Red","Fire Breathing","PanicButton"],"relics":["Burning Blood","Dead Branch","Mercury Hourglass","Magic Flower","Ornamental Fan","Kunai","Eternal Feather","Mark of Pain","Ancient Tea Set","Akabeko","Red Mask","WingedGreaves","SlaversCollar","Anchor","Shovel","Mark of the Bloom","Self Forming Clay","Oddly Smooth Stone","The Courier","PreservedInsect","Lizard Tail","Bottled Tornado","Toy Ornithopter"],"acts_visited":["Exordium","TheCity","TheBeyond"],"potions_floor_usage":[47,50],"damage_taken":[{"damage":12.0,"enemies":"Jaw Worm","floor":1.0,"turns":5.0},{"damage":1.0,"enemies":"2 Louse","floor":2.0,"turns":3.0},{"damage":0.0,"enemies":"Cultist","floor":4.0,"turns":2.0},{"damage":19.0,"enemies":"Exordium Thugs","floor":5.0,"turns":4.0},{"damage":8.0,"enemies":"Gremlin Nob","floor":6.0,"turns":3.0},{"damage":27.0,"enemies":"Lagavulin","floor":8.0,"turns":7.0},{"damage":0.0,"enemies":"Gremlin Nob","floor":12.0,"turns":3.0},{"damage":10.0,"enemies":"Large Slime","floor":13.0,"turns":5.0},{"damage":14.0,"enemies":"3 Louse","floor":14.0,"turns":3.0},{"damage":23.0,"enemies":"Hexaghost","floor":16.0,"turns":9.0},{"damage":8.0,"enemies":"2 Thieves","floor":18.0,"turns":4.0},{"damage":42.0,"enemies":"Shell Parasite","floor":21.0,"turns":4.0},{"damage":9.0,"enemies":"Snake Plant","floor":22.0,"turns":2.0},{"damage":12.0,"enemies":"3 Cultists","floor":24.0,"turns":4.0},{"damage":31.0,"enemies":"Gremlin Leader","floor":25.0,"turns":6.0},{"damage":12.0,"enemies":"Masked Bandits","floor":27.0,"turns":4.0},{"damage":14.0,"enemies":"Sentry and Sphere","floor":29.0,"turns":5.0},{"damage":11.0,"enemies":"Book of Stabbing","floor":31.0,"turns":5.0},{"damage":50.0,"enemies":"Automaton","floor":33.0,"turns":11.0},{"damage":54.0,"enemies":"3 Darklings","floor":35.0,"turns":8.0},{"damage":6,"enemies":"2 Orb Walkers","floor":38,"turns":3},{"damage":0,"enemies":"Orb Walker","floor":45,"turns":3},{"damage":0,"enemies":"Sphere and 2 Shapes","floor":46,"turns":4},{"damage":19,"enemies":"Giant Head","floor":47,"turns":6},{"damage":31,"enemies":"Awakened One","floor":50,"turns":8}],"seed_played":"-4413061638616247390","potions_obtained":[{"floor":4.0,"key":"ElixirPotion"},{"floor":6.0,"key":"ColorlessPotion"},{"floor":13.0,"key":"Fire Potion"},{"floor":14.0,"key":"Strength Potion"},{"floor":22.0,"key":"SpeedPotion"},{"floor":25.0,"key":"DistilledChaos"},{"floor":29.0,"key":"FearPotion"},{"floor":45,"key":"PowerPotion"},{"floor":47,"key":"FearPotion"}],"is_trial":false,"path_per_floor":["M","M","?","M","M","E","R","E","T","?","$","E","M","M","R","B",null,"M","?","$","M","M","R","M","E","T","?","R","M","?","E","R","B",null,"M","?","$","?","?","R","R","R","T","R","M","M","E","$","R","B"],"character_chosen":"IRONCLAD","items_purchased":["Sever Soul","Flash of Steel","Power Through","Master of Strategy","Anchor","Fire Breathing","PanicButton"],"campfire_rested":0,"item_purchase_floors":[11,11,20,20,37,48,48],"current_hp_per_floor":[62,67,56,62,57,55,55,43,43,43,43,52,63,68,68,68,68,68,68,68,44,44,59,62,68,68,65,68,63,63,68,68,47,63,36,36,36,48,48,48,48,48,48,48,48,48,29,29,29,0,0],"gold":94,"neow_bonus":"ONE_RARE_RELIC","is_daily":false,"chose_seed":false,"campfire_upgraded":5,"win_rate":0.0,"timestamp":1611389968,"path_taken":["M","M","?","M","M","E","R","E","T","?","$","E","M","M","R","BOSS","M","?","$","M","?","R","M","E","T","?","R","M","?","E","R","BOSS","M","?","$","?","?","R","R","R","T","R","M","M","E","$","R","BOSS"],"items_purchased_type":["Card","Card","Card","Card","Relic","Card","Card"],"build_version":"2020-12-22","purchased_purges":1,"victory":false,"max_hp_per_floor":[68,68,68,68,68,68,68,68,68,68,68,68,68,68,68,68,68,68,68,68,68,68,68,68,68,68,68,68,68,68,68,68,68,68,68,65,65,65,65,65,65,65,65,65,65,65,65,65,65,65,65],"relic_stats":{"Mark of the Bloom":128,"counters":[25,118],"Self Forming Clay":[12],"Dead Branch":[220],"Magic Flower":[89],"Eternal Feather":18,"PreservedInsect":130,"Burning Blood":153,"Mercury Hourglass":[415],"Lizard Tail":0,"Shovel":5,"Ornamental Fan":[188],"Kunai":[47],"obtain_stats":[{"Mark of the Bloom":39,"Self Forming Clay":40,"Dead Branch":0,"Magic Flower":6,"Oddly Smooth Stone":41,"Eternal Feather":12,"The Courier":42,"PreservedInsect":43,"Bottled Tornado":47,"Ancient Tea Set":25,"Burning Blood":0,"Akabeko":26,"Mercury Hourglass":3,"SlaversCollar":34,"Anchor":37,"Lizard Tail":44,"Shovel":38,"Ornamental Fan":8,"Mark of Pain":17,"WingedGreaves":31,"Red Mask":27,"Kunai":9,"Toy Ornithopter":49},{"Mark of the Bloom":21,"Self Forming Clay":21,"Dead Branch":0,"Magic Flower":5,"Oddly Smooth Stone":21,"Eternal Feather":7,"The Courier":21,"PreservedInsect":21,"Bottled Tornado":24,"Ancient Tea Set":15,"Burning Blood":0,"Akabeko":15,"Mercury Hourglass":2,"SlaversCollar":19,"Anchor":20,"Lizard Tail":21,"Shovel":21,"Ornamental Fan":6,"Mark of Pain":10,"WingedGreaves":18,"Red Mask":16,"Kunai":6,"Toy Ornithopter":24},{"Mark of the Bloom":98,"Self Forming Clay":98,"Dead Branch":0,"Magic Flower":17,"Oddly Smooth Stone":98,"Eternal Feather":27,"The Courier":98,"PreservedInsect":98,"Bottled Tornado":110,"Ancient Tea Set":62,"Burning Blood":0,"Akabeko":62,"Mercury Hourglass":8,"SlaversCollar":87,"Anchor":95,"Lizard Tail":98,"Shovel":98,"Ornamental Fan":24,"Mark of Pain":42,"WingedGreaves":76,"Red Mask":66,"Kunai":24,"Toy Ornithopter":110}],"Toy Ornithopter":0},"card_choices":[{"not_picked":["Sword Boomerang","Clash"],"picked":"Wild Strike","floor":1.0},{"not_picked":["Ghostly Armor","Iron Wave"],"picked":"Wild Strike","floor":2.0},{"not_picked":["Reckless Charge","Headbutt"],"picked":"Reaper","floor":4.0},{"not_picked":["Bloodletting","Rage"],"picked":"Iron Wave","floor":5.0},{"not_picked":["Bloodletting","Intimidate"],"picked":"Disarm","floor":6.0},{"not_picked":["Anger","Bloodletting"],"picked":"Dark Embrace","floor":8.0},{"not_picked":["Rampage","Flex"],"picked":"Wild Strike","floor":12.0},{"not_picked":["Hemokinesis","Sword Boomerang","Entrench"],"picked":"SKIP","floor":13.0},{"not_picked":["Hemokinesis","Sword Boomerang","Entrench"],"picked":"SKIP","floor":13.0},{"not_picked":["Warcry","Havoc","Clash"],"picked":"SKIP","floor":14.0},{"not_picked":["Limit Break","Demon Form"],"picked":"Offering","floor":16.0},{"not_picked":["Spot Weakness","Body Slam"],"picked":"Sentinel","floor":18.0},{"not_picked":["Havoc","Iron Wave"],"picked":"Ghostly Armor","floor":21.0},{"not_picked":["Bludgeon","Clash"],"picked":"Flame Barrier+1","floor":22.0},{"not_picked":["Armaments","Warcry"],"picked":"Thunderclap","floor":24.0},{"not_picked":["Sever Soul","Heavy Blade+1"],"picked":"True Grit","floor":25.0},{"not_picked":["Hemokinesis","Twin Strike"],"picked":"Shrug It Off","floor":27.0},{"not_picked":["Uppercut","Fire Breathing"],"picked":"Burning Pact","floor":29.0},{"not_picked":["Battle Trance+1","Wild Strike"],"picked":"Intimidate","floor":31.0},{"not_picked":["Brutality","Juggernaut"],"picked":"Berserk","floor":33.0},{"not_picked":["Thunderclap+1","Pommel Strike"],"picked":"Carnage+1","floor":35.0},{"not_picked":["Entrench","Dropkick"],"picked":"Shrug It Off","floor":38},{"not_picked":["Shrug It Off","Clash"],"picked":"Intimidate","floor":45},{"not_picked":["Flex","Shrug It Off"],"picked":"Second Wind","floor":46},{"not_picked":["Pommel Strike","True Grit"],"picked":"Seeing Red","floor":47}],"player_experience":1569083,"relics_obtained":[{"floor":6.0,"key":"Magic Flower"},{"floor":8.0,"key":"Ornamental Fan"},{"floor":9.0,"key":"Kunai"},{"floor":12.0,"key":"Eternal Feather"},{"floor":25.0,"key":"Ancient Tea Set"},{"floor":26.0,"key":"Akabeko"},{"floor":27.0,"key":"Red Mask"},{"floor":31.0,"key":"WingedGreaves"},{"floor":38,"key":"Shovel"},{"floor":40,"key":"Self Forming Clay"},{"floor":41,"key":"Oddly Smooth Stone"},{"floor":42,"key":"The Courier"},{"floor":43,"key":"PreservedInsect"},{"floor":44,"key":"Lizard Tail"},{"floor":47,"key":"Bottled Tornado"},{"floor":49,"key":"Toy Ornithopter"}],"event_choices":[{"damage_healed":0.0,"max_hp_gain":0.0,"max_hp_loss":0.0,"gold_gain":0.0,"event_name":"Scrap Ooze","player_choice":"Success","floor":3.0,"gold_loss":0.0,"damage_taken":11.0,"relics_obtained":["Mercury Hourglass"]},{"damage_healed":0.0,"max_hp_gain":0.0,"max_hp_loss":0.0,"gold_gain":150.0,"event_name":"Liars Game","player_choice":"AGREE","floor":10.0,"gold_loss":0.0,"damage_taken":0.0,"cards_obtained":["Doubt"]},{"cards_removed":["Strike_R"],"damage_healed":0.0,"max_hp_gain":0.0,"max_hp_loss":0.0,"gold_gain":0.0,"event_name":"Bonfire Elementals","player_choice":"Offered Basic","floor":19.0,"gold_loss":0.0,"damage_taken":0.0},{"damage_healed":0.0,"max_hp_gain":0.0,"max_hp_loss":0.0,"gold_gain":0.0,"event_name":"Masked Bandits","player_choice":"Fought Bandits","floor":27.0,"gold_loss":0.0,"damage_taken":0.0},{"damage_healed":0.0,"max_hp_gain":0.0,"max_hp_loss":0.0,"gold_gain":0.0,"event_name":"The Library","player_choice":"Read","floor":30.0,"gold_loss":0.0,"damage_taken":0.0,"cards_obtained":["Evolve"]},{"damage_healed":0.0,"max_hp_gain":0.0,"max_hp_loss":3.0,"gold_gain":0.0,"event_name":"Winding Halls","player_choice":"Max HP","floor":36.0,"gold_loss":0.0,"damage_taken":0.0},{"damage_healed":0,"gold_gain":0,"player_choice":"Fight","damage_taken":0,"max_hp_gain":0,"max_hp_loss":0,"event_name":"Mysterious Sphere","floor":38,"gold_loss":0},{"damage_healed":0,"gold_gain":0,"player_choice":"Upgrade","damage_taken":0,"relics_obtained":["Mark of the Bloom"],"max_hp_gain":0,"max_hp_loss":0,"event_name":"MindBloom","floor":39,"gold_loss":0,"cards_upgraded":["Strike_R","Strike_R","Strike_R","Strike_R","Defend_R","Defend_R","Defend_R","Defend_R","Wild Strike","Wild Strike","Reaper","Iron Wave","Sever Soul","Flash of Steel","Wild Strike","Offering","Sentinel","Power Through","Master of Strategy","Ghostly Armor","Thunderclap","Shrug It Off","Burning Pact","Intimidate","Berserk","Shrug It Off"]}],"is_beta":false,"boss_relics":[{"not_picked":["Busted Crown","Runic Cube"],"picked":"Mark of Pain"},{"not_picked":["Runic Dome","Sozu"],"picked":"SlaversCollar"}],"items_purged_floors":[11],"is_endless":false,"potions_floor_spawned":[4,6,13,14,22,25,29,45,47],"killed_by":"Awakened One","ascension_level":20}}