{"host":"hnfelxnirsihwvcb","time":1611412284,"event":{"mods":["BaseMod","Colored Map","DeckTracker","Highlight Path","Minty Spire (QoL Compilation)","Quick Restart","Relic Sorter","Relic Stats","Shop Mod","StSLib","SuperFastMode"],"gold_per_floor":[109,109,109,124,124,124,135,145,145,164,44,76,151,167,167,268,318,335,335,345,18,36,64,77,90,115,115,115,115,115,129,129,224,224,239,239,258,272,89,89,107,107,132,132,158,24,24,24,24,24],"floor_reached":51,"language":"ENG","playtime":2111,"items_purged":[],"score":847,"play_id":"c1307940-28f8-4fb4-b9b1-77be3ec12aa3","local_time":"20210123153124","daily_mods":["SealedDeck","Vintage","Binary"],"is_ascension_mode":false,"campfire_choices":[{"data":"Reprogram","floor":6,"key":"SMITH"},{"floor":15,"key":"REST"},{"floor":28,"key":"REST"},{"data":"Steam Power","floor":30,"key":"SMITH"},{"data":"Beam Cell","floor":32,"key":"SMITH"},{"data":"Conserve Battery","floor":40,"key":"SMITH"},{"data":"Go for the Eyes","floor":42,"key":"SMITH"},{"data":"Hello World","floor":47,"key":"SMITH"},{"data":"Gash","floor":49,"key":"SMITH"}],"circlet_count":0,"master_deck":["Beam Cell+1","Go for the Eyes+1","White Noise+1","Conserve Battery+1","Reprogram+1","BootSequence","Steam Power+1","Gash+1","Gash+1","Steam+1","Sweeping Beam","Bandage Up+1","Hello World+1"],"relics":["FrozenCore","Busted Crown","Bird Faced Urn","Boot","Tiny Chest","Regal Pillow","PreservedInsect","The Courier","Toxic Egg 2","Vajra","Toy Ornithopter","Kunai","Tiny House","Art of War","Mummified Hand","Chemical X","Gremlin Horn","Happy Flower","Bag of Marbles","Shuriken","Dead Branch","Lantern","Gambling Chip","Lizard Tail","Eternal Feather","Blood Vial","Juzu Bracelet","Bronze Scales","Dream Catcher","Bag of Preparation","Pear"],"acts_visited":["Exordium","TheCity","TheBeyond"],"potions_floor_usage":[14,38,38],"damage_taken":[{"damage":0,"enemies":"2 Louse","floor":1,"turns":2},{"damage":0,"enemies":"Jaw Worm","floor":4,"turns":2},{"damage":0,"enemies":"Small Slimes","floor":7,"turns":2},{"damage":7,"enemies":"3 Louse","floor":8,"turns":2},{"damage":1,"enemies":"Looter","floor":10,"turns":3},{"damage":6,"enemies":"Lagavulin","floor":12,"turns":4},{"damage":0,"enemies":"Large Slime","floor":14,"turns":3},{"damage":21,"enemies":"Hexaghost","floor":16,"turns":5},{"damage":0,"enemies":"3 Byrds","floor":18,"turns":3},{"damage":3,"enemies":"Shell Parasite","floor":20,"turns":3},{"damage":5,"enemies":"Cultist and Chosen","floor":22,"turns":4},{"damage":9,"enemies":"Slavers","floor":23,"turns":4},{"damage":6,"enemies":"Snake Plant","floor":24,"turns":3},{"damage":11,"enemies":"Shelled Parasite and Fungi","floor":25,"turns":3},{"damage":0,"enemies":"Centurion and Healer","floor":31,"turns":1},{"damage":2,"enemies":"Champ","floor":33,"turns":5},{"damage":0,"enemies":"3 Shapes","floor":35,"turns":1},{"damage":0,"enemies":"3 Darklings","floor":37,"turns":1},{"damage":0,"enemies":"Writhing Mass","floor":38,"turns":3},{"damage":0,"enemies":"Sphere and 2 Shapes","floor":41,"turns":3},{"damage":0,"enemies":"Giant Head","floor":45,"turns":4},{"damage":71,"enemies":"Time Eater","floor":50,"turns":14}],"seed_played":"6811160568735887183","potions_obtained":[{"floor":1,"key":"Ancient Potion"},{"floor":7,"key":"Strength Potion"},{"floor":12,"key":"DuplicationPotion"},{"floor":17,"key":"AttackPotion"},{"floor":23,"key":"DistilledChaos"},{"floor":24,"key":"Swift Potion"}],"is_trial":true,"path_per_floor":["M","$","?","M","?","R","M","M","T","M","$","E","?","M","R","B",null,"M","?","M","$","M","E","M","M","T","?","R","T","R","M","R","B",null,"M","?","M","M","$","R","M","R","T","?","E","$","R","?","R","B",null],"character_chosen":"DEFECT","items_purchased":["Vajra","Chemical X","Gremlin Horn","Bronze Scales","Steam+1","Sweeping Beam","Bandage Up+1","Hello World"],"campfire_rested":2,"item_purchase_floors":[11,21,21,39,39,39,46,46],"current_hp_per_floor":[75,75,75,75,50,50,52,47,47,48,48,44,33,40,75,54,80,80,80,78,78,75,68,64,55,55,55,80,80,80,80,80,78,80,80,80,80,80,80,80,80,80,80,80,90,90,90,90,90,33],"gold":24,"neow_bonus":"","is_daily":false,"chose_seed":false,"campfire_upgraded":7,"win_rate":0.0,"timestamp":1611412284,"path_taken":["M","$","?","M","?","R","M","M","T","M","$","E","?","M","R","BOSS","M","?","M","$","M","E","M","M","T","?","R","?","R","M","R","BOSS","M","?","M","M","$","R","M","R","T","?","E","$","R","?","R","BOSS"],"items_purchased_type":["Relic","Relic","Relic","Relic","Card","Card","Card","Card"],"build_version":"2020-12-22","purchased_purges":0,"victory":true,"max_hp_per_floor":[75,75,75,75,75,75,75,75,75,75,75,75,75,75,75,75,80,80,80,80,80,80,80,80,80,80,80,80,80,80,80,80,80,80,80,80,80,80,80,80,80,80,80,80,90,90,90,90,90,90],"relic_stats":{"Regal Pillow":14,"Gremlin Horn":[11,11],"Juzu Bracelet":1,"Bag of Preparation":[4],"Boot":[29],"FrozenCore":[5],"Blood Vial":0,"Lizard Tail":0,"Dream Catcher":0,"Mummified Hand":[19],"Gambling Chip":[23],"Tiny Chest":1,"Kunai":[45],"Chemical X":[4],"Happy Flower":[14],"counters":[22,75],"Dead Branch":[17],"Eternal Feather":0,"PreservedInsect":192,"Busted Crown":12,"Shuriken":[28],"Bird Faced Urn":[27],"Bronze Scales":[72],"Art of War":[1],"obtain_stats":[{"Regal Pillow":7,"Lantern":26,"Tiny House":17,"Gremlin Horn":21,"Vajra":11,"Juzu Bracelet":38,"Bag of Preparation":43,"Boot":4,"FrozenCore":34,"Blood Vial":37,"Lizard Tail":31,"Dream Catcher":41,"Mummified Hand":20,"Gambling Chip":29,"Tiny Chest":5,"Kunai":14,"Chemical X":21,"Toxic Egg 2":10,"Cracked Core":0,"Pear":45,"Happy Flower":22,"Dead Branch":25,"Eternal Feather":35,"PreservedInsect":8,"The Courier":9,"Busted Crown":0,"Shuriken":24,"Bird Faced Urn":1,"Bronze Scales":39,"Art of War":18,"Bag of Marbles":23,"Toy Ornithopter":12},{"Regal Pillow":3,"Lantern":14,"Tiny House":8,"Gremlin Horn":10,"Vajra":5,"Juzu Bracelet":19,"Bag of Preparation":20,"Boot":2,"FrozenCore":16,"Blood Vial":18,"Lizard Tail":15,"Dream Catcher":20,"Mummified Hand":10,"Gambling Chip":14,"Tiny Chest":2,"Kunai":7,"Chemical X":10,"Toxic Egg 2":5,"Cracked Core":0,"Pear":21,"Happy Flower":11,"Dead Branch":14,"Eternal Feather":17,"PreservedInsect":4,"The Courier":4,"Busted Crown":0,"Shuriken":13,"Bird Faced Urn":1,"Bronze Scales":19,"Art of War":9,"Bag of Marbles":12,"Toy Ornithopter":6},{"Regal Pillow":6,"Lantern":43,"Tiny House":23,"Gremlin Horn":29,"Vajra":11,"Juzu Bracelet":54,"Bag of Preparation":57,"Boot":4,"FrozenCore":49,"Blood Vial":51,"Lizard Tail":44,"Dream Catcher":57,"Mummified Hand":29,"Gambling Chip":43,"Tiny Chest":4,"Kunai":18,"Chemical X":29,"Toxic Egg 2":11,"Cracked Core":0,"Pear":61,"Happy Flower":33,"Dead Branch":43,"Eternal Feather":50,"PreservedInsect":8,"The Courier":8,"Busted Crown":0,"Shuriken":40,"Bird Faced Urn":2,"Bronze Scales":54,"Art of War":26,"Bag of Marbles":37,"Toy Ornithopter":15}],"Toy Ornithopter":5},"card_choices":[],"player_experience":834723,"relics_obtained":[{"floor":1,"key":"Bird Faced Urn"},{"floor":4,"key":"Boot"},{"floor":7,"key":"Regal Pillow"},{"floor":8,"key":"PreservedInsect"},{"floor":9,"key":"The Courier"},{"floor":10,"key":"Toxic Egg 2"},{"floor":12,"key":"Toy Ornithopter"},{"floor":14,"key":"Kunai"},{"floor":18,"key":"Art of War"},{"floor":20,"key":"Mummified Hand"},{"floor":22,"key":"Happy Flower"},{"floor":23,"key":"Bag of Marbles"},{"floor":24,"key":"Shuriken"},{"floor":25,"key":"Dead Branch"},{"floor":26,"key":"Lantern"},{"floor":29,"key":"Gambling Chip"},{"floor":31,"key":"Lizard Tail"},{"floor":35,"key":"Eternal Feather"},{"floor":37,"key":"Blood Vial"},{"floor":38,"key":"Juzu Bracelet"},{"floor":41,"key":"Dream Catcher"},{"floor":43,"key":"Bag of Preparation"},{"floor":45,"key":"Pear"}],"event_choices":[{"damage_healed":0,"gold_gain":0,"player_choice":"Grow","damage_taken":0,"max_hp_gain":0,"max_hp_loss":0,"event_name":"Living Wall","floor":3,"gold_loss":0,"cards_upgraded":["White Noise"]},{"damage_healed":0,"gold_gain":0,"player_choice":"Success","damage_taken":25,"relics_obtained":["Tiny Chest"],"max_hp_gain":0,"max_hp_loss":0,"event_name":"Scrap Ooze","floor":5,"gold_loss":0},{"damage_healed":0,"gold_gain":75,"player_choice":"Gather Gold","damage_taken":11,"max_hp_gain":0,"max_hp_loss":0,"event_name":"World of Goop","floor":13,"gold_loss":0},{"damage_healed":0,"gold_gain":0,"player_choice":"Ignored","damage_taken":0,"max_hp_gain":0,"max_hp_loss":0,"event_name":"Ghosts","floor":19,"gold_loss":0},{"damage_healed":0,"gold_gain":0,"player_choice":"Ignored","damage_taken":0,"max_hp_gain":0,"max_hp_loss":0,"event_name":"Beggar","floor":27,"gold_loss":0},{"damage_healed":0,"gold_gain":0,"player_choice":"Ignored","damage_taken":0,"max_hp_gain":0,"max_hp_loss":0,"event_name":"NoteForYourself","floor":36,"gold_loss":0},{"damage_healed":0,"gold_gain":0,"player_choice":"Ignored","damage_taken":0,"max_hp_gain":0,"max_hp_loss":0,"event_name":"Tomb of Lord Red Mask","floor":44,"gold_loss":0},{"cards_removed":["Gash"],"damage_healed":0,"gold_gain":0,"player_choice":"Removed Attack","damage_taken":0,"max_hp_gain":0,"max_hp_loss":0,"event_name":"Falling","floor":48,"gold_loss":0}],"is_beta":false,"boss_relics":[{"not_picked":["Coffee Dripper","Calling Bell"],"picked":"Tiny House"},{"not_picked":["Runic Dome","SacredBark"],"picked":"FrozenCore"}],"items_purged_floors":[],"is_endless":false,"potions_floor_spawned":[1,7,12,23,24,33,37],"ascension_level":0}}