{"host":"6i1e8tv3jhx3lrt3","time":1611435380,"event":{"mods":["AchievementEnabler","Act Like it!","Ascension Reborn","BaseMod","Better Vampires","Block Reminder","Colored Map","Colored Powertips","Custom Start","Downfall","Energized Spire","Gensokyo","Hubris","Minty Spire (QoL Compilation)","Red Circlet Mod","Relic Stats","Replay The Spire","RumiaBox-Â¶Ã×æ«µÄÉñÃØºÐ×Ó","Small Relic Pack","StSLib","SuperFastMode","[IsaacMod]ÒÔÈö¼âËþ","noobMod","vexMod","¡¾¹¦ÄÜMod¡¿»ìãçÖ®»·ÐÞ¸´²¹¶¡","¡¾ÒÅÎï¿¨ÅÆ¡¿REMEMod"],"gold_per_floor":[99,99,106,106,116,127,127,102,114,114,146,146,165,184,202,306,306,206,219,238,338,223,234,234,246,257,30,30,58,58,158,169,274,274,274,287,287,287,303,319,319,337,237,268,268,268,618,633,651,651],"floor_reached":51,"language":"ZHS","playtime":3230,"items_purged":["champ:Defend","champ:Strike","champ:Defend","champ:Strike"],"score":976,"play_id":"5f8055a6-3cb1-4733-922d-da261babd116","local_time":"20210124045620","is_ascension_mode":false,"campfire_choices":[{"data":"champ:ShieldWall","floor":10.0,"key":"SMITH"},{"data":"champ:Taunt","floor":18.0,"key":"SMITH"},{"data":"champ:StanceDance","floor":30.0,"key":"SMITH"},{"floor":35.0,"key":"DIG"},{"floor":43.0,"key":"DIG"},{"floor":46,"key":"RECALL"}],"circlet_count":0,"master_deck":["champ:Strike","champ:Strike","champ:Defend","champ:Defend+1","champ:Execute","champ:Taunt+1","REME_TheLastStrike+1","champ:ShieldSlam+1","champ:BringItOn","champ:Backstep","expansioncontent:LastStand","champ:GladiatorStyle","champ:ShieldWall+1","champ:IronFortress","champ:ShieldThrow","champ:ShieldWall","champ:StanceDance+1","champ:DefensiveShout","champ:LastStand","champ:SetATrap","champ:FancyFootwork+1","champ:FalseCounter","champ:DefensiveShout+1","champ:FlashCut+1","champ:UltimateStance","REME_ShortnessOfBreath","champ:ShieldThrow","champ:CalledShot","Delirium","CurseOfTheBell","CurseOfTheBell","champ:HoldFirm"],"relics":["champ:ChampionCrown","HushsDoor","ice","REME_ComplimentaryCards","GnawedLeaf","downfall:HeartsMalice","champ:DefensiveTrainingManual","Guide Book","ReplayFunnel","Bottled Lightning","relicPack:DSword","SlaversCollar","downfall:HeartBlessingGreen","champ:BlackKnightHelmet","Pear","LastBattle","vexMod:MemoryStick","ChaoDraw","hubris:RunicObelisk","Juzu Bracelet","ReplayTheSpireMod:Ring of Addiction","Potion Belt","Chameleon Ring","Ring of Fury","downfall:ExtraCursedBell","Replay:Baseball","Shovel","Mirror","downfall:HeartBlessingBlue","Replay:Multitool","Eternal Feather","Old Coin"],"acts_visited":["Exordium","TheCity","TheBeyond"],"potions_floor_usage":[50],"damage_taken":[{"damage":0.0,"enemies":"Jaw Worm","floor":2.0,"turns":1.0},{"damage":0.0,"enemies":"downfall:FleeingMerchant","floor":3.0,"turns":1.0},{"damage":0.0,"enemies":"Small Slimes","floor":4.0,"turns":1.0},{"damage":14.0,"enemies":"2 Louse","floor":5.0,"turns":3.0},{"damage":21.0,"enemies":"Gremlin Gang","floor":6.0,"turns":6.0},{"damage":0.0,"enemies":"2 Fungi Beasts","floor":9.0,"turns":4.0},{"damage":48.0,"enemies":"3 Sentries","floor":11.0,"turns":8.0},{"damage":17.0,"enemies":"Blue Slaver","floor":13.0,"turns":3.0},{"damage":0.0,"enemies":"Large Slime","floor":14.0,"turns":4.0},{"damage":0.0,"enemies":"Red Slaver","floor":15.0,"turns":1.0},{"damage":31.0,"enemies":"WA_ARCHETYPE_RETAIN","floor":16.0,"turns":6.0},{"damage":14.0,"enemies":"Shell Parasite","floor":19.0,"turns":5.0},{"damage":55.0,"enemies":"3 Byrds","floor":20.0,"turns":6.0},{"damage":14.0,"enemies":"3 Byrds","floor":21.0,"turns":7.0},{"damage":20.0,"enemies":"downfall:FleeingMerchant","floor":22.0,"turns":4.0},{"damage":26.0,"enemies":"Cultist and Chosen","floor":23.0,"turns":6.0},{"damage":17.0,"enemies":"Snake Plant","floor":25.0,"turns":4.0},{"damage":5.0,"enemies":"3 Cultists","floor":26.0,"turns":4.0},{"damage":10.0,"enemies":"downfall:FleeingMerchant","floor":27.0,"turns":4.0},{"damage":10.0,"enemies":"Replay:Snechameleon","floor":29.0,"turns":2.0},{"damage":0.0,"enemies":"Snecko","floor":32.0,"turns":2.0},{"damage":0.0,"enemies":"SI_MIRROR_ARCHETYPE","floor":33.0,"turns":4.0},{"damage":10.0,"enemies":"Orb Walker","floor":36.0,"turns":2.0},{"damage":10.0,"enemies":"3 Darklings","floor":39.0,"turns":4.0},{"damage":0.0,"enemies":"4 Shapes","floor":40.0,"turns":5.0},{"damage":10.0,"enemies":"Maw","floor":42.0,"turns":5.0},{"damage":20.0,"enemies":"R_Hoarder","floor":44.0,"turns":4.0},{"damage":0,"enemies":"R_Hoarder","floor":47,"turns":5},{"damage":19,"enemies":"3 Darklings","floor":48,"turns":6},{"damage":0,"enemies":"Transient","floor":49,"turns":1},{"damage":10,"enemies":"DF_ARCHETYPE_ORBS","floor":50,"turns":8}],"seed_played":"-5806282511134195212","potions_obtained":[{"floor":9.0,"key":"Dexterity Potion"},{"floor":11.0,"key":"Doom Potion"},{"floor":14.0,"key":"REME_GoldPotion"},{"floor":15.0,"key":"SteroidPotion"},{"floor":37.0,"key":"Fire Potion"},{"floor":37.0,"key":"Fire Potion"},{"floor":42.0,"key":"Fire Potion"}],"is_trial":false,"path_per_floor":["R_BF","M","$","M","M","M","T","?","M","R","E","?","M","M","M","B",null,"R_BF","M","M","?","$","M","T","M","M","$","?","E","R","?","M","B",null,"R_BF","M","?","?","M","M","T","M","R","E","?","R","?","M","M","B",null],"character_chosen":"THE_CHAMP","items_purchased":["champ:DefensiveTrainingManual","champ:Backstep","expansioncontent:LastStand","champ:GladiatorStyle","Guide Book","REME_ShortnessOfBreath"],"campfire_rested":0,"item_purchase_floors":[3,3,3,3,3,27],"current_hp_per_floor":[90,90,90,90,76,65,65,65,65,65,37,2,83,83,83,62,98,98,84,39,40,30,4,4,156,156,156,141,141,141,141,141,141,183,183,183,183,183,183,183,183,183,193,193,193,208,208,197,197,197],"gold":651,"neow_bonus":"THREE_ENEMY_KILL","is_daily":false,"chose_seed":false,"campfire_upgraded":3,"win_rate":0.0,"timestamp":1611435380,"path_taken":["R_BF","M","$","M","?","M","T","?","M","R","E","?","M","M","M","BOSS","R_BF","M","M","?","$","M","T","M","M","$","?","E","R","?","M","BOSS","R_BF","M","?","?","M","M","T","M","R","E","?","R","?","M","M","BOSS"],"items_purchased_type":["Relic","Card","Card","Card","Relic","Card"],"build_version":"2020-12-22","purchased_purges":4,"victory":true,"max_hp_per_floor":[90,90,90,90,90,90,90,90,90,90,90,90,92,92,92,98,98,98,105,138,152,157,164,164,169,174,179,179,183,183,183,184,188,183,183,185,185,185,189,197,195,198,208,208,208,208,208,206,206,206],"relic_stats":{"Shovel":2,"counters":[31,123],"Eternal Feather":15,"Juzu Bracelet":1,"obtain_stats":[{"ReplayFunnel":7,"champ:BlackKnightHelmet":21,"vexMod:MemoryStick":28,"relicPack:DSword":12,"GnawedLeaf":0,"champ:ChampionCrown":0,"downfall:HeartBlessingGreen":18,"ice":0,"Juzu Bracelet":35,"Replay:Multitool":43,"hubris:RunicObelisk":34,"Old Coin":47,"Chameleon Ring":37,"Shovel":38,"champ:DefensiveTrainingManual":3,"downfall:HeartBlessingBlue":43,"downfall:ExtraCursedBell":38,"KeepersGift":0,"Potion Belt":37,"Pear":21,"Guide Book":3,"ReplayTheSpireMod:Ring of Addiction":37,"downfall:HeartsMalice":0,"Eternal Feather":44,"LastBattle":24,"ChaoDraw":29,"SlaversCollar":17,"Replay:Baseball":38,"Ring of Fury":37,"Bottled Lightning":11,"HushsDoor":0,"Mirror":38,"REME_ComplimentaryCards":0},{"ReplayFunnel":5,"champ:BlackKnightHelmet":14,"vexMod:MemoryStick":19,"relicPack:DSword":7,"GnawedLeaf":0,"champ:ChampionCrown":0,"downfall:HeartBlessingGreen":11,"ice":0,"Juzu Bracelet":22,"Replay:Multitool":26,"hubris:RunicObelisk":22,"Old Coin":28,"Chameleon Ring":23,"Shovel":23,"champ:DefensiveTrainingManual":2,"downfall:HeartBlessingBlue":26,"downfall:ExtraCursedBell":23,"KeepersGift":0,"Potion Belt":23,"Pear":14,"Guide Book":2,"ReplayTheSpireMod:Ring of Addiction":23,"downfall:HeartsMalice":0,"Eternal Feather":27,"LastBattle":16,"ChaoDraw":20,"SlaversCollar":11,"Replay:Baseball":23,"Ring of Fury":23,"Bottled Lightning":7,"HushsDoor":0,"Mirror":23,"REME_ComplimentaryCards":0},{"ReplayFunnel":9,"champ:BlackKnightHelmet":53,"vexMod:MemoryStick":75,"relicPack:DSword":21,"GnawedLeaf":0,"champ:ChampionCrown":0,"downfall:HeartBlessingGreen":35,"ice":0,"Juzu Bracelet":83,"Replay:Multitool":99,"hubris:RunicObelisk":83,"Old Coin":108,"Chameleon Ring":85,"Shovel":85,"champ:DefensiveTrainingManual":0,"downfall:HeartBlessingBlue":99,"downfall:ExtraCursedBell":85,"KeepersGift":0,"Potion Belt":85,"Pear":53,"Guide Book":0,"ReplayTheSpireMod:Ring of Addiction":85,"downfall:HeartsMalice":0,"Eternal Feather":103,"LastBattle":63,"ChaoDraw":77,"SlaversCollar":35,"Replay:Baseball":85,"Ring of Fury":85,"Bottled Lightning":21,"HushsDoor":0,"Mirror":85,"REME_ComplimentaryCards":0}]},"card_choices":[{"not_picked":[],"picked":"ChaosCard","floor":0.0},{"not_picked":["champ:DefensiveShout","Bomb"],"picked":"champ:ShieldSlam","floor":2.0},{"not_picked":["champ:EnGarde","champ:Shatter"],"picked":"champ:BringItOn","floor":3.0},{"not_picked":["champ:PerfectedStrike","champ:PreemptiveStrike"],"picked":"champ:ShieldWall","floor":4.0},{"not_picked":["champ:HeartStrike","champ:ShieldSlam"],"picked":"champ:IronFortress","floor":5.0},{"not_picked":["champ:CrookedStrike","champ:GutPunch"],"picked":"champ:ShieldThrow","floor":6.0},{"not_picked":["Bomb","champ:DeathBlow","champ:Endure"],"picked":"SKIP","floor":9.0},{"not_picked":["champ:EnGarde","champ:CrownThrow","champ:Haymaker"],"picked":"SKIP","floor":11.0},{"not_picked":["champ:CrownThrow","champ:FanOfKnives"],"picked":"champ:ShieldWall","floor":13.0},{"not_picked":["champ:FocusedDefense","champ:TornadoPunch"],"picked":"champ:StanceDance","floor":14.0},{"not_picked":["champ:BladeFlurry","Bomb"],"picked":"champ:DefensiveShout","floor":15.0},{"not_picked":["champ:TripleStrike","champ:StrikeOfGenius"],"picked":"champ:LastStand","floor":16.0},{"not_picked":["champ:Haymaker","champ:Backstep"],"picked":"champ:SetATrap","floor":19.0},{"not_picked":["champ:Shatter","champ:CrownThrow"],"picked":"champ:FancyFootwork+1","floor":20.0},{"not_picked":["champ:Shatter","champ:GutPunch"],"picked":"champ:FalseCounter","floor":21.0},{"not_picked":["champ:EndlessRage","champ:GutPunch+1"],"picked":"champ:DefensiveShout+1","floor":22.0},{"not_picked":["champ:GutPunch+1","champ:FanOfKnives","champ:DefensiveShout"],"picked":"SKIP","floor":23.0},{"not_picked":["champ:Haymaker","champ:ArenaPreparation+1","champ:Shatter"],"picked":"SKIP","floor":25.0},{"not_picked":["champ:Duel","champ:HeartStrike"],"picked":"champ:FlashCut+1","floor":26.0},{"not_picked":["champ:BladeFlurry","champ:EnragedBash"],"picked":"champ:UltimateStance","floor":27.0},{"not_picked":["champ:Endure","champ:GladiatorStyle+1","champ:Shatter"],"picked":"SKIP","floor":29.0},{"not_picked":["champ:RecklessLeap+1","champ:BerserkersShout+1","champ:FlashCut"],"picked":"SKIP","floor":32.0},{"not_picked":["champ:IgnorePain","champ:HeavySlash"],"picked":"champ:ShieldThrow","floor":33.0},{"not_picked":["champ:FanOfKnives+1","champ:TornadoPunch+1"],"picked":"champ:CalledShot","floor":36.0},{"not_picked":["champ:GutPunch+1","champ:PreciseThrust","champ:Shatter+1"],"picked":"SKIP","floor":39.0},{"not_picked":["champ:EndlessRage","champ:EnGarde+1","champ:Haymaker"],"picked":"SKIP","floor":40.0},{"not_picked":["champ:FocusedBerserking+1","champ:Duel"],"picked":"champ:HoldFirm","floor":42.0},{"not_picked":["champ:AdrenalArmor+1","champ:PerfectedStrike","champ:MurderStrike"],"picked":"SKIP","floor":44.0},{"not_picked":["champ:Endure","champ:CrownThrow","champ:Backstep"],"picked":"SKIP","floor":48},{"not_picked":["champ:Duel","champ:DefensiveShout","champ:Shatter+1"],"picked":"SKIP","floor":49}],"player_experience":151484,"relics_obtained":[{"floor":7.0,"key":"ReplayFunnel"},{"floor":11.0,"key":"Bottled Lightning"},{"floor":21.0,"key":"champ:BlackKnightHelmet"},{"floor":21.0,"key":"Pear"},{"floor":24.0,"key":"LastBattle"},{"floor":29.0,"key":"ChaoDraw"},{"floor":35.0,"key":"Juzu Bracelet"},{"floor":37.0,"key":"ReplayTheSpireMod:Ring of Addiction"},{"floor":37.0,"key":"Potion Belt"},{"floor":37.0,"key":"Chameleon Ring"},{"floor":37.0,"key":"Ring of Fury"},{"floor":38.0,"key":"Replay:Baseball"},{"floor":38.0,"key":"Shovel"},{"floor":38.0,"key":"Mirror"},{"floor":43.0,"key":"Replay:Multitool"},{"floor":44.0,"key":"Eternal Feather"},{"floor":47,"key":"Old Coin"}],"event_choices":[],"is_beta":false,"boss_relics":[{"not_picked":["Sozu","Empty Cage"],"picked":"SlaversCollar"},{"not_picked":[]},{"not_picked":["Kintsugi","Pandora\u0027s Box"],"picked":"hubris:RunicObelisk"},{"not_picked":[]}],"items_purged_floors":[3,22,27,34],"is_endless":false,"potions_floor_spawned":[9,11,14,15,19,25,26,32,36,40,42,48],"ascension_level":0}}