{"host":"7y32p1l00v3bepzd","time":1611409753,"event":{"mods":["Act Like it!","Arknights The Spire","Ascension Reborn","BaseMod","Colored Powertips","Gensokyo","Highlight Path","Marisa£®ÏF”Í°°ƒß¿Ì…≥£©","Minty Spire (QoL Compilation)","Quick Restart","StSLib","Td1madao Mod","The Alterego","The Bug Knight","The Servant 0.9.4","vexMod"],"gold_per_floor":[110,110,185,37,37,62,13,24,50,50,50],"floor_reached":10,"language":"ZHS","playtime":313,"items_purged":["HollowMod:NailStrikeStart"],"score":89,"play_id":"21d9eab2-75c4-4d23-9d68-f8cee25308a5","local_time":"20210123214913","is_ascension_mode":true,"campfire_choices":[],"circlet_count":0,"master_deck":["HollowMod:NailStrikeStart","HollowMod:NailStrikeStart","HollowMod:QuickDashStart","HollowMod:QuickDashStart","HollowMod:QuickDashStart","HollowMod:QuickDashStart","HollowMod:FocusHealStart","HollowMod:PogoStrike","HollowMod:AbyssShriek","HollowMod:LifebloodCocoon","HollowMod:DoubleDash","HollowMod:ChannelNail","HollowMod:MawleksShell","HollowMod:CloakDash","HollowMod:DungDefenderAura"],"relics":["HollowMod:VesselMask","NeowsBlessing","HollowMod:KingsBrand","Toy Ornithopter"],"acts_visited":["Exordium"],"potions_floor_usage":[],"damage_taken":[{"damage":0,"enemies":"2 Louse","floor":1,"turns":1},{"damage":0,"enemies":"3 Sentries","floor":6,"turns":1},{"damage":0,"enemies":"Jaw Worm","floor":8,"turns":1},{"damage":27,"enemies":"Lagavulin","floor":10,"turns":8}],"seed_played":"-6127326330450802201","potions_obtained":[{"floor":1,"key":"DistilledChaos"}],"is_trial":false,"path_per_floor":["M","?","?","$","?","E","$","M","T","E"],"character_chosen":"THE_BUGKNIGHT","items_purchased":["HollowMod:LifebloodCocoon","HollowMod:DoubleDash","HollowMod:CloakDash"],"campfire_rested":0,"item_purchase_floors":[4,4,7],"current_hp_per_floor":[75,75,64,64,64,64,64,64,64,37,37],"gold":50,"neow_bonus":"THREE_ENEMY_KILL","is_daily":false,"chose_seed":false,"campfire_upgraded":0,"win_rate":0.0,"timestamp":1611409753,"path_taken":["M","?","?","$","?","E","?","?","T","E"],"items_purchased_type":["Card","Card","Card"],"build_version":"2020-12-22","purchased_purges":1,"victory":false,"max_hp_per_floor":[75,75,75,75,75,75,75,75,75,75,75],"card_choices":[{"not_picked":["HollowMod:NewGlowingWomb","HollowMod:SoulVessel"],"picked":"HollowMod:AbyssShriek","floor":1},{"not_picked":["HollowMod:InfectedAttack","HollowMod:NewJinnsSoul"],"picked":"HollowMod:MawleksShell","floor":6},{"not_picked":["HollowMod:CloakDash","HollowMod:LifebloodCocoon"],"picked":"HollowMod:DungDefenderAura","floor":8}],"player_experience":342352,"relics_obtained":[{"floor":6,"key":"HollowMod:KingsBrand"},{"floor":9,"key":"Toy Ornithopter"}],"event_choices":[{"damage_healed":0,"gold_gain":75,"player_choice":"Gather Gold","damage_taken":11,"max_hp_gain":0,"max_hp_loss":0,"event_name":"World of Goop","floor":3,"gold_loss":0},{"damage_healed":0,"gold_gain":0,"cards_transformed":["HollowMod:NailStrikeStart"],"player_choice":"Change","damage_taken":0,"max_hp_gain":0,"max_hp_loss":0,"event_name":"Living Wall","floor":5,"gold_loss":0,"cards_obtained":["HollowMod:ChannelNail"]}],"is_beta":false,"boss_relics":[],"items_purged_floors":[4],"is_endless":false,"potions_floor_spawned":[1],"killed_by":"Lagavulin","ascension_level":0}}