{"host":"fkig9nrckec4xsh0","time":1611423008,"event":{"mods":["BaseMod","Colored Map","Minty Spire (QoL Compilation)","Quick Restart","Replay The Spire","StSLib"],"gold_per_floor":[115,135,135,60,77,103,103,130,207,241,63,63,74,96,96,195,195,214,214,139,150,150,150,184,184,207,235,262,274,46,74,74,173,173,190,203,478,129,146,178,218,218,218,246,257,283,10,45,45,45],"floor_reached":51,"language":"ENG","playtime":2376,"items_purged":["Normality","Pain"],"score":1559,"play_id":"5ea8a3d2-f52e-46cc-a378-1de53136f030","local_time":"20210123123008","is_ascension_mode":true,"campfire_choices":[{"data":"Replay:Bag of Tricks","floor":7,"key":"SMITH"},{"data":"Cloak And Dagger","floor":12,"key":"SMITH"},{"floor":15,"key":"REST"},{"floor":23,"key":"REST"},{"floor":29,"key":"DIG"},{"floor":32,"key":"DIG"},{"floor":42,"key":"REST"},{"floor":49,"key":"REST"}],"circlet_count":0,"master_deck":["AscendersBane","Strike_G","Strike_G","Strike_G","Strike_G","Defend_G","Defend_G","Defend_G","Defend_G","Survivor","Neutralize","Replay:Bag of Tricks+1","Blade Dance","ReplayTheSpireMod:Tripwire","Poisoned Stab","Choke+1","Cloak And Dagger+1","Noxious Fumes","Blade Dance","Slice+1","A Thousand Cuts","CurseOfTheBell","Blade Dance","RitualDagger+1","Slice+1","Finisher+1","Dash+1","Choke+1","Backstab+1","Doppelganger","Blade Dance+1","Choke+1","Regret","Mayhem","ReplayTheSpireMod:Scrap Shanks","Violence","Replay:BasicMightCard","Bandage Up","Backflip","Acrobatics","ReplayTheSpireMod:Splinters","Backstab+1","Pot Of Greed","Pot Of Greed","Pot Of Greed","Pot Of Greed","Slice+1","Concentrate","Cloak And Dagger+1","ReplayUltimateDefense+1","Backflip+1"],"relics":["Ring of the Snake","WarpedTongs","Ancient Tea Set","Molten Egg 2","Sundial","Pet Ghost","Odd Mushroom","Calling Bell","Regal Pillow","Gremlin Horn","Du-Vu Doll","Shovel","MawBank","Snake Skull","Kunai","Divine Protection","Ginger","Black Star","ReplayTheSpireMod:ShopPack","Toy Ornithopter","Blue Doll","Nunchaku","Grinning Jar","Lantern","Turnip","Bottled Tornado","Blood Vial","Anchor","Question Card"],"acts_visited":["Exordium","TheCity","TheBeyond"],"potions_floor_usage":[8,16,27,31,33,33,39,50],"damage_taken":[{"damage":0,"enemies":"Cultist","floor":1,"turns":4},{"damage":7,"enemies":"Jaw Worm","floor":2,"turns":5},{"damage":4,"enemies":"2 Louse","floor":5,"turns":4},{"damage":18,"enemies":"3 Sentries","floor":8,"turns":7},{"damage":20,"enemies":"Lagavulin","floor":10,"turns":7},{"damage":0,"enemies":"2 Fungi Beasts","floor":13,"turns":2},{"damage":10,"enemies":"The Mushroom Lair","floor":14,"turns":4},{"damage":0,"enemies":"Slime Boss","floor":16,"turns":4},{"damage":2,"enemies":"Chosen","floor":18,"turns":4},{"damage":16,"enemies":"2 Thieves","floor":21,"turns":3},{"damage":13,"enemies":"Replay:Snechameleon","floor":24,"turns":4},{"damage":3,"enemies":"Sentry and Sphere","floor":27,"turns":4},{"damage":0,"enemies":"3 Cultists","floor":28,"turns":4},{"damage":1,"enemies":"Slavers","floor":31,"turns":4},{"damage":26,"enemies":"Pondfish","floor":33,"turns":7},{"damage":2,"enemies":"3 Shapes","floor":35,"turns":2},{"damage":7,"enemies":"3 Darklings","floor":36,"turns":4},{"damage":39,"enemies":"Writhing Mass","floor":39,"turns":4},{"damage":2,"enemies":"Giant Head","floor":40,"turns":6},{"damage":23,"enemies":"Nemesis","floor":44,"turns":5},{"damage":0,"enemies":"4 Shapes","floor":45,"turns":1},{"damage":0,"enemies":"R_Hoarder","floor":46,"turns":4},{"damage":31,"enemies":"Nemesis","floor":48,"turns":3},{"damage":21,"enemies":"Replay:Hell Engine","floor":50,"turns":6}],"seed_played":"-6947963091863916693","potions_obtained":[{"floor":2,"key":"Swift Potion"},{"floor":10,"key":"Elixir"},{"floor":14,"key":"ColorlessPotion"},{"floor":16,"key":"Block Potion"},{"floor":18,"key":"PowerPotion"},{"floor":28,"key":"Swift Potion"},{"floor":31,"key":"SkillPotion"},{"floor":35,"key":"Flashbang"},{"floor":41,"key":"Ancient Potion"},{"floor":41,"key":"FairyPotion"},{"floor":45,"key":"CunningPotion"}],"is_trial":false,"path_per_floor":["M","M","?","$","M","T","R","E","T","E","$","R","M","?","R","B",null,"M","?","?","M","?","R","E","?","T","M","M","R","$","E","R","B",null,"M","M","?","$","M","E","?","R","T","E","M","E","$","E","R","B",null],"character_chosen":"THE_SILENT","items_purchased":["Noxious Fumes","Kunai","ReplayTheSpireMod:ShopPack","Mayhem","ReplayTheSpireMod:Scrap Shanks","ReplayUltimateDefense+1","Blood Vial"],"campfire_rested":4,"item_purchase_floors":[11,30,38,38,38,47,47],"current_hp_per_floor":[63,56,56,56,52,52,52,34,34,14,14,14,14,4,25,25,59,57,51,51,35,35,70,57,44,44,41,41,41,41,40,40,14,60,58,51,51,51,12,14,14,51,51,28,28,28,28,3,40,30],"gold":45,"neow_bonus":"THREE_RARE_CARDS","is_daily":false,"chose_seed":false,"campfire_upgraded":2,"win_rate":0.0,"timestamp":1611423008,"path_taken":["M","M","?","?","?","?","R","E","T","E","$","R","M","?","R","BOSS","M","?","?","M","?","R","E","?","T","M","M","R","$","E","R","BOSS","M","M","?","$","?","E","?","R","T","E","M","E","?","E","R","BOSS"],"items_purchased_type":["Card","Relic","Relic","Card","Card","Card","Relic"],"build_version":"2020-12-22","purchased_purges":2,"victory":true,"max_hp_per_floor":[70,70,70,70,70,70,70,70,70,70,70,70,70,70,70,70,70,70,70,70,70,70,70,70,75,75,75,75,75,75,75,75,75,75,75,75,75,75,75,75,75,75,75,75,75,75,75,75,75,75],"card_choices":[{"not_picked":["ReplayTheSpireMod:Necrosis","Burst"],"picked":"Replay:Bag of Tricks","floor":0},{"not_picked":["Calculated Gamble","Poisoned Stab"],"picked":"Blade Dance","floor":1},{"not_picked":["Deadly Poison","Bane"],"picked":"ReplayTheSpireMod:Tripwire","floor":2},{"not_picked":["Reflex","Quick Slash"],"picked":"Poisoned Stab","floor":5},{"not_picked":["PiercingWail","Dodge and Roll"],"picked":"Choke+1","floor":8},{"not_picked":["Toxin Wave","Skewer+1"],"picked":"Cloak And Dagger","floor":10},{"not_picked":["Poison Darts","Riddle With Holes+1"],"picked":"Blade Dance","floor":13},{"not_picked":["Masterful Stab+1","Acrobatics"],"picked":"Slice+1","floor":14},{"not_picked":["Venomology","Malaise"],"picked":"A Thousand Cuts","floor":16},{"not_picked":["Riddle With Holes+1","Replay:Poison Smokescreen"],"picked":"Blade Dance","floor":18},{"not_picked":["PiercingWail","Prepared"],"picked":"Slice+1","floor":21},{"not_picked":["Distraction","Dagger Throw+1"],"picked":"Finisher+1","floor":24},{"not_picked":["ReplayTheSpireMod:Exploit Weakness","PiercingWail"],"picked":"Dash+1","floor":27},{"not_picked":["Deflect+1","ReplayTheSpireMod:Exploit Weakness+1"],"picked":"Choke+1","floor":28},{"not_picked":["Cloak And Dagger","Poisoned Stab+1"],"picked":"Backstab+1","floor":31},{"not_picked":["Poison Darts","Unload+1"],"picked":"Doppelganger","floor":33},{"not_picked":["ReplayTheSpireMod:Tripwire","Underhanded Strike+1"],"picked":"Blade Dance+1","floor":35},{"not_picked":["ReplayTheSpireMod:Exploit Weakness+1","Flechettes+1"],"picked":"Choke+1","floor":36},{"not_picked":["Metamorphosis","Secret Weapon"],"picked":"Violence","floor":38},{"not_picked":["Enlightenment","Magnetism"],"picked":"Replay:BasicMightCard","floor":38},{"not_picked":["ReplayTheSpireMod:Trickstab","Replay:Sssssssssshield"],"picked":"Bandage Up","floor":38},{"not_picked":["ReplayTheSpireMod:Exploit Weakness+1","Riddle With Holes+1"],"picked":"Backflip","floor":39},{"not_picked":["Skewer+1","Fluid Movement"],"picked":"Acrobatics","floor":40},{"not_picked":["Expertise","Acrobatics"],"picked":"Backstab+1","floor":41},{"not_picked":["Predator+1","Underhanded Strike+1"],"picked":"Slice+1","floor":44},{"not_picked":["Endless Agony+1","Dagger Throw+1"],"picked":"Concentrate","floor":45},{"not_picked":["Dagger Throw+1","Heel Hook+1"],"picked":"Cloak And Dagger+1","floor":46},{"not_picked":["Night Terror","Poisoned Stab+1"],"picked":"Backflip+1","floor":48}],"player_experience":391474,"relics_obtained":[{"floor":6,"key":"Ancient Tea Set"},{"floor":8,"key":"Molten Egg 2"},{"floor":9,"key":"Sundial"},{"floor":10,"key":"Pet Ghost"},{"floor":14,"key":"Odd Mushroom"},{"floor":17,"key":"Regal Pillow"},{"floor":17,"key":"Gremlin Horn"},{"floor":17,"key":"Du-Vu Doll"},{"floor":24,"key":"Shovel"},{"floor":26,"key":"MawBank"},{"floor":29,"key":"Snake Skull"},{"floor":31,"key":"Divine Protection"},{"floor":32,"key":"Ginger"},{"floor":40,"key":"Toy Ornithopter"},{"floor":40,"key":"Blue Doll"},{"floor":43,"key":"Nunchaku"},{"floor":44,"key":"Grinning Jar"},{"floor":44,"key":"Lantern"},{"floor":46,"key":"Turnip"},{"floor":46,"key":"Bottled Tornado"},{"floor":48,"key":"Anchor"},{"floor":48,"key":"Question Card"}],"event_choices":[{"damage_healed":0,"gold_gain":0,"player_choice":"Rummage","damage_taken":0,"relics_obtained":["WarpedTongs"],"max_hp_gain":0,"max_hp_loss":0,"event_name":"Accursed Blacksmith","floor":3,"gold_loss":0,"cards_obtained":["Pain"]},{"damage_healed":0,"gold_gain":0,"player_choice":"Fought Mushrooms","damage_taken":0,"max_hp_gain":0,"max_hp_loss":0,"event_name":"Mushrooms","floor":14,"gold_loss":0},{"damage_healed":0,"gold_gain":0,"player_choice":"Joined the Cult","damage_taken":6,"max_hp_gain":0,"max_hp_loss":0,"event_name":"Nest","floor":19,"gold_loss":0,"cards_obtained":["RitualDagger"]},{"cards_removed":["Strike_G"],"damage_healed":0,"gold_gain":0,"player_choice":"Gave Gold","damage_taken":0,"max_hp_gain":0,"max_hp_loss":0,"event_name":"Beggar","floor":20,"gold_loss":75},{"cards_removed":["Defend_G"],"damage_healed":0,"gold_gain":0,"player_choice":"Elegance","damage_taken":0,"max_hp_gain":0,"max_hp_loss":0,"event_name":"Back to Basics","floor":22,"gold_loss":0},{"damage_healed":0,"gold_gain":0,"player_choice":"Shed Blood","damage_taken":18,"max_hp_gain":5,"max_hp_loss":0,"event_name":"Forgotten Altar","floor":25,"gold_loss":0},{"damage_healed":0,"gold_gain":275,"player_choice":"Desecrate","damage_taken":0,"max_hp_gain":0,"max_hp_loss":0,"event_name":"Golden Shrine","floor":37,"gold_loss":0,"cards_obtained":["Regret"]}],"is_beta":false,"boss_relics":[{"not_picked":["Runic Pyramid","Sozu"],"picked":"Calling Bell"},{"not_picked":["Replay:Bronze Core","Kintsugi"],"picked":"Black Star"}],"items_purged_floors":[4,11],"is_endless":false,"potions_floor_spawned":[2,10,14,16,18,28,31,35,44,45,48],"ascension_level":12}}