{"host":"pf47v7h0307523iy","time":1611392932,"event":{"mods":["BaseMod","Minty Spire (QoL Compilation)"],"gold_per_floor":[111,123,123,138,156,156,182,182,182,182,199,219,251,35,35,112,112,128,144,144,144,159,159,191,191,191,191,191,221,234,20,20,97,97,109,17,29,43,43,43],"floor_reached":39,"language":"ENG","playtime":1999,"items_purged":["Brutality+1"],"score":962,"play_id":"34130bd1-3689-433b-9202-6600607ed746","local_time":"20210123110852","is_ascension_mode":true,"campfire_choices":[{"data":"Bash","floor":6.0,"key":"SMITH"},{"data":"Inflame","floor":8.0,"key":"SMITH"},{"floor":10.0,"key":"REST"},{"floor":15.0,"key":"REST"},{"data":"Uppercut","floor":23,"key":"SMITH"},{"data":"Immolate","floor":25,"key":"SMITH"},{"data":"Clothesline","floor":28,"key":"SMITH"},{"data":"Shrug It Off","floor":32,"key":"SMITH"}],"circlet_count":0,"master_deck":["AscendersBane","Bash+1","Double Tap+1","Offering+1","Limit Break+1","Ghostly Armor","Pommel Strike+1","Inflame+1","Inflame+1","Clothesline+1","Headbutt","Immolate+1","Uppercut+1","Ghostly","Ghostly","Ghostly","Shrug It Off+1","Feed","Sword Boomerang","Sever Soul","Ghostly Armor","Headbutt","Spot Weakness+1","Metallicize+1","Uppercut+1"],"relics":["Astrolabe","Paper Frog","The Courier","Frozen Egg 2","Letter Opener","Mummified Hand","Velvet Choker","Question Card","Bottled Lightning","Oddly Smooth Stone","Pantograph","Pandora\u0027s Box"],"acts_visited":["Exordium","TheCity","TheBeyond"],"potions_floor_usage":[18,24,39],"damage_taken":[{"damage":13.0,"enemies":"Jaw Worm","floor":1.0,"turns":2.0},{"damage":6.0,"enemies":"Cultist","floor":2.0,"turns":2.0},{"damage":6.0,"enemies":"2 Louse","floor":4.0,"turns":3.0},{"damage":8.0,"enemies":"Exordium Wildlife","floor":5.0,"turns":3.0},{"damage":6.0,"enemies":"Gremlin Nob","floor":7.0,"turns":1.0},{"damage":12.0,"enemies":"Exordium Thugs","floor":11.0,"turns":3.0},{"damage":12.0,"enemies":"2 Fungi Beasts","floor":12.0,"turns":3.0},{"damage":6.0,"enemies":"Lagavulin","floor":13.0,"turns":4.0},{"damage":21.0,"enemies":"Hexaghost","floor":16.0,"turns":6.0},{"damage":7,"enemies":"3 Byrds","floor":18,"turns":2},{"damage":11,"enemies":"Shell Parasite","floor":19,"turns":2},{"damage":7,"enemies":"Centurion and Healer","floor":22,"turns":2},{"damage":9,"enemies":"Slavers","floor":24,"turns":5},{"damage":9,"enemies":"Book of Stabbing","floor":29,"turns":4},{"damage":10,"enemies":"Sentry and Sphere","floor":30,"turns":3},{"damage":8,"enemies":"Collector","floor":33,"turns":5},{"damage":6,"enemies":"3 Darklings","floor":35,"turns":1},{"damage":0,"enemies":"Orb Walker","floor":37,"turns":3},{"damage":18,"enemies":"3 Darklings","floor":38,"turns":3},{"damage":5,"enemies":"4 Shapes","floor":39,"turns":8}],"seed_played":"6738907849928262973","potions_obtained":[{"floor":2.0,"key":"AttackPotion"},{"floor":12.0,"key":"SpeedPotion"},{"floor":13.0,"key":"LiquidMemories"},{"floor":24,"key":"Explosive Potion"},{"floor":29,"key":"Ancient Potion"},{"floor":33,"key":"Strength Potion"},{"floor":38,"key":"SmokeBomb"}],"is_trial":false,"path_per_floor":["M","M","?","M","M","R","E","R","T","R","M","M","E","$","R","B",null,"M","M","?","?","M","R","E","R","T","?","R","E","M","$","R","B",null,"M","$","M","M","M"],"character_chosen":"IRONCLAD","items_purchased":["Mummified Hand","Pantograph","Metallicize+1"],"campfire_rested":2,"item_purchase_floors":[14,31,36],"current_hp_per_floor":[55,49,49,43,35,35,29,29,29,51,39,27,21,21,43,22,62,55,44,37,37,30,30,21,21,21,21,21,12,2,2,2,19,33,27,27,30,12,10,10],"gold":43,"neow_bonus":"BOSS_RELIC","is_daily":false,"chose_seed":false,"campfire_upgraded":6,"win_rate":0.0,"timestamp":1611392932,"path_taken":["M","M","?","M","M","R","E","R","T","R","M","?","E","$","R","BOSS","M","M","?","?","?","R","E","R","T","?","R","E","M","$","R","BOSS","M","?","M","M","M"],"items_purchased_type":["Relic","Relic","Card"],"build_version":"2020-12-22","purchased_purges":1,"victory":false,"max_hp_per_floor":[75,75,75,75,75,75,75,75,75,75,75,75,75,75,75,75,75,75,75,37,37,37,37,37,37,37,37,37,37,37,37,37,37,37,37,37,40,40,43,43],"card_choices":[{"not_picked":["Sentinel","Wild Strike"],"picked":"Iron Wave","floor":1.0},{"not_picked":["Infernal Blade","Thunderclap"],"picked":"Ghostly Armor","floor":2.0},{"not_picked":["Hemokinesis","Clash"],"picked":"Pommel Strike","floor":4.0},{"not_picked":["Heavy Blade","Blood for Blood","Wild Strike"],"picked":"SKIP","floor":5.0},{"not_picked":["Thunderclap","Carnage"],"picked":"Inflame","floor":7.0},{"not_picked":["Anger","Fiend Fire"],"picked":"Inflame+1","floor":11.0},{"not_picked":["Clothesline","Dark Embrace+1","Wild Strike"],"picked":"SKIP","floor":12.0},{"not_picked":["Clothesline","Dark Embrace+1","Wild Strike"],"picked":"SKIP","floor":12.0},{"not_picked":["Dark Embrace+1","Wild Strike"],"picked":"Clothesline","floor":12.0},{"not_picked":["Body Slam","Anger"],"picked":"Headbutt","floor":13.0},{"not_picked":["Corruption+1","Exhume"],"picked":"Immolate","floor":16.0},{"not_picked":["Rupture+1","Perfected Strike"],"picked":"Uppercut","floor":18},{"not_picked":["Twin Strike","Body Slam","Combust+1"],"picked":"SKIP","floor":19},{"not_picked":["Cleave","Twin Strike","Clothesline"],"picked":"SKIP","floor":22},{"not_picked":["Sword Boomerang","Cleave","Blood for Blood"],"picked":"SKIP","floor":24},{"not_picked":["Clothesline","Flex","Wild Strike","Sword Boomerang"],"picked":"SKIP","floor":29},{"not_picked":["Cleave","Intimidate","Armaments"],"picked":"Shrug It Off","floor":30},{"not_picked":["Barricade+1","Berserk+1","Impervious"],"picked":"Feed","floor":33},{"not_picked":["Anger+1","Headbutt+1","Wild Strike"],"picked":"Spot Weakness+1","floor":35},{"not_picked":["Twin Strike","Sword Boomerang","Pommel Strike","Body Slam"],"picked":"SKIP","floor":37},{"not_picked":["Wild Strike","Seeing Red","Cleave"],"picked":"Uppercut+1","floor":38}],"player_experience":1673677,"relics_obtained":[{"floor":7.0,"key":"The Courier"},{"floor":9.0,"key":"Frozen Egg 2"},{"floor":13.0,"key":"Letter Opener"},{"floor":24,"key":"Question Card"},{"floor":26,"key":"Bottled Lightning"},{"floor":29,"key":"Oddly Smooth Stone"}],"event_choices":[{"cards_removed":["Iron Wave"],"damage_healed":0.0,"max_hp_gain":0.0,"max_hp_loss":0.0,"gold_gain":0.0,"event_name":"WeMeetAgain","player_choice":"Gave Card","floor":3.0,"gold_loss":0.0,"damage_taken":0.0,"relics_obtained":["Paper Frog"]},{"damage_healed":0,"gold_gain":0,"player_choice":"Became a Ghost","damage_taken":0,"max_hp_gain":0,"max_hp_loss":38,"event_name":"Ghosts","floor":20,"gold_loss":0,"cards_obtained":["Ghostly","Ghostly","Ghostly"]},{"cards_removed":["Strike_R"],"damage_healed":0,"gold_gain":0,"player_choice":"Purged","damage_taken":0,"max_hp_gain":0,"max_hp_loss":0,"event_name":"Purifier","floor":21,"gold_loss":0},{"damage_healed":0,"gold_gain":0,"player_choice":"Forge","damage_taken":0,"max_hp_gain":0,"max_hp_loss":0,"event_name":"Accursed Blacksmith","floor":27,"gold_loss":0,"cards_upgraded":["Pommel Strike"]}],"is_beta":false,"boss_relics":[{"not_picked":["Mark of Pain","Snecko Eye"],"picked":"Velvet Choker"},{"not_picked":["Coffee Dripper","Busted Crown"],"picked":"Pandora\u0027s Box"}],"items_purged_floors":[36],"is_endless":false,"potions_floor_spawned":[2,12,13,24,29,33,38],"killed_by":"4 Shapes","ascension_level":20}}