{"host":"dv29tre2e7vje47n","time":1611422545,"event":{"mods":["AchievementEnabler","BaseMod","Beaked The Cultist","Colored Map","Colored Powertips","DeckTracker","Displayed Cursed Tome","Downfall","Friendly Minions","Googly Eyes","Highlight Path","Key Reminder","Minty Spire (QoL Compilation)","Quick Restart","Random Character Button","Rare Cards Sparkle","Relic Sorter","Relic Stats","Spire Arcade","Spire Birthday Party","StSLib","SuperFastMode","The Marked","Unceasing Turn Reminder"],"gold_per_floor":[114,127,143,156,6,18,44,59,75,92,123,139,164,149,149,149,149,149],"floor_reached":16,"language":"ENG","playtime":679,"items_purged":[],"score":149,"play_id":"3a5677ff-8a04-4799-b95c-d7b4fed186d9","local_time":"20210123182225","is_ascension_mode":true,"campfire_choices":[{"floor":15,"key":"REST"}],"circlet_count":0,"master_deck":["bronze:Strike","bronze:Strike","bronze:Strike","bronze:Strike","bronze:Defend","bronze:Defend","bronze:Defend","bronze:Defend","bronze:Replicate","bronze:Goto","bronze:DigitalCarnage","bronze:Overheat","bronze:Flail","bronze:FineTuning","bronze:WhirlingStrike","bronze:NullPointer","bronze:Philosophize","bronze:BronzeOrb","bronze:Optimize"],"relics":["bronze:BronzeCore","Ancient Tea Set","hexamod:BolsterEngine","Boot"],"acts_visited":["Exordium"],"potions_floor_usage":[],"damage_taken":[{"damage":1.0,"enemies":"Cultist","floor":1.0,"turns":4.0},{"damage":1.0,"enemies":"Jaw Worm","floor":2.0,"turns":3.0},{"damage":0.0,"enemies":"Small Slimes","floor":3.0,"turns":2.0},{"damage":7.0,"enemies":"3 Louse","floor":4.0,"turns":2.0},{"damage":14.0,"enemies":"Blue Slaver","floor":6.0,"turns":4.0},{"damage":10.0,"enemies":"Exordium Thugs","floor":8.0,"turns":3.0},{"damage":5.0,"enemies":"3 Louse","floor":9.0,"turns":3.0},{"damage":5.0,"enemies":"Lots of Slimes","floor":10.0,"turns":2.0},{"damage":16.0,"enemies":"Gremlin Nob","floor":11.0,"turns":3.0},{"damage":0.0,"enemies":"2 Fungi Beasts","floor":12.0,"turns":3.0},{"damage":4.0,"enemies":"3 Sentries","floor":13.0,"turns":3.0},{"damage":15.0,"enemies":"downfall:FleeingMerchant","floor":14.0,"turns":4.0},{"damage":0,"enemies":"WA_ARCHETYPE_RETAIN","floor":16,"turns":2}],"seed_played":"-7304136580524986043","potions_obtained":[{"floor":2.0,"key":"SteroidPotion"},{"floor":4.0,"key":"SteroidPotion"},{"floor":9.0,"key":"Energy Potion"},{"floor":10.0,"key":"Explosive Potion"}],"is_trial":false,"path_per_floor":["M","M","M","M","?","M","T","M","M","M","E","M","E","$","R","B"],"character_chosen":"THE_AUTOMATON","items_purchased":[],"campfire_rested":1,"item_purchase_floors":[],"current_hp_per_floor":[76,75,75,68,87,73,73,63,58,53,37,37,33,18,44,44,44,44],"gold":149,"neow_bonus":"TEN_PERCENT_HP_BONUS","is_daily":false,"chose_seed":false,"campfire_upgraded":0,"win_rate":0.0,"timestamp":1611422545,"path_taken":["M","M","?","M","?","?","T","M","M","M","E","M","E","$","R","BOSS"],"items_purchased_type":[],"build_version":"2020-12-22","purchased_purges":0,"victory":false,"max_hp_per_floor":[77,77,77,77,87,87,87,87,87,87,87,87,87,87,87,87,87,87],"relic_stats":{"counters":[13,37],"Boot":[5],"obtain_stats":[{"bronze:BronzeCore":0,"hexamod:BolsterEngine":11,"Ancient Tea Set":7,"Boot":13},{"bronze:BronzeCore":0,"hexamod:BolsterEngine":9,"Ancient Tea Set":5,"Boot":11},{"bronze:BronzeCore":0,"hexamod:BolsterEngine":26,"Ancient Tea Set":15,"Boot":32}]},"card_choices":[{"not_picked":["bronze:OilSpill","bronze:DelayedGuard"],"picked":"bronze:DigitalCarnage","floor":1.0},{"not_picked":["bronze:DelayedSlice","bronze:ForLoop"],"picked":"bronze:Overheat","floor":2.0},{"not_picked":["bronze:BuggyMess","bronze:Assembly"],"picked":"bronze:Flail","floor":3.0},{"not_picked":["bronze:BronzeArmor","bronze:Shield"],"picked":"bronze:FineTuning","floor":4.0},{"not_picked":["bronze:WildBeam","bronze:Turbo"],"picked":"bronze:WhirlingStrike","floor":6.0},{"not_picked":["bronze:WhirlingStrike","bronze:DelayedGuard","bronze:BuggyMess"],"picked":"SKIP","floor":8.0},{"not_picked":["bronze:DarkDash","bronze:FineTuning","bronze:DelayedSlice"],"picked":"SKIP","floor":9.0},{"not_picked":["bronze:Repulsor","bronze:Separator"],"picked":"bronze:NullPointer","floor":10.0},{"not_picked":["bronze:Shield","bronze:WildBeam"],"picked":"bronze:Philosophize","floor":11.0},{"not_picked":["bronze:WildBeam","bronze:ClassDefault"],"picked":"bronze:BronzeOrb","floor":12.0},{"not_picked":["bronze:ItsAFeature","bronze:Shell","bronze:MaxOutput"],"picked":"SKIP","floor":13.0},{"not_picked":["bronze:BronzeArmor","bronze:WhirlingStrike"],"picked":"bronze:Optimize","floor":14}],"player_experience":125602,"relics_obtained":[{"floor":7.0,"key":"Ancient Tea Set"},{"floor":11.0,"key":"hexamod:BolsterEngine"},{"floor":13.0,"key":"Boot"}],"event_choices":[],"is_beta":false,"boss_relics":[],"items_purged_floors":[],"is_endless":false,"potions_floor_spawned":[2,4,9,10,12],"killed_by":"WA_ARCHETYPE_RETAIN","ascension_level":1}}