{"host":"sw6p9u0oh417cx03","time":1611370257,"event":{"mods":["AchievementEnabler","Act Like it!","BaseMod","CapriCore","DeckTracker","Highlight Path","Minty Spire (QoL Compilation)","Quick Restart","StSLib"],"gold_per_floor":[112,37,37,37,51,76,76,104,104,179,179,179,179],"floor_reached":12,"language":"ZHS","playtime":389,"items_purged":["Strike_R"],"score":147,"play_id":"9ee027fb-d3e1-45bb-aa08-b33290824dc7","local_time":"20210123105057","is_ascension_mode":true,"campfire_choices":[{"data":"Armaments","floor":7,"key":"SMITH"}],"circlet_count":0,"master_deck":["AscendersBane","Strike_R","Strike_R","Strike_R","Defend_R","Defend_R","Defend_R","Defend_R","Bash","Armaments+1","Second Wind","Demon Form","Exhume"],"relics":["Burning Blood","Pantograph","White Beast Statue","Mummified Hand"],"acts_visited":["Exordium"],"potions_floor_usage":[6,8],"damage_taken":[{"damage":5.0,"enemies":"Small Slimes","floor":1.0,"turns":4.0},{"damage":1.0,"enemies":"Cultist","floor":5.0,"turns":4.0},{"damage":30,"enemies":"Lagavulin","floor":6,"turns":6},{"damage":49,"enemies":"3 Sentries","floor":8,"turns":12},{"damage":0,"enemies":"Gremlin Nob","floor":12,"turns":2}],"seed_played":"772996081969663128","potions_obtained":[{"floor":1.0,"key":"GamblersBrew"},{"floor":6,"key":"Regen Potion"}],"is_trial":false,"path_per_floor":["M","$","?","$","M","E","R","E","T","?","T","E"],"character_chosen":"IRONCLAD","items_purchased":[],"campfire_rested":0,"item_purchase_floors":[],"current_hp_per_floor":[69,69,69,69,74,50,50,22,22,11,11,11,11],"gold":179,"neow_bonus":"REMOVE_CARD","is_daily":false,"chose_seed":false,"campfire_upgraded":1,"win_rate":0.0,"timestamp":1611370257,"path_taken":["M","$","?","?","?","E","R","E","T","?","?","E"],"items_purchased_type":[],"build_version":"2020-12-22","purchased_purges":1,"victory":false,"max_hp_per_floor":[75,75,75,75,75,75,75,75,75,75,75,75,75],"card_choices":[{"not_picked":["Shockwave","Havoc"],"picked":"Armaments","floor":1.0},{"not_picked":["Thunderclap","Heavy Blade","Armaments"],"picked":"SKIP","floor":5.0},{"not_picked":["Twin Strike","Infernal Blade"],"picked":"Exhume","floor":6},{"not_picked":["Pummel","Fire Breathing","Inflame"],"picked":"SKIP","floor":8}],"player_experience":324483,"relics_obtained":[{"floor":6,"key":"Pantograph"},{"floor":8,"key":"White Beast Statue"},{"floor":11,"key":"Mummified Hand"}],"event_choices":[{"damage_healed":0.0,"max_hp_gain":0.0,"max_hp_loss":0.0,"gold_gain":0.0,"event_name":"Match and Keep!","player_choice":"2 cards matched","floor":3.0,"gold_loss":0.0,"damage_taken":0.0,"cards_obtained":["Second Wind","Demon Form"]},{"damage_healed":0,"gold_gain":75,"player_choice":"Gather Gold","damage_taken":11,"max_hp_gain":0,"max_hp_loss":0,"event_name":"World of Goop","floor":10,"gold_loss":0}],"is_beta":false,"boss_relics":[],"items_purged_floors":[2],"is_endless":false,"potions_floor_spawned":[1,6],"killed_by":"Gremlin Nob","ascension_level":15}}