{"host":"c44ey07ufggfw2m8","time":1611413552,"event":{"mods":["2.2 Compatiblity","BaseMod","Colored Map","DeckTracker","Highlight Path","Keyboard Shortcuts","Minty Spire (QoL Compilation)","Permanent Neow","Quick Restart","StSLib","SuperFastMode","UnlockEverythingMod"],"gold_per_floor":[117,67,67,77,88,113,288,305,332,332,347,366,366,65,65,160,160,175,187,49,66,15,15,26,60,60,60,60,60,74,89,89,190,190,207,207,207,107,126,153,153,153,153,153,153,195,195,208,208,208],"floor_reached":51,"language":"KOR","playtime":6439,"items_purged":["Doubt","Quick Slash"],"score":945,"play_id":"14a70c98-bddd-4c4f-94b5-c438cd26fd0b","local_time":"20210123235232","is_ascension_mode":true,"campfire_choices":[{"data":"Well Laid Plans","floor":15.0,"key":"SMITH"},{"data":"Adrenaline","floor":23,"key":"SMITH"},{"floor":27,"key":"REST"},{"floor":32,"key":"REST"},{"data":"Blade Dance","floor":41,"key":"SMITH"},{"data":"Night Terror","floor":45,"key":"SMITH"},{"data":"Prepared","floor":47,"key":"SMITH"},{"data":"Adrenaline","floor":49,"key":"SMITH"}],"circlet_count":0,"master_deck":["Survivor","Neutralize","Flying Knee","Choke+1","Blur","Backflip","Underhanded Strike","Prepared+1","Well Laid Plans+1","Venomology","After Image","Night Terror+1","Riddle With Holes","Terror","Backflip","Blade Dance+1","Adrenaline+1","Calculated Gamble","Acrobatics","After Image","Cloak And Dagger","Footwork","Adrenaline+1","Reflex+1","Cloak And Dagger+1","Panache","PiercingWail+1"],"relics":["Ring of the Snake","Akabeko","Lantern","Boot","Oddly Smooth Stone","Pandora\u0027s Box","Juzu Bracelet","Calipers","Regal Pillow","Empty Cage","Ancient Tea Set","StrikeDummy","CeramicFish"],"acts_visited":["Exordium","TheCity","TheBeyond"],"potions_floor_usage":[16,21,24,25,25,31,33,33,39,40,40,40,48,50,50,50],"damage_taken":[{"damage":0.0,"enemies":"Small Slimes","floor":1.0,"turns":4.0},{"damage":0.0,"enemies":"2 Louse","floor":4.0,"turns":3.0},{"damage":0.0,"enemies":"Cultist","floor":5.0,"turns":3.0},{"damage":19.0,"enemies":"3 Sentries","floor":6.0,"turns":15.0},{"damage":0.0,"enemies":"3 Louse","floor":8.0,"turns":5.0},{"damage":0.0,"enemies":"Looter","floor":11.0,"turns":2.0},{"damage":0.0,"enemies":"2 Fungi Beasts","floor":12.0,"turns":3.0},{"damage":30,"enemies":"Hexaghost","floor":16,"turns":12},{"damage":4,"enemies":"2 Thieves","floor":18,"turns":4},{"damage":6,"enemies":"Chosen","floor":19,"turns":3},{"damage":5,"enemies":"Snake Plant","floor":21,"turns":4},{"damage":15,"enemies":"3 Cultists","floor":24,"turns":7},{"damage":19,"enemies":"Slavers","floor":25,"turns":6},{"damage":0,"enemies":"Centurion and Healer","floor":30,"turns":5},{"damage":0,"enemies":"Shelled Parasite and Fungi","floor":31,"turns":3},{"damage":4,"enemies":"Automaton","floor":33,"turns":11},{"damage":5,"enemies":"3 Darklings","floor":35,"turns":16},{"damage":1,"enemies":"3 Shapes","floor":39,"turns":6},{"damage":28,"enemies":"Reptomancer","floor":40,"turns":11},{"damage":0,"enemies":"Giant Head","floor":46,"turns":8},{"damage":0,"enemies":"Spire Growth","floor":48,"turns":4},{"damage":12,"enemies":"Donu and Deca","floor":50,"turns":9}],"seed_played":"3915930217562446704","potions_obtained":[{"floor":4.0,"key":"EssenceOfSteel"},{"floor":12.0,"key":"Weak Potion"},{"floor":16,"key":"Dexterity Potion"},{"floor":18,"key":"PowerPotion"},{"floor":31,"key":"LiquidMemories"},{"floor":33,"key":"Explosive Potion"},{"floor":35,"key":"AttackPotion"},{"floor":46,"key":"Strength Potion"}],"is_trial":false,"path_per_floor":["M","?","?","M","M","E","?","M","T","?","M","M","?","$","R","B",null,"M","M","$","M","$","R","M","E","T","R","?","?","M","M","R","B",null,"M","?","?","$","M","E","R","?","T","?","R","E","R","M","R","B",null],"character_chosen":"THE_SILENT","items_purchased":["Well Laid Plans","Oddly Smooth Stone","Adrenaline","Acrobatics"],"campfire_rested":2,"item_purchase_floors":[14,14,20,22],"current_hp_per_floor":[45,45,33,33,33,14,14,14,14,14,14,14,37,37,37,7,54,50,44,44,39,39,39,24,5,5,26,26,26,26,26,62,58,67,62,62,62,62,61,33,33,33,33,61,61,61,61,61,61,49],"gold":208,"neow_bonus":"REMOVE_TWO","is_daily":false,"chose_seed":false,"campfire_upgraded":6,"win_rate":0.0,"timestamp":1611413552,"path_taken":["M","?","?","M","M","E","?","M","T","?","M","?","?","$","R","BOSS","M","M","$","M","$","R","M","E","T","R","?","?","M","M","R","BOSS","M","?","?","$","M","E","R","?","T","?","R","E","R","M","R","BOSS"],"items_purchased_type":["Card","Relic","Card","Card"],"build_version":"2020-12-22","purchased_purges":2,"victory":true,"max_hp_per_floor":[70,70,70,70,70,70,70,70,70,70,70,70,70,70,70,70,70,70,70,70,70,70,70,70,70,70,70,70,70,70,70,70,70,70,70,70,70,70,70,70,70,70,70,61,61,61,61,61,61,61],"card_choices":[{"not_picked":["Acrobatics","Slice"],"picked":"Flying Knee","floor":1.0},{"not_picked":["Cloak And Dagger","Sucker Punch"],"picked":"Choke","floor":4.0},{"not_picked":["Slice","Masterful Stab"],"picked":"Blur","floor":5.0},{"not_picked":["Prepared","Tactician"],"picked":"Backflip","floor":6.0},{"not_picked":["Bane","Dagger Throw"],"picked":"Underhanded Strike","floor":8.0},{"not_picked":["Phantasmal Killer","Bane"],"picked":"Prepared","floor":11.0},{"not_picked":["Deflect","Acrobatics"],"picked":"Quick Slash","floor":12.0},{"not_picked":["Envenom","Phantasmal Killer"],"picked":"Venomology","floor":16},{"not_picked":["Outmaneuver","Flying Knee+1"],"picked":"Blade Dance","floor":18},{"not_picked":["Outmaneuver","Dash+1","Slice+1"],"picked":"SKIP","floor":19},{"not_picked":["Flying Knee+1","Infinite Blades+1"],"picked":"Calculated Gamble","floor":21},{"not_picked":["Flying Knee+1","Deadly Poison"],"picked":"After Image","floor":24},{"not_picked":["Quick Slash+1","Infinite Blades","Deflect"],"picked":"SKIP","floor":25},{"not_picked":["Finisher","Predator"],"picked":"Cloak And Dagger","floor":30},{"not_picked":["Tactician","Sucker Punch"],"picked":"Footwork","floor":31},{"not_picked":["Venomology","Malaise"],"picked":"Adrenaline","floor":33},{"not_picked":["Setup","Blade Dance"],"picked":"Reflex+1","floor":35},{"not_picked":["Deadly Poison","Bouncing Flask+1","Sucker Punch+1"],"picked":"SKIP","floor":39},{"not_picked":["Dash+1","Acrobatics"],"picked":"Cloak And Dagger+1","floor":40},{"not_picked":["Madness","Finesse"],"picked":"Panache","floor":42},{"not_picked":["Catalyst+1","All Out Attack"],"picked":"PiercingWail+1","floor":46},{"not_picked":["Calculated Gamble+1","Blade Dance","Dash+1"],"picked":"SKIP","floor":48}],"player_experience":57812,"relics_obtained":[{"floor":6.0,"key":"Lantern"},{"floor":9.0,"key":"Boot"},{"floor":25,"key":"Juzu Bracelet"},{"floor":26,"key":"Calipers"},{"floor":40,"key":"Ancient Tea Set"},{"floor":43,"key":"StrikeDummy"},{"floor":46,"key":"CeramicFish"}],"event_choices":[{"cards_removed":["Strike_G"],"damage_healed":0.0,"max_hp_gain":0.0,"max_hp_loss":0.0,"gold_gain":0.0,"event_name":"The Cleric","player_choice":"Card Removal","floor":2.0,"gold_loss":50.0,"damage_taken":0.0},{"damage_healed":0.0,"max_hp_gain":0.0,"max_hp_loss":0.0,"gold_gain":0.0,"event_name":"Scrap Ooze","player_choice":"Success","floor":3.0,"gold_loss":0.0,"damage_taken":12.0,"relics_obtained":["Akabeko"]},{"damage_healed":0.0,"max_hp_gain":0.0,"max_hp_loss":0.0,"gold_gain":175.0,"event_name":"Liars Game","player_choice":"AGREE","floor":7.0,"gold_loss":0.0,"damage_taken":0.0,"cards_obtained":["Doubt"]},{"damage_healed":0.0,"max_hp_gain":0.0,"max_hp_loss":0.0,"gold_gain":0.0,"event_name":"Upgrade Shrine","player_choice":"Upgraded","floor":10.0,"gold_loss":0.0,"damage_taken":0.0,"cards_upgraded":["Choke"]},{"damage_healed":23.0,"max_hp_gain":0.0,"max_hp_loss":0.0,"gold_gain":0.0,"event_name":"Big Fish","player_choice":"Banana","floor":13.0,"gold_loss":0.0,"damage_taken":0.0},{"damage_healed":0,"gold_gain":0,"player_choice":"Ignored","damage_taken":0,"max_hp_gain":0,"max_hp_loss":0,"event_name":"Cursed Tome","floor":28,"gold_loss":0},{"damage_healed":0,"gold_gain":0,"player_choice":"Opened","damage_taken":0,"relics_obtained":["Regal Pillow"],"max_hp_gain":0,"max_hp_loss":0,"event_name":"The Mausoleum","floor":29,"gold_loss":0},{"damage_healed":0,"gold_gain":0,"player_choice":"Ignored","damage_taken":0,"max_hp_gain":0,"max_hp_loss":0,"event_name":"Mysterious Sphere","floor":36,"gold_loss":0},{"damage_healed":0,"gold_gain":0,"player_choice":"Ignored","damage_taken":0,"max_hp_gain":0,"max_hp_loss":0,"event_name":"Tomb of Lord Red Mask","floor":37,"gold_loss":0},{"damage_healed":0,"gold_gain":0,"player_choice":"Memory 1","damage_taken":0,"max_hp_gain":0,"max_hp_loss":0,"event_name":"SensoryStone","floor":42,"gold_loss":0},{"damage_healed":61,"gold_gain":0,"player_choice":"Heal","damage_taken":0,"max_hp_gain":0,"max_hp_loss":9,"event_name":"The Moai Head","floor":44,"gold_loss":0}],"is_beta":false,"boss_relics":[{"not_picked":["HoveringKite","Cursed Key"],"picked":"Pandora\u0027s Box"},{"not_picked":["Fusion Hammer","Snecko Eye"],"picked":"Empty Cage"}],"items_purged_floors":[14,38],"is_endless":false,"potions_floor_spawned":[4,12,16,18,24,31,33,35,46,48],"ascension_level":7}}