{"host":"xrbutm0tzv4qwo7u","time":1611422822,"event":{"mods":["AchievementEnabler","BaseMod","Better Altar","Better Match","Better Note","Better Sensory Stone","Better Skull","Better Third Choice","Colored Map","Colored Powertips","Curses Come First","Dark Map","Hermit","Minty Spire (QoL Compilation)","Quick Restart","Rare Cards Sparkle","Relic Stats","StSLib","The Cursed","The Marked"],"gold_per_floor":[110,285,301,301,71,114,114,114,114,114,114,189,63,78,78,207,207,221,221,221],"floor_reached":19,"language":"ENG","playtime":373,"items_purged":["Doubt"],"score":222,"play_id":"e6d1ffab-8e1a-436a-a229-c111788235c1","local_time":"20210123112702","is_ascension_mode":true,"campfire_choices":[{"data":"Eruption","floor":7.0,"key":"SMITH"},{"data":"Collect","floor":11.0,"key":"SMITH"},{"data":"Enlightenment","floor":15.0,"key":"SMITH"}],"circlet_count":0,"master_deck":["Strike_P","Strike_P","Strike_P","Strike_P","Defend_P","Defend_P","Defend_P","Defend_P","Eruption+1","Vigilance","Collect+1","LikeWater","Indignation","Regret","ReachHeaven","Enlightenment+1","Wish","Vault","InnerPeace+1"],"relics":["HolyWater","NeowsBlessing","Golden Idol","Tiny Chest","Pear","Toy Ornithopter","Matryoshka","Lizard Tail"],"acts_visited":["Exordium","TheCity"],"potions_floor_usage":[],"damage_taken":[{"damage":0.0,"enemies":"Jaw Worm","floor":1.0,"turns":1.0},{"damage":0.0,"enemies":"Small Slimes","floor":3.0,"turns":1.0},{"damage":0.0,"enemies":"Gremlin Nob","floor":6.0,"turns":1.0},{"damage":8.0,"enemies":"2 Louse","floor":14.0,"turns":3.0},{"damage":45.0,"enemies":"Hexaghost","floor":16.0,"turns":9.0},{"damage":25.0,"enemies":"2 Thieves","floor":18.0,"turns":4.0},{"damage":0,"enemies":"Chosen","floor":19,"turns":1}],"seed_played":"1329101999134884497","potions_obtained":[{"floor":3.0,"key":"AttackPotion"},{"floor":6.0,"key":"Fruit Juice"}],"is_trial":false,"path_per_floor":["M","?","M","?","$","E","R","?","T","?","R","?","$","M","R","B",null,"M","M"],"character_chosen":"WATCHER","items_purchased":["Tiny Chest","ReachHeaven","Enlightenment"],"campfire_rested":0,"item_purchase_floors":[5,13,13],"current_hp_per_floor":[72,72,72,54,54,69,69,62,62,62,62,51,51,43,43,3,87,62,62,62],"gold":221,"neow_bonus":"THREE_ENEMY_KILL","is_daily":false,"chose_seed":false,"campfire_upgraded":3,"win_rate":0.0,"timestamp":1611422822,"path_taken":["M","?","M","?","?","E","R","?","T","?","R","?","$","M","R","BOSS","M","M"],"items_purchased_type":["Relic","Card","Card"],"build_version":"2020-12-22","purchased_purges":1,"victory":false,"max_hp_per_floor":[72,72,72,72,72,87,87,87,87,87,87,87,87,87,87,87,87,87,87,87],"relic_stats":{"Lizard Tail":0,"counters":[7,20],"Golden Idol":41,"Tiny Chest":0,"obtain_stats":[{"Lizard Tail":10,"Pear":6,"Matryoshka":9,"NeowsBlessing":0,"Golden Idol":4,"HolyWater":17,"Tiny Chest":5,"PureWater":0,"Toy Ornithopter":8},{"Lizard Tail":3,"Pear":3,"Matryoshka":3,"NeowsBlessing":0,"Golden Idol":2,"HolyWater":5,"Tiny Chest":2,"PureWater":0,"Toy Ornithopter":3},{"Lizard Tail":3,"Pear":3,"Matryoshka":3,"NeowsBlessing":0,"Golden Idol":2,"HolyWater":15,"Tiny Chest":2,"PureWater":0,"Toy Ornithopter":3}],"Toy Ornithopter":5},"card_choices":[{"not_picked":["CutThroughFate","EmptyBody"],"picked":"Collect","floor":1.0},{"not_picked":["Halt","TalkToTheHand"],"picked":"LikeWater","floor":3.0},{"not_picked":["ThirdEye","Consecrate"],"picked":"Indignation","floor":6.0},{"not_picked":["Nirvana","Conclude"],"picked":"Wish","floor":14.0},{"not_picked":["Judgement","Omniscience"],"picked":"Vault","floor":16.0},{"not_picked":["Pray","ForeignInfluence"],"picked":"InnerPeace+1","floor":18.0}],"player_experience":63300,"relics_obtained":[{"floor":6.0,"key":"Pear"},{"floor":9.0,"key":"Matryoshka"}],"event_choices":[{"damage_healed":0.0,"max_hp_gain":0.0,"max_hp_loss":0.0,"gold_gain":175.0,"event_name":"betterThird:BetterSerpent","player_choice":"AGREE","floor":2.0,"gold_loss":0.0,"damage_taken":110.0},{"damage_healed":0.0,"max_hp_gain":0.0,"max_hp_loss":0.0,"gold_gain":0.0,"event_name":"Golden Idol","player_choice":"Take Damage","floor":4.0,"gold_loss":0.0,"damage_taken":18.0,"relics_obtained":["Golden Idol"]},{"damage_healed":0.0,"max_hp_gain":0.0,"max_hp_loss":0.0,"gold_gain":0.0,"event_name":"betterThird:BetterScrap","player_choice":"Relic ","floor":8.0,"gold_loss":0.0,"damage_taken":7.0,"cards_obtained":["Force Field"]},{"damage_healed":0.0,"max_hp_gain":0.0,"max_hp_loss":0.0,"gold_gain":0.0,"event_name":"Big Fish","player_choice":"Box","floor":10.0,"gold_loss":0.0,"damage_taken":0.0,"relics_obtained":["Lizard Tail"],"cards_obtained":["Regret"]},{"damage_healed":0.0,"max_hp_gain":0.0,"max_hp_loss":0.0,"gold_gain":75.0,"event_name":"betterThird:BetterGoop","player_choice":"Gold","floor":12.0,"gold_loss":0.0,"damage_taken":11.0}],"is_beta":false,"boss_relics":[{"not_picked":["Philosopher\u0027s Stone","Velvet Choker"],"picked":"HolyWater"}],"items_purged_floors":[5],"is_endless":false,"potions_floor_spawned":[3,6],"killed_by":"Chosen","ascension_level":1}}