{"host":"lnt5dzsuhru0aonl","time":1611373912,"event":{"mods":["2.2 Compatiblity","BaseMod","Colored Map","Colored Powertips","DeckTracker","Keyboard Shortcuts","Minty Spire (QoL Compilation)","Permanent Neow","Rare Cards Sparkle","StSLib","SuperFastMode","everything is the same but u backflip on backflip"],"gold_per_floor":[114,114,126,141,66,66,66,66,91,91,109,29,49,49,49,121,121,137,114,131,181,181,181,181],"floor_reached":23,"language":"KOR","playtime":553,"items_purged":[],"score":362,"play_id":"23862ed4-11ae-4e42-b9b8-038a6d3d580c","local_time":"20210123125152","is_ascension_mode":true,"campfire_choices":[{"data":"Zap","floor":6.0,"key":"SMITH"},{"data":"Dualcast","floor":8.0,"key":"SMITH"},{"data":"Self Repair","floor":10.0,"key":"SMITH"},{"data":"Coolheaded","floor":15.0,"key":"SMITH"}],"circlet_count":0,"master_deck":["AscendersBane","Strike_B","Strike_B","Defend_B","Defend_B","Defend_B","Defend_B","Zap+1","Dualcast+1","Blizzard","Rebound","Self Repair+1","Meteor Strike","Coolheaded+1","Recycle","Ball Lightning","Reboot","Turbo","Undo","Capacitor"],"relics":["FrozenCore","StoneCalendar","Happy Flower","Calipers"],"acts_visited":["Exordium","TheCity"],"potions_floor_usage":[],"damage_taken":[{"damage":6.0,"enemies":"2 Louse","floor":1.0,"turns":4.0},{"damage":4.0,"enemies":"Jaw Worm","floor":3.0,"turns":3.0},{"damage":7.0,"enemies":"Small Slimes","floor":4.0,"turns":3.0},{"damage":13.0,"enemies":"Blue Slaver","floor":11.0,"turns":3.0},{"damage":16.0,"enemies":"Exordium Thugs","floor":13.0,"turns":6.0},{"damage":13.0,"enemies":"The Guardian","floor":16.0,"turns":11.0},{"damage":18.0,"enemies":"Spheric Guardian","floor":18.0,"turns":6.0},{"damage":10.0,"enemies":"2 Thieves","floor":19.0,"turns":4.0},{"damage":9.0,"enemies":"Snecko","floor":20.0,"turns":4.0},{"damage":75,"enemies":"Slavers","floor":23,"turns":3}],"seed_played":"-5406159565276058962","potions_obtained":[{"floor":1.0,"key":"GamblersBrew"},{"floor":3.0,"key":"Fruit Juice"},{"floor":11.0,"key":"EntropicBrew"},{"floor":16.0,"key":"Fire Potion"},{"floor":18.0,"key":"SpeedPotion"}],"is_trial":false,"path_per_floor":["M","?","M","M","?","R","?","R","T","R","M","$","M","?","R","B",null,"M","M","M","?","?","E"],"character_chosen":"DEFECT","items_purchased":["Recycle"],"campfire_rested":0,"item_purchase_floors":[12],"current_hp_per_floor":[58,63,59,52,52,52,52,52,52,52,54,54,48,43,43,40,66,58,58,59,59,59,0,0],"gold":181,"neow_bonus":"ONE_RARE_RELIC","is_daily":false,"chose_seed":false,"campfire_upgraded":4,"win_rate":0.0,"timestamp":1611373912,"path_taken":["M","?","M","M","?","R","?","R","T","R","?","$","M","?","R","BOSS","M","M","M","?","?","E"],"items_purchased_type":["Card"],"build_version":"2020-12-22","purchased_purges":0,"victory":false,"max_hp_per_floor":[64,69,69,69,69,69,69,69,69,69,74,74,74,74,74,74,74,74,74,74,74,74,74,74],"card_choices":[{"not_picked":["White Noise","Tempest"],"picked":"Blizzard","floor":1.0},{"not_picked":["Beam Cell","Barrage"],"picked":"Rebound","floor":3.0},{"not_picked":["Thunder Strike","Lockon"],"picked":"Self Repair","floor":4.0},{"not_picked":["Ball Lightning","Compile Driver"],"picked":"Coolheaded","floor":11.0},{"not_picked":["Blizzard","Beam Cell"],"picked":"Ball Lightning","floor":13.0},{"not_picked":["Meteor Strike","All For One"],"picked":"Reboot","floor":16.0},{"not_picked":["Compile Driver","Steam Power"],"picked":"Turbo","floor":18.0},{"not_picked":["Streamline","Gash"],"picked":"Undo","floor":19.0},{"not_picked":["Streamline","Fusion"],"picked":"Capacitor","floor":20}],"player_experience":732888,"relics_obtained":[{"floor":9.0,"key":"Happy Flower"}],"event_choices":[{"damage_healed":0.0,"max_hp_gain":5.0,"max_hp_loss":0.0,"gold_gain":0.0,"event_name":"Big Fish","player_choice":"Donut","floor":2.0,"gold_loss":0.0,"damage_taken":0.0},{"cards_removed":["Strike_B"],"damage_healed":0.0,"max_hp_gain":0.0,"max_hp_loss":0.0,"gold_gain":0.0,"event_name":"The Cleric","player_choice":"Card Removal","floor":5.0,"gold_loss":75.0,"damage_taken":0.0},{"damage_healed":0.0,"max_hp_gain":0.0,"max_hp_loss":0.0,"gold_gain":0.0,"cards_transformed":["Strike_B"],"event_name":"Living Wall","player_choice":"Change","floor":7.0,"gold_loss":0.0,"damage_taken":0.0,"cards_obtained":["Meteor Strike"]},{"damage_healed":0.0,"max_hp_gain":0.0,"max_hp_loss":0.0,"gold_gain":0.0,"event_name":"Scrap Ooze","player_choice":"Success","floor":14.0,"gold_loss":0.0,"damage_taken":5.0,"relics_obtained":["Calipers"]},{"damage_healed":0,"gold_gain":50,"player_choice":"Stole From Cult","damage_taken":0,"max_hp_gain":0,"max_hp_loss":0,"event_name":"Nest","floor":21,"gold_loss":0},{"damage_healed":0,"gold_gain":0,"player_choice":"Ignored","damage_taken":0,"max_hp_gain":0,"max_hp_loss":0,"event_name":"Ghosts","floor":22,"gold_loss":0}],"is_beta":false,"boss_relics":[{"not_picked":["Fusion Hammer","Sozu"],"picked":"FrozenCore"}],"items_purged_floors":[],"is_endless":false,"potions_floor_spawned":[1,3,11,16,18],"killed_by":"Slavers","ascension_level":20}}