{"host":"bxn2em57qlx5u4i0","time":1611366758,"event":{"mods":["BaseMod","Colored Map","Colored Powertips","Highlight Path","Minty Spire (QoL Compilation)","Random Character Button","Relic Sorter","Relic Stats","StSLib","SuperFastMode"],"gold_per_floor":[110,110,14,14,14,14,42,42,42,42,42,42,68,82,82,82,82],"floor_reached":16,"language":"ENG","playtime":368,"items_purged":[],"score":228,"play_id":"2f179346-0c1d-4072-96fa-2af5c9ad3394","local_time":"20210122205238","is_ascension_mode":true,"campfire_choices":[{"data":"Dagger Throw","floor":6.0,"key":"SMITH"},{"data":"Leg Sweep","floor":15,"key":"SMITH"}],"circlet_count":0,"master_deck":["AscendersBane","Strike_G","Strike_G","Strike_G","Strike_G","Strike_G","Defend_G","Defend_G","Defend_G","Defend_G","Survivor","Neutralize","Cloak And Dagger+1","Dagger Throw+1","Leg Sweep+1","Escape Plan","Backstab","Deflect"],"relics":["Ring of the Snake","Lizard Tail","Juzu Bracelet","Letter Opener","Strawberry","White Beast Statue"],"acts_visited":["Exordium"],"potions_floor_usage":[10],"damage_taken":[{"damage":0.0,"enemies":"Small Slimes","floor":1.0,"turns":4.0},{"damage":35.0,"enemies":"3 Sentries","floor":7.0,"turns":11.0},{"damage":0,"enemies":"Lagavulin","floor":10,"turns":1},{"damage":9,"enemies":"3 Sentries","floor":13,"turns":12},{"damage":0,"enemies":"2 Louse","floor":14,"turns":2},{"damage":41,"enemies":"The Guardian","floor":16,"turns":14}],"seed_played":"-5333541723158223059","potions_obtained":[{"floor":1.0,"key":"SmokeBomb"},{"floor":13,"key":"SpeedPotion"},{"floor":14,"key":"Weak Potion"}],"is_trial":false,"path_per_floor":["M","?","$","?","$","R","E","?","T","E","T","$","E","M","R","B"],"character_chosen":"THE_SILENT","items_purchased":["Dagger Throw","Leg Sweep"],"campfire_rested":0,"item_purchase_floors":[3,3],"current_hp_per_floor":[44,44,44,37,37,37,2,2,2,2,9,9,36,36,36,0,0],"gold":82,"neow_bonus":"ONE_RARE_RELIC","is_daily":false,"chose_seed":false,"campfire_upgraded":2,"win_rate":0.0,"timestamp":1611366758,"path_taken":["M","?","$","?","?","R","E","?","T","E","?","$","E","M","R","BOSS"],"items_purchased_type":["Card","Card"],"build_version":"2020-12-22","purchased_purges":0,"victory":false,"max_hp_per_floor":[66,66,66,66,66,66,66,66,66,66,73,73,73,73,73,73,73],"relic_stats":{"Lizard Tail":36,"counters":[6,44],"Juzu Bracelet":1,"Letter Opener":[60],"obtain_stats":[{"Lizard Tail":0,"Strawberry":11,"Juzu Bracelet":7,"Letter Opener":9,"White Beast Statue":13,"Ring of the Snake":0},{"Lizard Tail":0,"Strawberry":3,"Juzu Bracelet":2,"Letter Opener":2,"White Beast Statue":4,"Ring of the Snake":0},{"Lizard Tail":0,"Strawberry":16,"Juzu Bracelet":15,"Letter Opener":15,"White Beast Statue":28,"Ring of the Snake":0}],"Ring of the Snake":[12]},"card_choices":[{"not_picked":["Concentrate","Acrobatics"],"picked":"Cloak And Dagger","floor":1.0},{"not_picked":["Underhanded Strike","Distraction"],"picked":"Escape Plan","floor":7.0},{"not_picked":["Prepared","Dagger Spray"],"picked":"Backstab","floor":13},{"not_picked":["Prepared","Slice"],"picked":"Deflect","floor":14}],"player_experience":2909321,"relics_obtained":[{"floor":7.0,"key":"Juzu Bracelet"},{"floor":9,"key":"Letter Opener"},{"floor":11,"key":"Strawberry"},{"floor":13,"key":"White Beast Statue"}],"event_choices":[{"damage_healed":0.0,"max_hp_gain":0.0,"max_hp_loss":0.0,"gold_gain":0.0,"event_name":"Living Wall","player_choice":"Grow","floor":2.0,"gold_loss":0.0,"damage_taken":0.0,"cards_upgraded":["Cloak And Dagger"]},{"cards_removed":["Defend_G"],"damage_healed":0.0,"max_hp_gain":0.0,"max_hp_loss":0.0,"gold_gain":0.0,"event_name":"Golden Wing","player_choice":"Card Removal","floor":4.0,"gold_loss":0.0,"damage_taken":7.0},{"damage_healed":0,"gold_gain":0,"player_choice":"Leave","damage_taken":0,"max_hp_gain":0,"max_hp_loss":0,"event_name":"FaceTrader","floor":8,"gold_loss":0}],"is_beta":false,"boss_relics":[],"items_purged_floors":[],"is_endless":false,"potions_floor_spawned":[1,10,13,14],"killed_by":"The Guardian","ascension_level":20}}