{"host":"4w9vompg42n13q24","time":1611360304,"event":{"mods":["Aspiration","BaseMod","Better Third Choice","Colored Map","Colored Powertips","DeckTracker","Downfall","GifTheSpireLib","Glutton Mod","Hermit","Highlight Path","Hubris","Minty Spire (QoL Compilation)","Relic Stats","StSLib","Stuff the Spire","The Druid","The Necromancer","Trackpad"],"gold_per_floor":[113,113,113,113,134,173,196,196,196,534,709,709,211,224,224,353,353,372,372,372,387,403,437,437,437,464,464,482,482,513,536,536,660,660,674,674,699,2,18,18,49,67,115,136,150,169,169,169,169,169],"floor_reached":51,"language":"ENG","playtime":4368,"items_purged":[],"score":1078,"play_id":"282ff099-4898-49bf-9eee-c207aa358d54","local_time":"20210123010504","is_ascension_mode":true,"campfire_choices":[{"data":"Negative_Energy_Arrows","floor":8.0,"key":"SMITH"},{"data":"Summon_Undead","floor":12.0,"key":"SMITH"},{"floor":15.0,"key":"REST"},{"data":"Cloudkill","floor":24,"key":"SMITH"},{"data":"Skewer","floor":29,"key":"SMITH"},{"data":"Acid_Javelin","floor":32,"key":"SMITH"},{"data":"Summon_Vampire_Lady","floor":40,"key":"SMITH"},{"data":"StuffTheSpire:Repulse","floor":47,"key":"PURGE"},{"data":"StuffTheSpire:CuriosityCurse","floor":49,"key":"PURGE"}],"circlet_count":0,"master_deck":["AscendersBane","Madness+1","Strike_W","Defend_W","Defend_W+1","Defend_W+1","Negative_Energy_Arrows+1","Bone_Wall","Toxic_Smoke_Screen","Plague_Bolt","Negative_Energy_Burst","Summon_Undead+1","Doubt","Negative_Energy_Sphere","Cloudkill+1","Toxic_Smoke_Screen","Shame","Poisoned Stab","Skewer+1","Negative_Energy_Shield","Negative_Energy_Shield","Grasp_Heart","Acid_Javelin+1","Chill_Blood+1","Shade_Step+1","Toxic_Smoke_Screen+1","Summon_Vampire_Lady+1","Blood_Wake","Shade_Step+1"],"relics":["Vampire_Amulet","Lizard Tail","Golden Idol","StuffTheSpire:SapphireSignet","Prayer Wheel","The Courier","Old Coin","Du-Vu Doll","aspiration:AnachronicSnailShell","Cursed Key","Omamori","hubris:Reverence","aspiration:VileToxins","aspiration:RitualStick","hubris:SphereOfDissonance","Busted Crown","StuffTheSpire:BottledEssence","trackpad:SappingStone","Peace Pipe","trackpad:ByrdBGone","trackpad:BottledTsunami","Bag of Marbles","HornCleat"],"acts_visited":["Exordium","TheCity","TheBeyond"],"potions_floor_usage":[50,50,50],"damage_taken":[{"damage":16.0,"enemies":"2 Louse","floor":1.0,"turns":5.0},{"damage":10.0,"enemies":"Jaw Worm","floor":5.0,"turns":4.0},{"damage":49.0,"enemies":"Lagavulin","floor":6.0,"turns":11.0},{"damage":0.0,"enemies":"Small Slimes","floor":7.0,"turns":4.0},{"damage":17.0,"enemies":"Gremlin Nob","floor":10.0,"turns":4.0},{"damage":5.0,"enemies":"Exordium Wildlife","floor":14.0,"turns":3.0},{"damage":59.0,"enemies":"Slime Boss","floor":16.0,"turns":15.0},{"damage":0,"enemies":"3 Byrds","floor":18,"turns":3},{"damage":9,"enemies":"Spheric Guardian","floor":21,"turns":4},{"damage":0,"enemies":"Centurion and Healer","floor":22,"turns":5},{"damage":15,"enemies":"Gremlin Leader","floor":23,"turns":6},{"damage":0,"enemies":"Snecko","floor":28,"turns":4},{"damage":0,"enemies":"Book of Stabbing","floor":30,"turns":3},{"damage":3,"enemies":"Shelled Parasite and Fungi","floor":31,"turns":3},{"damage":28,"enemies":"Champ","floor":33,"turns":8},{"damage":1,"enemies":"Orb Walker","floor":35,"turns":3},{"damage":24,"enemies":"3 Darklings","floor":37,"turns":4},{"damage":18,"enemies":"Maw","floor":39,"turns":5},{"damage":5,"enemies":"Reptomancer","floor":41,"turns":3},{"damage":0,"enemies":"Transient","floor":42,"turns":5},{"damage":2,"enemies":"Sphere and 2 Shapes","floor":44,"turns":3},{"damage":11,"enemies":"Writhing Mass","floor":45,"turns":3},{"damage":0,"enemies":"Transient","floor":46,"turns":5},{"damage":92,"enemies":"hubris:GrandSnecko","floor":50,"turns":11}],"seed_played":"-4006897418129050587","potions_obtained":[{"floor":5.0,"key":"FairyPotion"},{"floor":6.0,"key":"Strength Potion"},{"floor":10.0,"key":"EssenceOfSteel"},{"floor":16.0,"key":"bronze:BurnAndBuffPotion"},{"floor":23,"key":"SteroidPotion"},{"floor":30,"key":"Swift Potion"}],"is_trial":false,"path_per_floor":["M","?","?","T","M","E","M","R","T","E","?","R","$","M","R","B",null,"M","?","?","M","M","E","R","?","T","?","M","R","E","M","R","B",null,"M","?","M","$","M","R","E","M","T","M","M","M","R","?","R","B",null],"character_chosen":"NECROMANCER","items_purchased":["Du-Vu Doll","aspiration:AnachronicSnailShell","StuffTheSpire:BottledEssence","trackpad:SappingStone","Peace Pipe","trackpad:ByrdBGone"],"campfire_rested":1,"item_purchase_floors":[13,13,38,38,38,38],"current_hp_per_floor":[38,23,23,23,15,36,40,40,40,25,25,25,25,24,44,38,61,67,67,67,64,69,59,59,59,59,45,49,49,51,54,54,34,60,69,69,55,55,43,43,48,69,69,69,62,69,69,69,69,16],"gold":169,"neow_bonus":"ONE_RARE_RELIC","is_daily":false,"chose_seed":false,"campfire_upgraded":6,"win_rate":0.0,"timestamp":1611360304,"path_taken":["M","?","?","?","?","E","M","R","T","E","?","R","?","M","R","BOSS","M","?","?","?","M","E","R","?","T","?","M","R","E","M","R","BOSS","M","?","M","?","M","R","E","M","T","M","M","M","R","?","R","BOSS"],"items_purchased_type":["Relic","Relic","Relic","Relic","Relic","Relic"],"build_version":"2020-12-22","purchased_purges":0,"victory":true,"max_hp_per_floor":[75,75,69,69,69,69,69,69,69,69,69,69,69,69,69,69,69,69,69,69,69,69,69,69,69,69,69,69,69,69,69,69,69,69,69,69,69,69,69,69,69,69,69,69,69,69,69,69,69,69],"relic_stats":{"Peace Pipe":3,"Lizard Tail":34,"Busted Crown":30,"counters":[24,124],"Golden Idol":169,"Prayer Wheel":14,"Cursed Key":2,"obtain_stats":[{"aspiration:VileToxins":26,"Golden Idol":3,"trackpad:SappingStone":38,"hubris:SphereOfDissonance":30,"The Courier":9,"StuffTheSpire:BottledEssence":38,"trackpad:ByrdBGone":38,"Omamori":19,"Cursed Key":17,"aspiration:RitualStick":27,"Old Coin":10,"StuffTheSpire:SapphireSignet":4,"Du-Vu Doll":13,"Peace Pipe":38,"Lizard Tail":0,"Busted Crown":34,"HornCleat":48,"aspiration:AnachronicSnailShell":13,"Prayer Wheel":6,"Vampire_Amulet":0,"Bag of Marbles":43,"trackpad:BottledTsunami":41,"hubris:Reverence":23},{"aspiration:VileToxins":11,"Golden Idol":1,"trackpad:SappingStone":17,"hubris:SphereOfDissonance":13,"The Courier":4,"StuffTheSpire:BottledEssence":17,"trackpad:ByrdBGone":17,"Omamori":8,"Cursed Key":7,"aspiration:RitualStick":11,"Old Coin":5,"StuffTheSpire:SapphireSignet":1,"Du-Vu Doll":5,"Peace Pipe":17,"Lizard Tail":0,"Busted Crown":15,"HornCleat":23,"aspiration:AnachronicSnailShell":5,"Prayer Wheel":3,"Vampire_Amulet":0,"Bag of Marbles":20,"trackpad:BottledTsunami":19,"hubris:Reverence":11},{"aspiration:VileToxins":64,"Golden Idol":5,"trackpad:SappingStone":89,"hubris:SphereOfDissonance":71,"The Courier":24,"StuffTheSpire:BottledEssence":89,"trackpad:ByrdBGone":89,"Omamori":49,"Cursed Key":46,"aspiration:RitualStick":64,"Old Coin":28,"StuffTheSpire:SapphireSignet":5,"Du-Vu Doll":28,"Peace Pipe":89,"Lizard Tail":0,"Busted Crown":82,"HornCleat":113,"aspiration:AnachronicSnailShell":28,"Prayer Wheel":20,"Vampire_Amulet":0,"Bag of Marbles":102,"trackpad:BottledTsunami":97,"hubris:Reverence":64}],"aspiration:RitualStick":[0]},"card_choices":[{"not_picked":["Negative_Energy_Mist","Blood_Curse"],"picked":"Toxic_Smoke_Screen","floor":1.0},{"not_picked":["Shackles_Of_Pain","Negative_Energy_Javelin"],"picked":"Plague_Bolt","floor":5.0},{"not_picked":["Summon_Lich","Uncharnel"],"picked":"Negative_Energy_Burst","floor":6.0},{"not_picked":["Flesh_Made_Foul","Finger_Of_Death","Bones_to_Steel"],"picked":"SKIP","floor":7.0},{"not_picked":["Death_Coil","Bone_Armor","Blood_Whip"],"picked":"SKIP","floor":7.0},{"not_picked":["Uncharnel","Summon_Undead_Army"],"picked":"Summon_Undead","floor":10.0},{"not_picked":["Blood_Curse","Negative_Energy_Mist"],"picked":"Negative_Energy_Sphere","floor":14.0},{"not_picked":["Bone_Armor","Chill_Blood","Death_Coil"],"picked":"SKIP","floor":14.0},{"not_picked":["Negative_Energy_Bomb","Reap_The_Weak"],"picked":"Cloudkill","floor":16.0},{"not_picked":["Thousand_Bone_Knives","Epidemic"],"picked":"Toxic_Smoke_Screen","floor":18},{"not_picked":["Shackles_Of_Pain","Blood_Is_Power+1","Finger_Of_Death"],"picked":"SKIP","floor":18},{"not_picked":["Shackles_Of_Pain","Blood_Whip+1"],"picked":"Negative_Energy_Shield","floor":21},{"not_picked":["Plague_Bolt+1","Bone_Spikes"],"picked":"Negative_Energy_Shield","floor":21},{"not_picked":["Shackles_Of_Pain","Life_Drain"],"picked":"Grasp_Heart","floor":22},{"not_picked":["Bone_Shift+1","Bone_Armor"],"picked":"Acid_Javelin","floor":22},{"not_picked":["Bone_Prison","Negative_Energy_Javelin"],"picked":"Chill_Blood+1","floor":23},{"not_picked":["Blood_Curse","Chill_Blood+1"],"picked":"Shade_Step+1","floor":28},{"not_picked":["Bone_Bullets+1","Blood_Whip","Detonate_Bones"],"picked":"SKIP","floor":28},{"not_picked":["Slay_Living+1","Blood_Shield","Blood_Is_Power+1"],"picked":"SKIP","floor":30},{"not_picked":["Finger_Of_Death","Corrupt"],"picked":"Toxic_Smoke_Screen+1","floor":31},{"not_picked":["Exploit","Shackles_Of_Pain","Thousand_Bone_Knives"],"picked":"SKIP","floor":31},{"not_picked":["Blood_Magic","Detonate_Bones"],"picked":"Summon_Vampire_Lady","floor":33},{"not_picked":["Negative_Energy_Mist+1"],"picked":"SKIP","floor":35},{"not_picked":["Negative_Energy_Shield"],"picked":"SKIP","floor":35},{"not_picked":[],"picked":"Shade_Step+1","floor":37},{"not_picked":["Corrupt+1"],"picked":"SKIP","floor":37},{"not_picked":["Blood_Curse+1"],"picked":"SKIP","floor":39},{"not_picked":["Bone_Bullets+1"],"picked":"SKIP","floor":39},{"not_picked":["Requiem"],"picked":"SKIP","floor":41},{"not_picked":["Death_Knell"],"picked":"SKIP","floor":42},{"not_picked":["Bone_Shift"],"picked":"SKIP","floor":42},{"not_picked":["Life_Tap+1"],"picked":"SKIP","floor":44},{"not_picked":["Scare"],"picked":"SKIP","floor":44},{"not_picked":["Death_March_Dance"],"picked":"SKIP","floor":45},{"not_picked":["Strike_from_Beyond"],"picked":"SKIP","floor":45},{"not_picked":["Epidemic+1"],"picked":"SKIP","floor":46},{"not_picked":["Blood_Curse"],"picked":"SKIP","floor":46}],"player_experience":647804,"relics_obtained":[{"floor":4.0,"key":"StuffTheSpire:SapphireSignet"},{"floor":6.0,"key":"Prayer Wheel"},{"floor":9.0,"key":"The Courier"},{"floor":10.0,"key":"Old Coin"},{"floor":23,"key":"hubris:Reverence"},{"floor":26,"key":"aspiration:VileToxins"},{"floor":30,"key":"hubris:SphereOfDissonance"},{"floor":41,"key":"trackpad:BottledTsunami"},{"floor":43,"key":"Bag of Marbles"}],"event_choices":[{"damage_healed":38.0,"max_hp_gain":0.0,"max_hp_loss":75.0,"gold_gain":0.0,"event_name":"betterThird:BetterShining","player_choice":"Upgrade","floor":2.0,"gold_loss":0.0,"damage_taken":15.0,"cards_upgraded":["Defend_W","Defend_W"]},{"damage_healed":0.0,"max_hp_gain":0.0,"max_hp_loss":6.0,"gold_gain":0.0,"event_name":"Golden Idol","player_choice":"Lose Max HP","floor":3.0,"gold_loss":0.0,"damage_taken":0.0,"relics_obtained":["Golden Idol"]},{"damage_healed":0.0,"max_hp_gain":0.0,"max_hp_loss":0.0,"gold_gain":175.0,"event_name":"betterThird:BetterSerpent","player_choice":"AGREE","floor":11.0,"gold_loss":0.0,"damage_taken":534.0},{"damage_healed":0,"gold_gain":0,"player_choice":"Stole Relic","damage_taken":0,"relics_obtained":["Omamori"],"max_hp_gain":0,"max_hp_loss":0,"event_name":"Addict","floor":19,"gold_loss":0,"cards_obtained":["Shame"]},{"damage_healed":0,"gold_gain":0,"cards_transformed":["Strike_W"],"player_choice":"Transformed","damage_taken":0,"max_hp_gain":0,"max_hp_loss":0,"event_name":"Transmorgrifier","floor":36,"gold_loss":0,"cards_obtained":["Blood_Wake"]}],"is_beta":false,"boss_relics":[{"not_picked":["aspiration:FutureDiary","trackpad:StolenKidneys"],"picked":"Cursed Key"},{"not_picked":["StuffTheSpire:Kangaroo","SlaversCollar"],"picked":"Busted Crown"}],"items_purged_floors":[],"is_endless":false,"potions_floor_spawned":[5,6,10,16,23,30,31,35,42],"ascension_level":10}}