{"host":"aas8f8jvicx6tcxp","time":1611367366,"event":{"mods":["BaseMod","Better Third Choice","BetterRewards","Downfall","Hermit","Minty Spire (QoL Compilation)","Robot Space Explorer","StSLib","The Cursed"],"gold_per_floor":[99,111,127,138,44,44,44,44,74,74,74,74,94,125,138,237,237,137,151,151,163,179,194,194,1,35,55,55,55,55,81,91,192,192,192,210,230,187,187,187,187,187,93,93,120,134,134,152,163,163],"floor_reached":51,"language":"ENG","playtime":5501,"items_purged":[],"score":967,"play_id":"ef49aa5b-cf35-487d-935d-6d8b8fb5991d","local_time":"20210122200246","is_ascension_mode":false,"campfire_choices":[{"data":"bronze:Goto","floor":1.0,"key":"SMITH"},{"data":"bronze:Shell","floor":6.0,"key":"SMITH"},{"floor":10.0,"key":"RECALL"},{"floor":12.0,"key":"REST"},{"data":"bronze:ChosenStrike","floor":18.0,"key":"SMITH"},{"data":"bronze:SpaghettiCode","floor":28.0,"key":"SMITH"},{"data":"bronze:Boost","floor":30.0,"key":"SMITH"},{"data":"bronze:Return","floor":35.0,"key":"SMITH"},{"floor":40.0,"key":"REST"},{"data":"expansioncontent:StudyTheSpire","floor":42.0,"key":"SMITH"}],"circlet_count":0,"master_deck":["bronze:Goto+1","bronze:Boost+1","bronze:Repair","bronze:Shell+1","bronze:CutThrough","bronze:ClassDefault","bronze:Format","bronze:RecursiveStrike","bronze:BronzeArmor","bronze:CloningBeam","bronze:ChosenStrike+1","bronze:Philosophize","bronze:FollowUp","bronze:Break","bronze:ForceShield","bronze:ChildClass","bronze:Flail","bronze:Turbo+1","bronze:SpaghettiCode+1","bronze:Return+1","bronze:Mutator","expansioncontent:StudyTheSpire+1","bronze:ThunderWave","bronze:Shield","expansioncontent:AwakenDeath","expansioncontent:YouAreMine","bronze:ForceShield+1","Doubt"],"relics":["bronze:PlatinumCore","Dead Branch","downfall:ShatteredFragment","Happy Flower","Pandora\u0027s Box","downfall:HeartBlessingRed","Kunai","HornCleat","Sling","Bottled Tornado","Guardian:PocketSentry"],"acts_visited":["Exordium","TheCity","TheBeyond"],"potions_floor_usage":[50],"damage_taken":[{"damage":4.0,"enemies":"2 Louse","floor":2.0,"turns":2.0},{"damage":1.0,"enemies":"Jaw Worm","floor":3.0,"turns":4.0},{"damage":3.0,"enemies":"Small Slimes","floor":4.0,"turns":3.0},{"damage":0.0,"enemies":"downfall:FleeingMerchant","floor":5.0,"turns":4.0},{"damage":0.0,"enemies":"2 Fungi Beasts","floor":13.0,"turns":2.0},{"damage":0.0,"enemies":"Lagavulin","floor":14.0,"turns":5.0},{"damage":10.0,"enemies":"Exordium Thugs","floor":15.0,"turns":3.0},{"damage":20.0,"enemies":"DF_ARCHETYPE_STREAMLINE","floor":16.0,"turns":8.0},{"damage":0.0,"enemies":"Shell Parasite","floor":19.0,"turns":4.0},{"damage":12.0,"enemies":"3 Cultists","floor":21.0,"turns":5.0},{"damage":0.0,"enemies":"Snecko","floor":22.0,"turns":3.0},{"damage":13.0,"enemies":"Centurion and Healer","floor":23.0,"turns":3.0},{"damage":0.0,"enemies":"downfall:FleeingMerchant","floor":25.0,"turns":4.0},{"damage":16.0,"enemies":"Slavers","floor":26.0,"turns":4.0},{"damage":0.0,"enemies":"Snake Plant","floor":27.0,"turns":3.0},{"damage":12.0,"enemies":"Gremlin Leader","floor":31.0,"turns":4.0},{"damage":0.0,"enemies":"Cultist and Chosen","floor":32.0,"turns":3.0},{"damage":0.0,"enemies":"WA_ARCHETYPE_CALM","floor":33.0,"turns":5.0},{"damage":0.0,"enemies":"3 Shapes","floor":36.0,"turns":2.0},{"damage":3.0,"enemies":"Orb Walker","floor":37.0,"turns":3.0},{"damage":6.0,"enemies":"downfall:FleeingMerchant","floor":38.0,"turns":4.0},{"damage":0.0,"enemies":"Giant Head","floor":45.0,"turns":6.0},{"damage":31.0,"enemies":"Jaw Worm Horde","floor":46.0,"turns":3.0},{"damage":0,"enemies":"Maw","floor":48,"turns":6},{"damage":0,"enemies":"Spire Growth","floor":49,"turns":3},{"damage":54,"enemies":"SI_POISON_ARCHETYPE","floor":50,"turns":10}],"seed_played":"-6414474849794112736","potions_obtained":[{"floor":2.0,"key":"EntropicBrew"},{"floor":3.0,"key":"Fire Potion"},{"floor":13.0,"key":"champ:CounterPotion"},{"floor":14.0,"key":"bronze:FreeFunctionsPotion"},{"floor":19.0,"key":"LiquidBronze"},{"floor":22.0,"key":"ColorlessPotion"},{"floor":32.0,"key":"bronze:FreeFunctionsPotion"},{"floor":45.0,"key":"LiquidMemories"},{"floor":46.0,"key":"SneckoOil"},{"floor":49,"key":"bronze:CleanCodePotion"}],"is_trial":false,"path_per_floor":["R","M","M","M","$","R","T","?","?","R","?","R","M","E","M","B",null,"R","M","?","M","M","M","T","$","E","M","R","?","R","E","M","B",null,"R","M","M","$","?","R","T","R","$","?","E","M","?","M","M","B",null],"character_chosen":"THE_AUTOMATON","items_purchased":["bronze:Shell","bronze:CutThrough","bronze:SpaghettiCode","PowerPotion","Dexterity Potion","expansioncontent:StudyTheSpire","Sling","ColorlessPotion","expansioncontent:AwakenDeath"],"campfire_rested":2,"item_purchase_floors":[5,5,25,25,25,38,38,38,43],"current_hp_per_floor":[70,66,65,62,69,69,69,69,69,69,48,69,69,70,60,64,70,70,70,70,58,70,57,57,64,55,62,62,62,62,57,64,70,70,70,70,70,64,56,70,70,70,70,70,70,39,70,70,70,37],"gold":163,"neow_bonus":"THREE_CARDS","is_daily":false,"chose_seed":false,"campfire_upgraded":7,"win_rate":0.0,"timestamp":1611367366,"path_taken":["R","M","M","M","$","R","T","?","?","R","?","R","M","E","M","BOSS","R","M","?","M","M","?","T","$","E","M","R","?","R","E","M","BOSS","R","M","M","$","?","R","T","R","?","?","E","M","?","M","M","BOSS"],"items_purchased_type":["Card","Card","Card","Potion","Potion","Card","Relic","Potion","Card"],"build_version":"2020-12-22","purchased_purges":0,"victory":true,"max_hp_per_floor":[70,70,70,70,70,70,70,70,70,70,70,70,70,70,70,70,70,70,70,70,70,70,70,70,70,70,70,70,70,70,70,70,70,70,70,70,70,70,70,70,70,70,70,70,70,70,70,70,70,70],"card_choices":[{"not_picked":["bronze:Backtrace","bronze:BugBarrage"],"picked":"bronze:Boost","floor":2.0},{"not_picked":["bronze:DarkDash","bronze:WildBeam","bronze:BuggyMess"],"picked":"SKIP","floor":3.0},{"not_picked":["bronze:DelayedSlice","bronze:Allocate"],"picked":"bronze:Repair","floor":4.0},{"not_picked":["bronze:WildBeam","bronze:Repulsor","bronze:Branch"],"picked":"SKIP","floor":5.0},{"not_picked":["bronze:NullPointer","bronze:CloningBeam"],"picked":"bronze:ClassDefault","floor":13.0},{"not_picked":["bronze:Shield","bronze:BuggyMess"],"picked":"bronze:Format","floor":14.0},{"not_picked":["bronze:Deprecate","bronze:WildBeam","bronze:Branch"],"picked":"SKIP","floor":15.0},{"not_picked":["bronze:ShipIt","bronze:Assembly"],"picked":"bronze:RecursiveStrike","floor":16.0},{"not_picked":["bronze:OilSpill","bronze:BuggyMess"],"picked":"bronze:ForceShield","floor":19.0},{"not_picked":["bronze:Shell","bronze:FineTuning"],"picked":"bronze:ChildClass","floor":21.0},{"not_picked":["bronze:Invalidate","bronze:DelayedGuard"],"picked":"bronze:Flail","floor":22.0},{"not_picked":["bronze:DarkDash","bronze:BuggyMess"],"picked":"bronze:Turbo+1","floor":23.0},{"not_picked":["bronze:Turbo","bronze:WhirlingStrike","bronze:Branch"],"picked":"SKIP","floor":25.0},{"not_picked":["bronze:CutThrough+1","bronze:Repulsor","bronze:CloningBeam"],"picked":"SKIP","floor":26.0},{"not_picked":["bronze:Boost","bronze:BitShift","bronze:CloningBeam"],"picked":"SKIP","floor":27.0},{"not_picked":["bronze:Boost","bronze:BugBarrage"],"picked":"bronze:Return","floor":31.0},{"not_picked":["bronze:Turbo","bronze:OilSpill"],"picked":"bronze:Mutator","floor":32.0},{"not_picked":["bronze:FineTuning","bronze:BitShift+1","bronze:BugBarrage+1"],"picked":"SKIP","floor":36.0},{"not_picked":["bronze:BuggyMess+1","bronze:Deprecate","bronze:Frontload+1"],"picked":"SKIP","floor":37.0},{"not_picked":["bronze:Philosophize+1","bronze:OilSpill+1","bronze:HyperBeam"],"picked":"SKIP","floor":38.0},{"not_picked":["expansioncontent:AwakenDeath","expansioncontent:Hexaburn"],"picked":"expansioncontent:YouAreMine","floor":44.0},{"not_picked":["bronze:DarkDash","bronze:BugBarrage"],"picked":"bronze:ForceShield+1","floor":45.0},{"not_picked":["bronze:ItsAFeature","bronze:Frontload+1","bronze:ForLoop+1"],"picked":"SKIP","floor":46.0},{"not_picked":["bronze:WhirlingStrike","bronze:BuggyMess","bronze:Frontload"],"picked":"SKIP","floor":48},{"not_picked":["bronze:DarkDash","bronze:Invalidate+1","bronze:Iterate"],"picked":"SKIP","floor":49}],"player_experience":326691,"relics_obtained":[{"floor":7.0,"key":"Dead Branch"},{"floor":14.0,"key":"Happy Flower"},{"floor":26.0,"key":"Kunai"},{"floor":31.0,"key":"HornCleat"},{"floor":41.0,"key":"Bottled Tornado"},{"floor":45.0,"key":"Guardian:PocketSentry"}],"event_choices":[{"cards_removed":["bronze:HyperBeam"],"damage_healed":0.0,"max_hp_gain":0.0,"max_hp_loss":0.0,"gold_gain":0.0,"event_name":"Wheel of Change","player_choice":"Card Removal","floor":20.0,"gold_loss":0.0,"damage_taken":0.0}],"is_beta":false,"boss_relics":[{"not_picked":["Runic Pyramid","Empty Cage"],"picked":"Pandora\u0027s Box"},{"not_picked":["Black Star","Tiny House"],"picked":"bronze:PlatinumCore"}],"items_purged_floors":[],"is_endless":false,"potions_floor_spawned":[2,3,13,14,19,22,32,45,46,49],"ascension_level":0}}