{"host":"oehe2dxjvdgux73m","time":1611376917,"event":{"mods":["AchievementEnabler","BaseMod","Colored Map","Colored Powertips","DeckTracker","Keyboard Shortcuts","Minty Spire (QoL Compilation)","Permanent Neow","Quick Restart","StSLib","SuperFastMode"],"gold_per_floor":[114,114,114,132,5,5,35,65,92,117,127,141,141,160,160,160,160],"floor_reached":16,"language":"KOR","playtime":363,"items_purged":["Strike_R"],"score":193,"play_id":"bc01d450-fda3-4a65-bc9b-a6b83ced6960","local_time":"20210123134157","is_ascension_mode":true,"campfire_choices":[{"data":"Apotheosis","floor":6.0,"key":"SMITH"},{"data":"Perfected Strike","floor":13.0,"key":"SMITH"},{"data":"Shockwave","floor":15.0,"key":"SMITH"}],"circlet_count":0,"master_deck":["AscendersBane","Strike_R","Strike_R","Strike_R","Strike_R","Defend_R","Defend_R","Defend_R","Defend_R","Bash","Apotheosis+1","Seeing Red","Wild Strike","Limit Break","Pommel Strike","Perfected Strike+1","Shockwave+1","Armaments"],"relics":["Burning Blood","Mango","PreservedInsect","Orichalcum","Anchor"],"acts_visited":[],"potions_floor_usage":[16],"damage_taken":[{"damage":2.0,"enemies":"Small Slimes","floor":1.0,"turns":5.0},{"damage":2.0,"enemies":"Jaw Worm","floor":4.0,"turns":4.0},{"damage":26.0,"enemies":"Gremlin Nob","floor":7.0,"turns":4.0},{"damage":23.0,"enemies":"3 Sentries","floor":10.0,"turns":8.0},{"damage":0.0,"enemies":"Cultist","floor":11.0,"turns":3.0},{"damage":8.0,"enemies":"3 Louse","floor":12.0,"turns":4.0},{"damage":5.0,"enemies":"Blue Slaver","floor":14.0,"turns":4.0},{"damage":26,"enemies":"The Guardian","floor":16,"turns":9}],"seed_played":"4951398461596998","potions_obtained":[{"floor":10.0,"key":"Dexterity Potion"},{"floor":11.0,"key":"SkillPotion"}],"is_trial":false,"path_per_floor":["M","?","?","M","$","R","E","?","T","E","M","M","R","M","R","B"],"character_chosen":"IRONCLAD","items_purchased":["Wild Strike"],"campfire_rested":0,"item_purchase_floors":[5],"current_hp_per_floor":[68,73,52,56,56,56,36,36,36,19,25,23,23,24,24,0,0],"gold":160,"neow_bonus":"RANDOM_COLORLESS_2","is_daily":false,"chose_seed":false,"campfire_upgraded":3,"win_rate":0.0,"timestamp":1611376917,"path_taken":["M","?","?","M","?","R","E","?","T","E","M","M","R","M","R","BOSS"],"items_purchased_type":["Card"],"build_version":"2020-12-22","purchased_purges":1,"victory":false,"max_hp_per_floor":[68,73,87,87,87,87,87,87,87,87,87,87,87,87,87,87,87],"card_choices":[{"not_picked":["Metamorphosis","Panache"],"picked":"Apotheosis","floor":0.0},{"not_picked":["Entrench","Sword Boomerang"],"picked":"Seeing Red","floor":1.0},{"not_picked":["Cleave","Bloodletting","Metallicize"],"picked":"SKIP","floor":4.0},{"not_picked":["Clash","Wild Strike"],"picked":"Limit Break","floor":7.0},{"not_picked":["Pummel","Headbutt"],"picked":"Pommel Strike","floor":10.0},{"not_picked":["Twin Strike","Juggernaut"],"picked":"Perfected Strike","floor":11.0},{"not_picked":["Cleave","Headbutt"],"picked":"Shockwave","floor":12.0},{"not_picked":["Ghostly Armor","Headbutt"],"picked":"Armaments","floor":14.0}],"player_experience":297790,"relics_obtained":[{"floor":7.0,"key":"PreservedInsect"},{"floor":9.0,"key":"Orichalcum"},{"floor":10.0,"key":"Anchor"}],"event_choices":[{"damage_healed":0.0,"max_hp_gain":5.0,"max_hp_loss":0.0,"gold_gain":0.0,"event_name":"Big Fish","player_choice":"Donut","floor":2.0,"gold_loss":0.0,"damage_taken":0.0},{"damage_healed":0.0,"max_hp_gain":0.0,"max_hp_loss":0.0,"gold_gain":0.0,"event_name":"Scrap Ooze","player_choice":"Success","floor":3.0,"gold_loss":0.0,"damage_taken":35.0,"relics_obtained":["Mango"]},{"damage_healed":0.0,"max_hp_gain":0.0,"max_hp_loss":0.0,"gold_gain":30.0,"event_name":"Dead Adventurer","player_choice":"Searched \u00271\u0027 times","floor":8.0,"gold_loss":0.0,"damage_taken":0.0}],"is_beta":false,"boss_relics":[],"items_purged_floors":[5],"is_endless":false,"potions_floor_spawned":[10,11,12],"killed_by":"The Guardian","ascension_level":15}}