{"host":"9xv6exvwmlpefxuw","time":1611389975,"event":{"mods":["ATMod(阿瑾Mod)","AchievementEnabler","Act Like it!","Aspiration","BaseMod","Chen","Colored Powertips","Conspire","Downfall","Friendly Minions","Gensokyo","GifTheSpireLib","KinomotoSakuraMod(木之本樱)","Koishi","KomeijiMod","Marisa（F雨　魔理沙）","Minty Spire (QoL Compilation)","Pale of the Ancients","Rare Cards Sparkle","Reimu（博丽灵梦）","Remilia_Scarlet Moed（蕾米莉亚・斯卡雷特）3.3.5","Remilia（蕾米莉亚）","RumiaBox-露米娅的神秘盒子","StSLib","The Administrix","The Animator","The Blackbeard","The Mystic","The Servant 0.9.4","WarShipGirlsR/战舰少女R mod","Yakumo Yukari mod","Youmu（魂魄妖梦）","Yuyuko","【功能Mod】混沌之环修复补丁","【功能Mod】聪明的最终Boss"],"gold_per_floor":[110,110,121,139,139,139,166,166,166,18,18,18],"floor_reached":11,"language":"ZHS","playtime":644,"items_purged":[],"score":71,"play_id":"b6956c77-4392-40b0-924f-c631bf4a6527","local_time":"20210123161935","is_ascension_mode":false,"campfire_choices":[{"data":"Iron Wave","floor":6,"key":"SMITH"},{"floor":8,"key":"REST"}],"circlet_count":0,"master_deck":["Strike_R","Strike_R","Strike_R","Strike_R","Strike_R","Defend_R","Defend_R","Defend_R","Defend_R","Bash","AT_FamilyPortrait+1","Seeing Red","Iron Wave+1","Cleave","Sword Boomerang"],"relics":["Burning Blood","AT_ATBox","Bag of Marbles","Chemical X"],"acts_visited":["Exordium"],"potions_floor_usage":[],"damage_taken":[{"damage":1,"enemies":"Jaw Worm","floor":1,"turns":2},{"damage":13,"enemies":"Cultist","floor":3,"turns":5},{"damage":0,"enemies":"2 Louse","floor":4,"turns":3},{"damage":71,"enemies":"Lagavulin","floor":7,"turns":11},{"damage":38,"enemies":"3 Sentries","floor":11,"turns":4}],"seed_played":"-3741738550492748236","potions_obtained":[{"floor":1,"key":"SmokeBomb"},{"floor":7,"key":"champ:CounterPotion"}],"is_trial":false,"path_per_floor":["M","?","M","M","?","R","E","R","T","$","E"],"character_chosen":"IRONCLAD","items_purchased":["Chemical X"],"campfire_rested":1,"item_purchase_floors":[10],"current_hp_per_floor":[80,80,73,79,79,79,14,38,38,38,0,0],"gold":18,"neow_bonus":"UPGRADE_CARD","is_daily":false,"chose_seed":false,"campfire_upgraded":1,"win_rate":0.0,"timestamp":1611389975,"path_taken":["M","?","M","?","?","R","E","R","T","$","E"],"items_purchased_type":["Relic"],"build_version":"2020-12-22","purchased_purges":0,"victory":false,"max_hp_per_floor":[80,80,80,80,80,80,80,80,80,80,80,80],"card_choices":[{"not_picked":["Dual Wield","AT_BodySlamDance"],"picked":"Seeing Red","floor":1},{"not_picked":["Perfected Strike","Sword Boomerang"],"picked":"Iron Wave","floor":3},{"not_picked":["AT_IchimonjiDouble","Twin Strike"],"picked":"Cleave","floor":4},{"not_picked":["AT_IchimonjiDouble","True Grit"],"picked":"Sword Boomerang","floor":7}],"player_experience":9736,"relics_obtained":[{"floor":7,"key":"Bag of Marbles"}],"event_choices":[{"damage_healed":0,"gold_gain":0,"player_choice":"Cursed","damage_taken":0,"max_hp_gain":0,"max_hp_loss":0,"event_name":"Wheel of Change","floor":2,"gold_loss":0,"cards_obtained":["Decay"]}],"is_beta":false,"boss_relics":[],"items_purged_floors":[],"is_endless":false,"potions_floor_spawned":[1,7],"killed_by":"3 Sentries","ascension_level":0}}