{"host":"5tzvto3beate6p8b","time":1611385104,"event":{"mods":["BaseMod","Colored Map","Colored Powertips","Minty Spire (QoL Compilation)","StSLib","SuperFastMode"],"gold_per_floor":[115,115,3,15,29,61,61,131,131,131,145,162,162,177,177,255,255,267,317,367,440,458,484,484,560,560,560,574,607,620,631,631,708,708,724,774,844,894,944,944,596,612,612,638,654,654,50,322,322,322],"floor_reached":51,"language":"JPN","playtime":3134,"items_purged":["Strike_G","Strike_G+1","Strike_G+1"],"score":1532,"play_id":"12acd1c2-f6aa-4111-bcb3-62301d8861a3","local_time":"20210123155824","is_ascension_mode":true,"campfire_choices":[{"data":"Predator","floor":7.0,"key":"SMITH"},{"data":"Dash","floor":10.0,"key":"SMITH"},{"data":"Dash","floor":13.0,"key":"SMITH"},{"data":"Backstab","floor":15.0,"key":"SMITH"},{"data":"Eviscerate","floor":24.0,"key":"SMITH"},{"data":"Eviscerate","floor":27.0,"key":"SMITH"},{"data":"Doppelganger","floor":32.0,"key":"SMITH"},{"data":"Finisher","floor":40.0,"key":"SMITH"},{"data":"Bouncing Flask","floor":46,"key":"SMITH"},{"data":"Eviscerate","floor":49,"key":"SMITH"}],"circlet_count":0,"master_deck":["AscendersBane","Strike_G+1","Strike_G+1","Defend_G+1","Defend_G+1","Defend_G+1","Defend_G+1","Defend_G+1","Survivor","Neutralize","Predator","Predator+1","Dagger Spray","Blade Dance","Sucker Punch","Dash+1","Masterful Stab","Dash+1","Backstab+1","Envenom","Eviscerate+1","Backflip","Backflip","Eviscerate+1","Finisher+1","Doppelganger+1","Night Terror","CurseOfTheBell","Blade Dance+1","Sucker Punch+1","The Bomb","Secret Weapon","Noxious Fumes","Acrobatics+1","Blade Dance+1","Bouncing Flask+1","Apotheosis","Eviscerate+1","Footwork+1","Underhanded Strike"],"relics":["Sozu","SsserpentHead","Blue Candle","Pantograph","Snecko Eye","PreservedInsect","HornCleat","Red Mask","Blood Vial","Bottled Tornado","Calling Bell","Snake Skull","Shuriken","Pocketwatch","Ice Cream","ClockworkSouvenir","Frozen Egg 2","Smiling Mask","Toolbox"],"acts_visited":["Exordium","TheCity","TheBeyond"],"potions_floor_usage":[],"damage_taken":[{"damage":4.0,"enemies":"Small Slimes","floor":1.0,"turns":5.0},{"damage":0.0,"enemies":"Cultist","floor":4.0,"turns":4.0},{"damage":0.0,"enemies":"Jaw Worm","floor":5.0,"turns":4.0},{"damage":27.0,"enemies":"Lagavulin","floor":6.0,"turns":6.0},{"damage":0.0,"enemies":"Blue Slaver","floor":8.0,"turns":3.0},{"damage":0.0,"enemies":"Looter","floor":11.0,"turns":2.0},{"damage":4.0,"enemies":"Large Slime","floor":12.0,"turns":2.0},{"damage":0.0,"enemies":"Gremlin Gang","floor":14.0,"turns":4.0},{"damage":10.0,"enemies":"Slime Boss","floor":16.0,"turns":8.0},{"damage":4.0,"enemies":"Chosen","floor":18.0,"turns":5.0},{"damage":4.0,"enemies":"3 Byrds","floor":22.0,"turns":6.0},{"damage":0.0,"enemies":"Book of Stabbing","floor":23.0,"turns":4.0},{"damage":0.0,"enemies":"Masked Bandits","floor":25.0,"turns":2.0},{"damage":0.0,"enemies":"Snecko","floor":28.0,"turns":3.0},{"damage":0.0,"enemies":"Gremlin Leader","floor":29.0,"turns":3.0},{"damage":5.0,"enemies":"Snake Plant","floor":30.0,"turns":3.0},{"damage":0.0,"enemies":"Sentry and Sphere","floor":31.0,"turns":3.0},{"damage":46.0,"enemies":"Collector","floor":33.0,"turns":9.0},{"damage":0.0,"enemies":"3 Shapes","floor":35.0,"turns":6.0},{"damage":0.0,"enemies":"Orb Walker","floor":37.0,"turns":2.0},{"damage":0.0,"enemies":"4 Shapes","floor":42.0,"turns":3.0},{"damage":0,"enemies":"Giant Head","floor":44,"turns":4},{"damage":13,"enemies":"Maw","floor":45,"turns":5},{"damage":59,"enemies":"Donu and Deca","floor":50,"turns":5}],"seed_played":"-3330059587311456673","potions_obtained":[],"is_trial":false,"path_per_floor":["M","?","$","M","M","E","R","M","T","R","M","M","R","M","R","B",null,"M","?","?","T","M","E","R","?","T","R","M","E","M","M","R","B",null,"M","?","M","?","?","R","$","M","T","E","M","R","$","?","R","B",null],"character_chosen":"THE_SILENT","items_purchased":["Predator","Noxious Fumes","ClockworkSouvenir","Apotheosis","Eviscerate","Footwork+1","Toolbox","Underhanded Strike"],"campfire_rested":0,"item_purchase_floors":[3,41,41,47,47,47,47,47],"current_hp_per_floor":[55,55,55,55,55,28,28,28,28,28,28,24,24,24,24,39,59,55,55,55,55,51,51,51,51,51,51,53,55,52,54,54,20,55,57,57,59,59,54,54,54,56,56,58,47,47,47,47,47,4],"gold":322,"neow_bonus":"BOSS_RELIC","is_daily":false,"chose_seed":false,"campfire_upgraded":10,"win_rate":0.0,"timestamp":1611385104,"path_taken":["M","?","$","M","M","E","R","?","T","R","M","M","R","M","R","BOSS","M","?","?","?","M","E","R","?","T","R","M","E","M","M","R","BOSS","M","?","?","?","?","R","$","M","T","E","M","R","$","?","R","BOSS"],"items_purchased_type":["Card","Card","Relic","Card","Card","Card","Relic","Card"],"build_version":"2020-12-22","purchased_purges":3,"victory":true,"max_hp_per_floor":[66,66,66,66,66,66,66,66,66,66,66,66,66,66,66,66,66,66,66,66,66,66,66,66,66,66,66,66,66,66,66,66,66,66,66,66,66,63,63,63,63,63,63,63,63,63,63,63,63,63],"card_choices":[{"not_picked":["Escape Plan","Quick Slash"],"picked":"Predator","floor":1.0},{"not_picked":["Heel Hook","Flying Knee"],"picked":"Dagger Spray","floor":4.0},{"not_picked":["Eviscerate","Slice"],"picked":"Blade Dance","floor":5.0},{"not_picked":["Doppelganger","Dodge and Roll"],"picked":"Sucker Punch","floor":6.0},{"not_picked":["Flying Knee","Deadly Poison"],"picked":"Dash","floor":8.0},{"not_picked":["Wraith Form v2","Outmaneuver"],"picked":"Masterful Stab","floor":11.0},{"not_picked":["Dagger Spray","Slice"],"picked":"Dash","floor":12.0},{"not_picked":["Escape Plan","Poisoned Stab"],"picked":"Backstab","floor":14.0},{"not_picked":["Die Die Die","Wraith Form v2"],"picked":"Envenom","floor":16.0},{"not_picked":["Cloak And Dagger","Deflect+1"],"picked":"Eviscerate","floor":18.0},{"not_picked":["Blur","Catalyst"],"picked":"Backflip","floor":22.0},{"not_picked":["Tactician","Underhanded Strike"],"picked":"Backflip","floor":23.0},{"not_picked":["Deadly Poison+1","Outmaneuver"],"picked":"Eviscerate","floor":25.0},{"not_picked":["Sucker Punch","Cloak And Dagger"],"picked":"Finisher","floor":28.0},{"not_picked":["Slice","Setup","Reflex+1"],"picked":"SKIP","floor":29.0},{"not_picked":["Prepared","Dodge and Roll","Dagger Spray"],"picked":"SKIP","floor":30.0},{"not_picked":["Well Laid Plans","Bane+1"],"picked":"Doppelganger","floor":31.0},{"not_picked":["Die Die Die","Malaise"],"picked":"Night Terror","floor":33.0},{"not_picked":["Dagger Spray","Prepared"],"picked":"Blade Dance+1","floor":35.0},{"not_picked":["Setup","Slice+1"],"picked":"Sucker Punch+1","floor":37.0},{"not_picked":["PanicButton","Mind Blast"],"picked":"The Bomb","floor":39.0},{"not_picked":["Forethought","Good Instincts"],"picked":"Secret Weapon","floor":39.0},{"not_picked":["Escape Plan","Setup"],"picked":"Acrobatics+1","floor":42.0},{"not_picked":["Distraction+1","Bouncing Flask"],"picked":"Blade Dance+1","floor":44},{"not_picked":["Dagger Spray+1","Backstab+1"],"picked":"Bouncing Flask","floor":45}],"player_experience":611566,"relics_obtained":[{"floor":6.0,"key":"Blue Candle"},{"floor":9.0,"key":"Pantograph"},{"floor":21.0,"key":"PreservedInsect"},{"floor":23.0,"key":"HornCleat"},{"floor":25.0,"key":"Red Mask"},{"floor":26.0,"key":"Blood Vial"},{"floor":29.0,"key":"Bottled Tornado"},{"floor":34.0,"key":"Snake Skull"},{"floor":34.0,"key":"Shuriken"},{"floor":34.0,"key":"Pocketwatch"},{"floor":36.0,"key":"Ice Cream"},{"floor":43.0,"key":"Frozen Egg 2"},{"floor":44,"key":"Smiling Mask"}],"event_choices":[{"damage_healed":0.0,"max_hp_gain":0.0,"max_hp_loss":0.0,"gold_gain":0.0,"event_name":"FaceTrader","player_choice":"Trade","floor":2.0,"gold_loss":0.0,"damage_taken":0.0,"relics_obtained":["SsserpentHead"]},{"damage_healed":0.0,"max_hp_gain":0.0,"max_hp_loss":0.0,"gold_gain":0.0,"event_name":"Back to Basics","player_choice":"Simplicity","floor":19.0,"gold_loss":0.0,"damage_taken":0.0,"cards_upgraded":["Strike_G","Strike_G","Strike_G","Strike_G","Defend_G","Defend_G","Defend_G","Defend_G","Defend_G"]},{"damage_healed":0.0,"max_hp_gain":0.0,"max_hp_loss":0.0,"gold_gain":0.0,"event_name":"Vampires","player_choice":"Ignored","floor":20.0,"gold_loss":0.0,"damage_taken":0.0},{"damage_healed":0.0,"max_hp_gain":0.0,"max_hp_loss":0.0,"gold_gain":0.0,"event_name":"Masked Bandits","player_choice":"Fought Bandits","floor":25.0,"gold_loss":0.0,"damage_taken":0.0},{"damage_healed":0.0,"max_hp_gain":0.0,"max_hp_loss":0.0,"gold_gain":0.0,"event_name":"Wheel of Change","player_choice":"Relic","floor":36.0,"gold_loss":0.0,"damage_taken":0.0},{"damage_healed":0.0,"max_hp_gain":0.0,"max_hp_loss":3.0,"gold_gain":0.0,"event_name":"Winding Halls","player_choice":"Max HP","floor":38.0,"gold_loss":0.0,"damage_taken":0.0},{"damage_healed":0.0,"max_hp_gain":0.0,"max_hp_loss":0.0,"gold_gain":0.0,"event_name":"SensoryStone","player_choice":"Memory 2","floor":39.0,"gold_loss":0.0,"damage_taken":5.0},{"damage_healed":0,"gold_gain":222,"player_choice":"Wore Mask","damage_taken":0,"max_hp_gain":0,"max_hp_loss":0,"event_name":"Tomb of Lord Red Mask","floor":48,"gold_loss":0}],"is_beta":false,"boss_relics":[{"not_picked":["Velvet Choker","Tiny House"],"picked":"Snecko Eye"},{"not_picked":["HoveringKite","Coffee Dripper"],"picked":"Calling Bell"}],"items_purged_floors":[3,41,47],"is_endless":false,"potions_floor_spawned":[1,4,8,16,25,28,29,31,33,37,42],"ascension_level":18}}