{"host":"e5u7qs1emxzejr12","time":1611414439,"event":{"mods":["2.2 Compatiblity","Act Like it!","Arknights The Spire","BaseMod","CapriCore","Card Forge","Colored Powertips","Custom Start","Duelist Mod","GifTheSpireLib","Highlight Path","Marisa£¨ìFÓê¡¡Ä§ÀíÉ³£©","Minty Spire (QoL Compilation)","Quick Restart","Replay The Spire","StSLib","SuperFastMode","óô»ðÖ¸ÄÏ"],"gold_per_floor":[142,142,142,100,119,151,162,197,197,209,228,228,228,245,20,99,99,116,116,70,80,99,131,143,143,167,6,21,52,130,163,163,238,238,252,252,267,281,300,143,172,86,86,117,128,138,138,138,138,138,138],"floor_reached":50,"language":"ZHS","playtime":2917,"items_purged":[],"score":1948,"play_id":"d5d09903-b008-4259-bd7c-f6b68b7b37c7","local_time":"20210123230719","is_ascension_mode":true,"campfire_choices":[{"floor":12.0,"key":"RECALL"},{"data":"theDuelist:Jinzo+1","floor":49,"key":"PURGE"}],"circlet_count":0,"master_deck":["theDuelist:GemElephant+1","theDuelist:ArtifactSanctum+1","theDuelist:Apoqliphort+1","theDuelist:GreenGadget+1","theDuelist:CardsFromTheSky+1","theDuelist:AncientGearChimera+1","Pot Of Greed+1","theDuelist:Deskbot004+1","theDuelist:Deskbot009+1","theDuelist:Deskbot002+1","theDuelist:ElectromagneticTurtle+1","theDuelist:Deskbot002+1","theDuelist:FlyingSaucer+1","Pot Of Greed+1","theDuelist:Deskbot005+1","theDuelist:ZONE+1","theDuelist:Deskbot004+1","theDuelist:Deskbot005+1","theDuelist:Deskbot009+1","AscendersBane","theDuelist:StrayLambs+1"],"relics":["theDuelist:MillenniumPuzzle","theDuelist:CardPoolRelic","theDuelist:CardPoolBasicRelic","theDuelist:BoosterPackPoolRelic","theDuelist:CardPoolAddRelic","theDuelist:CardPoolMinusRelic","theDuelist:CardPoolSaveRelic","theDuelist:CardPoolOptionsRelic","Hammer of Thor","Seething Fire","Anvil of the Gods","NeowsBlessing","FossilizedHelix","Red Skull","CaptainsWheel","Replay:Baseball","Cursed Key","theDuelist:NamelessHungerRelic","theDuelist:NamelessPowerRelicB","theDuelist:NamelessWarRelicB","Replay:WaspNest","Grinning Jar","Strawberry","Kunai","theDuelist:MachineOrb","Snecko Heart","theDuelist:MillenniumSymbol","Art of War","Meat on the Bone","Dream Catcher","theDuelist:SummonAnchor"],"acts_visited":["Exordium","TheCity","TheBeyond"],"potions_floor_usage":[],"damage_taken":[{"damage":0.0,"enemies":"Cultist","floor":1.0,"turns":1.0},{"damage":0.0,"enemies":"Jaw Worm","floor":5.0,"turns":1.0},{"damage":0.0,"enemies":"Lagavulin","floor":6.0,"turns":2.0},{"damage":0.0,"enemies":"2 Louse","floor":7.0,"turns":3.0},{"damage":0.0,"enemies":"3 Sentries","floor":8.0,"turns":4.0},{"damage":0.0,"enemies":"Exordium Wildlife","floor":10.0,"turns":2.0},{"damage":1.0,"enemies":"Large Slime","floor":11.0,"turns":5.0},{"damage":0.0,"enemies":"Blue Slaver","floor":14.0,"turns":2.0},{"damage":0.0,"enemies":"The Guardian","floor":16.0,"turns":6.0},{"damage":0.0,"enemies":"2 Thieves","floor":18.0,"turns":3.0},{"damage":0.0,"enemies":"Chosen","floor":21.0,"turns":3.0},{"damage":0.0,"enemies":"Snake Plant","floor":22.0,"turns":3.0},{"damage":0.0,"enemies":"Slavers","floor":23.0,"turns":6.0},{"damage":0.0,"enemies":"Shelled Parasite and Fungi","floor":24.0,"turns":5.0},{"damage":0.0,"enemies":"Cultist and Chosen","floor":28.0,"turns":3.0},{"damage":6,"enemies":"Replay:Snechameleon","floor":29,"turns":3},{"damage":0,"enemies":"theDuelist:KaibaA2","floor":31,"turns":4},{"damage":11,"enemies":"Pondfish","floor":33,"turns":6},{"damage":0,"enemies":"3 Shapes","floor":35,"turns":5},{"damage":0,"enemies":"3 Darklings","floor":37,"turns":3},{"damage":0,"enemies":"Spire Growth","floor":38,"turns":4},{"damage":0,"enemies":"Sphere and 2 Shapes","floor":39,"turns":4},{"damage":1,"enemies":"Reptomancer","floor":41,"turns":4},{"damage":39,"enemies":"R_Hoarder","floor":44,"turns":5},{"damage":4,"enemies":"Transient","floor":45,"turns":6},{"damage":0,"enemies":"Maw","floor":46,"turns":4},{"damage":41,"enemies":"Donu and Deca","floor":50,"turns":8}],"seed_played":"-3406351755382886714","potions_obtained":[{"floor":5.0,"key":"theDuelist:VoidBottle"},{"floor":7.0,"key":"theDuelist:BombBottle"}],"is_trial":false,"path_per_floor":["M","?","?","$","M","E","M","E","T","M","M","R","?","M","R","B",null,"M","?","?","M","M","E","M","R","T","R","M","E","T","E","R","B",null,"M","?","M","M","M","R","E","R","T","E","M","M","R","?","R","B"],"character_chosen":"THE_DUELIST","items_purchased":["theDuelist:ZONE","Replay:Baseball","theDuelist:Biofalcon","Grinning Jar","theDuelist:MillenniumSymbol","theDuelist:ArtifactSanctum"],"campfire_rested":0,"item_purchase_floors":[4,15,15,27,40,42],"current_hp_per_floor":[63,63,63,63,63,63,63,63,63,63,62,62,62,62,62,62,68,68,68,58,58,58,58,58,58,58,58,58,63,63,63,63,52,71,71,71,71,71,71,71,70,70,70,47,43,43,43,35,35,0,0],"gold":138,"neow_bonus":"THREE_ENEMY_KILL","is_daily":false,"chose_seed":false,"campfire_upgraded":0,"win_rate":0.0,"timestamp":1611414439,"path_taken":["M","?","?","$","M","E","M","E","T","M","M","R","?","?","R","BOSS","M","?","?","M","M","E","M","R","T","R","M","E","?","E","R","BOSS","M","?","?","M","?","R","E","R","T","E","M","M","R","?","R","BOSS"],"items_purchased_type":["Card","Relic","Card","Relic","Relic","Card"],"build_version":"2020-12-22","purchased_purges":0,"victory":false,"max_hp_per_floor":[70,70,70,70,70,70,70,70,70,70,70,70,70,70,70,70,70,70,70,66,66,66,66,66,66,66,66,66,77,77,77,77,77,77,77,77,77,77,77,77,77,77,77,77,77,77,77,77,77,77,77],"card_choices":[{"not_picked":["theDuelist:TokenVacuum","theDuelist:Deskbot005","theDuelist:Tuningware","theDuelist:DoubleTool"],"picked":"theDuelist:Deskbot002","floor":1.0},{"not_picked":["theDuelist:TokenVacuum","theDuelist:Deskbot005","theDuelist:Tuningware","theDuelist:DoubleTool"],"picked":"theDuelist:Deskbot002","floor":1.0},{"not_picked":["theDuelist:LightningDarts","theDuelist:Sangan","theDuelist:JunkSpeeder","theDuelist:WormWarlord","theDuelist:PowerGiant"],"picked":"SKIP","floor":5.0},{"not_picked":["theDuelist:SteamTrainKing","theDuelist:SatelliteCannon","theDuelist:NightmareWheel","theDuelist:GravityLash"],"picked":"theDuelist:Apoqliphort","floor":6.0},{"not_picked":["theDuelist:BarrelDragon","theDuelist:AncientGearReactorDragon","theDuelist:AncientGearGadjiltron","theDuelist:MegafleetDragon"],"picked":"theDuelist:MetalDragon","floor":7.0},{"not_picked":["theDuelist:TokenVacuum","theDuelist:Tuningware","theDuelist:Deskbot003","theDuelist:BlastWithChain"],"picked":"theDuelist:AncientGearChimera","floor":8.0},{"not_picked":["theDuelist:SparkBlaster+1","theDuelist:ParallelPortArmor","theDuelist:DoubleTool+1","theDuelist:CoreBlaster+1","theDuelist:AncientGearFist+1"],"picked":"SKIP","floor":10.0},{"not_picked":["theDuelist:Hinotama","theDuelist:JunkSpeeder","theDuelist:PowerGiant","theDuelist:WormWarlord","theDuelist:BigFire"],"picked":"SKIP","floor":11.0},{"not_picked":["theDuelist:BlockGolem","theDuelist:GemElephant","theDuelist:LabyrinthWall","theDuelist:LostGuardian","theDuelist:PowerGiant"],"picked":"SKIP","floor":14.0},{"not_picked":["theDuelist:JadeKnight","theDuelist:Mixeroid","theDuelist:Geargiauger","theDuelist:Oilman+1"],"picked":"theDuelist:ElectromagneticTurtle","floor":18.0},{"not_picked":["theDuelist:JunkSpeeder","theDuelist:Kuriboh","theDuelist:MillenniumShield+1","theDuelist:PotGenerosity","theDuelist:YamiForm"],"picked":"SKIP","floor":21.0},{"not_picked":["theDuelist:PlatinumGadget","theDuelist:OrcustCrescendo+1","theDuelist:MachineKingPrototype"],"picked":"SKIP","floor":22.0},{"not_picked":["theDuelist:DoubleTool","theDuelist:CoreBlaster","theDuelist:Factory100Machines","theDuelist:SparkBlaster"],"picked":"theDuelist:CardsFromTheSky","floor":23.0},{"not_picked":["theDuelist:WonderGarage","theDuelist:OrbitalBombardment","theDuelist:MetalDetector","theDuelist:ImperialOrder+1","theDuelist:BlastHeldTribute"],"picked":"SKIP","floor":24.0},{"not_picked":["theDuelist:Geargiauger","theDuelist:HeavyMechSupportArmor","theDuelist:GravityBlaster","theDuelist:BarrelDragon"],"picked":"theDuelist:Jinzo","floor":28.0},{"not_picked":["theDuelist:ChaosAncientGearGiant","theDuelist:SolemnStrike","theDuelist:NightmareWheel"],"picked":"SKIP","floor":29},{"not_picked":["theDuelist:DoubleTool+1","theDuelist:CoreBlaster","theDuelist:StimPack+1","theDuelist:Factory100Machines","theDuelist:Geartown"],"picked":"SKIP","floor":31},{"not_picked":["theDuelist:SolemnWarning","theDuelist:MachineKingPrototype","theDuelist:IronhammerGiant","theDuelist:Deskbot007"],"picked":"theDuelist:Deskbot009+1","floor":33},{"not_picked":["theDuelist:BlockGolem","theDuelist:LabyrinthWall","theDuelist:LostGuardian","theDuelist:PowerGiant"],"picked":"theDuelist:GemElephant","floor":35},{"not_picked":["theDuelist:Hinotama+1","theDuelist:LightningDarts","theDuelist:LightningVortex","theDuelist:Raigeki"],"picked":"theDuelist:PerfectMachineKing+1","floor":37},{"not_picked":["theDuelist:LightningDarts","theDuelist:DarkCreator+1","theDuelist:MegafleetDragon","theDuelist:BigFire+1"],"picked":"theDuelist:StrayLambs+1","floor":38},{"not_picked":["theDuelist:AncientGearChimera","theDuelist:Factory100Machines","theDuelist:Biofalcon","theDuelist:CardsFromTheSky+1","theDuelist:GearGigant+1"],"picked":"SKIP","floor":39},{"not_picked":["theDuelist:SparkBlaster+1","theDuelist:ParallelPortArmor+2","theDuelist:DoubleTool+1","theDuelist:CoreBlaster+2","theDuelist:AncientGearFist+1"],"picked":"SKIP","floor":41},{"not_picked":["theDuelist:CoreBlaster","theDuelist:YellowGadget","theDuelist:ScrapBeast","theDuelist:Deskbot001","theDuelist:RedGadget"],"picked":"SKIP","floor":44},{"not_picked":["theDuelist:LightningVortex+1","theDuelist:WingedKuriboh","theDuelist:SystemDown","theDuelist:UltimateOffering"],"picked":"theDuelist:FlyingSaucer+1","floor":45},{"not_picked":["theDuelist:Shekhinaga","theDuelist:BlackSalvo+1","theDuelist:PlatinumGadget+1","theDuelist:PineappleBlast"],"picked":"theDuelist:Deskbot009","floor":46}],"player_experience":95421,"relics_obtained":[{"floor":6.0,"key":"FossilizedHelix"},{"floor":8.0,"key":"Red Skull"},{"floor":9.0,"key":"CaptainsWheel"},{"floor":23.0,"key":"Replay:WaspNest"},{"floor":29,"key":"Strawberry"},{"floor":30,"key":"Kunai"},{"floor":31,"key":"theDuelist:MachineOrb"},{"floor":41,"key":"Art of War"},{"floor":43,"key":"Meat on the Bone"},{"floor":44,"key":"Dream Catcher"}],"event_choices":[{"damage_healed":0.0,"max_hp_gain":0.0,"max_hp_loss":0.0,"gold_gain":0.0,"event_name":"Relic Duplicator","player_choice":"Leave","duelist":true,"floor":2.0,"gold_loss":0.0,"damage_taken":0.0},{"damage_healed":0.0,"max_hp_gain":0.0,"max_hp_loss":0.0,"gold_gain":0.0,"event_name":"Egyptian Village","player_choice":"Delta Electro","duelist":true,"floor":3.0,"gold_loss":0.0,"damage_taken":0.0,"cards_obtained":["Delta Electromagnet Warrior"]},{"damage_healed":0.0,"max_hp_gain":0.0,"max_hp_loss":0.0,"gold_gain":0.0,"event_name":"Shining Light","player_choice":"Ignored","floor":13.0,"gold_loss":0.0,"damage_taken":0.0},{"damage_healed":0.0,"max_hp_gain":0.0,"max_hp_loss":0.0,"gold_gain":0.0,"event_name":"Beggar","player_choice":"Ignored","floor":19.0,"gold_loss":0.0,"damage_taken":0.0},{"power_reward":3.0,"total_magic_score":27.0,"gold_gain":0.0,"duelist":true,"damage_taken":10.0,"relics_obtained":["theDuelist:NamelessHungerRelic","theDuelist:NamelessPowerRelicB","theDuelist:NamelessWarRelicB"],"points":8.0,"war_reward":2.0,"max_hp_gain":0.0,"max_hp_loss":4.0,"spent_points":{"magic":0.0,"greed":0.0,"war":2.0,"power":3.0,"hunger":3.0},"event_name":"Nameless Tomb","hunger_reward":3.0,"floor":20.0,"gold_loss":46.0,"cards_obtained":[]},{"damage_healed":0,"gold_gain":0,"player_choice":"Leave","duelist":true,"damage_taken":0,"max_hp_gain":0,"max_hp_loss":0,"event_name":"Card Trader","floor":36,"gold_loss":0},{"damage_healed":0,"gold_gain":0,"player_choice":"Dig - random Duelist relic","duelist":true,"damage_taken":0,"max_hp_gain":0,"max_hp_loss":0,"event_name":"Aknamkanon\u0027s Tomb","floor":48,"gold_loss":0}],"is_beta":false,"boss_relics":[{"not_picked":["theDuelist:GamblerChip","theDuelist:MillenniumKey"],"picked":"Cursed Key"},{"not_picked":["Black Star","Snecko Scales"],"picked":"Snecko Heart"}],"items_purged_floors":[],"is_endless":false,"potions_floor_spawned":[5,7,16,22,28,29,31,35,38,39],"killed_by":"Donu and Deca","ascension_level":20}}