{"host":"y24pqu7jih1n8m3t","time":1611384516,"event":{"mods":["AchievementEnabler","BaseMod","Bestiary","Block Reminder","Colored Map","Colored Powertips","DeckTracker","Highlight Path","Minty Spire (QoL Compilation)","Permanent Neow","Quick Restart","Rare Cards Sparkle","Relic Stats"],"gold_per_floor":[109,129,141,161,176,211,211,244,291,271,289,305,322,336,336,435,435,453,466,185,201,218,243,243,269,269,298,311,311,327,0,0,104,104,124,0,45,45,60,60,60,93,170,197,197,29,43,56,56,56,56,56,8,38,38],"floor_reached":56,"language":"ENG","playtime":4550,"items_purged":["Defend_G"],"score":1539,"play_id":"a012213e-23cd-430d-bc53-cc149f42de4b","local_time":"20210123014836","is_ascension_mode":true,"campfire_choices":[{"data":"Well Laid Plans","floor":7,"key":"SMITH"},{"data":"Infinite Blades","floor":15,"key":"SMITH"},{"data":"Calculated Gamble","floor":24,"key":"SMITH"},{"floor":29,"key":"REST"},{"floor":32,"key":"RECALL"},{"floor":40,"key":"REST"},{"floor":45,"key":"REST"},{"floor":49,"key":"REST"},{"floor":52,"key":"REST"}],"circlet_count":0,"master_deck":["Strike_G","Strike_G","Strike_G","Defend_G+1","Defend_G","Defend_G+1","Survivor","Neutralize","Poisoned Stab","Calculated Gamble","Finisher","Leg Sweep","Slice","Well Laid Plans+1","Glass Knife","Leg Sweep","Finisher","Calculated Gamble+1","Infinite Blades+1","Adrenaline","Skewer+1","Wraith Form v2+1","Wraith Form v2+1","Accuracy","Quick Slash+1","Blade Dance","Blade Dance","Cloak And Dagger","Blade Dance","Cloak And Dagger","Dash","Infinite Blades","Acrobatics","Venomology","Burst","Cloak And Dagger+1","Cloak And Dagger+1","Wraith Form v2+1","Cloak And Dagger","Wraith Form v2","Caltrops+1","Prepared","Acrobatics+1","Accuracy+1","Footwork"],"relics":["Philosopher\u0027s Stone","Pen Nib","Orichalcum","Astrolabe","War Paint","Bottled Lightning","Bag of Preparation","Mango","Omamori","Fusion Hammer","Red Mask","Unceasing Top","Nunchaku","Darkstone Periapt","Bag of Marbles","OrangePellets","InkBottle"],"acts_visited":["Exordium","TheCity","TheBeyond","TheEnding"],"potions_floor_usage":[6,13,16,16,16,27,27,42,47,50,50,50,54],"damage_taken":[{"damage":0,"enemies":"Jaw Worm","floor":1,"turns":4},{"damage":0,"enemies":"Cultist","floor":2,"turns":4},{"damage":0,"enemies":"2 Louse","floor":3,"turns":3},{"damage":7,"enemies":"Looter","floor":4,"turns":3},{"damage":2,"enemies":"Large Slime","floor":5,"turns":7},{"damage":19,"enemies":"Gremlin Nob","floor":6,"turns":4},{"damage":9,"enemies":"Lagavulin","floor":8,"turns":8},{"damage":1,"enemies":"Exordium Thugs","floor":11,"turns":4},{"damage":0,"enemies":"Looter","floor":12,"turns":2},{"damage":0,"enemies":"Red Slaver","floor":13,"turns":2},{"damage":0,"enemies":"2 Fungi Beasts","floor":14,"turns":4},{"damage":20,"enemies":"Slime Boss","floor":16,"turns":7},{"damage":0,"enemies":"Spheric Guardian","floor":18,"turns":2},{"damage":1,"enemies":"Shell Parasite","floor":19,"turns":4},{"damage":12,"enemies":"Centurion and Healer","floor":21,"turns":4},{"damage":0,"enemies":"Snecko","floor":22,"turns":4},{"damage":25,"enemies":"Gremlin Leader","floor":23,"turns":6},{"damage":8,"enemies":"Book of Stabbing","floor":25,"turns":5},{"damage":14,"enemies":"Slavers","floor":27,"turns":4},{"damage":8,"enemies":"Chosen and Byrds","floor":28,"turns":3},{"damage":2,"enemies":"Snake Plant","floor":30,"turns":5},{"damage":23,"enemies":"Collector","floor":33,"turns":7},{"damage":4,"enemies":"Orb Walker","floor":35,"turns":2},{"damage":15,"enemies":"2 Orb Walkers","floor":37,"turns":2},{"damage":18,"enemies":"3 Shapes","floor":39,"turns":4},{"damage":19,"enemies":"Giant Head","floor":42,"turns":7},{"damage":0,"enemies":"Reptomancer","floor":44,"turns":4},{"damage":19,"enemies":"Writhing Mass","floor":47,"turns":6},{"damage":16,"enemies":"4 Shapes","floor":48,"turns":4},{"damage":0,"enemies":"Donu and Deca","floor":50,"turns":9},{"damage":0,"enemies":"Shield and Spear","floor":54,"turns":7},{"damage":70,"enemies":"The Heart","floor":55,"turns":8}],"seed_played":"2048632520084358166","potions_obtained":[{"floor":2,"key":"SteroidPotion"},{"floor":3,"key":"ColorlessPotion"},{"floor":4,"key":"SpeedPotion"},{"floor":10,"key":"Block Potion"},{"floor":11,"key":"CunningPotion"},{"floor":14,"key":"FearPotion"},{"floor":16,"key":"Energy Potion"},{"floor":19,"key":"Strength Potion"},{"floor":21,"key":"GamblersBrew"},{"floor":27,"key":"Fruit Juice"},{"floor":47,"key":"BlessingOfTheForge"},{"floor":54,"key":"Fruit Juice"}],"is_trial":false,"path_per_floor":["M","M","M","M","M","E","R","E","T","?","M","M","M","M","R","B",null,"M","M","$","M","M","E","R","E","T","E","M","R","M","$","R","B",null,"M","?","?","?","M","R","?","E","T","E","R","$","M","M","R","B",null,"R","$","E","B",null],"character_chosen":"THE_SILENT","items_purchased":["Blade Dance","War Paint","Venomology","Mayhem","OrangePellets","Prepared","Swift Potion"],"campfire_rested":5,"item_purchase_floors":[20,20,31,31,46,46,53],"current_hp_per_floor":[70,70,70,63,61,42,42,33,33,33,32,32,32,32,32,12,70,70,69,69,57,57,32,32,24,38,29,21,47,45,45,45,22,89,85,85,70,70,52,78,99,80,80,80,99,99,80,64,93,93,99,99,99,104,34],"gold":38,"neow_bonus":"BOSS_RELIC","is_daily":false,"chose_seed":false,"campfire_upgraded":3,"win_rate":0.0,"timestamp":1611384516,"path_taken":["M","M","M","M","M","E","R","E","T","?","M","M","M","M","R","BOSS","M","M","$","M","M","E","R","E","T","E","M","R","?","$","R","BOSS","M","?","?","?","?","R","?","E","T","E","R","$","M","M","R","BOSS","R","$","E","BOSS"],"items_purchased_type":["Card","Relic","Card","Card","Relic","Card","Potion"],"build_version":"2020-12-22","purchased_purges":1,"victory":true,"max_hp_per_floor":[70,70,70,70,70,70,70,70,70,70,70,70,70,70,70,70,70,70,70,70,70,70,70,70,70,84,89,89,89,89,89,89,89,89,89,89,89,89,89,89,99,99,99,99,99,99,99,99,99,99,99,99,99,104,104],"relic_stats":{"Darkstone Periapt":0,"OrangePellets":[15],"Nunchaku":[18],"counters":[32,149],"Astrolabe":["Skewer","Wraith Form v2","Wraith Form v2"],"Pen Nib":[48],"Bag of Preparation":[28],"Orichalcum":[228],"War Paint":["Defend_G","Defend_G"],"obtain_stats":[{"Darkstone Periapt":43,"Astrolabe":17,"Mango":26,"Pen Nib":6,"Bag of Preparation":25,"Omamori":27,"Orichalcum":8,"War Paint":20,"OrangePellets":46,"Nunchaku":42,"Philosopher\u0027s Stone":0,"Fusion Hammer":34,"Red Mask":36,"Bag of Marbles":44,"Bottled Lightning":23,"Unceasing Top":37,"InkBottle":54,"Ring of the Snake":0},{"Darkstone Periapt":26,"Astrolabe":12,"Mango":18,"Pen Nib":6,"Bag of Preparation":18,"Omamori":19,"Orichalcum":7,"War Paint":14,"OrangePellets":27,"Nunchaku":26,"Philosopher\u0027s Stone":0,"Fusion Hammer":22,"Red Mask":23,"Bag of Marbles":27,"Bottled Lightning":17,"Unceasing Top":24,"InkBottle":31,"Ring of the Snake":0},{"Darkstone Periapt":111,"Astrolabe":52,"Mango":77,"Pen Nib":25,"Bag of Preparation":77,"Omamori":81,"Orichalcum":33,"War Paint":58,"OrangePellets":115,"Nunchaku":111,"Philosopher\u0027s Stone":0,"Fusion Hammer":96,"Red Mask":98,"Bag of Marbles":115,"Bottled Lightning":72,"Unceasing Top":100,"InkBottle":141,"Ring of the Snake":0}],"Unceasing Top":[6],"InkBottle":[5]},"card_choices":[{"not_picked":["Flying Knee","Bane"],"picked":"Poisoned Stab","floor":1},{"not_picked":["Predator","Dodge and Roll"],"picked":"Calculated Gamble","floor":2},{"not_picked":["Acrobatics","Choke"],"picked":"Finisher","floor":3},{"not_picked":["Footwork","Sucker Punch"],"picked":"Leg Sweep","floor":4},{"not_picked":["Dodge and Roll","Acrobatics"],"picked":"Slice","floor":5},{"not_picked":["Distraction","Storm of Steel"],"picked":"Well Laid Plans","floor":6},{"not_picked":["Noxious Fumes","Expertise"],"picked":"Glass Knife","floor":8},{"not_picked":["Dagger Throw","Noxious Fumes"],"picked":"Leg Sweep","floor":11},{"not_picked":["Underhanded Strike","Quick Slash"],"picked":"Finisher","floor":12},{"not_picked":["PiercingWail","Heel Hook"],"picked":"Calculated Gamble","floor":13},{"not_picked":["Crippling Poison","Dagger Throw"],"picked":"Infinite Blades","floor":14},{"not_picked":["Night Terror","Bullet Time"],"picked":"Adrenaline","floor":16},{"not_picked":["Underhanded Strike","Leg Sweep"],"picked":"Accuracy","floor":18},{"not_picked":["Catalyst","Noxious Fumes"],"picked":"Quick Slash+1","floor":19},{"not_picked":["Sucker Punch","Distraction"],"picked":"Blade Dance","floor":21},{"not_picked":["Calculated Gamble","Bouncing Flask"],"picked":"Cloak And Dagger","floor":22},{"not_picked":["Burst","Acrobatics+1"],"picked":"Blade Dance","floor":23},{"not_picked":["Outmaneuver","Skewer"],"picked":"Cloak And Dagger","floor":25},{"not_picked":["Backstab","Distraction"],"picked":"Dash","floor":27},{"not_picked":["PiercingWail","Masterful Stab"],"picked":"Infinite Blades","floor":28},{"not_picked":["Underhanded Strike+1","Expertise+1"],"picked":"Acrobatics","floor":30},{"not_picked":["Doppelganger","Adrenaline"],"picked":"Burst","floor":33},{"not_picked":["Dagger Spray","Dash+1"],"picked":"Cloak And Dagger+1","floor":35},{"not_picked":["Footwork","Predator"],"picked":"Cloak And Dagger+1","floor":37},{"not_picked":["Well Laid Plans+1","Quick Slash"],"picked":"Cloak And Dagger","floor":39},{"not_picked":["Backstab+1","Sucker Punch+1"],"picked":"Wraith Form v2","floor":42},{"not_picked":["Acrobatics","Dagger Throw"],"picked":"Caltrops+1","floor":44},{"not_picked":["Sucker Punch","Poisoned Stab"],"picked":"Acrobatics+1","floor":47},{"not_picked":["Heel Hook+1","Underhanded Strike"],"picked":"Accuracy+1","floor":48},{"not_picked":["Sucker Punch","Well Laid Plans+1"],"picked":"Footwork","floor":54}],"player_experience":142539,"relics_obtained":[{"floor":6,"key":"Pen Nib"},{"floor":8,"key":"Orichalcum"},{"floor":23,"key":"Bottled Lightning"},{"floor":25,"key":"Bag of Preparation"},{"floor":26,"key":"Mango"},{"floor":27,"key":"Omamori"},{"floor":37,"key":"Unceasing Top"},{"floor":42,"key":"Nunchaku"},{"floor":43,"key":"Darkstone Periapt"},{"floor":44,"key":"Bag of Marbles"},{"floor":54,"key":"InkBottle"}],"event_choices":[{"damage_healed":0,"gold_gain":0,"player_choice":"Bought 1 Potion","damage_taken":0,"max_hp_gain":0,"max_hp_loss":0,"event_name":"The Woman in Blue","floor":10,"gold_loss":0},{"damage_healed":0,"gold_gain":0,"player_choice":"Paid","damage_taken":0,"relics_obtained":["Red Mask"],"max_hp_gain":0,"max_hp_loss":0,"event_name":"Tomb of Lord Red Mask","floor":36,"gold_loss":124},{"damage_healed":0,"gold_gain":0,"player_choice":"Fight","damage_taken":0,"max_hp_gain":0,"max_hp_loss":0,"event_name":"Mysterious Sphere","floor":37,"gold_loss":0},{"damage_healed":0,"gold_gain":0,"player_choice":"Copied","damage_taken":0,"max_hp_gain":0,"max_hp_loss":0,"event_name":"Duplicator","floor":38,"gold_loss":0,"cards_obtained":["Wraith Form v2"]},{"cards_removed":["Mayhem"],"damage_healed":11,"gold_gain":0,"player_choice":"Offered Rare","damage_taken":0,"max_hp_gain":10,"max_hp_loss":0,"event_name":"Bonfire Elementals","floor":41,"gold_loss":0}],"is_beta":false,"boss_relics":[{"not_picked":["Coffee Dripper","Calling Bell"],"picked":"Astrolabe"},{"not_picked":["Tiny House","Black Star"],"picked":"Fusion Hammer"}],"items_purged_floors":[20],"is_endless":false,"potions_floor_spawned":[2,3,4,11,14,16,19,21,25,27,37,44,47,48,54],"ascension_level":2}}