{"host":"kh1j1cf337zr4nij","time":1611392732,"event":{"mods":["2.2 Compatiblity","AchievementEnabler","Act Like it!","Aspiration","BaseMod","Beaked The Cultist","Bestiary","CCEM","Colored Map","Colored Powertips","Conspire","Downfall","Energized Spire","Fireblade Mod","Friendly Minions","FruityMod","GifTheSpireLib","Glutton Mod","Halation","Hermit","Highlight Path","Hubris","Jedi Mod","JesterMod","Mad Scientist","Marisa????????","Melee Mod","Minty Spire (QoL Compilation)","Quick Restart","Random Character Button","Relic Stats","Shade Mod","Slumbering Mod","Spikes Relics","StSLib","Stuff the Spire","SuperFastMode","Synergy Search","The Blackbeard","The Clintock","The Construct","The Cursed","The Disciple","The Druid","The Forsaken","The Hierophant","The Judge","The Juggle","The Mystic","The Necromancer","The Runesmith","The Servant 0.9.4","The Spell Scribe","The Valiant","TheFirefly","Trackpad","vexMod"],"gold_per_floor":[99,111,211,231,251,251,251,251,251,251],"floor_reached":9,"language":"ENG","playtime":340,"items_purged":[],"score":51,"play_id":"169cc3fd-a6ff-4ac4-be93-f4ec53c06fc9","local_time":"20210123040532","is_ascension_mode":false,"campfire_choices":[{"data":"MadScienceMod:HideBehindJunk","floor":1,"key":"SMITH"},{"data":"MadScienceMod:ShrinkRay","floor":6,"key":"SMITH"}],"circlet_count":0,"master_deck":["MadScienceMod:Strike_MadScience","MadScienceMod:Strike_MadScience","MadScienceMod:Strike_MadScience","MadScienceMod:Strike_MadScience","MadScienceMod:Defend_MadScience","MadScienceMod:Defend_MadScience","MadScienceMod:Defend_MadScience","MadScienceMod:Defend_MadScience","MadScienceMod:PoweredStrike","MadScienceMod:HideBehindJunk+1","MadScienceMod:ShrinkRay+1","MadScienceMod:ClockworkAssistant","MadScienceMod:MechanicalClaw","Injury"],"relics":["MadScienceMod:FuelTank","StuffTheSpire:GrapeVine","Molten Egg 2"],"acts_visited":["Exordium"],"potions_floor_usage":[],"damage_taken":[{"damage":2,"enemies":"2 Louse","floor":2,"turns":3},{"damage":0,"enemies":"Cultist","floor":4,"turns":5},{"damage":8,"enemies":"Jaw Worm","floor":5,"turns":6},{"damage":86,"enemies":"Gremlin Nob","floor":9,"turns":6}],"seed_played":"2327600554888618925","potions_obtained":[{"floor":4,"key":"jedi:wingpotion"}],"is_trial":false,"path_per_floor":["R","M","?","M","M","R","T","?","E"],"character_chosen":"MAD_SCIENTIST","items_purchased":[],"campfire_rested":0,"item_purchase_floors":[],"current_hp_per_floor":[82,80,80,80,72,72,72,72,0,0],"gold":251,"neow_bonus":"TEN_PERCENT_HP_BONUS","is_daily":false,"chose_seed":false,"campfire_upgraded":2,"win_rate":0.0,"timestamp":1611392732,"path_taken":["R","M","?","?","?","R","T","?","E"],"items_purchased_type":[],"build_version":"2020-12-22","purchased_purges":0,"victory":false,"max_hp_per_floor":[82,82,82,82,82,82,82,82,82,82],"relic_stats":{"counters":[4,20],"obtain_stats":[{"MadScienceMod:FuelTank":0,"Molten Egg 2":8,"StuffTheSpire:GrapeVine":7},{"MadScienceMod:FuelTank":0,"Molten Egg 2":3,"StuffTheSpire:GrapeVine":3},{"MadScienceMod:FuelTank":0,"Molten Egg 2":14,"StuffTheSpire:GrapeVine":14}]},"card_choices":[{"not_picked":["MadScienceMod:NowOrNever","MadScienceMod:OilDrum"],"picked":"MadScienceMod:ShrinkRay","floor":2},{"not_picked":["MadScienceMod:MechanicalClaw","MadScienceMod:RecyclingStation"],"picked":"MadScienceMod:ClockworkAssistant","floor":4},{"not_picked":["MadScienceMod:Tune","MadScienceMod:FragmentationGrenade"],"picked":"MadScienceMod:MechanicalClaw","floor":5}],"player_experience":44065,"relics_obtained":[{"floor":7,"key":"StuffTheSpire:GrapeVine"}],"event_choices":[],"is_beta":false,"boss_relics":[],"items_purged_floors":[],"is_endless":false,"potions_floor_spawned":[4],"killed_by":"Gremlin Nob","ascension_level":0}}