{"host":"89iuq2p5kwriuwfq","time":1611360478,"event":{"mods":["BaseMod","Curses Come First","Minty Spire (QoL Compilation)","Permanent Neow","StSLib"],"gold_per_floor":[118,131,149,149,149,178,193,219,219,237,237,251,284,299,299,398,398,417,417,97,116,132,132,165,184,184,184,184],"floor_reached":27,"language":"ENG","playtime":1736,"items_purged":["Strike_G"],"score":360,"play_id":"855aef05-78a8-4b87-a74d-6c0e57ca240e","local_time":"20210123000758","is_ascension_mode":true,"campfire_choices":[{"data":"Footwork","floor":11.0,"key":"SMITH"},{"data":"Blade Dance","floor":15.0,"key":"SMITH"},{"data":"Cloak And Dagger","floor":23.0,"key":"SMITH"}],"circlet_count":0,"master_deck":["Strike_G","Strike_G","Strike_G","Defend_G","Defend_G","Defend_G","Defend_G","Defend_G","Survivor","Neutralize","Malaise","Backstab","Deadly Poison","Deadly Poison","Footwork","Footwork+1","Dagger Spray","Slice","Cloak And Dagger+1","Blade Dance+1","Envenom","Dagger Spray+1","Crippling Poison","Flying Knee","Noxious Fumes","Cloak And Dagger","Accuracy+1","Cloak And Dagger"],"relics":["Ring of the Serpent","Bag of Preparation","Shuriken","Kunai","Question Card","Lantern","Happy Flower","Pantograph","WingedGreaves"],"acts_visited":["Exordium","TheCity"],"potions_floor_usage":[24],"damage_taken":[{"damage":5.0,"enemies":"Cultist","floor":1.0,"turns":5.0},{"damage":0.0,"enemies":"2 Louse","floor":2.0,"turns":3.0},{"damage":0.0,"enemies":"Small Slimes","floor":3.0,"turns":2.0},{"damage":17.0,"enemies":"3 Sentries","floor":6.0,"turns":10.0},{"damage":3.0,"enemies":"Blue Slaver","floor":7.0,"turns":4.0},{"damage":12.0,"enemies":"Gremlin Nob","floor":8.0,"turns":4.0},{"damage":1.0,"enemies":"Lots of Slimes","floor":10.0,"turns":3.0},{"damage":0.0,"enemies":"Exordium Wildlife","floor":12.0,"turns":2.0},{"damage":10.0,"enemies":"3 Sentries","floor":13.0,"turns":10.0},{"damage":3.0,"enemies":"Red Slaver","floor":14.0,"turns":2.0},{"damage":6.0,"enemies":"The Guardian","floor":16.0,"turns":10.0},{"damage":11.0,"enemies":"2 Thieves","floor":18.0,"turns":4.0},{"damage":7.0,"enemies":"Shell Parasite","floor":21.0,"turns":5.0},{"damage":15.0,"enemies":"Snake Plant","floor":22.0,"turns":6.0},{"damage":3,"enemies":"Gremlin Leader","floor":24,"turns":6},{"damage":0,"enemies":"Cultist and Chosen","floor":25,"turns":5},{"damage":10,"enemies":"Book of Stabbing","floor":27,"turns":3}],"seed_played":"2192696219984249107","potions_obtained":[{"floor":1.0,"key":"Dexterity Potion"},{"floor":2.0,"key":"SteroidPotion"},{"floor":6.0,"key":"SteroidPotion"},{"floor":7.0,"key":"Explosive Potion"},{"floor":12.0,"key":"Block Potion"},{"floor":18.0,"key":"Dexterity Potion"}],"is_trial":false,"path_per_floor":["M","M","M","?","?","E","M","E","T","M","R","M","E","M","R","B",null,"M","?","$","M","M","R","E","M","T","E"],"character_chosen":"THE_SILENT","items_purchased":["Happy Flower","Flying Knee","Noxious Fumes"],"campfire_rested":0,"item_purchase_floors":[20,20,20],"current_hp_per_floor":[58,58,58,55,55,38,35,23,23,22,22,22,12,9,9,3,53,42,42,42,35,20,20,17,17,17,7,7],"gold":184,"neow_bonus":"ONE_RANDOM_RARE_CARD","is_daily":false,"chose_seed":false,"campfire_upgraded":3,"win_rate":0.0,"timestamp":1611360478,"path_taken":["M","?","M","?","?","E","M","E","T","M","R","M","E","M","R","BOSS","M","?","$","M","?","R","E","M","T","E"],"items_purchased_type":["Relic","Card","Card"],"build_version":"2020-12-22","purchased_purges":1,"victory":false,"max_hp_per_floor":[70,70,70,70,70,70,70,70,70,70,70,70,70,70,70,70,70,70,70,70,70,70,70,70,70,70,70,70],"card_choices":[{"not_picked":["Finisher","Flying Knee"],"picked":"Backstab","floor":1.0},{"not_picked":["Bane","Die Die Die"],"picked":"Deadly Poison","floor":2.0},{"not_picked":["Underhanded Strike","Cloak And Dagger","Eviscerate"],"picked":"SKIP","floor":3.0},{"not_picked":["Dagger Throw","Masterful Stab"],"picked":"Deadly Poison","floor":6.0},{"not_picked":["Caltrops","Deadly Poison"],"picked":"Footwork","floor":7.0},{"not_picked":["Dagger Spray","Deadly Poison"],"picked":"Footwork","floor":8.0},{"not_picked":["Flying Knee","Crippling Poison","Venomology"],"picked":"Dagger Spray","floor":10.0},{"not_picked":["Concentrate","Sucker Punch","Flying Knee"],"picked":"Slice","floor":12.0},{"not_picked":["Quick Slash","Concentrate","Unload"],"picked":"Cloak And Dagger","floor":13.0},{"not_picked":["PiercingWail","Deadly Poison","Backflip"],"picked":"Blade Dance","floor":14.0},{"not_picked":["Glass Knife","Phantasmal Killer","Adrenaline"],"picked":"Envenom","floor":16.0},{"not_picked":["Eviscerate","Sucker Punch","Dagger Throw"],"picked":"Dagger Spray+1","floor":18.0},{"not_picked":["Footwork","Dagger Throw","Catalyst+1","Caltrops"],"picked":"SKIP","floor":21.0},{"not_picked":["Riddle With Holes","Eviscerate","Endless Agony"],"picked":"Cloak And Dagger","floor":22.0},{"not_picked":["Catalyst","Blade Dance","Unload"],"picked":"Accuracy+1","floor":24},{"not_picked":["Quick Slash","PiercingWail+1","Bane"],"picked":"Cloak And Dagger","floor":25}],"player_experience":547302,"relics_obtained":[{"floor":6.0,"key":"Shuriken"},{"floor":8.0,"key":"Kunai"},{"floor":9.0,"key":"Question Card"},{"floor":13.0,"key":"Lantern"},{"floor":24,"key":"Pantograph"},{"floor":26,"key":"WingedGreaves"}],"event_choices":[{"damage_healed":0.0,"max_hp_gain":0.0,"max_hp_loss":0.0,"gold_gain":0.0,"event_name":"Scrap Ooze","player_choice":"Success","floor":4.0,"gold_loss":0.0,"damage_taken":3.0,"relics_obtained":["Bag of Preparation"]},{"damage_healed":0.0,"max_hp_gain":0.0,"max_hp_loss":0.0,"gold_gain":0.0,"event_name":"Liars Game","player_choice":"Ignored","floor":5.0,"gold_loss":0.0,"damage_taken":0.0},{"damage_healed":0.0,"max_hp_gain":0.0,"max_hp_loss":0.0,"gold_gain":0.0,"cards_transformed":["Strike_G"],"event_name":"Transmorgrifier","player_choice":"Transformed","floor":19.0,"gold_loss":0.0,"damage_taken":0.0,"cards_obtained":["Crippling Poison"]}],"is_beta":false,"boss_relics":[{"not_picked":["Snecko Eye","Tiny House"],"picked":"Ring of the Serpent"}],"items_purged_floors":[20],"is_endless":false,"potions_floor_spawned":[1,2,6,7,12,18],"killed_by":"Book of Stabbing","ascension_level":8}}