{"host":"v3mpq6flurzldi5g","time":1611425031,"event":{"mods":["AchievementEnabler","BaseMod","Colored Powertips","Highlight Path","Minty Spire (QoL Compilation)","StSLib"],"gold_per_floor":[113,128,145,145,145,145,145,145,145,145,175,216,216,250,250,376,376,394,419,419,419,419],"floor_reached":21,"language":"ENG","playtime":856,"items_purged":[],"score":287,"play_id":"0e08d9e2-41fb-472d-bcd0-33effef6ae16","local_time":"20210123130351","is_ascension_mode":true,"campfire_choices":[{"floor":6.0,"key":"REST"},{"data":"Defend_B","floor":8.0,"key":"SMITH"},{"data":"Defend_B","floor":10.0,"key":"SMITH"},{"floor":13.0,"key":"REST"},{"floor":15.0,"key":"REST"}],"circlet_count":0,"master_deck":["AscendersBane","Strike_B","Strike_B","Strike_B","Strike_B","Defend_B","Defend_B+1","Defend_B+1","Defend_B+1","Zap","Dualcast","Leap","Ball Lightning","Redo","Conserve Battery","Cold Snap","Machine Learning+1","Genetic Algorithm+1","Melter+1","RitualDagger"],"relics":["Cracked Core","Juzu Bracelet","Golden Idol","Orichalcum","Blood Vial","Frozen Egg 2","Black Star"],"acts_visited":["TheCity"],"potions_floor_usage":[21,21],"damage_taken":[{"damage":1.0,"enemies":"Cultist","floor":1.0,"turns":3.0},{"damage":3.0,"enemies":"2 Louse","floor":2.0,"turns":3.0},{"damage":7.0,"enemies":"Jaw Worm","floor":3.0,"turns":3.0},{"damage":26.0,"enemies":"Lagavulin","floor":12.0,"turns":8.0},{"damage":25.0,"enemies":"Gremlin Nob","floor":14.0,"turns":4.0},{"damage":9.0,"enemies":"The Guardian","floor":16.0,"turns":11.0},{"damage":23.0,"enemies":"Shell Parasite","floor":18.0,"turns":9.0},{"damage":16.0,"enemies":"Chosen","floor":19.0,"turns":5.0},{"damage":68,"enemies":"3 Cultists","floor":21,"turns":5}],"seed_played":"-7197087281620982048","potions_obtained":[{"floor":2.0,"key":"ColorlessPotion"},{"floor":12.0,"key":"Dexterity Potion"},{"floor":18.0,"key":"Regen Potion"},{"floor":19.0,"key":"Dexterity Potion"}],"is_trial":false,"path_per_floor":["M","M","M","?","?","R","?","R","T","R","?","E","R","E","R","B",null,"M","M","?","M"],"character_chosen":"DEFECT","items_purchased":[],"campfire_rested":3,"item_purchase_floors":[],"current_hp_per_floor":[67,64,57,39,39,61,66,66,66,66,66,40,64,41,65,58,75,54,40,34,0,0],"gold":419,"neow_bonus":"RANDOM_COMMON_RELIC","is_daily":false,"chose_seed":false,"campfire_upgraded":2,"win_rate":0.0,"timestamp":1611425031,"path_taken":["M","M","M","?","?","R","?","R","T","R","?","E","R","E","R","BOSS","M","M","?","M"],"items_purchased_type":[],"build_version":"2020-12-22","purchased_purges":0,"victory":false,"max_hp_per_floor":[75,75,75,75,75,75,80,80,80,80,80,80,80,80,80,80,80,80,80,80,80,80],"card_choices":[{"not_picked":["Conserve Battery","Coolheaded"],"picked":"Leap","floor":1.0},{"not_picked":["Sweeping Beam","Turbo"],"picked":"Ball Lightning","floor":2.0},{"not_picked":["Creative AI","Compile Driver"],"picked":"Redo","floor":3.0},{"not_picked":["Barrage","Darkness"],"picked":"Conserve Battery","floor":12.0},{"not_picked":["Stack","Turbo"],"picked":"Cold Snap","floor":14.0},{"not_picked":["Biased Cognition+1","Rainbow"],"picked":"Machine Learning+1","floor":16.0},{"not_picked":["Turbo","Stack+1"],"picked":"Genetic Algorithm+1","floor":18.0},{"not_picked":["Barrage","Hello World+1"],"picked":"Melter+1","floor":19.0}],"player_experience":1004266,"relics_obtained":[{"floor":9.0,"key":"Orichalcum"},{"floor":12.0,"key":"Blood Vial"},{"floor":14.0,"key":"Frozen Egg 2"}],"event_choices":[{"damage_healed":0.0,"max_hp_gain":0.0,"max_hp_loss":0.0,"gold_gain":0.0,"event_name":"Golden Idol","player_choice":"Take Damage","floor":4.0,"gold_loss":0.0,"damage_taken":18.0,"relics_obtained":["Golden Idol"]},{"damage_healed":0.0,"max_hp_gain":0.0,"max_hp_loss":0.0,"gold_gain":0.0,"event_name":"Living Wall","player_choice":"Grow","floor":5.0,"gold_loss":0.0,"damage_taken":0.0,"cards_upgraded":["Defend_B"]},{"damage_healed":0.0,"max_hp_gain":5.0,"max_hp_loss":0.0,"gold_gain":0.0,"event_name":"Big Fish","player_choice":"Donut","floor":7.0,"gold_loss":0.0,"damage_taken":0.0},{"damage_healed":0.0,"max_hp_gain":0.0,"max_hp_loss":0.0,"gold_gain":30.0,"event_name":"Dead Adventurer","player_choice":"Searched \u00271\u0027 times","floor":11.0,"gold_loss":0.0,"damage_taken":0.0},{"damage_healed":0.0,"max_hp_gain":0.0,"max_hp_loss":0.0,"gold_gain":0.0,"event_name":"Nest","player_choice":"Joined the Cult","floor":20.0,"gold_loss":0.0,"damage_taken":6.0,"cards_obtained":["RitualDagger"]}],"is_beta":false,"boss_relics":[{"not_picked":["SacredBark","Empty Cage"],"picked":"Black Star"}],"items_purged_floors":[],"is_endless":false,"potions_floor_spawned":[2,12,18,19],"killed_by":"3 Cultists","ascension_level":11}}