{"host":"yvb207ks1sg3cxef","time":1611398368,"event":{"mods":["2.2 Compatiblity","BaseMod","Bestiary","Colored Powertips","Minty Spire (QoL Compilation)","Permanent Neow","Quick Restart","Relic Stats","StSLib"],"gold_per_floor":[111,126,91,106,106,140,155,198,221,221,221,221],"floor_reached":11,"language":"ENG","playtime":470,"items_purged":[],"score":149,"play_id":"e0ded1c0-2843-450f-9f3c-e7368b5e1c87","local_time":"20210123160928","is_ascension_mode":true,"campfire_choices":[{"floor":10.0,"key":"REST"}],"circlet_count":0,"master_deck":["AscendersBane","Strike_P","Strike_P","Strike_P","Strike_P","Defend_P","Defend_P","Defend_P","Defend_P","Eruption","Vigilance","Wallop","EmptyBody","ClearTheMind","DevaForm","Study","WheelKick"],"relics":["PureWater","GoldenEye","Golden Idol","Smiling Mask","Regal Pillow","Centennial Puzzle"],"acts_visited":["Exordium"],"potions_floor_usage":[],"damage_taken":[{"damage":0.0,"enemies":"Small Slimes","floor":1.0,"turns":3.0},{"damage":0.0,"enemies":"2 Louse","floor":2.0,"turns":3.0},{"damage":0.0,"enemies":"Cultist","floor":4.0,"turns":2.0},{"damage":20.0,"enemies":"Lagavulin","floor":6.0,"turns":10.0},{"damage":4.0,"enemies":"Exordium Thugs","floor":7.0,"turns":6.0},{"damage":43.0,"enemies":"Gremlin Nob","floor":8.0,"turns":6.0},{"damage":50,"enemies":"3 Sentries","floor":11,"turns":6}],"seed_played":"6010919212807891635","potions_obtained":[{"floor":1.0,"key":"DuplicationPotion"},{"floor":2.0,"key":"Swift Potion"},{"floor":7.0,"key":"FairyPotion"}],"is_trial":false,"path_per_floor":["M","M","?","M","?","E","M","E","T","R","E"],"character_chosen":"WATCHER","items_purchased":[],"campfire_rested":1,"item_purchase_floors":[],"current_hp_per_floor":[43,43,60,60,60,40,36,15,15,48,0,0],"gold":221,"neow_bonus":"ONE_RARE_RELIC","is_daily":false,"chose_seed":false,"campfire_upgraded":0,"win_rate":0.0,"timestamp":1611398368,"path_taken":["M","M","?","M","?","E","M","E","T","R","E"],"items_purchased_type":[],"build_version":"2020-12-22","purchased_purges":0,"victory":false,"max_hp_per_floor":[68,68,68,68,62,62,62,62,62,62,62,62],"relic_stats":{"Regal Pillow":15,"Centennial Puzzle":[3],"counters":[7,36],"Golden Idol":19,"GoldenEye":[0],"Smiling Mask":0,"obtain_stats":[{"Regal Pillow":8,"Centennial Puzzle":9,"Golden Idol":5,"PureWater":0,"GoldenEye":0,"Smiling Mask":6},{"Regal Pillow":6,"Centennial Puzzle":6,"Golden Idol":3,"PureWater":0,"GoldenEye":0,"Smiling Mask":4},{"Regal Pillow":30,"Centennial Puzzle":30,"Golden Idol":8,"PureWater":0,"GoldenEye":0,"Smiling Mask":18}]},"card_choices":[{"not_picked":["EmptyBody","FlurryOfBlows"],"picked":"Wallop","floor":1.0},{"not_picked":["ThirdEye","Halt"],"picked":"EmptyBody","floor":2.0},{"not_picked":["WreathOfFlame","JustLucky"],"picked":"ClearTheMind","floor":4.0},{"not_picked":["Fasting2","EmptyFist"],"picked":"DevaForm","floor":6.0},{"not_picked":["ClearTheMind","Vengeance"],"picked":"Study","floor":7.0},{"not_picked":["SashWhip","Scrawl"],"picked":"WheelKick","floor":8.0}],"player_experience":417218,"relics_obtained":[{"floor":6.0,"key":"Smiling Mask"},{"floor":8.0,"key":"Regal Pillow"},{"floor":9.0,"key":"Centennial Puzzle"}],"event_choices":[{"damage_healed":17.0,"max_hp_gain":0.0,"max_hp_loss":0.0,"gold_gain":0.0,"event_name":"The Cleric","player_choice":"Healed","floor":3.0,"gold_loss":35.0,"damage_taken":0.0},{"damage_healed":0.0,"max_hp_gain":0.0,"max_hp_loss":6.0,"gold_gain":0.0,"event_name":"Golden Idol","player_choice":"Lose Max HP","floor":5.0,"gold_loss":0.0,"damage_taken":0.0,"relics_obtained":["Golden Idol"]}],"is_beta":false,"boss_relics":[],"items_purged_floors":[],"is_endless":false,"potions_floor_spawned":[1,2,7],"killed_by":"3 Sentries","ascension_level":16}}