{"host":"hwrdjx5eod2cxh09","time":1611412109,"event":{"mods":["AchievementEnabler","BaseMod","Bestiary","Minty Spire (QoL Compilation)","Relic Stats"],"gold_per_floor":[117,134,145,155,155,180,180,210,291,291,309,344,364,85,85,190,190,145,145,145,145,145,145,145,145,145,145,60,60,60,60,60,60,60,60,60,60,60,60,60,60,60,60,60,60,60,60,60,60,60],"floor_reached":51,"language":"ENG","playtime":3343,"items_purged":["Strike_P"],"score":912,"play_id":"972b23b9-4770-4ced-ad0b-b0a3dffc30b4","local_time":"20210123232829","is_ascension_mode":true,"campfire_choices":[{"data":"Eruption","floor":7.0,"key":"SMITH"},{"floor":10.0,"key":"REST"},{"data":"SignatureMove","floor":15.0,"key":"SMITH"},{"floor":24,"key":"REST"},{"floor":29,"key":"REST"},{"floor":32,"key":"REST"},{"data":"Vault","floor":40,"key":"SMITH"},{"data":"Adaptation","floor":42,"key":"SMITH"},{"floor":49,"key":"REST"}],"circlet_count":0,"master_deck":["Strike_P","Strike_P","Defend_P","Defend_P+1","Defend_P","Defend_P+1","Eruption+1","Vigilance","Weave","SignatureMove+1","Nirvana","InnerPeace","FlurryOfBlows","Scrawl+1","Wallop+1","Adaptation+1","CutThroughFate+1","DeusExMachina","Perseverance+1","Consecrate","LikeWater","ThirdEye+1","Meditate+1","LessonLearned","EmptyBody","Vault+1","JustLucky+1","LikeWater","Crescendo+1","Blind","FearNoEvil+1","TalkToTheHand+1"],"relics":["PureWater","NeowsBlessing","Gambling Chip","Odd Mushroom","Potion Belt","ClockworkSouvenir","Ectoplasm","MealTicket","Juzu Bracelet","Shuriken","Omamori","Damaru","Happy Flower","Cursed Key","StoneCalendar","Centennial Puzzle","Gremlin Horn"],"acts_visited":["Exordium","TheCity","TheBeyond"],"potions_floor_usage":[23,27,27,38,44,47,48,50],"damage_taken":[{"damage":0.0,"enemies":"2 Louse","floor":1.0,"turns":1.0},{"damage":0.0,"enemies":"Jaw Worm","floor":2.0,"turns":1.0},{"damage":0.0,"enemies":"Small Slimes","floor":3.0,"turns":1.0},{"damage":2.0,"enemies":"2 Fungi Beasts","floor":4.0,"turns":3.0},{"damage":18.0,"enemies":"Lagavulin","floor":6.0,"turns":4.0},{"damage":31.0,"enemies":"The Mushroom Lair","floor":8.0,"turns":7.0},{"damage":5.0,"enemies":"Looter","floor":11.0,"turns":2.0},{"damage":13.0,"enemies":"3 Sentries","floor":12.0,"turns":5.0},{"damage":0.0,"enemies":"Red Slaver","floor":13.0,"turns":1.0},{"damage":7.0,"enemies":"Slime Boss","floor":16.0,"turns":7.0},{"damage":8.0,"enemies":"2 Thieves","floor":18.0,"turns":4.0},{"damage":11.0,"enemies":"Shell Parasite","floor":20.0,"turns":4.0},{"damage":8.0,"enemies":"Shelled Parasite and Fungi","floor":22.0,"turns":3.0},{"damage":28,"enemies":"Book of Stabbing","floor":23,"turns":5},{"damage":11,"enemies":"Slavers","floor":25,"turns":5},{"damage":13,"enemies":"Book of Stabbing","floor":27,"turns":3},{"damage":13,"enemies":"Slavers","floor":30,"turns":7},{"damage":0,"enemies":"Automaton","floor":33,"turns":6},{"damage":5,"enemies":"3 Darklings","floor":35,"turns":4},{"damage":1,"enemies":"Orb Walker","floor":36,"turns":4},{"damage":0,"enemies":"Mind Bloom Boss Battle","floor":37,"turns":4},{"damage":0,"enemies":"3 Darklings","floor":38,"turns":3},{"damage":0,"enemies":"Giant Head","floor":41,"turns":7},{"damage":0,"enemies":"Transient","floor":44,"turns":5},{"damage":0,"enemies":"Spire Growth","floor":45,"turns":4},{"damage":20,"enemies":"Sphere and 2 Shapes","floor":47,"turns":7},{"damage":28,"enemies":"Reptomancer","floor":48,"turns":5},{"damage":7,"enemies":"Time Eater","floor":50,"turns":8}],"seed_played":"7705777120312377701","potions_obtained":[{"floor":1.0,"key":"BottledMiracle"},{"floor":4.0,"key":"Weak Potion"},{"floor":8.0,"key":"Energy Potion"},{"floor":12.0,"key":"GamblersBrew"},{"floor":13.0,"key":"Regen Potion"},{"floor":20.0,"key":"Block Potion"},{"floor":22.0,"key":"PowerPotion"},{"floor":23,"key":"LiquidMemories"},{"floor":27,"key":"Fire Potion"},{"floor":35,"key":"SkillPotion"},{"floor":37,"key":"AttackPotion"},{"floor":47,"key":"DistilledChaos"},{"floor":48,"key":"ColorlessPotion"}],"is_trial":false,"path_per_floor":["M","M","M","M","?","E","R","?","T","R","M","E","M","$","R","B",null,"M","?","M","?","M","E","R","E","T","E","?","R","E","?","R","B",null,"M","M","?","M","?","R","E","R","T","M","M","?","M","E","R","B",null],"character_chosen":"WATCHER","items_purchased":["ClockworkSouvenir","CutThroughFate"],"campfire_rested":5,"item_purchase_floors":[14,14],"current_hp_per_floor":[72,72,72,70,70,52,52,21,21,42,37,24,24,24,24,17,72,64,64,53,53,45,17,38,27,27,23,23,44,31,31,52,52,72,67,66,66,66,66,66,66,66,66,66,66,66,46,18,39,32],"gold":60,"neow_bonus":"THREE_ENEMY_KILL","is_daily":false,"chose_seed":false,"campfire_upgraded":4,"win_rate":0.0,"timestamp":1611412109,"path_taken":["M","M","M","M","?","E","R","?","T","R","M","E","M","$","R","BOSS","M","?","M","?","M","E","R","E","T","E","?","R","E","?","R","BOSS","M","M","?","M","?","R","E","R","T","M","M","?","M","E","R","BOSS"],"items_purchased_type":["Relic","Card"],"build_version":"2020-12-22","purchased_purges":1,"victory":true,"max_hp_per_floor":[72,72,72,72,72,72,72,72,72,72,72,72,72,72,72,72,72,72,72,72,72,72,72,72,72,72,72,72,72,72,72,72,72,72,72,72,72,72,72,72,72,72,72,72,72,72,72,72,72,72],"relic_stats":{"Centennial Puzzle":[9],"Happy Flower":[19],"Gremlin Horn":[0,0],"counters":[28,120],"Shuriken":[53],"Gambling Chip":[65],"MealTicket":0,"StoneCalendar":[60],"Ectoplasm":690,"Juzu Bracelet":1,"Cursed Key":0,"obtain_stats":[{"Potion Belt":12,"NeowsBlessing":0,"Happy Flower":30,"Gremlin Horn":48,"Damaru":28,"StoneCalendar":37,"Juzu Bracelet":25,"Omamori":27,"Odd Mushroom":8,"Cursed Key":34,"ClockworkSouvenir":14,"Centennial Puzzle":41,"Shuriken":26,"Gambling Chip":6,"MealTicket":23,"Ectoplasm":17,"PureWater":0},{"Potion Belt":8,"NeowsBlessing":0,"Happy Flower":17,"Gremlin Horn":27,"Damaru":16,"StoneCalendar":21,"Juzu Bracelet":15,"Omamori":16,"Odd Mushroom":6,"Cursed Key":18,"ClockworkSouvenir":9,"Centennial Puzzle":23,"Shuriken":15,"Gambling Chip":5,"MealTicket":14,"Ectoplasm":10,"PureWater":0},{"Potion Belt":24,"NeowsBlessing":0,"Happy Flower":63,"Gremlin Horn":112,"Damaru":56,"StoneCalendar":81,"Juzu Bracelet":53,"Omamori":56,"Odd Mushroom":17,"Cursed Key":69,"ClockworkSouvenir":25,"Centennial Puzzle":91,"Shuriken":53,"Gambling Chip":10,"MealTicket":48,"Ectoplasm":32,"PureWater":0}]},"card_choices":[{"not_picked":["FollowUp","Crescendo"],"picked":"Weave","floor":1.0},{"not_picked":["Indignation","Prostrate"],"picked":"SignatureMove","floor":2.0},{"not_picked":["Protect","Ragnarok"],"picked":"CutThroughFate","floor":3.0},{"not_picked":["Vengeance","Evaluate"],"picked":"Nirvana","floor":4.0},{"not_picked":["Crescendo","FlyingSleeves"],"picked":"InnerPeace","floor":6.0},{"not_picked":["Crescendo","Halt"],"picked":"FlurryOfBlows","floor":8.0},{"not_picked":["Collect","CutThroughFate"],"picked":"Scrawl","floor":11.0},{"not_picked":["Meditate","WheelKick"],"picked":"Wallop","floor":12.0},{"not_picked":["FollowUp","SashWhip"],"picked":"Adaptation","floor":13.0},{"not_picked":["Omniscience","Alpha"],"picked":"DeusExMachina","floor":16.0},{"not_picked":["FlyingSleeves","ThirdEye"],"picked":"Perseverance+1","floor":18.0},{"not_picked":["Prostrate","Protect"],"picked":"Consecrate","floor":20.0},{"not_picked":["Crescendo","Wish"],"picked":"LikeWater","floor":22.0},{"not_picked":["WreathOfFlame+1","CutThroughFate+1"],"picked":"ThirdEye+1","floor":23},{"not_picked":["BowlingBash","EmptyBody"],"picked":"Meditate+1","floor":25},{"not_picked":["ForeignInfluence+1","Crescendo"],"picked":"LessonLearned","floor":27},{"not_picked":["JustLucky","Protect"],"picked":"EmptyBody","floor":30},{"not_picked":["Establishment","DeusExMachina"],"picked":"Vault","floor":33},{"not_picked":["Crescendo","Consecrate","FollowUp"],"picked":"SKIP","floor":35},{"not_picked":["WaveOfTheHand+1","Swivel"],"picked":"JustLucky+1","floor":36},{"not_picked":["DeceiveReality","WheelKick"],"picked":"LikeWater","floor":37},{"not_picked":["Evaluate","JustLucky+1"],"picked":"Crescendo+1","floor":38},{"not_picked":["Panacea","Madness"],"picked":"Blind","floor":39},{"not_picked":["Perseverance","Wallop+1","Prostrate"],"picked":"SKIP","floor":41},{"not_picked":["FollowUp","Prostrate"],"picked":"FearNoEvil+1","floor":44},{"not_picked":["ClearTheMind+1","FlyingSleeves+1","Protect+1"],"picked":"SKIP","floor":45},{"not_picked":["Consecrate","EmptyBody","FollowUp+1"],"picked":"SKIP","floor":47},{"not_picked":["WaveOfTheHand","ConjureBlade"],"picked":"TalkToTheHand+1","floor":48}],"player_experience":258453,"relics_obtained":[{"floor":6.0,"key":"Gambling Chip"},{"floor":8.0,"key":"Odd Mushroom"},{"floor":12.0,"key":"Potion Belt"},{"floor":23,"key":"MealTicket"},{"floor":25,"key":"Juzu Bracelet"},{"floor":26,"key":"Shuriken"},{"floor":27,"key":"Omamori"},{"floor":30,"key":"Happy Flower"},{"floor":37,"key":"StoneCalendar"},{"floor":41,"key":"Centennial Puzzle"},{"floor":48,"key":"Gremlin Horn"}],"event_choices":[{"damage_healed":0.0,"max_hp_gain":0.0,"max_hp_loss":0.0,"gold_gain":0.0,"event_name":"Liars Game","player_choice":"Ignored","floor":5.0,"gold_loss":0.0,"damage_taken":0.0},{"damage_healed":0.0,"max_hp_gain":0.0,"max_hp_loss":0.0,"gold_gain":0.0,"event_name":"Mushrooms","player_choice":"Fought Mushrooms","floor":8.0,"gold_loss":0.0,"damage_taken":0.0},{"damage_healed":0.0,"max_hp_gain":0.0,"max_hp_loss":0.0,"gold_gain":0.0,"event_name":"Vampires","player_choice":"Ignored","floor":19.0,"gold_loss":0.0,"damage_taken":0.0},{"damage_healed":0.0,"max_hp_gain":0.0,"max_hp_loss":0.0,"gold_gain":99.0,"event_name":"Nest","player_choice":"Stole From Cult","floor":21.0,"gold_loss":0.0,"damage_taken":0.0},{"damage_healed":0,"gold_gain":0,"player_choice":"Obtained Relic","damage_taken":0,"relics_obtained":["Damaru"],"max_hp_gain":0,"max_hp_loss":0,"event_name":"Addict","floor":28,"gold_loss":85},{"cards_removed":["Strike_P"],"damage_healed":0,"gold_gain":0,"player_choice":"Elegance","damage_taken":0,"max_hp_gain":0,"max_hp_loss":0,"event_name":"Back to Basics","floor":31,"gold_loss":0},{"damage_healed":0,"gold_gain":0,"player_choice":"Fight","damage_taken":0,"max_hp_gain":0,"max_hp_loss":0,"event_name":"MindBloom","floor":37,"gold_loss":0},{"damage_healed":0,"gold_gain":0,"player_choice":"Memory 1","damage_taken":0,"max_hp_gain":0,"max_hp_loss":0,"event_name":"SensoryStone","floor":39,"gold_loss":0},{"cards_removed":["CutThroughFate"],"damage_healed":0,"gold_gain":0,"player_choice":"Removed Attack","damage_taken":0,"max_hp_gain":0,"max_hp_loss":0,"event_name":"Falling","floor":46,"gold_loss":0}],"is_beta":false,"boss_relics":[{"not_picked":["Fusion Hammer","Astrolabe"],"picked":"Ectoplasm"},{"not_picked":["HolyWater","Busted Crown"],"picked":"Cursed Key"}],"items_purged_floors":[14],"is_endless":false,"potions_floor_spawned":[1,4,8,12,13,20,22,23,27,35,37,47,48],"ascension_level":1}}