{"host":"3zb3nk4wvq0dtbuh","time":1611375580,"event":{"mods":["AchievementEnabler","BaseMod","Better Third Choice","Minty Spire (QoL Compilation)","Replay The Spire","StSLib","TestMod","The Blackbeard","[GremlinLeader]The Maniac"],"gold_per_floor":[117,117,133,149,165,193,193,206,206,224,224,224],"floor_reached":11,"language":"ZHS","playtime":745,"items_purged":[],"score":77,"play_id":"a08848e6-df70-41cd-b093-bd1e6eacf4f6","local_time":"20210123121940","is_ascension_mode":false,"campfire_choices":[{"data":"maniac:ExpectedMoves","floor":7,"key":"SMITH"}],"circlet_count":0,"master_deck":["maniac:Strike","maniac:Strike","maniac:Strike","maniac:Strike","maniac:Strike","maniac:Defend","maniac:Defend","maniac:Defend","maniac:Defend","maniac:BurnBlood","maniac:AbyssShackle","maniac:BladesInCloak+1","maniac:SpectralFlash","maniac:HammerDown","maniac:Refine","maniac:ExpectedMoves+1","maniac:Confront","maniac:BladesInCloak"],"relics":["maniac:DamagedAnvil","maniac:BrokenHorn","testmod-TestBox","testmod-Maize","NeowsBlessing","Omamori","Letter Opener"],"acts_visited":["Exordium"],"potions_floor_usage":[6],"damage_taken":[{"damage":0,"enemies":"Small Slimes","floor":1,"turns":1},{"damage":0,"enemies":"Cultist","floor":3,"turns":1},{"damage":0,"enemies":"Jaw Worm","floor":4,"turns":1},{"damage":20,"enemies":"Looter","floor":5,"turns":4},{"damage":20,"enemies":"Lagavulin","floor":6,"turns":8},{"damage":15,"enemies":"Gremlin Gang","floor":8,"turns":6},{"damage":12,"enemies":"Blue Slaver","floor":10,"turns":4},{"damage":17,"enemies":"Gremlin Nob","floor":11,"turns":3}],"seed_played":"1175806819068124120","potions_obtained":[{"floor":1,"key":"testmod-TestPotion"},{"floor":3,"key":"SneckoOil"},{"floor":8,"key":"Weak Potion"}],"is_trial":false,"path_per_floor":["M","?","M","M","M","E","R","M","T","M","E"],"character_chosen":"THE_MANIAC","items_purchased":[],"campfire_rested":0,"item_purchase_floors":[],"current_hp_per_floor":[80,80,80,80,60,40,40,25,25,13,0,0],"gold":224,"neow_bonus":"THREE_ENEMY_KILL","is_daily":false,"chose_seed":false,"campfire_upgraded":1,"win_rate":0.0,"timestamp":1611375580,"path_taken":["M","?","M","M","M","E","R","M","T","M","E"],"items_purchased_type":[],"build_version":"2020-12-22","purchased_purges":0,"victory":false,"max_hp_per_floor":[80,80,80,80,80,80,80,80,80,80,80,80],"card_choices":[{"not_picked":["maniac:LootBarrage","maniac:Refine"],"picked":"maniac:BladesInCloak","floor":1},{"not_picked":["maniac:BladeShoot","maniac:ObscuredAttack"],"picked":"maniac:SpectralFlash","floor":3},{"not_picked":["maniac:WardAndDefend","maniac:UndyingDesire"],"picked":"maniac:HammerDown","floor":4},{"not_picked":["maniac:UndyingDesire","maniac:Lacerate"],"picked":"maniac:Refine","floor":5},{"not_picked":["maniac:Infuriate","maniac:ManipulatedFaith"],"picked":"maniac:ExpectedMoves","floor":6},{"not_picked":["maniac:MeleeStrike","maniac:Recollect"],"picked":"maniac:Confront","floor":8},{"not_picked":["maniac:WardAndDefend","maniac:Traceback"],"picked":"maniac:BladesInCloak","floor":10}],"player_experience":993,"relics_obtained":[{"floor":6,"key":"Omamori"},{"floor":9,"key":"Letter Opener"}],"event_choices":[{"damage_healed":0,"gold_gain":0,"player_choice":"Forge","damage_taken":0,"max_hp_gain":0,"max_hp_loss":0,"event_name":"Accursed Blacksmith","floor":2,"gold_loss":0,"cards_upgraded":["maniac:BladesInCloak"]}],"is_beta":false,"boss_relics":[],"items_purged_floors":[],"is_endless":false,"potions_floor_spawned":[1,3,8],"killed_by":"Gremlin Nob","ascension_level":0}}