{"host":"52jmisti11ysmja4","time":1611427992,"event":{"mods":["Aspiration","BaseMod","Better Third Choice","Minty Spire (QoL Compilation)","Remove Card Discount Mod","StSLib","The Bug Knight"],"gold_per_floor":[117,117,23,40,58,84,84,113,113,61,77,77,107,126,126,229,229,248,264,24,41,56,56,87,87,113,125,172,201,213,250,262,374,386,412,302,321,333,343,377,377,377,377],"floor_reached":42,"language":"ENG","playtime":6923,"items_purged":["HollowMod:QuickDashStart","HollowMod:QuickDashStart","HollowMod:QuickDashStart","HollowMod:QuickDashStart","HollowMod:FocusHealStart","HollowMod:NailStrikeStart","HollowMod:NailStrikeStart","HollowMod:NailStrikeStart","HollowMod:NailStrikeStart","HollowMod:VengefulSpirit","HollowMod:CycloneSlash"],"score":610,"play_id":"bd1382ec-9608-4129-84d1-af19199cf438","local_time":"20210123105312","is_ascension_mode":true,"campfire_choices":[{"floor":7,"key":"REST"},{"floor":15,"key":"REST"},{"data":"HollowMod:DashSlash","floor":23,"key":"SMITH"},{"data":"HollowMod:Grubsong","floor":25,"key":"SMITH"},{"data":"HollowMod:MonarchWings","floor":27,"key":"SMITH"},{"floor":32,"key":"REST"},{"data":"HollowMod:HornetsHelp","floor":41,"key":"SMITH"}],"circlet_count":0,"master_deck":["HollowMod:PogoStrike","HollowMod:DoubleDash","HollowMod:GreatSlash+1","HollowMod:RecoilStrike","HollowMod:DashSlash+1","HollowMod:MonarchWings+1","HollowMod:SharpenedNail+1","HollowMod:PureNailStrike","HollowMod:QuirrelsAssistance+1","HollowMod:SoulMaster","HollowMod:FallenFury+1","HollowMod:FallenFury+1","HollowMod:MonarchWings+1","HollowMod:SoulVessel","HollowMod:Grubsong+1","HollowMod:HornetsHelp+1","HollowMod:HuntersJournal+1","HollowMod:LifebloodCocoon+1","HollowMod:Grubsong+1","HollowMod:SoulStrike+1"],"relics":["HollowMod:VesselMask","aspiration:Nostalgia","Ring of the Snake","Happy Flower","Boot","Mercury Hourglass","The Courier","aspiration:RitualDagger","Oddly Smooth Stone","Sling","Vajra","MawBank","Orichalcum","aspiration:ChemicalBlood","Velvet Choker","Whetstone","Potion Belt"],"acts_visited":["Exordium","TheCity","TheBeyond"],"potions_floor_usage":[8,16,33,33,33,39,39,39,39,39,40,40,42,42,42,42,42,42],"damage_taken":[{"damage":9,"enemies":"2 Louse","floor":1,"turns":3},{"damage":7,"enemies":"Jaw Worm","floor":4,"turns":3},{"damage":6,"enemies":"Cultist","floor":5,"turns":3},{"damage":42,"enemies":"Lagavulin","floor":6,"turns":6},{"damage":6,"enemies":"3 Sentries","floor":8,"turns":3},{"damage":0,"enemies":"Blue Slaver","floor":11,"turns":3},{"damage":12,"enemies":"Lagavulin","floor":13,"turns":5},{"damage":6,"enemies":"Red Slaver","floor":14,"turns":2},{"damage":23,"enemies":"Hexaghost","floor":16,"turns":9},{"damage":23,"enemies":"2 Thieves","floor":18,"turns":2},{"damage":36,"enemies":"Chosen","floor":19,"turns":4},{"damage":38,"enemies":"Centurion and Healer","floor":21,"turns":3},{"damage":21,"enemies":"3 Cultists","floor":22,"turns":3},{"damage":43,"enemies":"Slavers","floor":24,"turns":3},{"damage":40,"enemies":"HollowMod:Nosk","floor":28,"turns":6},{"damage":18,"enemies":"Snake Plant","floor":29,"turns":2},{"damage":23,"enemies":"Book of Stabbing","floor":31,"turns":3},{"damage":45,"enemies":"Champ","floor":33,"turns":8},{"damage":11,"enemies":"Orb Walker","floor":35,"turns":3},{"damage":3,"enemies":"3 Shapes","floor":37,"turns":1},{"damage":15,"enemies":"Spire Growth","floor":38,"turns":4},{"damage":67,"enemies":"HollowMod:SlobberingHusk","floor":39,"turns":6},{"damage":36,"enemies":"Nemesis","floor":40,"turns":6},{"damage":80,"enemies":"Giant Head","floor":42,"turns":7}],"seed_played":"9104678285045445224","potions_obtained":[{"floor":4,"key":"Swift Potion"},{"floor":6,"key":"Strength Potion"},{"floor":14,"key":"Strength Potion"},{"floor":16,"key":"GamblersBrew"},{"floor":18,"key":"SpeedPotion"},{"floor":28,"key":"FairyPotion"},{"floor":31,"key":"PowerPotion"},{"floor":37,"key":"PowerPotion"},{"floor":39,"key":"ColorlessPotion"},{"floor":39,"key":"SkillPotion"},{"floor":39,"key":"Regen Potion"},{"floor":39,"key":"Fire Potion"}],"is_trial":false,"path_per_floor":["M","?","$","M","M","E","R","E","T","$","M","?","E","M","R","B",null,"M","M","$","M","M","R","E","R","T","R","E","M","?","E","R","B",null,"M","$","M","M","M","E","R","E"],"character_chosen":"THE_BUGKNIGHT","items_purchased":["HollowMod:GreatSlash","HollowMod:CycloneSlash","Oddly Smooth Stone","Sling","Whetstone"],"campfire_rested":3,"item_purchase_floors":[3,10,20,20,36],"current_hp_per_floor":[66,66,66,59,53,11,33,27,27,27,27,27,15,9,31,8,75,52,16,16,64,63,63,37,37,37,37,18,8,8,25,47,43,75,73,73,75,73,55,43,43,0,0],"gold":377,"neow_bonus":"NOSTALGIA","is_daily":false,"chose_seed":false,"campfire_upgraded":4,"win_rate":0.0,"timestamp":1611427992,"path_taken":["M","?","$","M","M","E","R","E","T","?","?","?","E","?","R","BOSS","M","M","$","M","M","R","E","R","T","R","E","M","?","E","R","BOSS","M","$","M","M","M","E","R","E"],"items_purchased_type":["Card","Card","Relic","Relic","Relic"],"build_version":"2020-12-22","purchased_purges":11,"victory":false,"max_hp_per_floor":[75,75,75,75,75,75,75,75,75,75,75,75,75,75,75,75,75,75,75,75,75,75,75,75,75,75,75,75,75,75,75,75,75,75,75,75,75,75,75,75,75,75,75],"card_choices":[{"not_picked":["HollowMod:NewLittleFool","HollowMod:BrokenVessel"],"picked":"HollowMod:DoubleDash","floor":1},{"not_picked":["HollowMod:NewJinnsSoul","HollowMod:ShadowDash"],"picked":"HollowMod:VengefulSpirit","floor":4},{"not_picked":["HollowMod:ShadowDash","HollowMod:DescendingDark"],"picked":"HollowMod:RecoilStrike","floor":5},{"not_picked":["HollowMod:DungDefenderAura","HollowMod:DreamGate"],"picked":"HollowMod:DashSlash","floor":6},{"not_picked":["HollowMod:SoulSplash","HollowMod:TaintedHusks"],"picked":"HollowMod:MonarchWings","floor":8},{"not_picked":["HollowMod:WraithStrike","HollowMod:LifebloodCocoon"],"picked":"HollowMod:SharpenedNail","floor":11},{"not_picked":["HollowMod:GoodIntentions","HollowMod:SiblingsSouls"],"picked":"HollowMod:PureNailStrike","floor":13},{"not_picked":["HollowMod:ShapeofUnn","HollowMod:BrokenVessel"],"picked":"HollowMod:QuirrelsAssistance","floor":14},{"not_picked":["HollowMod:HornetsHelp","HollowMod:ElderbugsWisdom"],"picked":"HollowMod:SoulMaster","floor":16},{"not_picked":["HollowMod:MawleksShell","HollowMod:NewJinnsSoul"],"picked":"HollowMod:FallenFury+1","floor":18},{"not_picked":["HollowMod:NewJinnsSoul+1","HollowMod:FastStrike"],"picked":"HollowMod:FallenFury+1","floor":19},{"not_picked":["HollowMod:NewJinnsSoul+1","HollowMod:MothsMistake"],"picked":"HollowMod:MonarchWings+1","floor":21},{"not_picked":["HollowMod:NewJinnsSoul+1","HollowMod:HowlingWraiths"],"picked":"HollowMod:SoulVessel","floor":22},{"not_picked":["HollowMod:NewJinnsSoul+1","HollowMod:WraithStrike"],"picked":"HollowMod:Grubsong","floor":24},{"not_picked":["HollowMod:InfectedAttack","HollowMod:DoubleDash","HollowMod:FastStrike"],"picked":"SKIP","floor":28},{"not_picked":["HollowMod:CoiledNail","HollowMod:VengefulVoid","HollowMod:BrokenVessel"],"picked":"SKIP","floor":29},{"not_picked":["HollowMod:InfectedCysts","HollowMod:LordofShades","HollowMod:SharpenedNail"],"picked":"SKIP","floor":31},{"not_picked":["HollowMod:PaleKingsBlessing","HollowMod:Hiveblood"],"picked":"HollowMod:HornetsHelp","floor":33},{"not_picked":["HollowMod:NewLittleFool","HollowMod:InfectedAttack+1"],"picked":"HollowMod:HuntersJournal+1","floor":35},{"not_picked":["HollowMod:CycloneSlash","HollowMod:WraithStrike+1"],"picked":"HollowMod:LifebloodCocoon+1","floor":37},{"not_picked":["HollowMod:VengefulSpirit+1","HollowMod:BaldurShell"],"picked":"HollowMod:Grubsong+1","floor":38},{"not_picked":["HollowMod:TaintedHusks","HollowMod:DungDefenderAura+1"],"picked":"HollowMod:SoulStrike+1","floor":39},{"not_picked":["HollowMod:TaintedHusks+1","HollowMod:InfectedAttack","HollowMod:SoulStrike"],"picked":"SKIP","floor":40}],"player_experience":543196,"relics_obtained":[{"floor":6,"key":"Happy Flower"},{"floor":8,"key":"Boot"},{"floor":9,"key":"Mercury Hourglass"},{"floor":13,"key":"The Courier"},{"floor":24,"key":"Vajra"},{"floor":26,"key":"MawBank"},{"floor":28,"key":"Orichalcum"},{"floor":31,"key":"aspiration:ChemicalBlood"},{"floor":40,"key":"Potion Belt"}],"event_choices":[{"damage_healed":0,"gold_gain":0,"player_choice":"Ignored","damage_taken":0,"max_hp_gain":0,"max_hp_loss":0,"event_name":"Golden Wing","floor":2,"gold_loss":0},{"damage_healed":0,"gold_gain":0,"player_choice":"Forge","damage_taken":0,"max_hp_gain":0,"max_hp_loss":0,"event_name":"Accursed Blacksmith","floor":12,"gold_loss":0,"cards_upgraded":["HollowMod:GreatSlash"]}],"is_beta":false,"boss_relics":[{"not_picked":["aspiration:SilentSkillbook","aspiration:SecretTechniqueScroll"],"picked":"aspiration:RitualDagger"},{"not_picked":["SacredBark","Runic Pyramid"],"picked":"Velvet Choker"}],"items_purged_floors":[3,3,3,3,3,3,3,3,10,20,20],"is_endless":false,"potions_floor_spawned":[4,6,14,16,18,28,29,31,37,39],"killed_by":"Giant Head","ascension_level":4}}