{"host":"su2hhyxhtg0mhzli","time":1611393874,"event":{"mods":["BaseMod","Colored Powertips","Highlight Path","Infinite Spire","Minty Spire (QoL Compilation)","Quick Restart","Replay The Spire","Shop Mod","StSLib"],"gold_per_floor":[109,109,69,69,80,108,123,138,162,11,25,50,63,83,83,186,236,247,257,257,267,267,267,267],"floor_reached":23,"language":"ENG","playtime":1414,"items_purged":[],"score":253,"play_id":"19cfa72a-f77e-4ab2-abe7-f59a72731803","local_time":"20210123112434","is_ascension_mode":true,"campfire_choices":[{"floor":15,"key":"REST"}],"circlet_count":0,"master_deck":["Strike_G","Strike_G","Strike_G","Strike_G+1","Strike_G","Defend_G","Defend_G","Defend_G","Defend_G","Defend_G","Survivor","Neutralize+1","Dagger Throw","infinitespire:Oblivion","Dagger Spray+1","Flying Knee","Neutralize","Bane+1","Die Die Die","Backflip","Backflip","Distraction+1","Forethought","Heel Hook","Adrenaline","Poisoned Stab","PiercingWail","Poison Darts","Deadly Poison","Backflip+1","Fluid Movement","Sucker Punch+1"],"relics":["Ring of the Snake","NeowsBlessing","Whetstone","Regal Pillow","Nunchaku","Tiny House","Smiling Mask"],"acts_visited":["Exordium","TheCity"],"potions_floor_usage":[13,16,19,21,23],"damage_taken":[{"damage":0,"enemies":"Small Slimes","floor":1,"turns":2},{"damage":0,"enemies":"Cultist","floor":5,"turns":1},{"damage":0,"enemies":"Lagavulin","floor":6,"turns":1},{"damage":0,"enemies":"2 Louse","floor":7,"turns":1},{"damage":1,"enemies":"Gremlin Gang","floor":8,"turns":2},{"damage":3,"enemies":"Blue Slaver","floor":11,"turns":4},{"damage":3,"enemies":"Gremlin Nob","floor":12,"turns":3},{"damage":4,"enemies":"Looter","floor":13,"turns":2},{"damage":0,"enemies":"Exordium Thugs","floor":14,"turns":3},{"damage":15,"enemies":"Slime Boss","floor":16,"turns":10},{"damage":11,"enemies":"3 Byrds","floor":18,"turns":5},{"damage":0,"enemies":"Shell Parasite","floor":19,"turns":3},{"damage":23,"enemies":"Shelled Parasite and Fungi","floor":21,"turns":4},{"damage":64,"enemies":"Slavers","floor":23,"turns":4}],"seed_played":"-8384394180897423846","potions_obtained":[{"floor":5,"key":"Adrenaline Potion"},{"floor":7,"key":"Adrenaline Potion"},{"floor":8,"key":"PowerPotion"},{"floor":13,"key":"FearPotion"},{"floor":16,"key":"Flashbang"}],"is_trial":false,"path_per_floor":["M","?","$","?","M","E","M","M","T","$","M","E","M","M","R","B",null,"M","M","AVR","M","?","E"],"character_chosen":"THE_SILENT","items_purchased":["Dagger Spray+1","Distraction+1","Forethought"],"campfire_rested":1,"item_purchase_floors":[3,10,10],"current_hp_per_floor":[70,53,53,53,53,53,53,52,52,52,49,46,42,42,70,55,75,64,64,64,41,29,0,0],"gold":267,"neow_bonus":"THREE_ENEMY_KILL","is_daily":false,"chose_seed":false,"campfire_upgraded":0,"win_rate":0.0,"timestamp":1611393874,"path_taken":["M","?","$","?","M","E","?","M","T","$","M","E","M","M","R","BOSS","M","M","AVR","M","?","E"],"items_purchased_type":["Card","Card","Card"],"build_version":"2020-12-22","purchased_purges":0,"victory":false,"max_hp_per_floor":[70,70,70,70,70,70,70,70,70,70,70,70,70,70,70,70,75,75,75,75,75,75,75,75],"card_choices":[{"not_picked":["Cloak And Dagger","Well Laid Plans"],"picked":"Dagger Throw","floor":1},{"not_picked":["ReplayTheSpireMod:Echoes of Time","infinitespire:SealOfDarkness+"],"picked":"infinitespire:Oblivion","floor":2},{"not_picked":["Dagger Throw","Deflect"],"picked":"Bane","floor":5},{"not_picked":["Leg Sweep","Accuracy"],"picked":"Die Die Die","floor":6},{"not_picked":["Setup","Choke"],"picked":"Backflip","floor":7},{"not_picked":["ReplayTheSpireMod:Shiv Toss","Dodge and Roll"],"picked":"Backflip","floor":8},{"not_picked":["Slice","Sucker Punch"],"picked":"Heel Hook","floor":11},{"not_picked":["Dodge and Roll","Slice"],"picked":"Adrenaline","floor":12},{"not_picked":["Dagger Throw","Acrobatics"],"picked":"Poisoned Stab","floor":13},{"not_picked":["Quick Slash","Flying Knee"],"picked":"PiercingWail","floor":14},{"not_picked":["Tools of the Trade","Wraith Form v2"],"picked":"Poison Darts","floor":16},{"not_picked":["Underhanded Strike","Acrobatics"],"picked":"Deadly Poison","floor":17},{"not_picked":["Skewer+1","Infinite Blades"],"picked":"Backflip+1","floor":18},{"not_picked":["Blade Dance","Accuracy"],"picked":"Fluid Movement","floor":19},{"not_picked":["Blade Dance","Reflex"],"picked":"Sucker Punch+1","floor":21}],"player_experience":71517,"relics_obtained":[{"floor":6,"key":"Whetstone"},{"floor":9,"key":"Regal Pillow"},{"floor":12,"key":"Nunchaku"}],"event_choices":[{"damage_healed":0,"gold_gain":0,"player_choice":"2 cards matched","damage_taken":0,"max_hp_gain":0,"max_hp_loss":0,"event_name":"Match and Keep!","floor":4,"gold_loss":0,"cards_obtained":["Flying Knee","Neutralize"]},{"damage_healed":0,"gold_gain":0,"player_choice":"POTION ","damage_taken":12,"max_hp_gain":0,"max_hp_loss":0,"event_name":"Knowing Skull","floor":22,"potions_obtained":["FairyPotion"],"gold_loss":0,"cards_obtained":[]}],"is_beta":false,"boss_relics":[{"not_picked":["Cursed Key","Ring of Chaos"],"picked":"Tiny House"}],"items_purged_floors":[],"is_endless":false,"potions_floor_spawned":[5,7,8,12,13,16],"killed_by":"Slavers","ascension_level":2}}