{"host":"fr3ip57hl52y255p","time":1611403593,"event":{"mods":["Act Like it!","BaseMod","Challenge The Spire","Colored Powertips","Downfall","Luminous","Mari Mod (Legacy)","Mari\u0027s V1 Patch","Minty Spire (QoL Compilation)","READ ME - Guardian Mod","Relic Stats","StSLib","The Hierophant","[GremlinLeader]The Maniac"],"gold_per_floor":[349,359,379,240,240,256,256,270,283,29,29,62,78,90,105,200,200,200,210,210,225,225,250,275,275,9,28,42,68,68,95,113,213,213,213,226,238,303,316,331,331,376,66,95,109,125,125,125,144,144],"floor_reached":51,"language":"ZHS","playtime":4640,"items_purged":["champ:Strike","champ:Defend","champ:Defend"],"score":950,"play_id":"5e64fe36-8de7-45be-b8e1-d00d3e095dd5","local_time":"20210123200633","is_ascension_mode":false,"campfire_choices":[{"data":"champ:Taunt","floor":1.0,"key":"SMITH"},{"data":"champ:UltimateStance","floor":11.0,"key":"SMITH"},{"data":"champ:GladiatorForm","floor":18.0,"key":"SMITH"},{"data":"champ:CalledShot","floor":30.0,"key":"SMITH"},{"data":"champ:ShieldSlam","floor":35.0,"key":"SMITH"},{"data":"champ:Defend","floor":47.0,"key":"PURGE"}],"circlet_count":0,"master_deck":["champ:Strike+1","champ:Strike+1","champ:Strike","champ:Defend","champ:Execute","champ:Taunt+1","champ:GutPunch","champ:SwordSigil","champ:SwordSigil","champ:AdrenalArmor+1","champ:CalledShot+1","champ:TripleStrike","champ:VampiricStrike","champ:UltimateStance+1","champ:RapidStrikes","champ:GladiatorForm+1","champ:AdrenalArmor","champ:BringItOn","champ:ShieldSlam+1","champ:RageSigil","champ:LastStand","champ:FancyFootwork+1","champ:CalledShot+1","champ:IronFortress+1","downfall:Haunted","champ:EndlessRage+1","champ:ShieldSlam+1"],"relics":["champ:ChampionCrownUpgraded","Bag of Marbles","Ornamental Fan","Shovel","Whetstone","Mummified Hand","Strawberry","Red Mask","Cursed Key","champ:DefensiveTrainingManual","Sundial","Pocketwatch","Peace Pipe","Darkstone Periapt"],"acts_visited":["Exordium","TheCity","TheBeyond"],"potions_floor_usage":[],"damage_taken":[{"damage":22.0,"enemies":"Cultist","floor":2.0,"turns":4.0},{"damage":10.0,"enemies":"Small Slimes","floor":3.0,"turns":3.0},{"damage":25.0,"enemies":"downfall:FleeingMerchant","floor":4.0,"turns":4.0},{"damage":60.0,"enemies":"Jaw Worm","floor":6.0,"turns":5.0},{"damage":53.0,"enemies":"3 Louse","floor":8.0,"turns":4.0},{"damage":59.0,"enemies":"2 Fungi Beasts","floor":9.0,"turns":4.0},{"damage":42.0,"enemies":"downfall:FleeingMerchant","floor":10.0,"turns":4.0},{"damage":37.0,"enemies":"Gremlin Nob","floor":12.0,"turns":2.0},{"damage":17.0,"enemies":"3 Louse","floor":13.0,"turns":3.0},{"damage":30.0,"enemies":"Exordium Thugs","floor":14.0,"turns":1.0},{"damage":30.0,"enemies":"Large Slime","floor":15.0,"turns":4.0},{"damage":24.0,"enemies":"WA_ARCHETYPE_RETAIN","floor":16.0,"turns":4.0},{"damage":73.0,"enemies":"Shell Parasite","floor":19.0,"turns":2.0},{"damage":30.0,"enemies":"Spheric Guardian","floor":21.0,"turns":3.0},{"damage":50.0,"enemies":"Book of Stabbing","floor":23.0,"turns":2.0},{"damage":35.0,"enemies":"downfall:FleeingMerchant","floor":26.0,"turns":4.0},{"damage":85.0,"enemies":"Centurion and Healer","floor":27.0,"turns":3.0},{"damage":62.0,"enemies":"Cultist and Chosen","floor":28.0,"turns":3.0},{"damage":65.0,"enemies":"Gremlin Leader","floor":29.0,"turns":3.0},{"damage":35.0,"enemies":"Masked Bandits","floor":31.0,"turns":2.0},{"damage":55.0,"enemies":"Sentry and Sphere","floor":32.0,"turns":3.0},{"damage":124.0,"enemies":"SI_MIRROR_ARCHETYPE","floor":33.0,"turns":7.0},{"damage":50.0,"enemies":"3 Shapes","floor":36.0,"turns":2.0},{"damage":60.0,"enemies":"3 Darklings","floor":37.0,"turns":2.0},{"damage":95.0,"enemies":"downfall:FleeingMerchant","floor":38.0,"turns":2.0},{"damage":165.0,"enemies":"Transient","floor":39.0,"turns":3.0},{"damage":100.0,"enemies":"Spire Growth","floor":40.0,"turns":3.0},{"damage":75.0,"enemies":"2 Orb Walkers","floor":42.0,"turns":3.0},{"damage":80.0,"enemies":"Reptomancer","floor":44.0,"turns":2.0},{"damage":90.0,"enemies":"3 Darklings","floor":45.0,"turns":4.0},{"damage":93.0,"enemies":"Maw","floor":46.0,"turns":5.0},{"damage":95.0,"enemies":"Transient","floor":49.0,"turns":2.0},{"damage":65,"enemies":"IC_BLOCK_ARCHETYPE","floor":50,"turns":1}],"seed_played":"-2335392630369821561","potions_obtained":[{"floor":8.0,"key":"Swift Potion"},{"floor":9.0,"key":"Guardian:BlockOnCardUsePotion"},{"floor":12.0,"key":"CultistPotion"},{"floor":14.0,"key":"Strength Potion"},{"floor":21.0,"key":"champ:CounterPotion"},{"floor":23.0,"key":"Block Potion"},{"floor":32.0,"key":"GamblersBrew"},{"floor":37.0,"key":"DuplicationPotion"},{"floor":42.0,"key":"Fruit Juice"}],"is_trial":false,"path_per_floor":["R","M","M","$","?","M","T","M","M","$","R","E","M","M","M","B",null,"R","M","?","M","?","E","T","?","$","M","M","E","R","?","M","B",null,"R","M","M","$","M","M","T","?","?","E","M","M","R","?","M","B",null],"character_chosen":"THE_CHAMP","items_purchased":["champ:AdrenalArmor","champ:UltimateStance","Mummified Hand","champ:DefensiveTrainingManual","Peace Pipe"],"campfire_rested":0,"item_purchase_floors":[4,10,26,38,43],"current_hp_per_floor":[63,61,61,61,61,55,55,52,43,38,38,38,31,31,25,25,90,90,77,77,77,77,77,77,77,77,77,75,82,82,82,82,78,97,97,97,97,97,97,97,97,97,97,97,102,94,94,94,94,94],"gold":144,"neow_bonus":"TWO_FIFTY_GOLD","is_daily":false,"chose_seed":false,"campfire_upgraded":5,"win_rate":0.0,"timestamp":1611403593,"path_taken":["R","M","?","$","?","M","T","M","M","$","R","E","?","M","M","BOSS","R","M","?","M","?","E","T","?","$","M","M","E","R","?","M","BOSS","R","M","M","$","M","M","T","?","?","E","M","M","R","?","M","BOSS"],"items_purchased_type":["Card","Card","Relic","Relic","Relic"],"build_version":"2020-12-22","purchased_purges":3,"victory":true,"max_hp_per_floor":[90,90,90,90,90,90,90,90,90,90,90,90,90,90,90,90,90,90,90,90,90,90,90,90,90,90,90,90,97,97,97,97,97,97,97,97,97,97,97,97,97,97,97,97,102,102,102,102,102,102],"relic_stats":{"Peace Pipe":1,"Darkstone Periapt":0,"Shovel":0,"counters":[33,103],"Ornamental Fan":[192],"Mummified Hand":[30],"Sundial":[2],"Whetstone":["champ:Strike","champ:Strike"],"Cursed Key":1,"obtain_stats":[{"Darkstone Periapt":44,"champ:ChampionCrown":0,"champ:ChampionCrownUpgraded":17,"Whetstone":24,"Cursed Key":34,"Peace Pipe":43,"Shovel":23,"Ornamental Fan":12,"Mummified Hand":26,"champ:DefensiveTrainingManual":38,"Sundial":41,"Strawberry":29,"Bag of Marbles":7,"Red Mask":31,"Pocketwatch":42},{"Darkstone Periapt":29,"champ:ChampionCrown":0,"champ:ChampionCrownUpgraded":12,"Whetstone":15,"Cursed Key":22,"Peace Pipe":28,"Shovel":15,"Ornamental Fan":8,"Mummified Hand":16,"champ:DefensiveTrainingManual":25,"Sundial":27,"Strawberry":19,"Bag of Marbles":4,"Red Mask":20,"Pocketwatch":28},{"Darkstone Periapt":91,"champ:ChampionCrown":0,"champ:ChampionCrownUpgraded":42,"Whetstone":49,"Cursed Key":74,"Peace Pipe":89,"Shovel":49,"Ornamental Fan":30,"Mummified Hand":53,"champ:DefensiveTrainingManual":80,"Sundial":86,"Strawberry":62,"Bag of Marbles":16,"Red Mask":64,"Pocketwatch":89}],"Pocketwatch":[3]},"card_choices":[{"not_picked":["champ:Haymaker","champ:Backstep"],"picked":"champ:GutPunch","floor":2.0},{"not_picked":["champ:CrownThrow","champ:EndlessRage"],"picked":"champ:SwordSigil","floor":3.0},{"not_picked":["champ:CrownThrow","champ:EnGarde"],"picked":"champ:SwordSigil","floor":4.0},{"not_picked":["champ:DefensiveShout","champ:GutPunch","champ:StanceDance"],"picked":"SKIP","floor":6.0},{"not_picked":["champ:ShieldSigil","champ:FlashCut"],"picked":"champ:CalledShot","floor":8.0},{"not_picked":["champ:PreciseThrust","champ:FlashCut"],"picked":"champ:TripleStrike","floor":9.0},{"not_picked":["champ:Haymaker","champ:RapidStrikes"],"picked":"champ:VampiricStrike","floor":10.0},{"not_picked":["champ:ShieldSigil","champ:Haymaker","champ:EndlessRage"],"picked":"SKIP","floor":12.0},{"not_picked":["champ:EnGarde","champ:SetATrap","champ:DeathBlow"],"picked":"SKIP","floor":13.0},{"not_picked":["champ:Lariat","champ:PreciseThrust"],"picked":"champ:RapidStrikes","floor":14.0},{"not_picked":["champ:ShieldSigil","champ:PreemptiveStrike","champ:GutPunch"],"picked":"SKIP","floor":15.0},{"not_picked":["champ:HoldFirm","champ:CheapShot"],"picked":"champ:GladiatorForm","floor":16.0},{"not_picked":["champ:Shatter","champ:PerfectedStrike"],"picked":"champ:AdrenalArmor","floor":19.0},{"not_picked":["champ:FanOfKnives","champ:Encircle"],"picked":"champ:BringItOn","floor":21.0},{"not_picked":["champ:Parry","champ:RapidStrikes","champ:FalseCounter+1"],"picked":"SKIP","floor":23.0},{"not_picked":["champ:FanOfKnives","champ:ShieldWall+1","champ:FlashCut"],"picked":"SKIP","floor":26.0},{"not_picked":["champ:FocusedDefense","champ:PreciseThrust","champ:Backstep"],"picked":"SKIP","floor":27.0},{"not_picked":["champ:CrookedStrike+1","champ:Circumvent","champ:StanceDance"],"picked":"SKIP","floor":28.0},{"not_picked":["champ:Duel","champ:Parry"],"picked":"champ:ShieldSlam","floor":29.0},{"not_picked":["champ:ShieldSigil","champ:GutPunch"],"picked":"champ:RageSigil","floor":32.0},{"not_picked":["champ:TripleStrike","champ:StrikeOfGenius"],"picked":"champ:LastStand","floor":33.0},{"not_picked":["champ:CalledShot","champ:EnGarde+1"],"picked":"champ:FancyFootwork+1","floor":36.0},{"not_picked":["champ:ShieldSigil+1","champ:PerfectedStrike+1"],"picked":"champ:CalledShot+1","floor":37.0},{"not_picked":["champ:EnGarde+1","champ:TornadoPunch+1","champ:PreemptiveStrike"],"picked":"SKIP","floor":38.0},{"not_picked":["champ:BringItOn+1","champ:Shatter+1"],"picked":"champ:IronFortress+1","floor":39.0},{"not_picked":["champ:Haymaker","champ:HeartStrike","champ:BerserkersShout"],"picked":"SKIP","floor":40.0},{"not_picked":["champ:SkillfulDodge","champ:BringItOn","champ:PreemptiveStrike+1"],"picked":"SKIP","floor":44.0},{"not_picked":["champ:DeathBlow+1","champ:SkillfulDodge+1"],"picked":"champ:EndlessRage+1","floor":45.0},{"not_picked":["champ:Endure+1","champ:PreciseThrust+1"],"picked":"champ:ShieldSlam+1","floor":46.0},{"not_picked":["champ:CrownThrow+1","champ:FlashCut","champ:BringItOn+1"],"picked":"SKIP","floor":49.0}],"player_experience":150290,"relics_obtained":[{"floor":7.0,"key":"Bag of Marbles"},{"floor":12.0,"key":"Ornamental Fan"},{"floor":23.0,"key":"Shovel"},{"floor":24.0,"key":"Whetstone"},{"floor":29.0,"key":"Strawberry"},{"floor":31.0,"key":"Red Mask"},{"floor":41.0,"key":"Sundial"},{"floor":42.0,"key":"Pocketwatch"},{"floor":44.0,"key":"Darkstone Periapt"}],"event_choices":[{"damage_healed":0.0,"max_hp_gain":0.0,"max_hp_loss":0.0,"gold_gain":0.0,"event_name":"Vampires","player_choice":"Ignored","floor":20.0,"gold_loss":0.0,"damage_taken":0.0},{"damage_healed":0.0,"max_hp_gain":0.0,"max_hp_loss":0.0,"gold_gain":0.0,"event_name":"Masked Bandits","player_choice":"Fought Bandits","floor":31.0,"gold_loss":0.0,"damage_taken":0.0},{"damage_healed":0.0,"max_hp_gain":0.0,"max_hp_loss":0.0,"gold_gain":0.0,"event_name":"Mysterious Sphere","player_choice":"Fight","floor":42.0,"gold_loss":0.0,"damage_taken":0.0}],"is_beta":false,"boss_relics":[{"not_picked":["Velvet Choker","bronze:MakeshiftBattery"],"picked":"champ:ChampionCrownUpgraded"},{"not_picked":["Empty Cage","Astrolabe"],"picked":"Cursed Key"}],"items_purged_floors":[4,10,38],"is_endless":false,"potions_floor_spawned":[8,9,12,14,16,21,23,28,32,37,42,44],"ascension_level":0}}