{"host":"dyzdf8svqmiivg97","time":1611386210,"event":{"mods":["AchievementEnabler","BaseMod","Colored Map","DeckTracker","Minty Spire (QoL Compilation)","Permanent Neow","Quick Restart","Rare Cards Sparkle","SuperFastMode"],"gold_per_floor":[360,248,262,278,295,330,505,505,532,532,552,552,580,480,480,577,577,594,594,392,392,406,406,436,436,482,514,514,541,552,578,578,676,676,692,692,290,340,350,350,96,147,147,164,206,506,250,20,20,20],"floor_reached":51,"language":"KOR","playtime":1431,"items_purged":["Strike_P","Doubt","Defend_P","Defend_P","CarveReality+1","Meditate+1"],"score":949,"play_id":"27bbd618-d140-4947-acff-a2c7a69e667b","local_time":"20210123161650","is_ascension_mode":true,"campfire_choices":[{"data":"Eruption","floor":8.0,"key":"SMITH"},{"floor":10.0,"key":"REST"},{"data":"EmptyFist","floor":12.0,"key":"SMITH"},{"data":"Meditate","floor":15.0,"key":"SMITH"},{"data":"Vault","floor":23.0,"key":"SMITH"},{"data":"Indignation","floor":25.0,"key":"SMITH"},{"data":"EmptyMind","floor":28.0,"key":"SMITH"},{"data":"CarveReality","floor":32.0,"key":"SMITH"},{"data":"DeusExMachina","floor":40.0,"key":"SMITH"},{"data":"Adaptation","floor":49,"key":"SMITH"}],"circlet_count":0,"master_deck":["Eruption+1","Vigilance","TalkToTheHand+1","EmptyFist+1","Vault+1","DeusExMachina+1","EmptyMind+1","Indignation+1","Tantrum+1","FearNoEvil+1","MentalFortress","Adaptation+1","FollowUp","MentalFortress"],"relics":["PureWater","Whetstone","Oddly Smooth Stone","Bronze Scales","VioletLotus","StrikeDummy","Tiny Chest","Happy Flower","Akabeko","Yang","Empty Cage","Mummified Hand","Girya","Mango","CeramicFish","Nunchaku","Old Coin","Bag of Preparation"],"acts_visited":["Exordium","TheCity","TheBeyond"],"potions_floor_usage":[50],"damage_taken":[{"damage":1.0,"enemies":"Jaw Worm","floor":1.0,"turns":5.0},{"damage":0.0,"enemies":"Cultist","floor":3.0,"turns":2.0},{"damage":0.0,"enemies":"2 Louse","floor":4.0,"turns":2.0},{"damage":1.0,"enemies":"Looter","floor":5.0,"turns":2.0},{"damage":26.0,"enemies":"Gremlin Nob","floor":6.0,"turns":3.0},{"damage":0.0,"enemies":"Large Slime","floor":11.0,"turns":4.0},{"damage":18.0,"enemies":"3 Sentries","floor":13.0,"turns":3.0},{"damage":6.0,"enemies":"Hexaghost","floor":16.0,"turns":5.0},{"damage":7.0,"enemies":"Chosen","floor":18.0,"turns":2.0},{"damage":0.0,"enemies":"Shell Parasite","floor":22.0,"turns":2.0},{"damage":4.0,"enemies":"Gremlin Leader","floor":24.0,"turns":4.0},{"damage":0.0,"enemies":"Book of Stabbing","floor":27.0,"turns":3.0},{"damage":0.0,"enemies":"Gremlin Leader","floor":29.0,"turns":3.0},{"damage":0.0,"enemies":"Snecko","floor":30.0,"turns":3.0},{"damage":6.0,"enemies":"Book of Stabbing","floor":31.0,"turns":2.0},{"damage":7.0,"enemies":"Collector","floor":33.0,"turns":6.0},{"damage":0.0,"enemies":"3 Darklings","floor":35.0,"turns":3.0},{"damage":0.0,"enemies":"Mind Bloom Boss Battle","floor":38.0,"turns":3.0},{"damage":0.0,"enemies":"3 Shapes","floor":39.0,"turns":2.0},{"damage":0.0,"enemies":"2 Orb Walkers","floor":42.0,"turns":4.0},{"damage":0.0,"enemies":"3 Darklings","floor":44.0,"turns":3.0},{"damage":0.0,"enemies":"Reptomancer","floor":45.0,"turns":3.0},{"damage":0,"enemies":"Awakened One","floor":50,"turns":4}],"seed_played":"1353622609792354939","potions_obtained":[{"floor":4.0,"key":"Fire Potion"},{"floor":5.0,"key":"Explosive Potion"},{"floor":6.0,"key":"AttackPotion"},{"floor":13.0,"key":"Explosive Potion"},{"floor":24.0,"key":"DistilledChaos"},{"floor":27.0,"key":"BottledMiracle"},{"floor":30.0,"key":"DistilledChaos"},{"floor":39.0,"key":"BottledMiracle"},{"floor":42.0,"key":"GamblersBrew"}],"is_trial":false,"path_per_floor":["M","$","M","M","M","E","?","R","T","R","M","R","E","$","R","B",null,"M","?","$","?","M","R","E","R","T","E","R","E","M","E","R","B",null,"M","?","$","?","M","R","$","?","T","M","E","T","$","$","R","B",null],"character_chosen":"WATCHER","items_purchased":["CarveReality","EmptyMind","Mummified Hand","MentalFortress","Bag of Preparation","LiquidMemories","FollowUp","MentalFortress"],"campfire_rested":1,"item_purchase_floors":[2,20,37,41,47,47,47,48],"current_hp_per_floor":[50,50,50,50,49,23,23,23,23,44,44,44,26,26,26,20,72,65,65,65,65,65,65,61,61,61,61,61,61,61,55,55,48,72,72,72,72,72,72,72,72,86,86,86,86,86,86,86,86,86],"gold":20,"neow_bonus":"TWO_FIFTY_GOLD","is_daily":false,"chose_seed":false,"campfire_upgraded":9,"win_rate":0.0,"timestamp":1611386210,"path_taken":["M","$","M","M","M","E","?","R","T","R","M","R","E","$","R","BOSS","M","?","$","?","?","R","E","R","T","E","R","E","M","E","R","BOSS","M","?","$","?","M","R","$","?","T","M","E","?","?","$","R","BOSS"],"items_purchased_type":["Card","Card","Relic","Card","Relic","Potion","Card","Card"],"build_version":"2020-12-22","purchased_purges":6,"victory":true,"max_hp_per_floor":[72,72,72,72,72,72,72,72,72,72,72,72,72,72,72,72,72,72,72,72,72,72,72,72,72,72,72,72,72,72,72,72,72,72,72,72,72,72,72,72,72,86,86,86,86,86,86,86,86,86],"card_choices":[{"not_picked":["BowlingBash","Weave"],"picked":"TalkToTheHand","floor":1.0},{"not_picked":["PathToVictory","JustLucky","Crescendo"],"picked":"SKIP","floor":3.0},{"not_picked":["SashWhip","Evaluate"],"picked":"EmptyFist","floor":4.0},{"not_picked":["Prostrate","JustLucky","ThirdEye"],"picked":"SKIP","floor":5.0},{"not_picked":["EmptyBody","SignatureMove","Fasting2"],"picked":"SKIP","floor":6.0},{"not_picked":["BowlingBash","JustLucky"],"picked":"Meditate","floor":11.0},{"not_picked":["Wireheading","Judgement","Wallop"],"picked":"SKIP","floor":13.0},{"not_picked":["JustLucky+1","Protect+1","BattleHymn"],"picked":"SKIP","floor":18.0},{"not_picked":["Sanctity+1","FollowUp+1","Crescendo"],"picked":"SKIP","floor":22.0},{"not_picked":["Study","Weave"],"picked":"Indignation","floor":24.0},{"not_picked":["Pray","TalkToTheHand","Brilliance"],"picked":"SKIP","floor":27.0},{"not_picked":["ThirdEye","Prostrate+1","CrushJoints"],"picked":"SKIP","floor":29.0},{"not_picked":["Halt","Fasting2"],"picked":"Tantrum+1","floor":30.0},{"not_picked":["FollowUp","ReachHeaven","EmptyFist"],"picked":"SKIP","floor":31.0},{"not_picked":["CutThroughFate","FlyingSleeves+1","EmptyFist+1"],"picked":"SKIP","floor":35.0},{"not_picked":["Protect+1","SandsOfTime+1"],"picked":"FearNoEvil+1","floor":39.0},{"not_picked":["SashWhip+1","CutThroughFate","FollowUp"],"picked":"SKIP","floor":44.0},{"not_picked":["EmptyFist","PathToVictory+1"],"picked":"Adaptation","floor":45.0}],"player_experience":550696,"relics_obtained":[{"floor":6.0,"key":"Whetstone"},{"floor":9.0,"key":"Oddly Smooth Stone"},{"floor":13.0,"key":"Bronze Scales"},{"floor":24.0,"key":"StrikeDummy"},{"floor":26.0,"key":"Tiny Chest"},{"floor":27.0,"key":"Happy Flower"},{"floor":29.0,"key":"Akabeko"},{"floor":31.0,"key":"Yang"},{"floor":38.0,"key":"Girya"},{"floor":42.0,"key":"Mango"},{"floor":43.0,"key":"CeramicFish"},{"floor":45.0,"key":"Nunchaku"},{"floor":46.0,"key":"Old Coin"}],"event_choices":[{"damage_healed":0.0,"max_hp_gain":0.0,"max_hp_loss":0.0,"gold_gain":175.0,"event_name":"Liars Game","player_choice":"AGREE","floor":7.0,"gold_loss":0.0,"damage_taken":0.0,"cards_obtained":["Doubt"]},{"damage_healed":0.0,"max_hp_gain":0.0,"max_hp_loss":0.0,"gold_gain":0.0,"cards_transformed":["Strike_P","Strike_P"],"event_name":"Drug Dealer","player_choice":"Became Test Subject","floor":19.0,"gold_loss":0.0,"damage_taken":0.0,"cards_obtained":["Vault","DeusExMachina"]},{"cards_removed":["Defend_P"],"damage_healed":0.0,"max_hp_gain":0.0,"max_hp_loss":0.0,"gold_gain":0.0,"event_name":"Bonfire Elementals","player_choice":"Offered Basic","floor":21.0,"gold_loss":0.0,"damage_taken":0.0},{"damage_healed":0.0,"max_hp_gain":0.0,"max_hp_loss":0.0,"gold_gain":0.0,"event_name":"Tomb of Lord Red Mask","player_choice":"Ignored","floor":36.0,"gold_loss":0.0,"damage_taken":0.0},{"damage_healed":0.0,"max_hp_gain":0.0,"max_hp_loss":0.0,"gold_gain":0.0,"event_name":"MindBloom","player_choice":"Fight","floor":38.0,"gold_loss":0.0,"damage_taken":0.0},{"damage_healed":0.0,"max_hp_gain":0.0,"max_hp_loss":0.0,"gold_gain":0.0,"event_name":"Mysterious Sphere","player_choice":"Fight","floor":42.0,"gold_loss":0.0,"damage_taken":0.0}],"is_beta":false,"boss_relics":[{"not_picked":["Velvet Choker","Tiny House"],"picked":"VioletLotus"},{"not_picked":["Runic Dome","Pandora\u0027s Box"],"picked":"Empty Cage"}],"items_purged_floors":[2,14,20,37,41,48],"is_endless":false,"potions_floor_spawned":[4,5,6,13,24,27,30,39,42,44],"ascension_level":1}}