{"host":"ydg0vn0pu4pubmdt","time":1611440445,"event":{"mods":["AchievementEnabler","BaseMod","Colored Map","Gold Saver","Minty Spire (QoL Compilation)","Quick Restart","SuperFastMode"],"gold_per_floor":[557,557,557,573,584,584,615,627,639,651,613,124,151,51,51,128,128,145,77,103,28,41,69,69,97,97,97,110,110,127,137,137,214,214,227,227,50,63,63,63,96,116,116,141,141,161,161,209,209,209],"floor_reached":51,"language":"KOR","playtime":3910,"items_purged":["Strike_B","Strike_B","Dualcast"],"score":1180,"play_id":"c2630bc3-def2-4a28-9f7d-019a1cb0e62b","local_time":"20210124072045","is_ascension_mode":true,"campfire_choices":[{"data":"Hyperbeam","floor":6,"key":"SMITH"},{"floor":8,"key":"REST"},{"data":"Zap","floor":10,"key":"SMITH"},{"floor":15,"key":"REST"},{"floor":24,"key":"REST"},{"data":"Biased Cognition","floor":27,"key":"SMITH"},{"floor":32,"key":"REST"},{"floor":40,"key":"REST"},{"floor":45,"key":"REST"},{"floor":49,"key":"REST"}],"circlet_count":0,"master_deck":["AscendersBane","Zap+1","Turbo","Compile Driver","Hyperbeam+1","Turbo","Apotheosis+1","Conserve Battery+1","Seek+1","Reinforced Body+1","Undo+1","Double Energy+1","Core Surge","Steam Power+1","Leap+1","Chill+1","Fusion+1","Barrage+1","Rebound","RitualDagger","Genetic Algorithm+1","Auto Shields+1","Reboot+1","Compile Driver","Reprogram+1","Madness+1","Madness+1","Reinforced Body+1","Streamline","Hologram+1","Hologram+1","Skim+1"],"relics":["Cracked Core","White Beast Statue","MawBank","Prayer Wheel","Toxic Egg 2","Torii","Astrolabe","Red Mask","Calipers","Sundial","Turnip","Sozu","DataDisk","Ornamental Fan","Mango","Gambling Chip"],"acts_visited":["Exordium","TheCity","TheBeyond"],"potions_floor_usage":[33,33,50],"damage_taken":[{"damage":10,"enemies":"Small Slimes","floor":1,"turns":4},{"damage":6,"enemies":"Jaw Worm","floor":4,"turns":4},{"damage":1,"enemies":"Cultist","floor":5,"turns":3},{"damage":26,"enemies":"Gremlin Nob","floor":7,"turns":4},{"damage":16,"enemies":"Lagavulin","floor":13,"turns":7},{"damage":35,"enemies":"Slime Boss","floor":16,"turns":7},{"damage":1,"enemies":"Shell Parasite","floor":18,"turns":4},{"damage":0,"enemies":"Masked Bandits","floor":20,"turns":2},{"damage":0,"enemies":"2 Thieves","floor":22,"turns":2},{"damage":10,"enemies":"Slavers","floor":23,"turns":3},{"damage":1,"enemies":"Gremlin Leader","floor":25,"turns":5},{"damage":0,"enemies":"Snecko","floor":28,"turns":6},{"damage":18,"enemies":"Snake Plant","floor":30,"turns":5},{"damage":2,"enemies":"Cultist and Chosen","floor":31,"turns":4},{"damage":48,"enemies":"Automaton","floor":33,"turns":11},{"damage":19,"enemies":"3 Darklings","floor":35,"turns":5},{"damage":1,"enemies":"Orb Walker","floor":38,"turns":3},{"damage":0,"enemies":"Reptomancer","floor":41,"turns":8},{"damage":0,"enemies":"Maw","floor":42,"turns":8},{"damage":0,"enemies":"Mind Bloom Boss Battle","floor":44,"turns":6},{"damage":1,"enemies":"3 Darklings","floor":46,"turns":2},{"damage":11,"enemies":"2 Orb Walkers","floor":48,"turns":3},{"damage":35,"enemies":"Time Eater","floor":50,"turns":11}],"seed_played":"5121122243802085703","potions_obtained":[{"floor":1,"key":"Swift Potion"},{"floor":4,"key":"PotionOfCapacity"},{"floor":5,"key":"Block Potion"},{"floor":33,"key":"DuplicationPotion"}],"is_trial":false,"path_per_floor":["M","?","T","M","M","R","E","R","T","R","?","$","E","$","R","B",null,"M","$","?","?","M","E","R","E","T","R","M","?","M","M","R","B",null,"M","?","$","M","?","R","E","M","T","?","R","M","?","?","R","B",null],"character_chosen":"DEFECT","items_purchased":["Toxic Egg 2","Apotheosis+1","Core Surge","Compile Driver"],"campfire_rested":7,"item_purchase_floors":[12,12,19,37],"current_hp_per_floor":[54,54,54,48,47,47,21,42,42,42,42,42,26,26,47,12,56,55,55,55,55,55,45,66,65,65,65,65,59,41,39,60,12,56,37,37,37,36,27,48,48,48,48,62,85,84,74,63,85,50],"gold":209,"neow_bonus":"REMOVE_CARD","is_daily":false,"chose_seed":false,"campfire_upgraded":3,"win_rate":0.0,"timestamp":1611440445,"path_taken":["M","?","?","M","?","R","E","R","T","R","?","?","E","$","R","BOSS","M","$","?","?","M","E","R","E","T","R","M","?","M","M","R","BOSS","M","?","$","M","?","R","E","M","T","?","R","?","?","?","R","BOSS"],"items_purchased_type":["Relic","Card","Card","Card"],"build_version":"2020-12-22","purchased_purges":3,"victory":true,"max_hp_per_floor":[71,71,71,71,71,71,71,71,71,71,71,71,71,71,71,71,71,71,71,71,71,71,71,71,71,71,71,71,71,71,71,71,71,71,71,71,71,71,71,71,71,71,71,85,85,85,85,85,85,85],"card_choices":[{"not_picked":["Compile Driver","Rebound"],"picked":"Turbo","floor":1},{"not_picked":["Consume","Turbo"],"picked":"Compile Driver","floor":4},{"not_picked":["Leap","Go for the Eyes"],"picked":"Hyperbeam","floor":5},{"not_picked":["Defragment","Darkness"],"picked":"Turbo","floor":7},{"not_picked":["Streamline","Rebound"],"picked":"Conserve Battery+1","floor":13},{"not_picked":["Multi-Cast+1","Amplify+1"],"picked":"Biased Cognition","floor":16},{"not_picked":["Compile Driver","Defragment"],"picked":"Undo+1","floor":18},{"not_picked":["Force Field+1","Go for the Eyes"],"picked":"Double Energy+1","floor":18},{"not_picked":["Melter","Rip and Tear"],"picked":"Steam Power+1","floor":20},{"not_picked":["Streamline","Sweeping Beam"],"picked":"Leap+1","floor":22},{"not_picked":["Ball Lightning","Redo+1"],"picked":"Chill+1","floor":22},{"not_picked":["Redo+1","Conserve Battery+1","Thunder Strike"],"picked":"SKIP","floor":23},{"not_picked":["Storm+1","Chaos+1"],"picked":"Fusion+1","floor":25},{"not_picked":["Hologram+1","Storm"],"picked":"Barrage+1","floor":28},{"not_picked":["Gash","Undo+1"],"picked":"Rebound","floor":28},{"not_picked":["Go for the Eyes+1","Beam Cell"],"picked":"Genetic Algorithm+1","floor":30},{"not_picked":["Recycle+1","Turbo+1","Barrage"],"picked":"SKIP","floor":30},{"not_picked":["Glacier+1","Beam Cell"],"picked":"Auto Shields+1","floor":31},{"not_picked":["Go for the Eyes","Rip and Tear","Genetic Algorithm+1"],"picked":"SKIP","floor":31},{"not_picked":["Electrodynamics","Fission+1"],"picked":"Reboot+1","floor":33},{"not_picked":["Sweeping Beam","Redo+1","Blizzard"],"picked":"SKIP","floor":35},{"not_picked":["Leap+1","Barrage+1","Gash"],"picked":"SKIP","floor":35},{"not_picked":["Beam Cell","Self Repair+1"],"picked":"Reprogram+1","floor":38},{"not_picked":["Stack+1","Sweeping Beam","Genetic Algorithm+1"],"picked":"SKIP","floor":38},{"not_picked":["Darkness+1","Sweeping Beam+1"],"picked":"Reinforced Body+1","floor":41},{"not_picked":["Thunder Strike","Reprogram+1"],"picked":"Streamline","floor":42},{"not_picked":["Redo+1","Recycle+1","Go for the Eyes"],"picked":"SKIP","floor":42},{"not_picked":["Static Discharge","Turbo+1"],"picked":"Hologram+1","floor":44},{"not_picked":["Hello World","Leap+1"],"picked":"Hologram+1","floor":46},{"not_picked":["Cold Snap+1","Rainbow+1","Streamline"],"picked":"SKIP","floor":46},{"not_picked":["Conserve Battery+1","Glacier+1"],"picked":"Skim+1","floor":48}],"player_experience":563273,"relics_obtained":[{"floor":3,"key":"White Beast Statue"},{"floor":7,"key":"MawBank"},{"floor":9,"key":"Prayer Wheel"},{"floor":13,"key":"Torii"},{"floor":20,"key":"Red Mask"},{"floor":23,"key":"Calipers"},{"floor":25,"key":"Sundial"},{"floor":26,"key":"Turnip"},{"floor":41,"key":"DataDisk"},{"floor":43,"key":"Ornamental Fan"},{"floor":44,"key":"Mango"},{"floor":48,"key":"Gambling Chip"}],"event_choices":[{"cards_removed":["Defend_B"],"damage_healed":0,"gold_gain":0,"player_choice":"Forget","damage_taken":0,"max_hp_gain":0,"max_hp_loss":0,"event_name":"Living Wall","floor":2,"gold_loss":0},{"cards_removed":["Defend_B"],"damage_healed":0,"gold_gain":0,"player_choice":"Card Removal","damage_taken":0,"max_hp_gain":0,"max_hp_loss":0,"event_name":"The Cleric","floor":11,"gold_loss":50},{"damage_healed":0,"gold_gain":0,"player_choice":"Fought Bandits","damage_taken":0,"max_hp_gain":0,"max_hp_loss":0,"event_name":"Masked Bandits","floor":20,"gold_loss":0},{"cards_removed":["All For One"],"damage_healed":0,"gold_gain":0,"player_choice":"Gave Gold","damage_taken":0,"max_hp_gain":0,"max_hp_loss":0,"event_name":"Beggar","floor":21,"gold_loss":75},{"damage_healed":0,"gold_gain":0,"player_choice":"Joined the Cult","damage_taken":6,"max_hp_gain":0,"max_hp_loss":0,"event_name":"Nest","floor":29,"gold_loss":0,"cards_obtained":["RitualDagger"]},{"cards_removed":["Biased Cognition"],"damage_healed":0,"gold_gain":0,"player_choice":"Removed Power","damage_taken":0,"max_hp_gain":0,"max_hp_loss":0,"event_name":"Falling","floor":36,"gold_loss":0},{"damage_healed":0,"gold_gain":0,"player_choice":"Embrace Madness","damage_taken":9,"max_hp_gain":0,"max_hp_loss":0,"event_name":"Winding Halls","floor":39,"gold_loss":0,"cards_obtained":["Madness","Madness"]},{"damage_healed":0,"gold_gain":0,"player_choice":"Fight","damage_taken":0,"max_hp_gain":0,"max_hp_loss":0,"event_name":"MindBloom","floor":44,"gold_loss":0},{"damage_healed":0,"gold_gain":0,"player_choice":"Memory 3","damage_taken":10,"max_hp_gain":0,"max_hp_loss":0,"event_name":"SensoryStone","floor":47,"gold_loss":0},{"damage_healed":0,"gold_gain":0,"player_choice":"Fight","damage_taken":0,"max_hp_gain":0,"max_hp_loss":0,"event_name":"Mysterious Sphere","floor":48,"gold_loss":0}],"is_beta":false,"boss_relics":[{"not_picked":["Calling Bell","FrozenCore"],"picked":"Astrolabe"},{"not_picked":["Runic Dome","Coffee Dripper"],"picked":"Sozu"}],"items_purged_floors":[12,14,37],"is_endless":false,"potions_floor_spawned":[1,4,5,7,13,16,18,20,22,23,25,28,30,31,33,35,38,41,42,44,46,48],"ascension_level":14}}