{"host":"kg61lsvem4dxoat8","time":1611415297,"event":{"mods":["BaseMod","Colored Powertips","Minty Spire (QoL Compilation)","Quick Restart","Rare Cards Sparkle","Relic Stats","slay the spire mod where everything is the same but ironclad has a cowboy hat"],"gold_per_floor":[369,369,390,408,69,69,90,130,130,130,154,178,178,194,194,287,287,300,300,325,338,0,0,34,47,74,74,74],"floor_reached":27,"language":"ENG","playtime":858,"items_purged":[],"score":517,"play_id":"9be54b10-a35d-42fe-b51f-fe830a4b57d2","local_time":"20210123232137","is_ascension_mode":true,"campfire_choices":[{"data":"Blade Dance","floor":6,"key":"SMITH"},{"data":"Blade Dance","floor":13,"key":"SMITH"},{"floor":15,"key":"REST"},{"floor":23,"key":"REST"}],"circlet_count":0,"master_deck":["AscendersBane","Strike_G","Strike_G","Strike_G","Strike_G","Strike_G","Defend_G","Defend_G","Defend_G","Defend_G","Defend_G","Survivor","Neutralize","PiercingWail","Blade Dance+1","Cloak And Dagger","Blade Dance+1","Blade Dance+1","Escape Plan","Dodge and Roll+1","Finisher+1","Footwork","Bandage Up","Calculated Gamble","Infinite Blades"],"relics":["Ring of the Snake","Golden Idol","Sling","Strawberry","Letter Opener","Molten Egg 2","Gremlin Horn","Black Star","Membership Card","Omamori","Nunchaku","Toy Ornithopter"],"acts_visited":["Exordium","TheCity"],"potions_floor_usage":[8,16,16,21,24,24],"damage_taken":[{"damage":3,"enemies":"2 Louse","floor":1,"turns":4},{"damage":10,"enemies":"Cultist","floor":3,"turns":6},{"damage":17,"enemies":"Jaw Worm","floor":4,"turns":6},{"damage":8,"enemies":"Blue Slaver","floor":7,"turns":7},{"damage":9,"enemies":"Lagavulin","floor":8,"turns":5},{"damage":0,"enemies":"Lots of Slimes","floor":11,"turns":3},{"damage":0,"enemies":"Looter","floor":12,"turns":3},{"damage":2,"enemies":"Gremlin Gang","floor":14,"turns":3},{"damage":0,"enemies":"Slime Boss","floor":16,"turns":4},{"damage":7,"enemies":"Shell Parasite","floor":18,"turns":5},{"damage":7,"enemies":"2 Thieves","floor":20,"turns":4},{"damage":9,"enemies":"Shelled Parasite and Fungi","floor":21,"turns":5},{"damage":26,"enemies":"Book of Stabbing","floor":24,"turns":6},{"damage":17,"enemies":"Centurion and Healer","floor":25,"turns":5},{"damage":22,"enemies":"3 Cultists","floor":27,"turns":4}],"seed_played":"3606387709055547725","potions_obtained":[{"floor":3,"key":"CunningPotion"},{"floor":7,"key":"Explosive Potion"},{"floor":12,"key":"Strength Potion"},{"floor":14,"key":"Fire Potion"},{"floor":16,"key":"Energy Potion"},{"floor":20,"key":"SneckoOil"},{"floor":21,"key":"Poison Potion"}],"is_trial":false,"path_per_floor":["M","?","M","M","$","R","M","E","T","?","M","M","R","M","R","B",null,"M","?","M","M","$","R","E","M","T","M"],"character_chosen":"THE_SILENT","items_purchased":["Sling","Cloak And Dagger","Strawberry","Membership Card","Footwork","CunningPotion","Bandage Up","Calculated Gamble"],"campfire_rested":2,"item_purchase_floors":[5,5,5,22,22,22,22,22],"current_hp_per_floor":[56,54,44,27,34,34,26,17,17,17,17,17,17,15,33,33,54,47,47,40,31,31,49,27,14,14,0,0],"gold":74,"neow_bonus":"TWO_FIFTY_GOLD","is_daily":false,"chose_seed":false,"campfire_upgraded":2,"win_rate":0.0,"timestamp":1611415297,"path_taken":["M","?","M","M","$","R","M","E","T","?","M","?","R","?","R","BOSS","M","?","M","?","$","R","E","M","T","M"],"items_purchased_type":["Relic","Card","Relic","Relic","Card","Potion","Card","Card"],"build_version":"2020-12-22","purchased_purges":0,"victory":false,"max_hp_per_floor":[60,54,54,54,61,61,61,61,61,61,61,61,61,61,61,61,61,61,61,61,61,61,61,61,61,61,61,61],"relic_stats":{"Nunchaku":[4],"Gremlin Horn":[12,12],"counters":[15,70],"Golden Idol":73,"Black Star":1,"Letter Opener":[180],"obtain_stats":[{"Nunchaku":24,"Gremlin Horn":10,"Golden Idol":2,"Strawberry":5,"Molten Egg 2":9,"Black Star":17,"Omamori":24,"Letter Opener":8,"Membership Card":22,"Sling":5,"Toy Ornithopter":26,"Ring of the Snake":0},{"Nunchaku":13,"Gremlin Horn":5,"Golden Idol":1,"Strawberry":3,"Molten Egg 2":5,"Black Star":9,"Omamori":13,"Letter Opener":5,"Membership Card":12,"Sling":3,"Toy Ornithopter":14,"Ring of the Snake":0},{"Nunchaku":61,"Gremlin Horn":28,"Golden Idol":4,"Strawberry":16,"Molten Egg 2":28,"Black Star":41,"Omamori":61,"Letter Opener":28,"Membership Card":55,"Sling":16,"Toy Ornithopter":66,"Ring of the Snake":0}],"Toy Ornithopter":0,"Ring of the Snake":[30]},"card_choices":[{"not_picked":["Dagger Throw","Dodge and Roll"],"picked":"PiercingWail","floor":1},{"not_picked":["Backflip","Dash","Quick Slash"],"picked":"SKIP","floor":3},{"not_picked":["Dagger Spray","Setup"],"picked":"Blade Dance","floor":4},{"not_picked":["Flechettes","Bouncing Flask","Skewer"],"picked":"SKIP","floor":7},{"not_picked":["Leg Sweep","Noxious Fumes"],"picked":"Blade Dance","floor":8},{"not_picked":["Crippling Poison","Deadly Poison"],"picked":"Blade Dance","floor":11},{"not_picked":["Quick Slash+1","Caltrops"],"picked":"Escape Plan","floor":12},{"not_picked":["Skewer+1","Cloak And Dagger","Deadly Poison"],"picked":"SKIP","floor":14},{"not_picked":["Flying Knee+1","Reflex","Tactician"],"picked":"SKIP","floor":18},{"not_picked":["Acrobatics","Dagger Throw+1"],"picked":"Dodge and Roll+1","floor":20},{"not_picked":["Dodge and Roll","PiercingWail"],"picked":"Finisher+1","floor":21},{"not_picked":["Calculated Gamble","Crippling Poison","Dash+1"],"picked":"SKIP","floor":24},{"not_picked":["Prepared","PiercingWail"],"picked":"Infinite Blades","floor":25}],"player_experience":1386758,"relics_obtained":[{"floor":8,"key":"Letter Opener"},{"floor":9,"key":"Molten Egg 2"},{"floor":24,"key":"Omamori"},{"floor":24,"key":"Nunchaku"},{"floor":26,"key":"Toy Ornithopter"}],"event_choices":[{"damage_healed":0,"gold_gain":0,"player_choice":"Lose Max HP","damage_taken":0,"relics_obtained":["Golden Idol"],"max_hp_gain":0,"max_hp_loss":6,"event_name":"Golden Idol","floor":2,"gold_loss":0},{"damage_healed":0,"gold_gain":0,"player_choice":"Gave Potion","damage_taken":0,"relics_obtained":["Gremlin Horn"],"max_hp_gain":0,"max_hp_loss":0,"event_name":"WeMeetAgain","floor":10,"gold_loss":0},{"damage_healed":0,"gold_gain":0,"player_choice":"Upgraded","damage_taken":0,"max_hp_gain":0,"max_hp_loss":0,"event_name":"Upgrade Shrine","floor":19,"gold_loss":0,"cards_upgraded":["Blade Dance"]}],"is_beta":false,"boss_relics":[{"not_picked":["Sozu","Pandora\u0027s Box"],"picked":"Black Star"}],"items_purged_floors":[],"is_endless":false,"potions_floor_spawned":[3,7,12,14,16,20,21],"killed_by":"3 Cultists","ascension_level":16}}