{"host":"9oysz4knkucnjyyz","time":1611361972,"event":{"mods":["100% Spire Juice","2.2 Compatiblity","Act Like it!","BaseMod","Better Altar","Better Match","Better Note","Better Sensory Stone","Better Skull","Better Third Choice","BetterRewards","Displayed Cursed Tome","Downfall","Friendly Minions","Googly Eyes","GungeonMod","Hallownest","Hermit","Lobotomy","LobotomyExtend","Minty Spire (QoL Compilation)","Spicy Shops","Spire Arcade","Spire Birthday Party","StSLib","The Bug Knight","everything is the same but u backflip on backflip","slay the spire mod where everything is the same but ironclad has a cowboy hat"],"gold_per_floor":[116,132,132,132,132,132,162,187,187,201,213,213,213,228,228,332,332,343,357,370,389,403,403,422,422,422,53,72,90,90,123,123,228,228,248,248,260,91,119,144,154,154,234,234,251,251,284,284,284,284,284],"floor_reached":52,"language":"ENG","playtime":1316,"items_purged":["Defend_R"],"score":896,"play_id":"814c3b77-5129-471c-b3b2-4c4a597a8d4f","local_time":"20210122193252","daily_mods":["Heirloom","DeadlyEvents"],"is_ascension_mode":false,"campfire_choices":[{"data":"Pommel Strike","floor":6,"key":"SMITH"},{"data":"Whirlwind","floor":13,"key":"SMITH"},{"data":"Inflame","floor":15,"key":"SMITH"},{"data":"Demon Form","floor":23,"key":"SMITH"},{"data":"Impervious","floor":25,"key":"SMITH"},{"data":"Strike_R","floor":32,"key":"SMITH"},{"data":"Uppercut","floor":42,"key":"SMITH"},{"data":"Reaper","floor":44,"key":"SMITH"},{"data":"Strike_R","floor":49,"key":"SMITH"}],"circlet_count":0,"master_deck":["Strike_R+1","Strike_R+1","Strike_R","Strike_R","Strike_R","Defend_R","Defend_R","Defend_R","Bash+1","Pommel Strike+1","Inflame+1","Whirlwind+1","Demon Form+1","Reaper+1","Perfected Strike+1","Uppercut+1"],"relics":["Burning Blood","DemoMod:Relodestone","LetterFromLob","DemoMod:WhiteGuonStone","Singing Bowl","Toy Ornithopter","DemoMod:GundromedaStrain","Blue Candle","Busted Crown","Bottled Tornado","DemoMod:ClearGuonStone","CeramicFish","HollowMod:StagPassRelic","bronze:MakeshiftBattery","Membership Card","Dead Branch","Molten Egg 2","Akabeko"],"acts_visited":["Exordium","TheCity","TheBeyond"],"potions_floor_usage":[7,7,7,16,20,31,31,40,47],"damage_taken":[{"damage":8,"enemies":"Jaw Worm","floor":1,"turns":3},{"damage":6,"enemies":"2 Louse","floor":2,"turns":3},{"damage":26,"enemies":"3 Sentries","floor":7,"turns":9},{"damage":11,"enemies":"Lagavulin","floor":8,"turns":7},{"damage":0,"enemies":"Small Slimes","floor":10,"turns":2},{"damage":10,"enemies":"Red Slaver","floor":11,"turns":2},{"damage":0,"enemies":"Blue Slaver","floor":14,"turns":3},{"damage":39,"enemies":"Hexaghost","floor":16,"turns":5},{"damage":7,"enemies":"Chosen","floor":18,"turns":3},{"damage":0,"enemies":"Snake Plant","floor":19,"turns":2},{"damage":21,"enemies":"Centurion and Healer","floor":20,"turns":4},{"damage":3,"enemies":"Cultist and Chosen","floor":21,"turns":4},{"damage":6,"enemies":"Chosen and Byrds","floor":22,"turns":4},{"damage":0,"enemies":"Snake Plant","floor":24,"turns":3},{"damage":19,"enemies":"Centurion and Healer","floor":28,"turns":4},{"damage":5,"enemies":"Shelled Parasite and Fungi","floor":29,"turns":2},{"damage":7,"enemies":"Book of Stabbing","floor":31,"turns":3},{"damage":69,"enemies":"Collector","floor":33,"turns":7},{"damage":0,"enemies":"3 Darklings","floor":35,"turns":3},{"damage":24,"enemies":"3 Shapes","floor":37,"turns":2},{"damage":9,"enemies":"Sphere and 2 Shapes","floor":39,"turns":2},{"damage":2,"enemies":"Nemesis","floor":40,"turns":4},{"damage":16,"enemies":"Spire Growth","floor":41,"turns":3},{"damage":25,"enemies":"4 Shapes","floor":45,"turns":2},{"damage":20,"enemies":"Reptomancer","floor":47,"turns":4},{"damage":48,"enemies":"Time Eater","floor":50,"turns":6}],"seed_played":"3867437342139630697","potions_obtained":[{"floor":1,"key":"bronze:BurnAndBuffPotion"},{"floor":2,"key":"DuplicationPotion"},{"floor":10,"key":"sneckomod:MuddlingPotion"},{"floor":11,"key":"LiquidBronze"},{"floor":19,"key":"SmokeBomb"},{"floor":20,"key":"Fire Potion"},{"floor":29,"key":"EssenceOfSteel"},{"floor":35,"key":"ColorlessPotion"},{"floor":37,"key":"LiquidBronze"},{"floor":40,"key":"SkillPotion"},{"floor":47,"key":"champ:CounterPotion"}],"is_trial":true,"path_per_floor":["M","M","?","?","?","R","E","E","T","M","M","?","R","M","R","B",null,"M","M","M","M","M","R","M","R","T","$","M","M","?","E","R","B",null,"M","?","M","$","M","E","M","R","T","R","M","?","E","?","R","B",null,null],"character_chosen":"IRONCLAD","items_purchased":["DemoMod:ClearGuonStone","CeramicFish","Membership Card","Perfected Strike"],"campfire_rested":0,"item_purchase_floors":[27,27,38,38],"current_hp_per_floor":[78,78,78,75,75,75,55,50,50,58,54,49,49,57,57,29,84,85,88,80,85,87,87,95,95,95,95,84,87,93,102,102,39,102,104,104,102,102,103,108,100,100,100,100,83,82,110,114,114,84,84],"gold":284,"neow_bonus":"","is_daily":false,"chose_seed":false,"campfire_upgraded":9,"win_rate":0.0,"timestamp":1611361972,"path_taken":["M","M","?","?","?","R","?","E","T","?","M","?","R","M","R","BOSS","M","M","M","M","M","R","M","R","T","$","M","M","?","E","R","BOSS","M","?","M","$","M","E","M","R","T","R","M","?","E","?","R","BOSS"],"items_purchased_type":["Relic","Relic","Relic","Card"],"build_version":"2020-12-22","purchased_purges":1,"victory":true,"max_hp_per_floor":[80,80,80,80,80,80,80,80,80,82,82,82,82,84,84,84,84,86,88,90,92,94,94,96,96,96,96,98,100,100,102,102,102,102,104,104,106,106,106,108,110,110,110,110,112,112,114,118,118,118,118],"card_choices":[{"not_picked":["Clothesline","Headbutt","Combust"],"picked":"SKIP","floor":1},{"not_picked":["Combust","Armaments"],"picked":"Pommel Strike","floor":2},{"not_picked":["Feel No Pain","True Grit"],"picked":"Inflame","floor":7},{"not_picked":["Anger","DemoMod:BlackBlade"],"picked":"Whirlwind","floor":8},{"not_picked":["Twin Strike","Combust","Clothesline"],"picked":"Singing Bowl","floor":10},{"not_picked":["Evolve","Clothesline"],"picked":"Impervious","floor":11},{"not_picked":["Whirlwind","Thunderclap","DemoMod:BlackBlade"],"picked":"Singing Bowl","floor":14},{"not_picked":["Barricade","Immolate"],"picked":"Demon Form","floor":16},{"not_picked":["Power Through"],"picked":"Singing Bowl","floor":18},{"not_picked":["Warcry"],"picked":"Singing Bowl","floor":19},{"not_picked":["Shrug It Off"],"picked":"Singing Bowl","floor":20},{"not_picked":["Clash"],"picked":"Singing Bowl","floor":21},{"not_picked":["DemoMod:BlackBlade"],"picked":"Singing Bowl","floor":22},{"not_picked":["Body Slam+1"],"picked":"Singing Bowl","floor":24},{"not_picked":["Dark Embrace"],"picked":"Singing Bowl","floor":28},{"not_picked":["Warcry"],"picked":"Singing Bowl","floor":29},{"not_picked":["Barricade"],"picked":"Singing Bowl","floor":31},{"not_picked":[],"picked":"Reaper","floor":33},{"not_picked":["Thunderclap+1"],"picked":"Singing Bowl","floor":35},{"not_picked":["Body Slam"],"picked":"Singing Bowl","floor":37},{"not_picked":[],"picked":"Uppercut","floor":39},{"not_picked":["Feel No Pain+1"],"picked":"Singing Bowl","floor":40},{"not_picked":["Intimidate+1"],"picked":"Singing Bowl","floor":41},{"not_picked":["Iron Wave+1"],"picked":"Singing Bowl","floor":45},{"not_picked":["True Grit"],"picked":"Singing Bowl","floor":47},{"not_picked":["Swift Strike+1"],"picked":"Singing Bowl","floor":48},{"not_picked":["DemoMod:Spice"],"picked":"Singing Bowl","floor":48}],"player_experience":363739,"relics_obtained":[{"floor":1,"key":"LetterFromLob"},{"floor":7,"key":"Singing Bowl"},{"floor":8,"key":"Toy Ornithopter"},{"floor":9,"key":"DemoMod:GundromedaStrain"},{"floor":26,"key":"Bottled Tornado"},{"floor":31,"key":"HollowMod:StagPassRelic"},{"floor":40,"key":"Dead Branch"},{"floor":43,"key":"Molten Egg 2"},{"floor":47,"key":"Akabeko"}],"event_choices":[{"damage_healed":0,"gold_gain":0,"player_choice":"Leave","damage_taken":0,"max_hp_gain":0,"max_hp_loss":0,"event_name":"The Cleric","floor":3,"gold_loss":0},{"damage_healed":0,"gold_gain":0,"player_choice":"Relic ","damage_taken":3,"max_hp_gain":0,"max_hp_loss":0,"event_name":"betterThird:BetterScrap","floor":4,"gold_loss":0,"cards_obtained":["Predator"]},{"damage_healed":0,"gold_gain":0,"player_choice":"Forge","damage_taken":0,"max_hp_gain":0,"max_hp_loss":0,"event_name":"Accursed Blacksmith","floor":5,"gold_loss":0,"cards_upgraded":["Bash"]},{"damage_healed":6,"gold_gain":0,"player_choice":"LEAVE ","damage_taken":0,"relics_obtained":[],"max_hp_gain":0,"max_hp_loss":0,"event_name":"betterSkull:BetterSkull","floor":30,"gold_loss":0,"cards_upgraded":[]},{"cards_removed":["Impervious"],"damage_healed":0,"gold_gain":0,"player_choice":"Removed Skill","damage_taken":0,"max_hp_gain":0,"max_hp_loss":0,"event_name":"Falling","floor":36,"gold_loss":0},{"damage_healed":0,"gold_gain":3,"player_choice":"1","damage_taken":0,"max_hp_gain":0,"max_hp_loss":0,"event_name":"betterStone:BetterStone","floor":48,"gold_loss":0}],"is_beta":false,"boss_relics":[{"not_picked":["Fusion Hammer","Calling Bell"],"picked":"Busted Crown"},{"not_picked":["Runic Pyramid","Mark of Pain"],"picked":"bronze:MakeshiftBattery"}],"items_purged_floors":[27],"is_endless":false,"potions_floor_spawned":[1,2,10,11,19,20,21,22,29,35,37,40,47],"ascension_level":0}}