{"host":"4rvakrj1idbgia3f","time":1611388052,"event":{"mods":["BaseMod","Colored Map","Colored Powertips","DeckTracker","Highlight Path","Minty Spire (QoL Compilation)","Random Character Button","StSLib"],"gold_per_floor":[99,99,99,18,18,18,18,18,18,18,18,18,18,18,18,18,18,18,18,18,18,18,18,18,18,18,18,18,18,18,18,18,18,18],"floor_reached":33,"language":"JPN","playtime":799,"items_purged":[],"score":606,"play_id":"27376cdd-8203-4d5b-b119-bdbe8ab798e0","local_time":"20210123164732","is_ascension_mode":true,"campfire_choices":[{"data":"Perfected Strike","floor":8.0,"key":"SMITH"},{"data":"Perfected Strike","floor":10.0,"key":"SMITH"},{"data":"Bludgeon","floor":12,"key":"SMITH"},{"data":"Entrench","floor":15,"key":"SMITH"},{"data":"Shockwave","floor":23,"key":"SMITH"},{"data":"Reaper","floor":25,"key":"SMITH"},{"data":"Flame Barrier","floor":30,"key":"SMITH"},{"data":"Shrug It Off","floor":32,"key":"SMITH"}],"circlet_count":0,"master_deck":["AscendersBane","Strike_R","Strike_R","Strike_R","Strike_R","Defend_R","Defend_R","Defend_R","Defend_R","Bash","Twin Strike","Entrench+1","Perfected Strike+1","Offering","Bludgeon+1","Perfected Strike+1","Cleave","Shrug It Off+1","Twin Strike","Shockwave+1","Reaper+1","Clothesline","Flame Barrier+1","Shrug It Off+1"],"relics":["Ectoplasm","Toy Ornithopter","Lantern","Coffee Dripper","Mummified Hand"],"acts_visited":["Exordium","TheCity"],"potions_floor_usage":[18,33,33],"damage_taken":[{"damage":0.0,"enemies":"Small Slimes","floor":1.0,"turns":2.0},{"damage":1.0,"enemies":"Cultist","floor":3.0,"turns":3.0},{"damage":2.0,"enemies":"Jaw Worm","floor":5.0,"turns":3.0},{"damage":15.0,"enemies":"3 Sentries","floor":6.0,"turns":7.0},{"damage":10.0,"enemies":"3 Louse","floor":7.0,"turns":3.0},{"damage":6,"enemies":"Red Slaver","floor":11,"turns":1},{"damage":9,"enemies":"Blue Slaver","floor":13,"turns":2},{"damage":6,"enemies":"Exordium Wildlife","floor":14,"turns":2},{"damage":6,"enemies":"Slime Boss","floor":16,"turns":5},{"damage":11,"enemies":"Shell Parasite","floor":18,"turns":2},{"damage":0,"enemies":"Chosen","floor":19,"turns":3},{"damage":10,"enemies":"3 Cultists","floor":21,"turns":3},{"damage":0,"enemies":"Cultist and Chosen","floor":24,"turns":2},{"damage":15,"enemies":"Centurion and Healer","floor":27,"turns":3},{"damage":24,"enemies":"Shelled Parasite and Fungi","floor":28,"turns":3},{"damage":0,"enemies":"Snecko","floor":31,"turns":3},{"damage":53,"enemies":"Champ","floor":33,"turns":6}],"seed_played":"3072926309773669844","potions_obtained":[{"floor":3.0,"key":"CultistPotion"},{"floor":7.0,"key":"SpeedPotion"},{"floor":16,"key":"Swift Potion"},{"floor":24,"key":"GamblersBrew"},{"floor":31,"key":"DistilledChaos"}],"is_trial":false,"path_per_floor":["M","?","M","$","M","E","M","R","T","R","M","R","M","M","R","B",null,"M","M","?","M","?","R","M","R","T","M","M","?","R","M","R","B"],"character_chosen":"IRONCLAD","items_purchased":["Offering"],"campfire_rested":0,"item_purchase_floors":[4],"current_hp_per_floor":[68,68,67,67,65,50,40,40,40,40,34,34,25,19,19,13,60,54,54,54,44,44,44,44,44,44,41,29,29,29,29,29,0,0],"gold":18,"neow_bonus":"BOSS_RELIC","is_daily":false,"chose_seed":false,"campfire_upgraded":8,"win_rate":0.0,"timestamp":1611388052,"path_taken":["M","?","M","?","M","E","M","R","T","R","M","R","M","M","R","BOSS","M","M","?","M","?","R","M","R","T","M","M","?","R","M","R","BOSS"],"items_purchased_type":["Card"],"build_version":"2020-12-22","purchased_purges":0,"victory":false,"max_hp_per_floor":[75,75,75,75,75,75,75,75,75,75,75,75,75,75,75,75,75,75,75,75,75,75,75,75,75,75,75,75,75,75,75,75,75,75],"card_choices":[{"not_picked":["Headbutt","Anger"],"picked":"Twin Strike","floor":1.0},{"not_picked":["Rage","Bloodletting"],"picked":"Perfected Strike","floor":3.0},{"not_picked":["Iron Wave","Shrug It Off"],"picked":"Bludgeon","floor":5.0},{"not_picked":["Flex","Armaments"],"picked":"Perfected Strike","floor":6.0},{"not_picked":["Rage","Havoc"],"picked":"Cleave","floor":7.0},{"not_picked":["Iron Wave","Headbutt"],"picked":"Shrug It Off","floor":11},{"not_picked":["Clash","Armaments"],"picked":"Twin Strike","floor":13},{"not_picked":["Clash","Sword Boomerang"],"picked":"Shockwave","floor":14},{"not_picked":["Exhume","Limit Break"],"picked":"Reaper","floor":16},{"not_picked":["Body Slam","Iron Wave"],"picked":"Clothesline","floor":18},{"not_picked":["Ghostly Armor+1","Seeing Red","Sword Boomerang"],"picked":"SKIP","floor":19},{"not_picked":["Sever Soul","Warcry","Sword Boomerang"],"picked":"SKIP","floor":21},{"not_picked":["Ghostly Armor","Seeing Red","Sword Boomerang"],"picked":"SKIP","floor":24},{"not_picked":["Clash+1","Intimidate"],"picked":"Flame Barrier","floor":27},{"not_picked":["Heavy Blade","Thunderclap","Rupture"],"picked":"SKIP","floor":28},{"not_picked":["Wild Strike","Pommel Strike"],"picked":"Shrug It Off","floor":31}],"player_experience":2070971,"relics_obtained":[{"floor":6.0,"key":"Toy Ornithopter"},{"floor":9.0,"key":"Lantern"},{"floor":26,"key":"Mummified Hand"}],"event_choices":[{"damage_healed":0.0,"max_hp_gain":0.0,"max_hp_loss":0.0,"gold_gain":0.0,"cards_transformed":["Strike_R"],"event_name":"Transmorgrifier","player_choice":"Transformed","floor":2.0,"gold_loss":0.0,"damage_taken":0.0,"cards_obtained":["Entrench"]},{"damage_healed":0,"gold_gain":0,"player_choice":"Ignored","damage_taken":0,"max_hp_gain":0,"max_hp_loss":0,"event_name":"The Mausoleum","floor":20,"gold_loss":0},{"damage_healed":0,"gold_gain":0,"player_choice":"Forge","damage_taken":0,"max_hp_gain":0,"max_hp_loss":0,"event_name":"Accursed Blacksmith","floor":29,"gold_loss":0,"cards_upgraded":["Shrug It Off"]}],"is_beta":false,"boss_relics":[{"not_picked":["Cursed Key","Philosopher\u0027s Stone"],"picked":"Coffee Dripper"}],"items_purged_floors":[],"is_endless":false,"potions_floor_spawned":[3,7,11,16,24,31],"killed_by":"Champ","ascension_level":20}}