{"host":"kqmpijrcxbgb80ry","time":1611435817,"event":{"mods":["BaseMod","Colored Map","Colored Powertips","Duelist Mod","Highlight Path","Hubris","Infinite Spire","Mimic Mod","Minty Spire (QoL Compilation)","Permanent Neow","Replay The Spire","Shop Mod","StSLib","SuperFastMode"],"gold_per_floor":[119,139,139,159,217,250,250,250,250,285,305,317,317,95,95,194,194,208,208,208,218,218,218,245,245,296,296,319,319,319,339,339,443,443,489,533,533,533],"floor_reached":37,"language":"ENG","playtime":2575,"items_purged":["Iron Wave"],"score":547,"play_id":"57a6cc6b-1d06-4f6e-a19c-b3909455679d","local_time":"20210123160337","is_ascension_mode":false,"campfire_choices":[{"data":"Entrench","floor":8,"key":"SMITH"},{"data":"Rage","floor":13,"key":"SMITH"},{"data":"Demon Form","floor":15,"key":"SMITH"},{"data":"Armaments","floor":23,"key":"SMITH"},{"data":"Perfected Strike","floor":25,"key":"SMITH"},{"data":"Bash","floor":27,"key":"SMITH"},{"floor":32,"key":"REST"}],"circlet_count":0,"master_deck":["Strike_R","Strike_R","Strike_R","Strike_R+1","Strike_R","Defend_R","Defend_R+1","Defend_R","Defend_R","Bash+1","Perfected Strike+1","Armaments+1","Rage+1","Rampage","Twin Strike","Demon Form+1","Replay:Undeath\u0027s Touch","infinitespire:OneForAll","hubris:Despair","Twin Strike","Parasite"],"relics":["Burning Blood","Simple Rune","Kunai","Letter Opener","InkBottle","MealTicket","Bag of Marbles","Velvet Choker","Replay:Lucky Slots","hubris:MedicalManual","Lantern","ReplayTheSpireMod:Ring of Exchange","Ring of Searing","ClockworkSouvenir","infinitespire:EvilPickle"],"acts_visited":["Exordium","TheCity","TheBeyond"],"potions_floor_usage":[6,16,33,33,36],"damage_taken":[{"damage":2,"enemies":"2 Louse","floor":1,"turns":3},{"damage":3,"enemies":"Jaw Worm","floor":2,"turns":3},{"damage":2,"enemies":"Small Slimes","floor":4,"turns":4},{"damage":18,"enemies":"Replay:BlueRogue","floor":6,"turns":7},{"damage":36,"enemies":"Lagavulin","floor":10,"turns":5},{"damage":9,"enemies":"Exordium Wildlife","floor":11,"turns":3},{"damage":10,"enemies":"2 Fungi Beasts","floor":12,"turns":3},{"damage":32,"enemies":"The Guardian","floor":16,"turns":8},{"damage":12,"enemies":"2 Thieves","floor":18,"turns":4},{"damage":21,"enemies":"Spheric Guardian","floor":21,"turns":5},{"damage":20,"enemies":"theDuelist:KaibaA2","floor":24,"turns":4},{"damage":18,"enemies":"Snake Plant","floor":28,"turns":3},{"damage":7,"enemies":"Centurion and Healer","floor":31,"turns":3},{"damage":34,"enemies":"Pondfish","floor":33,"turns":6},{"damage":25,"enemies":"3 Darklings","floor":35,"turns":6},{"damage":14,"enemies":"Orb Walker","floor":36,"turns":3},{"damage":69,"enemies":"Writhing Mass","floor":37,"turns":5}],"seed_played":"-7067783639571240176","potions_obtained":[{"floor":2,"key":"Strength Potion"},{"floor":4,"key":"Toxic Potion"},{"floor":5,"key":"AttackPotion"},{"floor":6,"key":"SteroidPotion"},{"floor":21,"key":"AttackPotion"},{"floor":33,"key":"GamblersBrew"},{"floor":35,"key":"Weak Potion"}],"is_trial":false,"path_per_floor":["M","M","?","M","?","E","$","R","T","E","M","M","R","$","R","B",null,"M","?","AVR","M","?","R","E","R","T","R","M","?","?","M","R","B",null,"M","M","M"],"character_chosen":"IRONCLAD","items_purchased":["Demon Form","Bag of Marbles"],"campfire_rested":1,"item_purchase_floors":[14,14],"current_hp_per_floor":[80,80,80,80,80,68,68,68,68,38,35,31,31,46,46,20,80,74,74,74,59,59,59,45,45,45,45,33,33,33,32,56,28,80,61,53,0,0],"gold":533,"neow_bonus":"RANDOM_COMMON_RELIC","is_daily":false,"chose_seed":false,"campfire_upgraded":6,"win_rate":0.0,"timestamp":1611435817,"path_taken":["M","M","?","M","?","E","$","R","T","E","M","M","R","$","R","BOSS","M","?","AVR","M","?","R","E","R","T","R","?","?","?","M","R","BOSS","M","?","M"],"items_purchased_type":["Card","Relic"],"build_version":"2020-12-22","purchased_purges":1,"victory":false,"max_hp_per_floor":[80,80,80,80,80,80,80,80,80,80,80,80,80,80,80,80,80,80,80,80,80,80,80,80,80,80,80,80,80,80,80,80,80,80,80,80,80,80],"card_choices":[{"not_picked":["hubris:ReadiedAction","Second Wind"],"picked":"Entrench","floor":1},{"not_picked":["Abandon","Sword Boomerang"],"picked":"Perfected Strike","floor":2},{"not_picked":["ReplayTheSpireMod:Strike From Hell","Pummel"],"picked":"Iron Wave","floor":4},{"not_picked":["Havoc","Uppercut"],"picked":"Armaments","floor":5},{"not_picked":["Cleave","Heavy Blade"],"picked":"Rage","floor":6},{"not_picked":["Intimidate","Replay:Undeath\u0027s Touch","hubris:CleavingFinish"],"picked":"SKIP","floor":10},{"not_picked":["Iron Wave","ReplayTheSpireMod:Corrosion Curse"],"picked":"Rampage","floor":11},{"not_picked":["Twin Strike","Clash","Bloodletting"],"picked":"SKIP","floor":12},{"not_picked":["Clash","Bloodletting"],"picked":"Twin Strike","floor":12},{"not_picked":["Shockwave+1","Sentinel","Rage"],"picked":"SKIP","floor":18},{"not_picked":["True Grit","Disarm"],"picked":"Replay:Undeath\u0027s Touch","floor":21},{"not_picked":["Iron Wave","Perfected Strike","Burning Pact"],"picked":"SKIP","floor":24},{"not_picked":["ReplayTheSpireMod:Strike From Hell","Battle Trance+1"],"picked":"infinitespire:OneForAll","floor":28},{"not_picked":["hubris:ReadiedAction","Combust+1","Body Slam"],"picked":"SKIP","floor":31},{"not_picked":["Pommel Strike","Bloodletting+1","Armaments+1"],"picked":"SKIP","floor":35},{"not_picked":["Armaments","Warcry"],"picked":"Twin Strike","floor":36}],"player_experience":360921,"relics_obtained":[{"floor":5,"key":"Kunai"},{"floor":6,"key":"Letter Opener"},{"floor":9,"key":"InkBottle"},{"floor":10,"key":"MealTicket"},{"floor":24,"key":"hubris:MedicalManual"},{"floor":26,"key":"Lantern"},{"floor":29,"key":"ReplayTheSpireMod:Ring of Exchange"},{"floor":29,"key":"Ring of Searing"}],"event_choices":[{"damage_healed":0,"gold_gain":0,"player_choice":"Ignored","damage_taken":0,"max_hp_gain":0,"max_hp_loss":0,"event_name":"Golden Wing","floor":3,"gold_loss":0},{"cards_removed":["Entrench"],"damage_healed":0,"gold_gain":0,"player_choice":"Card Removal","damage_taken":0,"max_hp_gain":0,"max_hp_loss":0,"event_name":"Wheel of Change","floor":22,"gold_loss":0},{"damage_healed":0,"gold_gain":0,"player_choice":"Bought 0 Potions","damage_taken":0,"max_hp_gain":0,"max_hp_loss":0,"event_name":"The Woman in Blue","floor":30,"gold_loss":0}],"is_beta":false,"boss_relics":[{"not_picked":["Pandora\u0027s Box","hubris:VirtuousBlindfold"],"picked":"Velvet Choker"},{"not_picked":["hubris:ScarierMask","HandDrill"],"picked":"ClockworkSouvenir"}],"items_purged_floors":[20],"is_endless":false,"potions_floor_spawned":[2,4,6,12,21,24,33,35],"killed_by":"Writhing Mass","ascension_level":0}}