{"host":"kvo7eymyd21g9abd","time":1611366450,"event":{"mods":["AchievementEnabler","BaseMod","Bestiary","Colored Map","Minty Spire (QoL Compilation)","StSLib"],"gold_per_floor":[109,59,110,41,58,58,58,91,91,91,91,118,133,2,2,99,99,119,119,130,130,149,149,149,149,176,206,216,60,60,60,60,60,60],"floor_reached":33,"language":"ENG","playtime":885,"items_purged":[],"score":388,"play_id":"5e1ec0db-1d45-457b-8751-a4543ac0139c","local_time":"20210122204730","is_ascension_mode":true,"campfire_choices":[{"floor":6,"key":"RECALL"},{"floor":10,"key":"REST"},{"floor":15,"key":"REST"},{"floor":23,"key":"REST"},{"floor":25,"key":"REST"},{"floor":30,"key":"REST"},{"floor":32,"key":"REST"}],"circlet_count":0,"master_deck":["Strike_R","Strike_R","Strike_R","Strike_R","Defend_R","Defend_R","Defend_R","Defend_R","Bash","Transmutation","Heavy Blade","Inflame","Spot Weakness","Twin Strike","Cleave","Pummel","Offering","Cleave","Sword Boomerang","Flex"],"relics":["Burning Blood","Singing Bowl","Ice Cream","TungstenRod","Busted Crown","Strawberry","The Courier","Juzu Bracelet"],"acts_visited":["Exordium","TheCity"],"potions_floor_usage":[16,16,18],"damage_taken":[{"damage":4,"enemies":"2 Louse","floor":1,"turns":3},{"damage":7,"enemies":"Jaw Worm","floor":5,"turns":3},{"damage":40,"enemies":"Gremlin Nob","floor":8,"turns":4},{"damage":20,"enemies":"3 Sentries","floor":12,"turns":5},{"damage":0,"enemies":"Small Slimes","floor":13,"turns":3},{"damage":58,"enemies":"Hexaghost","floor":16,"turns":11},{"damage":12,"enemies":"3 Byrds","floor":18,"turns":4},{"damage":10,"enemies":"Chosen","floor":20,"turns":3},{"damage":20,"enemies":"Snake Plant","floor":22,"turns":4},{"damage":66,"enemies":"Slavers","floor":27,"turns":4},{"damage":12,"enemies":"Snecko","floor":28,"turns":3},{"damage":95,"enemies":"Automaton","floor":33,"turns":8}],"seed_played":"8676069518731311682","potions_obtained":[{"floor":12,"key":"Dexterity Potion"},{"floor":16,"key":"LiquidBronze"},{"floor":22,"key":"ElixirPotion"}],"is_trial":false,"path_per_floor":["M","?","?","$","M","R","T","E","T","R","?","E","M","$","R","B",null,"M","?","M","?","M","R","?","R","T","E","M","$","R","?","R","B"],"character_chosen":"IRONCLAD","items_purchased":["Inflame","Pummel","Block Potion","Flex","Juzu Bracelet"],"campfire_rested":6,"item_purchase_floors":[4,14,14,29,29],"current_hp_per_floor":[74,74,74,74,73,73,73,39,39,63,63,51,57,57,81,29,69,63,63,61,46,34,61,61,88,95,37,33,33,63,63,93,0,0],"gold":60,"neow_bonus":"RANDOM_COLORLESS_2","is_daily":false,"chose_seed":false,"campfire_upgraded":0,"win_rate":0.0,"timestamp":1611366450,"path_taken":["M","?","?","$","M","R","?","E","T","R","?","E","?","$","R","BOSS","M","?","M","?","M","R","?","R","T","E","M","$","R","?","R","BOSS"],"items_purchased_type":["Card","Card","Potion","Card","Relic"],"build_version":"2020-12-22","purchased_purges":0,"victory":false,"max_hp_per_floor":[80,80,80,80,80,80,80,80,80,80,80,82,82,82,82,82,82,82,82,84,89,91,91,91,91,98,100,102,102,102,102,102,102,102],"card_choices":[{"not_picked":["The Bomb","Chrysalis"],"picked":"Transmutation","floor":0},{"not_picked":["Sword Boomerang","Uppercut"],"picked":"Heavy Blade","floor":1},{"not_picked":["Clothesline","Perfected Strike"],"picked":"Spot Weakness","floor":5},{"not_picked":["Clash","Burning Pact"],"picked":"Twin Strike","floor":8},{"not_picked":["Thunderclap","Impervious","Clothesline"],"picked":"Singing Bowl","floor":12},{"not_picked":["Wild Strike","Havoc"],"picked":"Cleave","floor":13},{"not_picked":["Barricade","Immolate"],"picked":"Offering","floor":16},{"not_picked":[],"picked":"Cleave","floor":18},{"not_picked":["Thunderclap"],"picked":"Singing Bowl","floor":20},{"not_picked":["True Grit+1"],"picked":"Singing Bowl","floor":22},{"not_picked":["Warcry"],"picked":"Singing Bowl","floor":27},{"not_picked":["Rage+1"],"picked":"Singing Bowl","floor":28}],"player_experience":414930,"relics_obtained":[{"floor":7,"key":"Singing Bowl"},{"floor":8,"key":"Ice Cream"},{"floor":12,"key":"TungstenRod"},{"floor":26,"key":"Strawberry"},{"floor":27,"key":"The Courier"}],"event_choices":[{"cards_removed":["Normality"],"damage_healed":0,"gold_gain":0,"player_choice":"Card Removal","damage_taken":0,"max_hp_gain":0,"max_hp_loss":0,"event_name":"The Cleric","floor":2,"gold_loss":50},{"damage_healed":0,"gold_gain":51,"player_choice":"Gained Gold","damage_taken":0,"max_hp_gain":0,"max_hp_loss":0,"event_name":"Golden Wing","floor":3,"gold_loss":0},{"cards_removed":["Strike_R"],"damage_healed":0,"gold_gain":0,"player_choice":"Purged","damage_taken":0,"max_hp_gain":0,"max_hp_loss":0,"event_name":"Purifier","floor":11,"gold_loss":0},{"damage_healed":0,"gold_gain":0,"player_choice":"Read","damage_taken":0,"max_hp_gain":0,"max_hp_loss":0,"event_name":"The Library","floor":19,"gold_loss":0,"cards_obtained":["Sword Boomerang"]},{"damage_healed":0,"gold_gain":0,"player_choice":"Shed Blood","damage_taken":21,"max_hp_gain":5,"max_hp_loss":0,"event_name":"Forgotten Altar","floor":21,"gold_loss":0},{"damage_healed":0,"gold_gain":0,"player_choice":"Ignored","damage_taken":0,"max_hp_gain":0,"max_hp_loss":0,"event_name":"Beggar","floor":24,"gold_loss":0}],"is_beta":false,"boss_relics":[{"not_picked":["Fusion Hammer","Runic Dome"],"picked":"Busted Crown"}],"items_purged_floors":[],"is_endless":false,"potions_floor_spawned":[12,16,22],"killed_by":"Automaton","ascension_level":7}}