{"host":"3zmssa4s99zhxek5","time":1611362335,"event":{"mods":["AchievementEnabler","BaseMod","Minty Spire (QoL Compilation)","Permanent Neow","Relic Stats"],"gold_per_floor":[112,122,47,59,73,73,73,73],"floor_reached":7,"language":"KOR","playtime":731,"items_purged":[],"score":86,"play_id":"9aaa0757-85ca-4cff-a0f9-4f8be043894e","local_time":"20210123093855","is_ascension_mode":true,"campfire_choices":[{"floor":6,"key":"REST"}],"circlet_count":0,"master_deck":["AscendersBane","Strike_B","Strike_B","Strike_B","Defend_B","Defend_B","Defend_B","Defend_B","Zap","Dualcast","Coolheaded","Sweeping Beam","Lockon","Coolheaded"],"relics":["SlaversCollar"],"acts_visited":["Exordium"],"potions_floor_usage":[7,7],"damage_taken":[{"damage":9,"enemies":"Small Slimes","floor":1,"turns":6},{"damage":6,"enemies":"2 Louse","floor":2,"turns":3},{"damage":9,"enemies":"Cultist","floor":4,"turns":5},{"damage":19,"enemies":"Lots of Slimes","floor":5,"turns":3},{"damage":49,"enemies":"Gremlin Nob","floor":7,"turns":3}],"seed_played":"-7586569306005635671","potions_obtained":[{"floor":4,"key":"FearPotion"},{"floor":5,"key":"DuplicationPotion"}],"is_trial":false,"path_per_floor":["M","M","?","M","M","R","E"],"character_chosen":"DEFECT","items_purchased":[],"campfire_rested":1,"item_purchase_floors":[],"current_hp_per_floor":[55,49,49,40,21,42,0,0],"gold":73,"neow_bonus":"BOSS_RELIC","is_daily":false,"chose_seed":false,"campfire_upgraded":0,"win_rate":0.0,"timestamp":1611362335,"path_taken":["M","M","?","M","M","R","E"],"items_purchased_type":[],"build_version":"2020-12-22","purchased_purges":0,"victory":false,"max_hp_per_floor":[71,71,71,71,71,71,71,71],"relic_stats":{"counters":[5,20],"obtain_stats":[{"SlaversCollar":0,"Cracked Core":0},{"SlaversCollar":0,"Cracked Core":0},{"SlaversCollar":0,"Cracked Core":0}]},"card_choices":[{"not_picked":["Stack","Steam"],"picked":"Coolheaded","floor":1},{"not_picked":["Coolheaded","Scrape"],"picked":"Sweeping Beam","floor":2},{"not_picked":["Storm","Beam Cell"],"picked":"Lockon","floor":4},{"not_picked":["Gash","Rebound"],"picked":"Coolheaded","floor":5}],"player_experience":1563702,"relics_obtained":[],"event_choices":[{"cards_removed":["Strike_B"],"damage_healed":0,"gold_gain":0,"player_choice":"Card Removal","damage_taken":0,"max_hp_gain":0,"max_hp_loss":0,"event_name":"The Cleric","floor":3,"gold_loss":75}],"is_beta":false,"boss_relics":[],"items_purged_floors":[],"is_endless":false,"potions_floor_spawned":[4,5],"killed_by":"Gremlin Nob","ascension_level":20}}