{"host":"q8niu1x2pgv94o1d","time":1611439933,"event":{"mods":["AchievementEnabler","BaseMod","Colored Map","Colored Powertips","Minty Spire (QoL Compilation)","StSLib"],"gold_per_floor":[110,125,125,125,141,141,176,196,265,280,280,245,245,285,285,381,381,402,66,66,66,87,87,123,123,123,163,163,197,213,229,229,318,318,343,1342,1564,1564,1564,1564,1597,1597,1597,1622,1135,1135,1135,1175,1175,1175,1175],"floor_reached":50,"language":"ENG","playtime":3092,"items_purged":["Strike_G","Normality"],"score":1309,"play_id":"b00e6eac-6748-4b5b-b3f1-3816cd911d4c","local_time":"20210123231213","is_ascension_mode":true,"campfire_choices":[{"data":"Blade Dance","floor":6.0,"key":"SMITH"},{"data":"Accuracy","floor":11.0,"key":"SMITH"},{"data":"Blade Dance","floor":13.0,"key":"SMITH"},{"data":"Blur","floor":15.0,"key":"SMITH"},{"data":"Storm of Steel","floor":23.0,"key":"SMITH"},{"data":"Blade Dance","floor":25.0,"key":"SMITH"},{"floor":32,"key":"REST"},{"data":"Wraith Form v2","floor":40,"key":"SMITH"},{"data":"Apotheosis","floor":47,"key":"SMITH"},{"data":"Footwork","floor":49,"key":"SMITH"}],"circlet_count":0,"master_deck":["AscendersBane","Defend_G","Defend_G","Defend_G","Defend_G","Survivor","Neutralize","The Bomb+1","Blade Dance+1","Deadly Poison+1","Crippling Poison","Blade Dance+1","Accuracy+1","Blur+1","Storm of Steel+1","Reflex+1","A Thousand Cuts+1","Calculated Gamble","Expertise","Cloak And Dagger+1","Blade Dance+1","Concentrate","Dash+1","Wraith Form v2+1","Prepared+1","Normality","Acrobatics","Apotheosis+1","Well Laid Plans","Backflip","PanicButton","Footwork+1"],"relics":["Ring of the Snake","Golden Idol","Ice Cream","Darkstone Periapt","Juzu Bracelet","Astrolabe","PreservedInsect","War Paint","Turnip","Bottled Tornado","Red Mask","Nunchaku","Coffee Dripper","Bag of Marbles","Centennial Puzzle","Membership Card","Toy Ornithopter","Happy Flower","Anchor"],"acts_visited":["Exordium","TheCity","TheBeyond"],"potions_floor_usage":[33,35,50],"damage_taken":[{"damage":4.0,"enemies":"Jaw Worm","floor":1.0,"turns":3.0},{"damage":3.0,"enemies":"Small Slimes","floor":2.0,"turns":4.0},{"damage":0.0,"enemies":"Cultist","floor":5.0,"turns":3.0},{"damage":17.0,"enemies":"Lagavulin","floor":7.0,"turns":6.0},{"damage":0.0,"enemies":"2 Fungi Beasts","floor":8.0,"turns":2.0},{"damage":1.0,"enemies":"3 Louse","floor":10.0,"turns":4.0},{"damage":4.0,"enemies":"Gremlin Nob","floor":14.0,"turns":3.0},{"damage":0.0,"enemies":"The Guardian","floor":16.0,"turns":8.0},{"damage":0.0,"enemies":"3 Byrds","floor":18.0,"turns":3.0},{"damage":0.0,"enemies":"Spheric Guardian","floor":22.0,"turns":2.0},{"damage":0.0,"enemies":"Gremlin Leader","floor":24.0,"turns":3.0},{"damage":6.0,"enemies":"Masked Bandits","floor":27.0,"turns":3.0},{"damage":23,"enemies":"Book of Stabbing","floor":29,"turns":4},{"damage":0,"enemies":"3 Cultists","floor":30,"turns":3},{"damage":2,"enemies":"Centurion and Healer","floor":31,"turns":4},{"damage":51,"enemies":"Collector","floor":33,"turns":7},{"damage":0,"enemies":"Orb Walker","floor":35,"turns":1},{"damage":0,"enemies":"Reptomancer","floor":41,"turns":4},{"damage":11,"enemies":"3 Darklings","floor":44,"turns":3},{"damage":2,"enemies":"Nemesis","floor":48,"turns":3},{"damage":52,"enemies":"Time Eater","floor":50,"turns":10}],"seed_played":"3485969863839870185","potions_obtained":[{"floor":2.0,"key":"Fruit Juice"},{"floor":7.0,"key":"SkillPotion"},{"floor":8.0,"key":"SpeedPotion"},{"floor":18.0,"key":"Fire Potion"},{"floor":27.0,"key":"Regen Potion"},{"floor":33,"key":"Fruit Juice"},{"floor":35,"key":"Swift Potion"},{"floor":41,"key":"SkillPotion"}],"is_trial":false,"path_per_floor":["M","M","?","?","M","R","E","M","T","M","R","?","R","E","R","B",null,"M","$","?","?","M","R","E","R","T","?","?","E","M","M","R","B",null,"M","?","?","?","?","R","E","?","T","M","$","?","R","E","R","B"],"character_chosen":"THE_SILENT","items_purchased":["PreservedInsect","Calculated Gamble","Membership Card","Toy Ornithopter","Happy Flower","Well Laid Plans","Backflip","PanicButton"],"campfire_rested":1,"item_purchase_floors":[19,19,45,45,45,45,45,45],"current_hp_per_floor":[55,52,45,45,45,45,28,33,33,32,32,46,46,42,42,42,55,55,55,55,61,61,61,61,61,61,55,55,32,32,30,49,13,52,57,69,69,69,69,69,69,59,59,48,48,48,48,46,46,0,0],"gold":1175,"neow_bonus":"RANDOM_COLORLESS_2","is_daily":false,"chose_seed":false,"campfire_upgraded":9,"win_rate":0.0,"timestamp":1611439933,"path_taken":["M","M","?","?","M","R","E","M","T","M","R","?","R","E","R","BOSS","M","$","?","?","M","R","E","R","T","?","?","E","M","M","R","BOSS","M","?","?","?","?","R","E","?","T","M","?","?","R","E","R","BOSS"],"items_purchased_type":["Relic","Card","Relic","Relic","Relic","Card","Card","Card"],"build_version":"2020-12-22","purchased_purges":2,"victory":false,"max_hp_per_floor":[60,60,60,54,54,54,54,59,59,59,59,59,59,59,59,59,59,59,59,59,65,65,65,65,65,65,65,65,65,65,65,65,65,65,70,82,82,78,78,78,78,78,78,78,78,78,78,78,78,78,78],"card_choices":[{"not_picked":["Magnetism","Metamorphosis"],"picked":"The Bomb","floor":0.0},{"not_picked":["PiercingWail","Deadly Poison"],"picked":"Blade Dance","floor":1.0},{"not_picked":["Quick Slash","Tactician"],"picked":"Deadly Poison","floor":2.0},{"not_picked":["Outmaneuver","Tactician","All Out Attack"],"picked":"SKIP","floor":5.0},{"not_picked":["Outmaneuver","Tactician","All Out Attack"],"picked":"SKIP","floor":5.0},{"not_picked":["Deflect","Blur"],"picked":"Crippling Poison","floor":7.0},{"not_picked":["Crippling Poison","Dagger Spray"],"picked":"Blade Dance","floor":8.0},{"not_picked":["Outmaneuver","A Thousand Cuts"],"picked":"Accuracy","floor":10.0},{"not_picked":["Flechettes","Slice"],"picked":"Blur","floor":14.0},{"not_picked":["Doppelganger","Night Terror"],"picked":"Storm of Steel","floor":16.0},{"not_picked":["Eviscerate","Dash","Outmaneuver"],"picked":"SKIP","floor":18.0},{"not_picked":["PiercingWail","Sucker Punch"],"picked":"Cloak And Dagger+1","floor":22.0},{"not_picked":["Poisoned Stab","Skewer"],"picked":"Blade Dance","floor":24.0},{"not_picked":["Dagger Throw","Distraction","Expertise"],"picked":"SKIP","floor":29},{"not_picked":["Poisoned Stab","Outmaneuver"],"picked":"Concentrate","floor":30},{"not_picked":["Dagger Throw+1","Quick Slash"],"picked":"Dash+1","floor":31},{"not_picked":["Doppelganger","Envenom"],"picked":"Wraith Form v2","floor":33},{"not_picked":["Heel Hook+1","Backflip"],"picked":"Prepared+1","floor":35},{"not_picked":["Slice","Underhanded Strike+1"],"picked":"Acrobatics","floor":41},{"not_picked":["Trip","Madness"],"picked":"Apotheosis","floor":42},{"not_picked":["Crippling Poison","Underhanded Strike","Sucker Punch"],"picked":"SKIP","floor":44},{"not_picked":["Crippling Poison","Distraction"],"picked":"Footwork","floor":48}],"player_experience":1808589,"relics_obtained":[{"floor":7.0,"key":"Ice Cream"},{"floor":9.0,"key":"Darkstone Periapt"},{"floor":14.0,"key":"Juzu Bracelet"},{"floor":24.0,"key":"Turnip"},{"floor":26.0,"key":"Bottled Tornado"},{"floor":27.0,"key":"Red Mask"},{"floor":29,"key":"Nunchaku"},{"floor":41,"key":"Bag of Marbles"},{"floor":43,"key":"Centennial Puzzle"},{"floor":48,"key":"Anchor"}],"event_choices":[{"cards_removed":["Strike_G"],"damage_healed":0.0,"max_hp_gain":0.0,"max_hp_loss":0.0,"gold_gain":0.0,"event_name":"Golden Wing","player_choice":"Card Removal","floor":3.0,"gold_loss":0.0,"damage_taken":7.0},{"damage_healed":0.0,"max_hp_gain":0.0,"max_hp_loss":6.0,"gold_gain":0.0,"event_name":"Golden Idol","player_choice":"Lose Max HP","floor":4.0,"gold_loss":0.0,"damage_taken":0.0,"relics_obtained":["Golden Idol"]},{"damage_healed":14.0,"max_hp_gain":0.0,"max_hp_loss":0.0,"gold_gain":0.0,"event_name":"The Cleric","player_choice":"Healed","floor":12.0,"gold_loss":35.0,"damage_taken":0.0},{"damage_healed":0.0,"max_hp_gain":0.0,"max_hp_loss":0.0,"gold_gain":0.0,"cards_transformed":["Strike_G"],"event_name":"Transmorgrifier","player_choice":"Transformed","floor":20.0,"gold_loss":0.0,"damage_taken":0.0,"cards_obtained":["Expertise"]},{"damage_healed":0.0,"max_hp_gain":0.0,"max_hp_loss":0.0,"gold_gain":0.0,"event_name":"The Mausoleum","player_choice":"Opened","floor":21.0,"gold_loss":0.0,"damage_taken":0.0,"relics_obtained":["War Paint"],"cards_obtained":["Writhe"]},{"damage_healed":0.0,"max_hp_gain":0.0,"max_hp_loss":0.0,"gold_gain":0.0,"event_name":"Masked Bandits","player_choice":"Fought Bandits","floor":27.0,"gold_loss":0.0,"damage_taken":0.0},{"cards_removed":["Writhe"],"damage_healed":0.0,"max_hp_gain":0.0,"max_hp_loss":0.0,"gold_gain":0.0,"event_name":"Purifier","player_choice":"Purged","floor":28.0,"gold_loss":0.0,"damage_taken":0.0},{"damage_healed":0,"gold_gain":999,"player_choice":"Gold","damage_taken":0,"max_hp_gain":0,"max_hp_loss":0,"event_name":"MindBloom","floor":36,"gold_loss":0,"cards_obtained":["Normality","Normality"]},{"damage_healed":0,"gold_gain":222,"player_choice":"Wore Mask","damage_taken":0,"max_hp_gain":0,"max_hp_loss":0,"event_name":"Tomb of Lord Red Mask","floor":37,"gold_loss":0},{"damage_healed":0,"gold_gain":0,"player_choice":"Max HP","damage_taken":0,"max_hp_gain":0,"max_hp_loss":4,"event_name":"Winding Halls","floor":38,"gold_loss":0},{"damage_healed":0,"gold_gain":0,"player_choice":"Ignored","damage_taken":0,"max_hp_gain":0,"max_hp_loss":0,"event_name":"Mysterious Sphere","floor":39,"gold_loss":0},{"damage_healed":0,"gold_gain":0,"player_choice":"Memory 3","damage_taken":10,"max_hp_gain":0,"max_hp_loss":0,"event_name":"SensoryStone","floor":42,"gold_loss":0},{"cards_removed":["Bane"],"damage_healed":0,"gold_gain":0,"player_choice":"Removed Attack","damage_taken":0,"max_hp_gain":0,"max_hp_loss":0,"event_name":"Falling","floor":46,"gold_loss":0}],"is_beta":false,"boss_relics":[{"not_picked":["Snecko Eye","Pandora\u0027s Box"],"picked":"Astrolabe"},{"not_picked":["SlaversCollar","Runic Pyramid"],"picked":"Coffee Dripper"}],"items_purged_floors":[19,45],"is_endless":false,"potions_floor_spawned":[2,7,8,14,18,27,30,33,35,41,44],"killed_by":"Time Eater","ascension_level":20}}