{"host":"2gg06yzptsyvmpvy","time":1611364886,"event":{"mods":["2.2 Compatiblity","AchievementEnabler","Act Like it!","Aspiration","BaseMod","Beaked The Cultist","Best Route Mod","Bestiary","Better Note","Better Synergies","Challenge The Spire","ChefMod","Colored Map","Colored Powertips","Colorless Booster Pack","Conjunction","Curses Come First","Downfall","Energized Spire","Friendly Minions","GifTheSpireLib","Glutton Mod","GungeonMod","Halation","Highlight Path","Hubris","Jedi Mod","JesterMod","Minty Spire (QoL Compilation)","Pale of the Ancients","Permanent Neow","Quick Restart","Random Character Button","Relic Stats","Replay The Spire","Retaliation","Reworked Bosses","SCP261 Mod","Shade Mod","Small Relic Pack","Spicy Shops","Spikes Relics","StSLib","Stuff the Spire","SuperFastMode","Swap Starting Deck Mod","The Construct","The Hayseed","The Hierophant","The Jungle","The Runesmith","The Servant 0.9.4","Trackpad","Useless Jewels Mod","thorton","vexMod"],"gold_per_floor":[99,99,374,391,401,401,453,453,466,481,481,496,496,496,514,514,514,514],"floor_reached":16,"language":"ENG","playtime":466,"items_purged":[],"score":92,"play_id":"0b95e70f-fab9-4399-a7c9-701258fe7a4d","local_time":"20210122182126","is_ascension_mode":false,"campfire_choices":[{"data":"champ:MurderStrike","floor":1,"key":"SMITH"},{"data":"champ:Taunt","floor":6,"key":"SMITH"},{"data":"champ:BringItOn","floor":8,"key":"SMITH"},{"data":"champ:DefensiveShout","floor":11,"key":"SMITH"},{"data":"champ:DeathBlow","floor":13,"key":"SMITH"}],"circlet_count":0,"master_deck":["champ:Strike","champ:Strike","champ:Strike","champ:Strike","champ:Defend","champ:Defend","champ:Defend","champ:Defend","champ:Execute","champ:Taunt+1","champ:MurderStrike+1","champ:BringItOn+1","champ:EnGarde","champ:DefensiveShout+1","champ:FaceSlap","champ:DeathBlow+1","champ:UltimateStance"],"relics":["champ:ChampionCrown","halation:PinkSoulGem","hubris:OldNail"],"acts_visited":["Exordium"],"potions_floor_usage":[12],"damage_taken":[{"damage":30,"enemies":"Cultist","floor":4,"turns":4},{"damage":2,"enemies":"2 Louse","floor":5,"turns":2},{"damage":12,"enemies":"Small Slimes","floor":9,"turns":3},{"damage":29,"enemies":"Gremlin Gang","floor":10,"turns":4},{"damage":18,"enemies":"3 Louse","floor":12,"turns":2},{"damage":30,"enemies":"Large Slime","floor":15,"turns":4},{"damage":54,"enemies":"IC_STATUS_ARCHETYPE","floor":16,"turns":4}],"seed_played":"-8640948265569280748","potions_obtained":[{"floor":4,"key":"Milkshake"},{"floor":10,"key":"Toxic Potion"}],"is_trial":false,"path_per_floor":["R","?","?","M","M","R","T","R","M","M","R","M","R","?","M","B"],"character_chosen":"THE_CHAMP","items_purchased":[],"campfire_rested":0,"item_purchase_floors":[],"current_hp_per_floor":[81,81,81,71,69,69,69,69,67,58,58,50,50,50,35,0,0,0],"gold":514,"neow_bonus":"THREE_RARE_CARDS","is_daily":false,"chose_seed":false,"campfire_upgraded":5,"win_rate":0.0,"timestamp":1611364886,"path_taken":["R","?","?","M","M","R","T","R","M","?","R","M","R","?","M","BOSS"],"items_purchased_type":[],"build_version":"2020-12-22","purchased_purges":0,"victory":false,"max_hp_per_floor":[81,81,81,81,81,81,81,81,81,81,81,81,81,81,81,81,81,81],"relic_stats":{"counters":[7,23],"obtain_stats":[{"champ:ChampionCrown":0,"DemoMod:GlassGuonStoneRelic":4,"halation:PinkSoulGem":2,"hubris:OldNail":7},{"champ:ChampionCrown":0,"DemoMod:GlassGuonStoneRelic":1,"halation:PinkSoulGem":0,"hubris:OldNail":2},{"champ:ChampionCrown":0,"DemoMod:GlassGuonStoneRelic":4,"halation:PinkSoulGem":0,"hubris:OldNail":6}]},"card_choices":[{"not_picked":["champ:LastStand","champ:GladiatorForm"],"picked":"champ:MurderStrike","floor":0},{"not_picked":["champ:RapidStrikes","champ:FanOfKnives"],"picked":"champ:BringItOn","floor":4},{"not_picked":["champ:TornadoPunch","champ:FalseCounter"],"picked":"champ:EnGarde","floor":5},{"not_picked":["champ:ShieldSigil","champ:EndlessRage"],"picked":"champ:DefensiveShout","floor":9},{"not_picked":["champ:ShieldSigil","champ:FlashCut"],"picked":"champ:FaceSlap","floor":10},{"not_picked":["champ:ShieldSigil","champ:CrownThrow"],"picked":"champ:DeathBlow","floor":12},{"not_picked":["champ:FalseCounter","champ:FocusedBerserking"],"picked":"champ:UltimateStance","floor":15}],"player_experience":1177387,"relics_obtained":[{"floor":7,"key":"hubris:OldNail"}],"event_choices":[],"is_beta":false,"boss_relics":[],"items_purged_floors":[],"is_endless":false,"potions_floor_spawned":[4,10],"killed_by":"IC_STATUS_ARCHETYPE","ascension_level":0}}