{"host":"vqgrg90fv56geajp","time":1611410293,"event":{"mods":["BaseMod","Colored Map","Colored Powertips","Minty Spire (QoL Compilation)","Quick Restart","Rare Cards Sparkle","Relic Stats"],"gold_per_floor":[17,29,39,51,12,43,43,72,98,8,8,8],"floor_reached":11,"language":"ENG","playtime":642,"items_purged":[],"score":166,"play_id":"d1cff2d5-488e-4325-94bf-860ee5f206a6","local_time":"20210123155813","is_ascension_mode":true,"campfire_choices":[{"floor":7,"key":"REST"}],"circlet_count":0,"master_deck":["AscendersBane","Strike_B","Strike_B","Strike_B","Strike_B","Defend_B","Defend_B","Defend_B","Defend_B","Zap","Dualcast","Sweeping Beam","Gash","Rebound","Core Surge","Reinforced Body","Core Surge","Coolheaded","Capacitor","BootSequence","Barrage"],"relics":["Cracked Core","Gambling Chip","Dream Catcher","Blood Vial","Regal Pillow"],"acts_visited":[],"potions_floor_usage":[6,11],"damage_taken":[{"damage":1,"enemies":"Cultist","floor":1,"turns":3},{"damage":5,"enemies":"2 Louse","floor":2,"turns":2},{"damage":2,"enemies":"Jaw Worm","floor":3,"turns":3},{"damage":6,"enemies":"Blue Slaver","floor":4,"turns":4},{"damage":31,"enemies":"Gremlin Nob","floor":6,"turns":4},{"damage":34,"enemies":"Lagavulin","floor":8,"turns":11},{"damage":11,"enemies":"3 Sentries","floor":11,"turns":4}],"seed_played":"-2802244246584336176","potions_obtained":[{"floor":2,"key":"Explosive Potion"},{"floor":4,"key":"ColorlessPotion"}],"is_trial":false,"path_per_floor":["M","M","M","M","$","E","R","E","T","$","E"],"character_chosen":"DEFECT","items_purchased":["Reinforced Body","BootSequence","Barrage"],"campfire_rested":1,"item_purchase_floors":[5,10,10],"current_hp_per_floor":[63,58,56,50,50,19,40,6,6,6,0,0],"gold":8,"neow_bonus":"ONE_RARE_RELIC","is_daily":false,"chose_seed":false,"campfire_upgraded":0,"win_rate":0.0,"timestamp":1611410293,"path_taken":["M","M","M","M","$","E","R","E","T","?","E"],"items_purchased_type":["Card","Card","Card"],"build_version":"2020-12-22","purchased_purges":0,"victory":false,"max_hp_per_floor":[71,71,71,71,71,71,71,71,71,71,71,71],"relic_stats":{"Blood Vial":2,"Dream Catcher":1,"Regal Pillow":0,"counters":[7,31],"Gambling Chip":[18],"obtain_stats":[{"Blood Vial":8,"Dream Catcher":6,"Regal Pillow":9,"Gambling Chip":0,"Cracked Core":0},{"Blood Vial":6,"Dream Catcher":5,"Regal Pillow":6,"Gambling Chip":0,"Cracked Core":0},{"Blood Vial":27,"Dream Catcher":16,"Regal Pillow":27,"Gambling Chip":0,"Cracked Core":0}]},"card_choices":[{"not_picked":["Beam Cell","Barrage"],"picked":"Sweeping Beam","floor":1},{"not_picked":["Barrage","Reprogram"],"picked":"Gash","floor":2},{"not_picked":["Cold Snap","Hologram"],"picked":"Rebound","floor":3},{"not_picked":["Conserve Battery","Barrage"],"picked":"Core Surge","floor":4},{"not_picked":["Beam Cell","Compile Driver"],"picked":"Core Surge","floor":6},{"not_picked":["Defragment","Storm"],"picked":"Coolheaded","floor":7},{"not_picked":["Beam Cell","Reprogram"],"picked":"Capacitor","floor":8}],"player_experience":2490007,"relics_obtained":[{"floor":6,"key":"Dream Catcher"},{"floor":8,"key":"Blood Vial"},{"floor":9,"key":"Regal Pillow"}],"event_choices":[],"is_beta":false,"boss_relics":[],"items_purged_floors":[],"is_endless":false,"potions_floor_spawned":[2,4],"killed_by":"3 Sentries","ascension_level":20}}