{"host":"irwdypew7j0recua","time":1611420048,"event":{"mods":["AchievementEnabler","BaseMod","Better Third Choice","Better Vampires","BetterRewards","Conspire","Custom Start","Downfall","Googly Eyes","Hermit","Infinite Spire","KomeijiMod","Marisa????????","Minty Spire (QoL Compilation)","Quick Restart","Rare Cards Sparkle","Reworked Bosses","Shop Mod","Spicy Shops","StSLib","The Construct","The Cursed","The Necromancer","WarShipGirlsR/????R mod"],"gold_per_floor":[118,137,98,98,108,133,153,153,153,184,184,195,222,254,254,267,267],"floor_reached":16,"language":"ENG","playtime":667,"items_purged":[],"score":134,"play_id":"f4b18b1d-7c85-47ba-bf68-a0cb52deef63","local_time":"20210123144048","is_ascension_mode":true,"campfire_choices":[{"floor":8,"key":"REST"},{"data":"hermit:Scavenge","floor":11,"key":"SMITH"},{"data":"hermit:Adapt","floor":15,"key":"SMITH"}],"circlet_count":0,"master_deck":["hermit:Strike_Hermit","hermit:Strike_Hermit","hermit:Strike_Hermit","hermit:Strike_Hermit+1","hermit:Defend_Hermit","hermit:Defend_Hermit","hermit:Defend_Hermit","hermit:Defend_Hermit","hermit:Snapshot","hermit:Covet","hermit:HighCaliber+1","hermit:GoldenBullet+1","hermit:Adapt+1","hermit:Scavenge+1","hermit:LuckOfTheDraw","hermit:TakeAim"],"relics":["hermit:Momento","Oddly Smooth Stone","betterThird:SlimedRelic","Whetstone","Smiling Mask","Pear","infinitespire:Midas Blood"],"acts_visited":["Exordium"],"potions_floor_usage":[14],"damage_taken":[{"damage":14,"enemies":"Small Slimes","floor":1,"turns":4},{"damage":6,"enemies":"Jaw Worm","floor":2,"turns":3},{"damage":0,"enemies":"2 Louse","floor":5,"turns":3},{"damage":21,"enemies":"3 Sentries","floor":6,"turns":7},{"damage":5,"enemies":"Exordium Thugs","floor":7,"turns":3},{"damage":13,"enemies":"Lagavulin","floor":10,"turns":5},{"damage":0,"enemies":"2 Fungi Beasts","floor":12,"turns":2},{"damage":5,"enemies":"Blue Slaver","floor":13,"turns":3},{"damage":10,"enemies":"Gremlin Nob","floor":14,"turns":3},{"damage":22,"enemies":"Slime Boss","floor":16,"turns":7}],"seed_played":"3484284438855201255","potions_obtained":[{"floor":1,"key":"Guardian:BlockOnCardUsePotion"},{"floor":5,"key":"SkillPotion"},{"floor":6,"key":"Strength Potion"}],"is_trial":false,"path_per_floor":["M","M","?","?","M","E","M","R","T","E","R","M","M","E","R","B"],"character_chosen":"HERMIT","items_purchased":[],"campfire_rested":1,"item_purchase_floors":[],"current_hp_per_floor":[61,55,44,44,44,23,18,40,40,37,37,37,32,22,22,0,0],"gold":267,"neow_bonus":"RANDOM_COMMON_RELIC","is_daily":false,"chose_seed":false,"campfire_upgraded":2,"win_rate":0.0,"timestamp":1611420048,"path_taken":["M","M","?","?","M","E","M","R","T","E","R","M","M","E","R","BOSS"],"items_purchased_type":[],"build_version":"2020-12-22","purchased_purges":0,"victory":false,"max_hp_per_floor":[75,75,75,75,75,75,75,75,75,85,85,85,85,85,85,85,85],"card_choices":[{"not_picked":["hermit:BodyArmor","hermit:LoneWolf"],"picked":"hermit:HighCaliber","floor":1},{"not_picked":["hermit:Manifest","hermit:SprayPray"],"picked":"hermit:GoldenBullet","floor":2},{"not_picked":["hermit:Manifest","hermit:Misfire","hermit:Roulette"],"picked":"SKIP","floor":5},{"not_picked":["hermit:NoHoldsBarred","hermit:FullyLoaded"],"picked":"hermit:Adapt","floor":6},{"not_picked":["hermit:Vantage","hermit:Ricochet"],"picked":"hermit:Scavenge","floor":7},{"not_picked":["hermit:ShadowCloak","hermit:BodyArmor","hermit:Misfire"],"picked":"SKIP","floor":10},{"not_picked":["hermit:Gestalt","hermit:ItchyTrigger","hermit:FullyLoaded"],"picked":"SKIP","floor":12},{"not_picked":["hermit:Gestalt","hermit:ItchyTrigger"],"picked":"hermit:LuckOfTheDraw","floor":13},{"not_picked":["hermit:LowProfile","hermit:Feint"],"picked":"hermit:TakeAim","floor":14}],"player_experience":173057,"relics_obtained":[{"floor":6,"key":"Whetstone"},{"floor":9,"key":"Smiling Mask"},{"floor":10,"key":"Pear"},{"floor":14,"key":"infinitespire:Midas Blood"}],"event_choices":[{"damage_healed":0,"gold_gain":0,"player_choice":"Slimed","damage_taken":11,"max_hp_gain":0,"max_hp_loss":0,"event_name":"betterThird:BetterGoop","floor":3,"gold_loss":39},{"damage_healed":0,"gold_gain":0,"player_choice":"Grow","damage_taken":0,"max_hp_gain":0,"max_hp_loss":0,"event_name":"Living Wall","floor":4,"gold_loss":0,"cards_upgraded":["hermit:GoldenBullet"]}],"is_beta":false,"boss_relics":[],"items_purged_floors":[],"is_endless":false,"potions_floor_spawned":[1,5,6,12],"killed_by":"Slime Boss","ascension_level":2}}