{"host":"gobyjzz6xbwq9f9i","time":1611365087,"event":{"mods":["AchievementEnabler","BaseMod","Bestiary","Colored Map","Minty Spire (QoL Compilation)"],"gold_per_floor":[113,132,132,148,248,248,279,279,279,279,296,308,308,336,336,336,336],"floor_reached":16,"language":"ENG","playtime":564,"items_purged":[],"score":165,"play_id":"4f13737a-6c60-4893-bd56-798fa6d15af1","local_time":"20210122172447","is_ascension_mode":true,"campfire_choices":[{"data":"All Out Attack","floor":6,"key":"SMITH"},{"data":"Quick Slash","floor":8,"key":"SMITH"},{"data":"Backflip","floor":10,"key":"SMITH"},{"data":"Skewer","floor":15,"key":"SMITH"}],"circlet_count":0,"master_deck":["AscendersBane","Strike_G","Strike_G","Strike_G","Strike_G","Defend_G","Defend_G","Defend_G","Defend_G","Defend_G","Survivor","Neutralize","Slice","Quick Slash+1","All Out Attack+1","Backflip+1","Skewer+1","Burst"],"relics":["Ring of the Snake","HornCleat","Dream Catcher","Darkstone Periapt"],"acts_visited":["Exordium"],"potions_floor_usage":[7,14,16],"damage_taken":[{"damage":7,"enemies":"Jaw Worm","floor":1,"turns":6},{"damage":0,"enemies":"Small Slimes","floor":2,"turns":4},{"damage":0,"enemies":"Cultist","floor":4,"turns":3},{"damage":15,"enemies":"3 Sentries","floor":7,"turns":5},{"damage":4,"enemies":"Exordium Wildlife","floor":11,"turns":5},{"damage":0,"enemies":"Blue Slaver","floor":12,"turns":3},{"damage":14,"enemies":"Lagavulin","floor":14,"turns":6},{"damage":21,"enemies":"The Guardian","floor":16,"turns":7}],"seed_played":"4108026703775524867","potions_obtained":[{"floor":0,"key":"Dexterity Potion"},{"floor":0,"key":"Swift Potion"},{"floor":0,"key":"SpeedPotion"},{"floor":4,"key":"SteroidPotion"},{"floor":7,"key":"SkillPotion"}],"is_trial":false,"path_per_floor":["M","M","?","M","?","R","E","R","T","R","M","M","?","E","R","B"],"character_chosen":"THE_SILENT","items_purchased":[],"campfire_rested":0,"item_purchase_floors":[],"current_hp_per_floor":[56,56,56,56,56,56,41,41,41,41,37,37,30,16,16,0,0],"gold":336,"neow_bonus":"THREE_SMALL_POTIONS","is_daily":false,"chose_seed":false,"campfire_upgraded":4,"win_rate":0.0,"timestamp":1611365087,"path_taken":["M","M","?","M","?","R","E","R","T","R","M","?","?","E","R","BOSS"],"items_purchased_type":[],"build_version":"2020-12-22","purchased_purges":0,"victory":false,"max_hp_per_floor":[70,70,70,70,70,70,70,70,70,70,70,70,70,70,70,70,70],"card_choices":[{"not_picked":["Finisher","Acrobatics"],"picked":"Slice","floor":1},{"not_picked":["Sucker Punch","Terror"],"picked":"Quick Slash","floor":2},{"not_picked":["Flying Knee","Outmaneuver"],"picked":"All Out Attack","floor":4},{"not_picked":["Cloak And Dagger","Blade Dance"],"picked":"Backflip","floor":7},{"not_picked":["Sucker Punch","Prepared","Eviscerate"],"picked":"SKIP","floor":11},{"not_picked":["Phantasmal Killer","Bane"],"picked":"Skewer","floor":12},{"not_picked":["Predator","Endless Agony"],"picked":"Burst","floor":14}],"player_experience":1123123,"relics_obtained":[{"floor":7,"key":"HornCleat"},{"floor":9,"key":"Dream Catcher"},{"floor":14,"key":"Darkstone Periapt"}],"event_choices":[{"damage_healed":0,"gold_gain":0,"player_choice":"Ignored","damage_taken":0,"max_hp_gain":0,"max_hp_loss":0,"event_name":"Liars Game","floor":3,"gold_loss":0},{"damage_healed":0,"gold_gain":100,"player_choice":"Pray","damage_taken":0,"max_hp_gain":0,"max_hp_loss":0,"event_name":"Golden Shrine","floor":5,"gold_loss":0},{"cards_removed":["Strike_G"],"damage_healed":0,"gold_gain":0,"player_choice":"Card Removal","damage_taken":7,"max_hp_gain":0,"max_hp_loss":0,"event_name":"Golden Wing","floor":13,"gold_loss":0}],"is_beta":false,"boss_relics":[],"items_purged_floors":[],"is_endless":false,"potions_floor_spawned":[1,4,7],"killed_by":"The Guardian","ascension_level":10}}