{"host":"ebj6lkgm8suah319","time":1611376723,"event":{"mods":["2.2 Compatiblity","AchievementEnabler","BaseMod","Block Reminder","Colored Map","Colored Powertips","Minty Spire (QoL Compilation)","Quick Restart","Rare Cards Sparkle","Relic Stats","SuperFastMode"],"gold_per_floor":[20,38,38,38,57,57,98,5,29,52,68,107,107,138,138,233,233,256,166,91,114,139,177,177,216,289,329,329,329,350,383,383,473,473,498,498,523,523,542,542,578,593,593,631,631,631,206,240,240,240],"floor_reached":51,"language":"ENG","playtime":2331,"items_purged":["Strike_R","Defend_R"],"score":1615,"play_id":"6f4f3228-c4cf-4cc8-bed4-ca033f853bb4","local_time":"20210122233843","is_ascension_mode":true,"campfire_choices":[{"data":"Bash","floor":6,"key":"SMITH"},{"floor":13,"key":"REST"},{"data":"Spot Weakness","floor":15,"key":"SMITH"},{"floor":24,"key":"REST"},{"data":"Feel No Pain","floor":28,"key":"SMITH"},{"data":"Feel No Pain","floor":32,"key":"SMITH"},{"data":"Feed","floor":40,"key":"SMITH"},{"data":"Demon Form","floor":45,"key":"SMITH"},{"data":"Pommel Strike","floor":49,"key":"SMITH"}],"circlet_count":0,"master_deck":["AscendersBane","Defend_R","Defend_R+1","Defend_R","Bash+1","Feed+1","Feel No Pain+1","Pommel Strike+1","Dropkick","Carnage","Flash of Steel","Headbutt","Spot Weakness+1","Feel No Pain+1","Shrug It Off+1","Reaper","Clothesline+1","Heavy Blade+1","Combust+1","Offering+1","Corruption","Ghostly+1","Ghostly+1","Ghostly+1","Ghostly+1","Ghostly+1","Inflame","Feed+1","Pommel Strike+1","Sever Soul+1","Shrug It Off+1","Demon Form+1","Uppercut+1","Shrug It Off+1"],"relics":["Burning Blood","Golden Idol","Kunai","Gambling Chip","Lantern","Omamori","War Paint","Snecko Eye","Toxic Egg 2","Molten Egg 2","Shuriken","PreservedInsect","Strawberry","Empty Cage","Pantograph","Incense Burner","Frozen Egg 2","Membership Card","Happy Flower","Meat on the Bone","Oddly Smooth Stone"],"acts_visited":["Exordium","TheCity","TheBeyond"],"potions_floor_usage":[7,12,14,23,42,50,50],"damage_taken":[{"damage":0,"enemies":"2 Louse","floor":1,"turns":3},{"damage":16,"enemies":"Jaw Worm","floor":2,"turns":5},{"damage":0,"enemies":"Cultist","floor":5,"turns":3},{"damage":34,"enemies":"3 Sentries","floor":7,"turns":11},{"damage":14,"enemies":"Large Slime","floor":10,"turns":6},{"damage":18,"enemies":"Exordium Thugs","floor":11,"turns":4},{"damage":40,"enemies":"Lagavulin","floor":12,"turns":4},{"damage":0,"enemies":"Gremlin Nob","floor":14,"turns":2},{"damage":54,"enemies":"The Guardian","floor":16,"turns":15},{"damage":17,"enemies":"3 Byrds","floor":18,"turns":6},{"damage":0,"enemies":"Chosen","floor":21,"turns":3},{"damage":3,"enemies":"Centurion and Healer","floor":22,"turns":5},{"damage":74,"enemies":"Slavers","floor":23,"turns":6},{"damage":13,"enemies":"Book of Stabbing","floor":25,"turns":7},{"damage":8,"enemies":"Gremlin Leader","floor":27,"turns":3},{"damage":1,"enemies":"Chosen and Byrds","floor":30,"turns":6},{"damage":4,"enemies":"Slavers","floor":31,"turns":6},{"damage":41,"enemies":"Collector","floor":33,"turns":11},{"damage":0,"enemies":"3 Shapes","floor":35,"turns":9},{"damage":1,"enemies":"Orb Walker","floor":37,"turns":2},{"damage":2,"enemies":"Sphere and 2 Shapes","floor":39,"turns":3},{"damage":1,"enemies":"Nemesis","floor":41,"turns":7},{"damage":0,"enemies":"Writhing Mass","floor":42,"turns":6},{"damage":4,"enemies":"Reptomancer","floor":44,"turns":7},{"damage":6,"enemies":"Giant Head","floor":48,"turns":7},{"damage":38,"enemies":"Time Eater","floor":50,"turns":8}],"seed_played":"6573216962635739182","potions_obtained":[{"floor":1,"key":"Regen Potion"},{"floor":5,"key":"Regen Potion"},{"floor":10,"key":"FearPotion"},{"floor":12,"key":"BlessingOfTheForge"},{"floor":18,"key":"Swift Potion"},{"floor":23,"key":"SpeedPotion"},{"floor":25,"key":"PowerPotion"},{"floor":31,"key":"AttackPotion"}],"is_trial":false,"path_per_floor":["M","M","?","T","M","R","E","$","T","M","M","E","R","E","R","B",null,"M","?","$","M","M","E","R","E","T","E","R","?","M","E","R","B",null,"M","?","M","?","M","R","E","M","T","E","R","?","$","E","R","B",null],"character_chosen":"IRONCLAD","items_purchased":["Flash of Steel","Membership Card","Happy Flower","Meat on the Bone","SkillPotion"],"campfire_rested":2,"item_purchase_floors":[8,47,47,47,47],"current_hp_per_floor":[77,70,70,70,78,78,68,68,68,63,51,29,55,64,64,16,72,74,74,74,83,99,45,74,71,71,99,99,49,52,62,62,65,65,72,68,71,71,78,78,78,78,78,82,82,82,82,86,86,78],"gold":240,"neow_bonus":"THREE_RARE_CARDS","is_daily":false,"chose_seed":false,"campfire_upgraded":7,"win_rate":0.0,"timestamp":1611376723,"path_taken":["M","M","?","?","M","R","E","?","T","M","M","E","R","E","R","BOSS","M","?","$","?","M","E","R","E","T","E","R","?","M","E","R","BOSS","M","?","M","?","M","R","E","?","T","E","R","?","$","E","R","BOSS"],"items_purchased_type":["Card","Relic","Relic","Relic","Potion"],"build_version":"2020-12-22","purchased_purges":2,"victory":true,"max_hp_per_floor":[78,81,75,75,78,78,81,81,81,84,84,87,87,90,90,90,90,93,93,93,96,99,99,99,99,99,99,99,49,52,62,62,65,65,72,68,71,71,78,78,78,78,78,82,82,82,82,86,86,86],"relic_stats":{"Happy Flower":[5],"counters":[26,155],"Golden Idol":178,"PreservedInsect":280,"War Paint":["Shrug It Off","Defend_R"],"Burning Blood":101,"Shuriken":[24],"Gambling Chip":[76],"Pantograph":0,"Snecko Eye":[215,212,188,221],"Kunai":[53],"obtain_stats":[{"Lantern":9,"Happy Flower":47,"Golden Idol":3,"Oddly Smooth Stone":48,"PreservedInsect":27,"Omamori":12,"Incense Burner":43,"War Paint":14,"Frozen Egg 2":44,"Empty Cage":34,"Burning Blood":0,"Shuriken":26,"Gambling Chip":7,"Strawberry":31,"Pantograph":41,"Snecko Eye":17,"Molten Egg 2":25,"Kunai":4,"Membership Card":47,"Toxic Egg 2":23,"Meat on the Bone":47},{"Lantern":4,"Happy Flower":24,"Golden Idol":2,"Oddly Smooth Stone":25,"PreservedInsect":15,"Omamori":7,"Incense Burner":23,"War Paint":8,"Frozen Egg 2":24,"Empty Cage":18,"Burning Blood":0,"Shuriken":14,"Gambling Chip":4,"Strawberry":17,"Pantograph":22,"Snecko Eye":9,"Molten Egg 2":14,"Kunai":2,"Membership Card":24,"Toxic Egg 2":13,"Meat on the Bone":24},{"Lantern":22,"Happy Flower":140,"Golden Idol":8,"Oddly Smooth Stone":147,"PreservedInsect":83,"Omamori":36,"Incense Burner":133,"War Paint":38,"Frozen Egg 2":140,"Empty Cage":106,"Burning Blood":0,"Shuriken":80,"Gambling Chip":22,"Strawberry":95,"Pantograph":127,"Snecko Eye":53,"Molten Egg 2":80,"Kunai":8,"Membership Card":140,"Toxic Egg 2":73,"Meat on the Bone":140}],"Meat on the Bone":0},"card_choices":[{"not_picked":["Reaper","Corruption"],"picked":"Feed","floor":0},{"not_picked":["Evolve","Flex"],"picked":"Feel No Pain","floor":1},{"not_picked":["Iron Wave","Bloodletting"],"picked":"Pommel Strike","floor":2},{"not_picked":["Warcry","Infernal Blade"],"picked":"Dropkick","floor":5},{"not_picked":["Rampage","Shrug It Off"],"picked":"Carnage","floor":7},{"not_picked":["Havoc","Cleave"],"picked":"Headbutt","floor":10},{"not_picked":["Power Through","Searing Blow"],"picked":"Spot Weakness","floor":11},{"not_picked":["Heavy Blade","Berserk"],"picked":"Feel No Pain","floor":12},{"not_picked":["Bloodletting","Fire Breathing"],"picked":"Shrug It Off","floor":14},{"not_picked":["Feed","Double Tap"],"picked":"Reaper","floor":16},{"not_picked":["Cleave","Sentinel"],"picked":"Clothesline","floor":18},{"not_picked":["Sword Boomerang","Sentinel"],"picked":"Heavy Blade","floor":21},{"not_picked":["Wild Strike","Anger"],"picked":"Combust+1","floor":22},{"not_picked":["Twin Strike","Perfected Strike+1"],"picked":"Offering+1","floor":23},{"not_picked":["Fire Breathing","Dropkick+1"],"picked":"Corruption","floor":25},{"not_picked":["Pummel+1","Sever Soul+1","Metallicize"],"picked":"SKIP","floor":27},{"not_picked":["Clash+1","Searing Blow+1","Warcry+1"],"picked":"SKIP","floor":30},{"not_picked":["Havoc+1","Clash+1"],"picked":"Inflame","floor":31},{"not_picked":["Impervious+1","Offering+1"],"picked":"Feed+1","floor":33},{"not_picked":["Cleave+1","Sword Boomerang+1"],"picked":"Pommel Strike+1","floor":35},{"not_picked":["Twin Strike+1","Blood for Blood+1"],"picked":"Sever Soul+1","floor":37},{"not_picked":["Warcry+1","Iron Wave+1"],"picked":"Shrug It Off+1","floor":39},{"not_picked":["Double Tap+1","Headbutt+1"],"picked":"Demon Form","floor":41},{"not_picked":["Warcry+1","Whirlwind+1"],"picked":"Uppercut+1","floor":42},{"not_picked":["Iron Wave+1","Havoc+1"],"picked":"Shrug It Off+1","floor":44},{"not_picked":["Thunderclap+1","Anger+1","Searing Blow+1"],"picked":"SKIP","floor":48}],"player_experience":42537,"relics_obtained":[{"floor":4,"key":"Kunai"},{"floor":7,"key":"Gambling Chip"},{"floor":9,"key":"Lantern"},{"floor":12,"key":"Omamori"},{"floor":14,"key":"War Paint"},{"floor":23,"key":"Toxic Egg 2"},{"floor":25,"key":"Molten Egg 2"},{"floor":26,"key":"Shuriken"},{"floor":27,"key":"PreservedInsect"},{"floor":31,"key":"Strawberry"},{"floor":41,"key":"Pantograph"},{"floor":43,"key":"Incense Burner"},{"floor":44,"key":"Frozen Egg 2"},{"floor":48,"key":"Oddly Smooth Stone"}],"event_choices":[{"damage_healed":0,"gold_gain":0,"player_choice":"Lose Max HP","damage_taken":0,"relics_obtained":["Golden Idol"],"max_hp_gain":0,"max_hp_loss":6,"event_name":"Golden Idol","floor":3,"gold_loss":0},{"cards_removed":["Strike_R"],"damage_healed":0,"gold_gain":0,"player_choice":"Upgrade and Remove","damage_taken":0,"max_hp_gain":0,"max_hp_loss":0,"event_name":"Designer","floor":19,"gold_loss":90,"cards_upgraded":["Clothesline"]},{"damage_healed":0,"gold_gain":0,"player_choice":"Became a Ghost","damage_taken":0,"max_hp_gain":0,"max_hp_loss":50,"event_name":"Ghosts","floor":29,"gold_loss":0,"cards_obtained":["Ghostly","Ghostly","Ghostly","Ghostly","Ghostly"]},{"damage_healed":0,"gold_gain":0,"player_choice":"Max HP","damage_taken":0,"max_hp_gain":0,"max_hp_loss":4,"event_name":"Winding Halls","floor":36,"gold_loss":0},{"damage_healed":0,"gold_gain":0,"player_choice":"Upgraded","damage_taken":0,"max_hp_gain":0,"max_hp_loss":0,"event_name":"Upgrade Shrine","floor":38,"gold_loss":0,"cards_upgraded":["Heavy Blade"]},{"cards_removed":["Strike_R"],"damage_healed":0,"gold_gain":0,"player_choice":"Purged","damage_taken":0,"max_hp_gain":0,"max_hp_loss":0,"event_name":"Purifier","floor":46,"gold_loss":0}],"is_beta":false,"boss_relics":[{"not_picked":["Runic Dome","Velvet Choker"],"picked":"Snecko Eye"},{"not_picked":["Mark of Pain","Tiny House"],"picked":"Empty Cage"}],"items_purged_floors":[20,47],"is_endless":false,"potions_floor_spawned":[1,5,10,12,18,23,25,31,35,37,39],"ascension_level":14}}