{"host":"ua86kx5x377bzm1z","time":1611436496,"event":{"mods":["BaseMod","Colored Map","DeckTracker","Infinite Spire","Minty Spire (QoL Compilation)","Replay The Spire","StSLib"],"gold_per_floor":[112,132,147,160,173,173,192,208,208,239,239,164,164,90,90,187,187,27,27,27,27,47,47,47],"floor_reached":23,"language":"ENG","playtime":2176,"items_purged":["Strike_R"],"score":191,"play_id":"ede7e98d-ed0e-4830-bd0c-a6493e00e4b5","local_time":"20210123221456","is_ascension_mode":false,"campfire_choices":[{"data":"Armaments","floor":6,"key":"SMITH"},{"data":"Armaments","floor":11,"key":"SMITH"},{"data":"True Grit","floor":13,"key":"SMITH"},{"data":"Rage","floor":15,"key":"SMITH"}],"circlet_count":0,"master_deck":["Strike_R","Strike_R","Strike_R","Strike_R","Defend_R","Defend_R","Defend_R","Defend_R","Bash","Iron Wave","Inflame","ReplayTheSpireMod:Stacked","Armaments+1","Body Slam","Armaments+1","True Grit+1","Cleave","Rage+1","CurseOfTheBell","ReplayTheSpireMod:Faulty Equipment","Body Slam+1","Body Slam+1"],"relics":["Burning Blood","Orichalcum","Replay:Mystery Machine","Replay:Ancient Bell","PreservedInsect","Matryoshka","Replay:Multitool"],"acts_visited":["Exordium","TheCity"],"potions_floor_usage":[10,10],"damage_taken":[{"damage":4,"enemies":"Small Slimes","floor":1,"turns":4},{"damage":15,"enemies":"infinitespire:Voidling","floor":2,"turns":4},{"damage":1,"enemies":"2 Louse","floor":3,"turns":3},{"damage":24,"enemies":"Large Slime","floor":4,"turns":8},{"damage":7,"enemies":"Looter","floor":5,"turns":4},{"damage":4,"enemies":"Exordium Thugs","floor":7,"turns":5},{"damage":6,"enemies":"Large Slime","floor":8,"turns":11},{"damage":9,"enemies":"3 Sentries","floor":10,"turns":9},{"damage":31,"enemies":"The Guardian","floor":16,"turns":20},{"damage":14,"enemies":"2 Thieves","floor":18,"turns":4},{"damage":43,"enemies":"Chosen","floor":22,"turns":8},{"damage":37,"enemies":"Snecko","floor":23,"turns":6}],"seed_played":"-7167197060080245129","potions_obtained":[{"floor":3,"key":"Toxic Potion"},{"floor":4,"key":"Energy Potion"},{"floor":8,"key":"ColorlessPotion"},{"floor":22,"key":"SteroidPotion"}],"is_trial":false,"path_per_floor":["M","M","M","M","M","R","M","M","T","E","R","$","R","$","R","B",null,"M","?","PTL","PTL","M","M"],"character_chosen":"IRONCLAD","items_purchased":["Rage"],"campfire_rested":0,"item_purchase_floors":[14],"current_hp_per_floor":[80,78,80,62,61,61,63,63,63,60,60,60,60,60,60,35,80,72,72,72,72,35,0,0],"gold":47,"neow_bonus":"THREE_CARDS","is_daily":false,"chose_seed":false,"campfire_upgraded":4,"win_rate":0.0,"timestamp":1611436496,"path_taken":["M","M","M","M","M","R","M","M","T","E","R","$","R","$","R","BOSS","M","?","PTL","PTL","M","M"],"items_purchased_type":["Card"],"build_version":"2020-12-13","purchased_purges":1,"victory":false,"max_hp_per_floor":[80,80,80,80,80,80,80,80,80,80,80,80,80,80,80,80,80,80,80,80,80,80,80,80],"card_choices":[{"not_picked":["Body Slam","Infernal Blade"],"picked":"Iron Wave","floor":0.0},{"not_picked":["Pommel Strike","Sword Boomerang"],"picked":"Inflame","floor":1},{"not_picked":["Dropkick","Run Through"],"picked":"ReplayTheSpireMod:Stacked","floor":2},{"not_picked":["Combust","ReplayTheSpireMod:Strike From Hell"],"picked":"Armaments","floor":3},{"not_picked":["Disarm","Massacre"],"picked":"Body Slam","floor":4},{"not_picked":["Clash","Demonic Infusion"],"picked":"Armaments","floor":5},{"not_picked":["Replay:Undeath\u0027s Touch","Cleave"],"picked":"True Grit","floor":7},{"not_picked":["Iron Wave","ReplayTheSpireMod:Limb From Limb","Perfected Strike"],"picked":"SKIP","floor":8},{"not_picked":["Perfected Strike","Fire Breathing"],"picked":"Cleave","floor":10},{"not_picked":["Replay:Hysterical Blindness","Spreading Infection"],"picked":"CurseOfTheBell","floor":17},{"not_picked":["Looming Evil","CurseOfTheBell"],"picked":"ReplayTheSpireMod:IOU","floor":17},{"not_picked":["ReplayTheSpireMod:Splinters","AbeCurse"],"picked":"ReplayTheSpireMod:Faulty Equipment","floor":17},{"not_picked":["Abandon+1","Hemokinesis"],"picked":"Body Slam+1","floor":18},{"not_picked":["ReplayTheSpireMod:Limb From Limb+1","Sever Soul+1"],"picked":"Body Slam+1","floor":22}],"player_experience":5170,"relics_obtained":[{"floor":9,"key":"Orichalcum"},{"floor":10,"key":"Replay:Mystery Machine"}],"event_choices":[{"damage_healed":0,"gold_gain":0,"player_choice":"Ignored","damage_taken":0,"max_hp_gain":0,"max_hp_loss":0,"event_name":"The Mausoleum","floor":19,"gold_loss":0}],"is_beta":false,"boss_relics":[{"not_picked":["Honey Jar","Calling Bell"],"picked":"Replay:Ancient Bell"},{"not_picked":["Replay:Wax Seal","MawBank"],"picked":"PreservedInsect"},{"not_picked":["Mirror","infinitespire:Midas Blood"],"picked":"Matryoshka"},{"not_picked":["Replay:PocketPolymizer","Charon\u0027s Ashes"],"picked":"Replay:Multitool"}],"items_purged_floors":[12],"is_endless":false,"potions_floor_spawned":[3,4,8,22],"killed_by":"Snecko","ascension_level":0}}