{"host":"j1scnswqkwb5ezp5","time":1611411096,"event":{"mods":["Act Like it!","BaseMod","Hallownest","Minty Spire (QoL Compilation)","StSLib","The Bug Knight"],"gold_per_floor":[111,123,194,119,44,44,84,124,124,153,173,186,213,233,233,337,337,347,367,367,381,433,466,466,499,499,915,825,825,836,527,527,628,628,648,389,409,427,447,461,621,621,647,676,686,386,411,426,426,426],"floor_reached":51,"language":"ZHS","playtime":1991,"items_purged":[],"score":1100,"play_id":"e6633d53-2bc4-4f3a-a33b-967310641b3c","local_time":"20210123221136","daily_mods":["SealedDeck","Uncertain Future","Binary"],"is_ascension_mode":true,"campfire_choices":[{"data":"HollowMod:MantisMark","floor":6.0,"key":"SMITH"},{"data":"HollowMod:LifebloodCocoon","floor":15.0,"key":"SMITH"},{"data":"HollowMod:CycloneSlash","floor":24.0,"key":"SMITH"},{"data":"HollowMod:DashSlash","floor":29.0,"key":"SMITH"},{"data":"HollowMod:WraithStrike","floor":32.0,"key":"SMITH"},{"data":"HollowMod:SharpenedShadows","floor":42.0,"key":"SMITH"},{"floor":49,"key":"REST"}],"circlet_count":0,"master_deck":["HollowMod:LifebloodCocoon+1","HollowMod:DashSlash+1","HollowMod:SharpenedShadows+1","HollowMod:WraithStrike+1","HollowMod:CycloneSlash+1","HollowMod:DescendingDark","HollowMod:DescendingDark","HollowMod:VengefulVoid","HollowMod:ShadowDash+1","HollowMod:MantisMark+1","Hallownest:skillGreenpathMap+1","HollowMod:VengefulVoid"],"relics":["Busted Crown","Hallownest:BankAccountRelic","Orichalcum","Ice Cream","Art of War","SlaversCollar","Vajra","HollowMod:IsmasTear","Centennial Puzzle","Hallownest:StagBellRelic1","ClockworkSouvenir","Omamori","Velvet Choker","War Paint","Nunchaku","Hallownest:GodTamersBeastRelic","Dream Catcher","Bottled Flame","Kunai"],"acts_visited":["Hallownest:Greenpath","Hallownest:CityofTears","Hallownest:KingdomsEdge"],"potions_floor_usage":[45,50],"damage_taken":[{"damage":0.0,"enemies":"2_ Uuma","floor":1.0,"turns":1.0},{"damage":0.0,"enemies":"Hallownest:2_Baldur","floor":2.0,"turns":1.0},{"damage":0.0,"enemies":"Hallownest:eliteVengeflyKing","floor":10.0,"turns":3.0},{"damage":0.0,"enemies":"Hallownest:monsterHuskWarrior","floor":11.0,"turns":2.0},{"damage":0.0,"enemies":"Hallownest:1_Baldur_1_Crawlid_1_Warrior","floor":12.0,"turns":2.0},{"damage":0.0,"enemies":"Hallownest:eliteMossKnight","floor":13.0,"turns":2.0},{"damage":0.0,"enemies":"Hallownest:1_Ooma_and_2_Uuma","floor":14.0,"turns":2.0},{"damage":19.0,"enemies":"Hallownest:BossFalseKnight","floor":16.0,"turns":7.0},{"damage":0.0,"enemies":"Hallownest:3_Youths","floor":18.0,"turns":4.0},{"damage":1.0,"enemies":"Hallownest:Flukemon_and_Top","floor":19.0,"turns":3.0},{"damage":3.0,"enemies":"Hallownest:monsterMisterMushroom","floor":21.0,"turns":4.0},{"damage":9.0,"enemies":"Hallownest:Glutton_and_Coward","floor":22.0,"turns":2.0},{"damage":0.0,"enemies":"Hallownest:eliteSoulWarrior","floor":23.0,"turns":5.0},{"damage":0.0,"enemies":"Hallownest:eliteWatcherKnight","floor":25.0,"turns":7.0},{"damage":0.0,"enemies":"Hallownest:2_Flukemon","floor":30.0,"turns":4.0},{"damage":0.0,"enemies":"Hallownest:BossGrimm","floor":33.0,"turns":7.0},{"damage":0.0,"enemies":"Hallownest:Shield_Heavy","floor":35.0,"turns":3.0},{"damage":0.0,"enemies":"Hallownest:3_Siblings","floor":37.0,"turns":4.0},{"damage":0.0,"enemies":"Hallownest:Shield_Sturdy","floor":38.0,"turns":3.0},{"damage":19.0,"enemies":"Hallownest:Slobbering_and_Violent","floor":39.0,"turns":4.0},{"damage":0.0,"enemies":"Hallownest:2_Wandering_and_1_Horned","floor":40.0,"turns":3.0},{"damage":0.0,"enemies":"Hallownest:2_Wandering_and_1_Horned","floor":41.0,"turns":3.0},{"damage":0.0,"enemies":"Hallownest:2_Wandering_and_1_Horned","floor":41.0,"turns":3.0},{"damage":0.0,"enemies":"Hallownest:2_Wandering_and_1_Horned","floor":41.0,"turns":3.0},{"damage":0.0,"enemies":"Hallownest:2_Wandering_and_1_Horned","floor":41.0,"turns":2.0},{"damage":0.0,"enemies":"Hallownest:eliteCollector","floor":44.0,"turns":5.0},{"damage":0,"enemies":"Hallownest:2_Soldiers_and_1_Guardian","floor":45,"turns":2},{"damage":0,"enemies":"Hallownest:eliteHiveKnight","floor":47,"turns":5},{"damage":13,"enemies":"Hallownest:monsterPrimalAspid","floor":48,"turns":3},{"damage":12,"enemies":"Hallownest:BossGreyPrinceZote","floor":50,"turns":6}],"seed_played":"2316291962024993493","potions_obtained":[{"floor":2.0,"key":"SteroidPotion"},{"floor":10.0,"key":"Fire Potion"},{"floor":18.0,"key":"ColorlessPotion"},{"floor":21.0,"key":"DuplicationPotion"},{"floor":44.0,"key":"BlessingOfTheForge"},{"floor":45,"key":"Block Potion"}],"is_trial":true,"path_per_floor":["M","M","?","?","?","R","$","$","T","E","M","M","E","M","R","B",null,"M","M","?","M","M","E","R","E","T","?","?","R","M","$","R","B",null,"M","$","M","M","M","M","?","R","T","E","M","?","E","M","R","B",null],"character_chosen":"THE_BUGKNIGHT","items_purchased":["ClockworkSouvenir","HollowMod:VengefulVoid","Omamori","War Paint","Nunchaku"],"campfire_rested":1,"item_purchase_floors":[31,31,31,36,36],"current_hp_per_floor":[75,75,75,75,75,75,75,75,75,75,75,75,75,75,75,56,75,75,74,74,71,62,62,62,62,62,62,62,62,62,62,62,62,75,75,75,75,75,56,56,56,56,56,56,56,56,56,43,65,53],"gold":426,"neow_bonus":"","is_daily":false,"chose_seed":false,"campfire_upgraded":6,"win_rate":0.0,"timestamp":1611411096,"path_taken":["M","M","?","?","?","R","?","$","T","E","M","M","E","M","R","BOSS","M","M","?","M","M","E","R","E","T","?","?","R","M","$","R","BOSS","M","$","M","M","M","M","?","R","T","E","?","?","E","M","R","BOSS"],"items_purchased_type":["Relic","Card","Relic","Relic","Relic"],"build_version":"2020-12-22","purchased_purges":0,"victory":true,"max_hp_per_floor":[75,75,75,75,75,75,75,75,75,75,75,75,75,75,75,75,75,75,75,75,75,75,75,75,75,75,75,75,75,75,75,75,75,75,75,75,75,75,75,75,75,75,75,75,75,75,75,75,75,75],"card_choices":[],"player_experience":295765,"relics_obtained":[{"floor":9.0,"key":"Orichalcum"},{"floor":10.0,"key":"Ice Cream"},{"floor":13.0,"key":"Art of War"},{"floor":23.0,"key":"HollowMod:IsmasTear"},{"floor":26.0,"key":"Centennial Puzzle"},{"floor":43.0,"key":"Dream Catcher"},{"floor":44.0,"key":"Bottled Flame"},{"floor":47,"key":"Kunai"}],"event_choices":[],"is_beta":false,"boss_relics":[{"not_picked":["SacredBark","Calling Bell"],"picked":"SlaversCollar"},{"not_picked":["Snecko Eye","Runic Pyramid"],"picked":"Velvet Choker"}],"items_purged_floors":[],"is_endless":false,"potions_floor_spawned":[2,10,18,19,21,33,35,37,39,41,44,45,48],"ascension_level":1}}