{"host":"37ccm3d17clopct7","time":1611392190,"event":{"mods":["BaseMod","Lobotomy","Minty Spire (QoL Compilation)","READ ME - Snecko Mod","StSLib","The Bug Knight","The Cursed","The Hierophant","The Runesmith"],"gold_per_floor":[213,223,223,223,45,45,45,45,99,126,126,148,188,210,210,210,210],"floor_reached":16,"language":"KOR","playtime":633,"items_purged":[],"score":100,"play_id":"9f33e71d-be80-495a-bacf-1f99fb4ab9df","local_time":"20210123175630","is_ascension_mode":false,"campfire_choices":[{"data":"hierophant:ChurchCoffers","floor":6,"key":"SMITH"},{"data":"hierophant:Punish","floor":8,"key":"SMITH"},{"data":"hierophant:MorningPrayer","floor":11,"key":"SMITH"},{"floor":15,"key":"REST"}],"circlet_count":0,"master_deck":["hierophant:Strike_Hierophant","hierophant:Strike_Hierophant","hierophant:Strike_Hierophant","hierophant:Strike_Hierophant","hierophant:Punish+1","hierophant:Defend_Hierophant","hierophant:Defend_Hierophant","hierophant:Defend_Hierophant","hierophant:ChurchCoffers+1","hierophant:ThreeLashes","hierophant:Doubloon","hierophant:MorningPrayer+1","hierophant:OrnateBuckler","hierophant:Endure"],"relics":["hierophant:PropheticMaskRelic","Anchor","Bag of Preparation","Mummified Hand"],"acts_visited":["Exordium"],"potions_floor_usage":[16],"damage_taken":[{"damage":2,"enemies":"2 Louse","floor":1,"turns":2},{"damage":0,"enemies":"Small Slimes","floor":2,"turns":3},{"damage":0,"enemies":"Cultist","floor":10,"turns":2},{"damage":0,"enemies":"2 Fungi Beasts","floor":12,"turns":2},{"damage":22,"enemies":"Lagavulin","floor":13,"turns":10},{"damage":4,"enemies":"Large Slime","floor":14,"turns":5},{"damage":76,"enemies":"The Guardian","floor":16,"turns":15}],"seed_played":"-3905978950806118307","potions_obtained":[{"floor":1,"key":"Strength Potion"},{"floor":2,"key":"PowerPotion"},{"floor":12,"key":"FearPotion"}],"is_trial":false,"path_per_floor":["M","M","?","?","$","R","?","R","T","M","R","M","E","M","R","B"],"character_chosen":"HIEROPHANT","items_purchased":["Anchor","hierophant:Doubloon"],"campfire_rested":1,"item_purchase_floors":[5,5],"current_hp_per_floor":[73,73,73,78,78,78,78,78,78,78,78,78,56,52,76,0,0],"gold":210,"neow_bonus":"HUNDRED_GOLD","is_daily":false,"chose_seed":false,"campfire_upgraded":3,"win_rate":0.0,"timestamp":1611392190,"path_taken":["M","M","?","?","$","R","?","R","T","?","R","M","E","M","R","BOSS"],"items_purchased_type":["Relic","Card"],"build_version":"2020-12-22","purchased_purges":0,"victory":false,"max_hp_per_floor":[75,75,75,80,80,80,80,80,80,80,80,80,80,80,80,80,80],"card_choices":[{"not_picked":["hierophant:CursedGold","hierophant:RustyCrate"],"picked":"hierophant:ThreeLashes","floor":1},{"not_picked":["hierophant:Flagellation","hierophant:PassingBell","hierophant:Martyrdom"],"picked":"SKIP","floor":2},{"not_picked":["hierophant:FieryStrike","hierophant:Embezzle","hierophant:DisplayOfPower"],"picked":"SKIP","floor":10},{"not_picked":["hierophant:HolyVerse","hierophant:Empathy"],"picked":"hierophant:OrnateBuckler","floor":12},{"not_picked":["hierophant:Encroach","hierophant:Flagellation","hierophant:OrnateJavelin"],"picked":"SKIP","floor":13},{"not_picked":["hierophant:Flagellation","hierophant:Purify"],"picked":"hierophant:Endure","floor":14}],"player_experience":94594,"relics_obtained":[{"floor":9,"key":"Bag of Preparation"},{"floor":13,"key":"Mummified Hand"}],"event_choices":[{"damage_healed":0,"gold_gain":0,"player_choice":"Ignored","damage_taken":0,"max_hp_gain":0,"max_hp_loss":0,"event_name":"Golden Idol","floor":3,"gold_loss":0},{"damage_healed":0,"gold_gain":0,"player_choice":"Donut","damage_taken":0,"max_hp_gain":5,"max_hp_loss":0,"event_name":"Big Fish","floor":4,"gold_loss":0},{"damage_healed":0,"gold_gain":0,"cards_transformed":["hierophant:Defend_Hierophant"],"player_choice":"Transformed","damage_taken":0,"max_hp_gain":0,"max_hp_loss":0,"event_name":"Transmorgrifier","floor":7,"gold_loss":0,"cards_obtained":["hierophant:MorningPrayer"]}],"is_beta":false,"boss_relics":[],"items_purged_floors":[],"is_endless":false,"potions_floor_spawned":[1,2,12],"killed_by":"The Guardian","ascension_level":0}}