{"host":"awrw1gk2acwismlg","time":1611374913,"event":{"mods":["100% Spire Juice","ATMod(∞¢Ë™Mod)","BaseMod","Hero for Fun","KinomotoSakuraMod(ƒæ÷Æ±æ”£)","Marisa£®ÏF”Í°°ƒß¿Ì…≥£©","Minty Spire (QoL Compilation)","Remilia£®¿Ÿ√◊¿Ú—«£©","Robot Space Explorer","Small Relic Pack","StSLib","The Dragon Tamer","Wide Potions","Yakumo Yukari mod","Youmu£®ªÍ∆«—˝√Œ£©","°æ“≈ŒÔø®≈∆°øREMEMod"],"gold_per_floor":[119,145,163,180,180,180,208,208,208,94,124,144,160,194,194,291,291,304,304,61,71,83,83,83,83,83,116,116,142,162,31,31,136,136,150,25,25,25,76,105,0,0,27,57,68,93,109,109,109,109],"floor_reached":51,"language":"ZHS","playtime":2722,"items_purged":["Strike_R","Defend_R","Defend_R"],"score":981,"play_id":"ea1e5337-f904-4a0c-8205-838845a2536c","local_time":"20210123120833","is_ascension_mode":true,"campfire_choices":[{"data":"AT_FamilyPortrait","floor":6.0,"key":"SMITH"},{"data":"Inflame","floor":8.0,"key":"SMITH"},{"data":"Heavy Blade","floor":15.0,"key":"SMITH"},{"data":"Limit Break","floor":23.0,"key":"SMITH"},{"data":"Inflame","floor":25.0,"key":"SMITH"},{"data":"Heavy Blade","floor":28.0,"key":"SMITH"},{"data":"Inflame","floor":32,"key":"SMITH"},{"floor":42,"key":"REST"},{"data":"Heavy Blade","floor":49,"key":"SMITH"}],"circlet_count":0,"master_deck":["Strike_R+1","Strike_R+1","Strike_R+1","Strike_R+1","Defend_R+1","Defend_R+1","Bash+1","GluttonyofRealm_purpleEX+1","AT_FamilyPortrait+1","Inflame+1","Twin Strike+1","Inflame+1","Fiend Fire+1","Heavy Blade+1","Limit Break+1","Heavy Blade+1","Whirlwind+1","Heavy Blade+1","Inflame+1","Impervious+1","Heavy Blade+1","Inflame"],"relics":["Burning Blood","AT_ATBox","REME_ComplimentaryCards","NeowsBlessing","Orichalcum","PreservedInsect","Vajra","Anchor","Omamori","Runic Cube","Gremlin Horn","relicPack:WeightedSword","REME_LimitBreaker","AT_RedNoBalance","Blood Vial","ScarletDevilRocket","Cursed Key","relicPack:OneForAll","AT_Kusabimaru","Question Card","Red Mask","MealTicket","relicPack:NeonSign","Paper Frog"],"acts_visited":["Exordium","TheCity","TheBeyond"],"potions_floor_usage":[29,33,37],"damage_taken":[{"damage":0.0,"enemies":"Cultist","floor":1.0,"turns":1.0},{"damage":0.0,"enemies":"Jaw Worm","floor":3.0,"turns":1.0},{"damage":0.0,"enemies":"2 Louse","floor":4.0,"turns":1.0},{"damage":15.0,"enemies":"Gremlin Nob","floor":7.0,"turns":4.0},{"damage":0.0,"enemies":"Lagavulin","floor":11.0,"turns":2.0},{"damage":0.0,"enemies":"Large Slime","floor":12.0,"turns":4.0},{"damage":2.0,"enemies":"Exordium Wildlife","floor":13.0,"turns":2.0},{"damage":3.0,"enemies":"3 Sentries","floor":14.0,"turns":4.0},{"damage":46.0,"enemies":"Hexaghost","floor":16.0,"turns":6.0},{"damage":10.0,"enemies":"3 Byrds","floor":18.0,"turns":4.0},{"damage":14.0,"enemies":"2 Thieves","floor":21.0,"turns":3.0},{"damage":15.0,"enemies":"Snake Plant","floor":22.0,"turns":3.0},{"damage":0.0,"enemies":"Gremlin Leader","floor":27.0,"turns":4.0},{"damage":2,"enemies":"Book of Stabbing","floor":29,"turns":2},{"damage":18,"enemies":"Sentry and Sphere","floor":30,"turns":4},{"damage":16,"enemies":"Automaton","floor":33,"turns":4},{"damage":0,"enemies":"Orb Walker","floor":35,"turns":2},{"damage":22,"enemies":"Orb Walker","floor":37,"turns":7},{"damage":17,"enemies":"2 Orb Walkers","floor":39,"turns":3},{"damage":10,"enemies":"Giant Head","floor":40,"turns":3},{"damage":0,"enemies":"Reptomancer","floor":44,"turns":1},{"damage":3,"enemies":"3 Darklings","floor":45,"turns":2},{"damage":39,"enemies":"Nemesis","floor":46,"turns":3},{"damage":1,"enemies":"Writhing Mass","floor":47,"turns":2},{"damage":15,"enemies":"Time Eater","floor":50,"turns":5}],"seed_played":"7749843558417994541","potions_obtained":[{"floor":1.0,"key":"SteroidPotion"},{"floor":4.0,"key":"PowerPotion"},{"floor":7.0,"key":"Swift Potion"},{"floor":14.0,"key":"Fire Potion"},{"floor":18.0,"key":"SmokeBomb"},{"floor":33,"key":"CultistPotion"},{"floor":39,"key":"HeartOfIron"},{"floor":40,"key":"LiquidMemories"}],"is_trial":false,"path_per_floor":["M","T","M","M","?","R","E","R","T","$","E","M","M","E","R","B",null,"M","?","$","M","M","R","?","R","T","E","R","E","M","$","R","B",null,"M","$","?","?","?","E","?","R","T","E","M","E","M","$","R","B",null],"character_chosen":"IRONCLAD","items_purchased":["Inflame","relicPack:WeightedSword","Inflame","SteroidPotion"],"campfire_rested":1,"item_purchase_floors":[10,20,31,31],"current_hp_per_floor":[80,80,80,80,80,80,71,71,71,71,80,86,89,92,92,52,92,88,88,88,80,74,74,74,74,74,53,53,53,37,37,37,39,95,55,55,95,95,84,82,82,95,95,95,95,65,72,87,87,80],"gold":109,"neow_bonus":"THREE_ENEMY_KILL","is_daily":false,"chose_seed":false,"campfire_upgraded":8,"win_rate":0.0,"timestamp":1611374913,"path_taken":["M","?","M","?","?","R","E","R","T","$","E","M","M","E","R","BOSS","M","?","$","M","M","R","?","R","T","E","R","E","M","$","R","BOSS","M","$","?","?","?","E","?","R","T","E","M","E","M","?","R","BOSS"],"items_purchased_type":["Card","Relic","Card","Potion"],"build_version":"2020-12-22","purchased_purges":3,"victory":true,"max_hp_per_floor":[80,80,80,80,80,80,80,80,80,80,83,86,89,92,92,92,92,92,92,92,92,95,95,95,95,95,95,95,95,95,95,95,95,95,95,95,95,95,95,95,95,95,95,95,95,98,98,98,98,98],"card_choices":[{"not_picked":["Iron Wave","True Grit"],"picked":"Inflame","floor":1.0},{"not_picked":["Clash","Intimidate","Perfected Strike"],"picked":"SKIP","floor":3.0},{"not_picked":["Rampage","AT_BodySlamDance","Sever Soul"],"picked":"SKIP","floor":4.0},{"not_picked":["Perfected Strike","Disarm"],"picked":"Twin Strike","floor":7.0},{"not_picked":["Dropkick","True Grit"],"picked":"Fiend Fire","floor":11.0},{"not_picked":["Burning Pact","Pommel Strike","AT_IchimonjiDouble"],"picked":"SKIP","floor":12.0},{"not_picked":["Shockwave","Uppercut"],"picked":"Heavy Blade","floor":13.0},{"not_picked":["Clothesline","Twin Strike","Cleave"],"picked":"SKIP","floor":14.0},{"not_picked":["Impervious","Barricade"],"picked":"Limit Break","floor":16.0},{"not_picked":["Anger","Fire Breathing"],"picked":"Heavy Blade+1","floor":18.0},{"not_picked":["Shrug It Off","Berserk","Cleave+1"],"picked":"SKIP","floor":21.0},{"not_picked":["Sword Boomerang","Perfected Strike"],"picked":"Heavy Blade","floor":22.0},{"not_picked":["Thunderclap+1","REME_Scribble","Disarm"],"picked":"SKIP","floor":27.0},{"not_picked":["Pommel Strike","Armaments","Thunderclap"],"picked":"SKIP","floor":29},{"not_picked":["Anger","Perfected Strike","AT_DiedThrough"],"picked":"SKIP","floor":30},{"not_picked":["Barricade","Juggernaut"],"picked":"Impervious","floor":33},{"not_picked":["Clash+1","REME_Scribble","True Grit"],"picked":"SKIP","floor":35},{"not_picked":["Feed","Body Slam+1","Power Through+1"],"picked":"SKIP","floor":40},{"not_picked":["Corruption","Thunderclap","REME_Cut+1"],"picked":"Heavy Blade","floor":44},{"not_picked":["Headbutt","Clothesline+1","Metallicize","Pommel Strike+1"],"picked":"SKIP","floor":45},{"not_picked":["Second Wind+1","Thunderclap+1","Headbutt+1"],"picked":"Inflame","floor":46},{"not_picked":["Headbutt+1","Body Slam","Warcry+1","Ghostly Armor+1"],"picked":"SKIP","floor":47}],"player_experience":15327,"relics_obtained":[{"floor":2.0,"key":"Orichalcum"},{"floor":7.0,"key":"PreservedInsect"},{"floor":9.0,"key":"Vajra"},{"floor":11.0,"key":"Anchor"},{"floor":14.0,"key":"Omamori"},{"floor":18.0,"key":"Gremlin Horn"},{"floor":26.0,"key":"AT_SilverBalance"},{"floor":27.0,"key":"Blood Vial"},{"floor":29,"key":"ScarletDevilRocket"},{"floor":39,"key":"AT_Kusabimaru"},{"floor":40,"key":"Question Card"},{"floor":43,"key":"MealTicket"},{"floor":44,"key":"relicPack:NeonSign"},{"floor":46,"key":"Paper Frog"}],"event_choices":[{"damage_healed":0.0,"max_hp_gain":0.0,"max_hp_loss":0.0,"gold_gain":0.0,"event_name":"The Library","player_choice":"Read","floor":19.0,"gold_loss":0.0,"damage_taken":0.0,"cards_obtained":["Whirlwind"]},{"damage_healed":0.0,"max_hp_gain":0.0,"max_hp_loss":0.0,"gold_gain":0.0,"event_name":"Addict","player_choice":"Stole Relic","floor":24.0,"gold_loss":0.0,"damage_taken":0.0,"relics_obtained":["REME_LimitBreaker"],"cards_obtained":["Shame"]},{"damage_healed":0,"gold_gain":0,"player_choice":"Fight","damage_taken":0,"max_hp_gain":0,"max_hp_loss":0,"event_name":"Mysterious Sphere","floor":39,"gold_loss":0},{"damage_healed":0,"gold_gain":0,"player_choice":"Paid","damage_taken":0,"relics_obtained":["Red Mask"],"max_hp_gain":0,"max_hp_loss":0,"event_name":"Tomb of Lord Red Mask","floor":41,"gold_loss":105}],"is_beta":false,"boss_relics":[{"not_picked":["Fusion Hammer","Busted Crown"],"picked":"Runic Cube"},{"not_picked":["Snecko Eye","relicPack:ShieldShield"],"picked":"Cursed Key"}],"items_purged_floors":[10,20,36],"is_endless":false,"potions_floor_spawned":[1,4,7,14,18,27,33,39,40,47],"ascension_level":1}}