{"host":"q2j4ef1ti78v4imq","time":1611436892,"event":{"mods":["AchievementEnabler","BaseMod","Better Altar","Better Match","Better Note","Better Sensory Stone","Better Skull","Better Third Choice","Block Reminder","Hermit","Minty Spire (QoL Compilation)","Relic Stats","Replay The Spire","Shade Mod","StSLib"],"gold_per_floor":[111,127,142,158,158,158,185,185,185,230,230,230],"floor_reached":11,"language":"ENG","playtime":516,"items_purged":[],"score":113,"play_id":"93ef257d-223b-4243-ae99-50a69d06a2d9","local_time":"20210123212132","is_ascension_mode":true,"campfire_choices":[{"data":"Eruption","floor":6,"key":"SMITH"},{"data":"Wallop","floor":8,"key":"SMITH"}],"circlet_count":0,"master_deck":["AscendersBane","Strike_P","Strike_P","Strike_P","Strike_P","Defend_P","Defend_P","Defend_P","Eruption+1","Vigilance","Wallop+1","CutThroughFate","Prostrate","Replay:BluntJabs","BowlingBash","ReplayTheSpireMod:Splinters","Prostrate","Worship"],"relics":["PureWater","Divine Protection","Singing Bowl","Replay:Bottled Snecko"],"acts_visited":["Exordium"],"potions_floor_usage":[7],"damage_taken":[{"damage":7,"enemies":"Jaw Worm","floor":1,"turns":4},{"damage":6,"enemies":"Small Slimes","floor":2,"turns":4},{"damage":0,"enemies":"Cultist","floor":3,"turns":3},{"damage":9,"enemies":"Gremlin Gang","floor":4,"turns":4},{"damage":5,"enemies":"3 Sentries","floor":7,"turns":6},{"damage":52,"enemies":"Lagavulin","floor":11,"turns":8}],"seed_played":"6952645708903628658","potions_obtained":[{"floor":1,"key":"LifebloodPotion"},{"floor":7,"key":"Dexterity Potion"}],"is_trial":false,"path_per_floor":["M","M","M","M","?","R","E","R","T","?","E"],"character_chosen":"WATCHER","items_purchased":[],"campfire_rested":0,"item_purchase_floors":[],"current_hp_per_floor":[65,59,59,50,50,50,45,45,45,45,0,0],"gold":230,"neow_bonus":"TEN_PERCENT_HP_BONUS","is_daily":false,"chose_seed":false,"campfire_upgraded":2,"win_rate":0.0,"timestamp":1611436892,"path_taken":["M","M","M","M","?","R","E","R","T","?","E"],"items_purchased_type":[],"build_version":"2020-12-22","purchased_purges":0,"victory":false,"max_hp_per_floor":[79,79,79,79,79,79,79,79,79,79,79,79],"relic_stats":{"Singing Bowl":0,"counters":[6,29],"obtain_stats":[{"Divine Protection":7,"Singing Bowl":9,"Replay:Bottled Snecko":10,"PureWater":0},{"Divine Protection":5,"Singing Bowl":5,"Replay:Bottled Snecko":5,"PureWater":0},{"Divine Protection":21,"Singing Bowl":21,"Replay:Bottled Snecko":21,"PureWater":0}]},"card_choices":[{"not_picked":["FollowUp","PathToVictory"],"picked":"Wallop","floor":1},{"not_picked":["FollowUp","WindmillStrike"],"picked":"CutThroughFate","floor":2},{"not_picked":["Replay:Battleflow","Sanctity"],"picked":"Prostrate","floor":3},{"not_picked":["SandsOfTime","Replay:AtTheReady"],"picked":"Replay:BluntJabs","floor":4},{"not_picked":["SandsOfTime","Wish"],"picked":"BowlingBash","floor":7},{"not_picked":["SignatureMove","FlyingSleeves"],"picked":"Prostrate","floor":10},{"not_picked":["Sanctity","Fasting2"],"picked":"Worship","floor":10}],"player_experience":860853,"relics_obtained":[{"floor":7,"key":"Divine Protection"},{"floor":9,"key":"Singing Bowl"},{"floor":10,"key":"Replay:Bottled Snecko"}],"event_choices":[],"is_beta":false,"boss_relics":[],"items_purged_floors":[],"is_endless":false,"potions_floor_spawned":[1,7],"killed_by":"Lagavulin","ascension_level":11}}