{"host":"nwd160me4iqdtr8u","time":1611376170,"event":{"mods":["AchievementEnabler","Act Like it!","BaseMod","Colored Map","DeckTracker","Minty Spire (QoL Compilation)","Rare Cards Sparkle","StSLib","SuperFastMode","everything is the same but u backflip on backflip"],"gold_per_floor":[112,112,187,205,222,249,249,249,249,278,278,310,320,332,332,332,332],"floor_reached":16,"language":"KOR","playtime":722,"items_purged":[],"score":132,"play_id":"d4194164-edd4-4a67-9892-7dc295697fd7","local_time":"20210123132930","is_ascension_mode":true,"campfire_choices":[{"data":"Neutralize","floor":7.0,"key":"SMITH"},{"floor":11.0,"key":"REST"},{"data":"Footwork","floor":15.0,"key":"SMITH"}],"circlet_count":0,"master_deck":["Strike_G","Strike_G","Strike_G","Strike_G","Strike_G","Defend_G","Defend_G","Defend_G","Defend_G","Defend_G","Survivor","Neutralize+1","Dagger Spray+1","Backstab","Endless Agony+1","Footwork+1"],"relics":["Ring of the Snake","Lantern","Molten Egg 2","Meat on the Bone","Blue Candle","Strawberry"],"acts_visited":["Exordium"],"potions_floor_usage":[16],"damage_taken":[{"damage":0.0,"enemies":"Jaw Worm","floor":1.0,"turns":3.0},{"damage":0.0,"enemies":"Small Slimes","floor":4.0,"turns":3.0},{"damage":1.0,"enemies":"Cultist","floor":5.0,"turns":4.0},{"damage":22.0,"enemies":"Lagavulin","floor":6.0,"turns":7.0},{"damage":12.0,"enemies":"Gremlin Nob","floor":10.0,"turns":5.0},{"damage":5.0,"enemies":"3 Sentries","floor":12.0,"turns":3.0},{"damage":3.0,"enemies":"Looter","floor":13.0,"turns":2.0},{"damage":0.0,"enemies":"Lots of Slimes","floor":14.0,"turns":3.0},{"damage":71,"enemies":"Slime Boss","floor":16,"turns":9}],"seed_played":"1696260881654686162","potions_obtained":[{"floor":4.0,"key":"BlessingOfTheForge"},{"floor":10.0,"key":"Explosive Potion"},{"floor":12.0,"key":"LiquidMemories"}],"is_trial":false,"path_per_floor":["M","?","?","M","M","E","R","?","T","E","R","E","M","M","R","B"],"character_chosen":"THE_SILENT","items_purchased":[],"campfire_rested":1,"item_purchase_floors":[],"current_hp_per_floor":[70,75,64,64,63,41,41,41,41,41,63,65,62,62,62,0,0],"gold":332,"neow_bonus":"RANDOM_COMMON_RELIC","is_daily":false,"chose_seed":false,"campfire_upgraded":2,"win_rate":0.0,"timestamp":1611376170,"path_taken":["M","?","?","M","M","E","R","?","T","E","R","E","M","M","R","BOSS"],"items_purchased_type":[],"build_version":"2020-12-22","purchased_purges":0,"victory":false,"max_hp_per_floor":[70,75,75,75,75,75,75,75,75,75,75,82,82,82,82,82,82],"card_choices":[{"not_picked":["Blade Dance","Bouncing Flask"],"picked":"Dagger Spray","floor":1.0},{"not_picked":["Outmaneuver","Prepared","All Out Attack"],"picked":"SKIP","floor":4.0},{"not_picked":["Accuracy","Tactician"],"picked":"Backstab","floor":5.0},{"not_picked":["Acrobatics","Tactician","Deflect"],"picked":"SKIP","floor":6.0},{"not_picked":["Catalyst","Concentrate"],"picked":"Endless Agony+1","floor":10.0},{"not_picked":["Escape Plan","Night Terror"],"picked":"Footwork","floor":12.0},{"not_picked":["Dodge and Roll","Deadly Poison","Bane+1"],"picked":"SKIP","floor":13.0},{"not_picked":["Bane+1","Flechettes+1","Cloak And Dagger"],"picked":"SKIP","floor":14.0}],"player_experience":206925,"relics_obtained":[{"floor":6.0,"key":"Molten Egg 2"},{"floor":9.0,"key":"Meat on the Bone"},{"floor":10.0,"key":"Blue Candle"},{"floor":12.0,"key":"Strawberry"}],"event_choices":[{"damage_healed":0.0,"max_hp_gain":5.0,"max_hp_loss":0.0,"gold_gain":0.0,"event_name":"Big Fish","player_choice":"Donut","floor":2.0,"gold_loss":0.0,"damage_taken":0.0},{"damage_healed":0.0,"max_hp_gain":0.0,"max_hp_loss":0.0,"gold_gain":75.0,"event_name":"World of Goop","player_choice":"Gather Gold","floor":3.0,"gold_loss":0.0,"damage_taken":11.0},{"damage_healed":0.0,"max_hp_gain":0.0,"max_hp_loss":0.0,"gold_gain":0.0,"event_name":"Accursed Blacksmith","player_choice":"Forge","floor":8.0,"gold_loss":0.0,"damage_taken":0.0,"cards_upgraded":["Dagger Spray"]}],"is_beta":false,"boss_relics":[],"items_purged_floors":[],"is_endless":false,"potions_floor_spawned":[4,10,12],"killed_by":"Slime Boss","ascension_level":2}}