{"host":"8z0h4areh8sio1k0","time":1611380070,"event":{"mods":["Act Like it!","Aspiration","BaseMod","Colored Map","Conspire","Hubris","KinomotoSakuraMod(ƒæ÷Æ±æ”£)","Minty Spire (QoL Compilation)","Reimu£®≤©¿ˆ¡È√Œ£©","Replay The Spire","StSLib","TestMod","The Administrix","The Bug Knight","The Necromancer","UnlockEverythingMod","Youmu£®ªÍ∆«—˝√Œ£©","Yuri Mod","[IsaacMod]“‘»ˆº‚À˛"],"gold_per_floor":[110,110,110,129,15,50,76,76,76,98,131,167,203,227,227,379,379,413,460,501,560,309,377,377,418,471,346,346,346,48,110,110,298,298,328,366,366,397,425,425,471,471,517,555,628,628,661,661,661,752],"floor_reached":51,"language":"ZHS","playtime":8533,"items_purged":["yuri:yuriStrike","Injury","yuri:yuriStrike"],"score":1146,"play_id":"2f79f037-c231-4598-8fba-0b01b672e412","local_time":"20210123133430","is_ascension_mode":false,"campfire_choices":[{"data":"yuri:MPose","floor":8,"key":"SMITH"},{"data":"yuri:yuriStab","floor":15,"key":"SMITH"},{"data":"yuri:Parry","floor":29,"key":"SMITH"},{"data":"yuri:Oolong","floor":32,"key":"SMITH"},{"data":"yuri:yuriDefend","floor":40,"key":"SMITH"},{"data":"yuri:Stare","floor":42,"key":"SMITH"},{"data":"yuri:GlitchedStrike","floor":49,"key":"SMITH"}],"circlet_count":0,"master_deck":["yuri:yuriStrike","yuri:yuriStrike","yuri:yuriDefend+1","yuri:yuriDefend","yuri:yuriDefend","yuri:yuriDefend","yuri:Oolong+1","yuri:yuriStab+1","yuri:DragonForm+1","yuri:GrowingInsanity+1","yuri:HoldBack+1","yuri:MPose+1","yuri:Parry+1","yuri:WickedSlash+1","yuri:Spin+1","yuri:GhostForm+1","yuri:Stare+1","yuri:GlitchedStrike+1"],"relics":["yuri:yuriKnife","HushsDoor","testmod-TestBox","testmod-LifeArmor","SalivaCoin","NeowsBlessing","Frozen Egg 2","Orichalcum","Meat on the Bone","testmod-Antiphasic","testmod-DreamHouse","Happy Flower","Lantern","testmod-AssaultLearning","HowToJump","HollowMod:PaleOreRelic","conspire:Dentures","RuthlessExorcism:ReiMu","Guide Book","HollowMod:LifeEnderRelic","aspiration:DefectSkillbook","Pet Ghost","Sundial"],"acts_visited":["Exordium","TheCity","TheBeyond"],"potions_floor_usage":[12,25,31,31,33,35,44,50,50,50],"damage_taken":[{"damage":0,"enemies":"Small Slimes","floor":1,"turns":2},{"damage":0,"enemies":"Jaw Worm","floor":4,"turns":1},{"damage":0,"enemies":"Gremlin Nob","floor":6,"turns":1},{"damage":2,"enemies":"2 Louse","floor":7,"turns":3},{"damage":7,"enemies":"Exordium Thugs","floor":10,"turns":5},{"damage":6,"enemies":"Looter","floor":11,"turns":4},{"damage":1,"enemies":"Lagavulin","floor":12,"turns":5},{"damage":7,"enemies":"Blue Slaver","floor":13,"turns":4},{"damage":1,"enemies":"Exordium Wildlife","floor":14,"turns":3},{"damage":24,"enemies":"The Guardian","floor":16,"turns":7},{"damage":5,"enemies":"Chosen","floor":18,"turns":5},{"damage":11,"enemies":"Spheric Guardian","floor":19,"turns":5},{"damage":3,"enemies":"Shelled Parasite and Fungi","floor":20,"turns":5},{"damage":10,"enemies":"Snake Plant","floor":21,"turns":5},{"damage":16,"enemies":"Gremlin Leader","floor":23,"turns":6},{"damage":6,"enemies":"Slavers","floor":25,"turns":5},{"damage":8,"enemies":"Gremlin Leader","floor":31,"turns":4},{"damage":40,"enemies":"Pondfish","floor":33,"turns":9},{"damage":4,"enemies":"3 Darklings","floor":35,"turns":4},{"damage":6,"enemies":"Orb Walker","floor":36,"turns":3},{"damage":8,"enemies":"Writhing Mass","floor":38,"turns":4},{"damage":2,"enemies":"Jaw Worm Horde","floor":39,"turns":4},{"damage":19,"enemies":"Transient","floor":41,"turns":5},{"damage":17,"enemies":"3 Darklings","floor":44,"turns":3},{"damage":5,"enemies":"Sphere and 2 Shapes","floor":47,"turns":3},{"damage":43,"enemies":"hubris:GrandSnecko","floor":50,"turns":9}],"seed_played":"-5045204058738811013","potions_obtained":[{"floor":4,"key":"CultistPotion"},{"floor":6,"key":"GamblersBrew"},{"floor":7,"key":"SteroidPotion"},{"floor":12,"key":"GamblersBrew"},{"floor":16,"key":"Strength Potion"},{"floor":18,"key":"SkillPotion"},{"floor":25,"key":"DistilledChaos"},{"floor":31,"key":"conspire:TimeTravelPotion"},{"floor":33,"key":"testmod-SpacePotion"},{"floor":38,"key":"Languid Potion"},{"floor":39,"key":"Doom Potion"},{"floor":41,"key":"GrandPatriotsElixir:ReiMu"},{"floor":44,"key":"testmod-SpacePotion"}],"is_trial":false,"path_per_floor":["M","?","?","M","$","E","M","R","T","M","M","E","M","M","R","B",null,"M","M","M","M","$","E","?","E","T","$","?","R","$","E","R","B",null,"M","M","$","M","M","R","M","R","T","M","T","?","M","?","R","B",null],"character_chosen":"YURI","items_purchased":["yuri:HoldBack+1","testmod-AssaultLearning","RuthlessExorcism:ReiMu","Guide Book"],"campfire_rested":0,"item_purchase_floors":[5,22,30,30],"current_hp_per_floor":[80,80,80,80,80,80,78,78,78,71,65,68,65,68,68,48,80,75,64,61,55,55,43,43,41,41,41,41,41,41,49,49,28,74,70,64,64,63,68,68,56,56,56,46,46,46,48,48,48,25],"gold":752,"neow_bonus":"THREE_ENEMY_KILL","is_daily":false,"chose_seed":false,"campfire_upgraded":7,"win_rate":0.0,"timestamp":1611380070,"path_taken":["M","?","?","M","$","E","M","R","T","M","M","E","M","M","R","BOSS","M","M","M","M","$","E","?","E","T","$","?","R","?","E","R","BOSS","M","?","$","M","M","R","?","R","T","M","?","?","?","?","R","BOSS"],"items_purchased_type":["Card","Relic","Relic","Relic"],"build_version":"2020-12-22","purchased_purges":3,"victory":true,"max_hp_per_floor":[80,80,80,80,80,80,80,80,80,80,80,80,80,80,80,80,80,78,78,76,74,74,74,74,74,74,74,74,74,74,74,74,74,74,74,74,74,74,72,72,72,72,72,72,72,72,72,72,72,70],"card_choices":[{"not_picked":["yuri:HeavierStrike","yuri:HoldBack"],"picked":"yuri:DragonForm","floor":1},{"not_picked":["yuri:Spin","yuri:yuriHeavyStrike"],"picked":"yuri:GrowingInsanity+1","floor":4},{"not_picked":["yuri:UnstableStrike","yuri:Skip"],"picked":"yuri:MPose","floor":6},{"not_picked":["yuri:MultiDip","yuri:SeeingDouble"],"picked":"yuri:Parry","floor":7},{"not_picked":["yuri:BrokenCode","yuri:SelfHarm"],"picked":"yuri:WickedSlash","floor":10},{"not_picked":["yuri:Suicide","yuri:ThrowBook","yuri:RepairCode"],"picked":"SKIP","floor":11},{"not_picked":["yuri:MPose","yuri:StealPen"],"picked":"yuri:Spin","floor":12},{"not_picked":["yuri:DejaVu","yuri:DebugCard","Bomb"],"picked":"SKIP","floor":13},{"not_picked":["yuri:CalmingAura","yuri:ThrowBook","yuri:DebugCard"],"picked":"SKIP","floor":14},{"not_picked":["yuri:Torment","yuri:ExploitStrike"],"picked":"yuri:GhostForm+1","floor":16},{"not_picked":["yuri:DebugCard","yuri:yuriHeavyStrike"],"picked":"yuri:TeaSet","floor":18},{"not_picked":["yuri:UnstableStrike+1","yuri:ThrowBook"],"picked":"yuri:ChibiInvasion","floor":19},{"not_picked":["yuri:yuriHeavyStrike","yuri:StealPen+1"],"picked":"yuri:Stare","floor":20},{"not_picked":["yuri:GlitchedStrike+1","yuri:Parry","yuri:Skip"],"picked":"SKIP","floor":21},{"not_picked":["yuri:ThrowBook+1","yuri:Spin+1"],"picked":"yuri:BookGreen+1","floor":23},{"not_picked":["yuri:DistillInsanity","yuri:RecklessStrike+1","yuri:Stare"],"picked":"SKIP","floor":25},{"not_picked":["yuri:ChibiInvasion","yuri:ThrowBook","yuri:SelfHarm"],"picked":"SKIP","floor":31},{"not_picked":["Undo","Conserve Battery","Cold Snap+1","yuri:ReloadGame"],"picked":"SKIP","floor":35},{"not_picked":["yuri:WickedSlash","yuri:ThrowBook","Turbo+1","yuri:SelfHarm"],"picked":"SKIP","floor":36},{"not_picked":["yuri:TPose","yuri:CorruptHitbox","yuri:MPose+1","Leap"],"picked":"SKIP","floor":38},{"not_picked":["yuri:GlitchedStrike+1","yuri:yuriQuickStrike+1","Reprogram","Fusion+1"],"picked":"SKIP","floor":39},{"not_picked":["Loop+1","Darkness","yuri:TPose","Sweeping Beam"],"picked":"SKIP","floor":41},{"not_picked":["yuri:UnstableStrike","Undo+1","yuri:BookGreen+1","Turbo"],"picked":"SKIP","floor":44},{"not_picked":["Cold Snap","Crystallizer+1","Rebound","yuri:MPose+1"],"picked":"SKIP","floor":47}],"player_experience":487101,"relics_obtained":[{"floor":6,"key":"Orichalcum"},{"floor":9,"key":"Meat on the Bone"},{"floor":12,"key":"testmod-Antiphasic"},{"floor":23,"key":"HowToJump"},{"floor":25,"key":"HollowMod:PaleOreRelic"},{"floor":31,"key":"HollowMod:LifeEnderRelic"},{"floor":43,"key":"Pet Ghost"},{"floor":45,"key":"Sundial"}],"event_choices":[{"damage_healed":0,"gold_gain":0,"player_choice":"Leave","damage_taken":0,"max_hp_gain":0,"max_hp_loss":0,"event_name":"conspire:Investor","floor":2,"gold_loss":0},{"damage_healed":0,"gold_gain":0,"cards_transformed":["yuri:yuriStrike","yuri:yuriDefend"],"player_choice":"Became Test Subject","damage_taken":0,"max_hp_gain":0,"max_hp_loss":0,"event_name":"Drug Dealer","floor":24,"gold_loss":0,"cards_obtained":["yuri:GlitchedStrike","yuri:CorruptHitbox"]}],"is_beta":false,"boss_relics":[{"not_picked":["ReplayTheSpireMod:DimensionalGlitch","Tiny House"],"picked":"testmod-DreamHouse"},{"not_picked":[]},{"not_picked":["testmod-CardMagician","hubris:TerracottaHorce"],"picked":"aspiration:DefectSkillbook"},{"not_picked":[]}],"items_purged_floors":[5,22,27],"is_endless":false,"potions_floor_spawned":[4,6,7,10,12,16,18,23,25,31,33,38,39,41,44],"ascension_level":0}}