{"host":"d8d3jqle49sogkjv","time":1611408471,"event":{"mods":["BaseMod","Colored Map","Colored Powertips","Minty Spire (QoL Compilation)","StSLib"],"gold_per_floor":[112,125,125,144,144,144,174,185,185,185,200,212,243,5,5,100,100,115,115,132,132,132,161,161,192,219,239,239,267,287,321,321,420,420,435,331,128,142,152,179,196,196,245,245,279,329,348,364,364,364,364],"floor_reached":50,"language":"ENG","playtime":2489,"items_purged":["Strike_G","Strike_G","Strike_G"],"score":951,"play_id":"49aaa76a-2fc9-4b37-a002-99a5f41dcfbd","local_time":"20210123142751","is_ascension_mode":true,"campfire_choices":[{"data":"Blade Dance","floor":6.0,"key":"SMITH"},{"data":"Footwork","floor":15.0,"key":"SMITH"},{"data":"Dodge and Roll","floor":24.0,"key":"SMITH"},{"floor":28.0,"key":"REST"},{"floor":32.0,"key":"REST"},{"data":"Accuracy","floor":42.0,"key":"SMITH"},{"floor":49,"key":"RECALL"}],"circlet_count":0,"master_deck":["AscendersBane","Strike_G","Strike_G","Defend_G","Defend_G","Defend_G","Defend_G","Defend_G","Survivor","Neutralize","Blade Dance+1","Blade Dance+1","Accuracy+1","Footwork+1","Dodge and Roll+1","Finesse","Blade Dance+1","Dodge and Roll","Terror+1","Cloak And Dagger","Finisher+1","Infinite Blades+1","Prepared","Calculated Gamble+1","Backstab","Cloak And Dagger+1","Prepared","Accuracy+1","Backstab+1","Cloak And Dagger+1","Backflip+1","Cloak And Dagger+1"],"relics":["Ring of the Snake","NeowsBlessing","Calipers","Bird Faced Urn","WingedGreaves","Sozu","Lizard Tail","White Beast Statue","Smiling Mask","Paper Crane","Incense Burner","WristBlade","Orrery","Centennial Puzzle","PreservedInsect","Mummified Hand","Ginger"],"acts_visited":["Exordium","TheCity","TheBeyond"],"potions_floor_usage":[],"damage_taken":[{"damage":0.0,"enemies":"Small Slimes","floor":1.0,"turns":1.0},{"damage":0.0,"enemies":"Cultist","floor":2.0,"turns":1.0},{"damage":0.0,"enemies":"2 Louse","floor":4.0,"turns":1.0},{"damage":0.0,"enemies":"Gremlin Nob","floor":7.0,"turns":2.0},{"damage":0.0,"enemies":"Exordium Thugs","floor":8.0,"turns":5.0},{"damage":5.0,"enemies":"Red Slaver","floor":11.0,"turns":2.0},{"damage":9.0,"enemies":"Exordium Wildlife","floor":12.0,"turns":5.0},{"damage":3.0,"enemies":"3 Sentries","floor":13.0,"turns":6.0},{"damage":35.0,"enemies":"The Guardian","floor":16.0,"turns":13.0},{"damage":1.0,"enemies":"Shell Parasite","floor":18.0,"turns":4.0},{"damage":0.0,"enemies":"Spheric Guardian","floor":20.0,"turns":3.0},{"damage":19.0,"enemies":"Slavers","floor":23.0,"turns":8.0},{"damage":10.0,"enemies":"Gremlin Leader","floor":25.0,"turns":6.0},{"damage":12.0,"enemies":"Snake Plant","floor":27.0,"turns":6.0},{"damage":19.0,"enemies":"Book of Stabbing","floor":29.0,"turns":2.0},{"damage":0.0,"enemies":"3 Cultists","floor":30.0,"turns":4.0},{"damage":13.0,"enemies":"Gremlin Leader","floor":31.0,"turns":7.0},{"damage":6.0,"enemies":"Automaton","floor":33.0,"turns":11.0},{"damage":0.0,"enemies":"Orb Walker","floor":35.0,"turns":4.0},{"damage":0.0,"enemies":"3 Shapes","floor":38.0,"turns":2.0},{"damage":6.0,"enemies":"Jaw Worm Horde","floor":39.0,"turns":4.0},{"damage":7.0,"enemies":"Reptomancer","floor":40.0,"turns":4.0},{"damage":7.0,"enemies":"Writhing Mass","floor":41.0,"turns":2.0},{"damage":13.0,"enemies":"Nemesis","floor":45.0,"turns":3.0},{"damage":0,"enemies":"Mind Bloom Boss Battle","floor":46,"turns":4},{"damage":0,"enemies":"4 Shapes","floor":47,"turns":5},{"damage":0,"enemies":"Maw","floor":48,"turns":3},{"damage":112,"enemies":"Time Eater","floor":50,"turns":7}],"seed_played":"3370035717915276036","potions_obtained":[{"floor":2.0,"key":"EssenceOfSteel"},{"floor":5.0,"key":"DuplicationPotion"},{"floor":5.0,"key":"SteroidPotion"},{"floor":11.0,"key":"LiquidBronze"},{"floor":12.0,"key":"DuplicationPotion"},{"floor":13.0,"key":"Swift Potion"}],"is_trial":false,"path_per_floor":["M","M","?","M","?","R","E","M","T","?","M","M","E","$","R","B",null,"M","T","M","?","?","E","R","E","T","M","R","E","M","E","R","B",null,"M","$","$","M","M","E","M","R","T","?","E","?","M","M","R","B"],"character_chosen":"THE_SILENT","items_purchased":["Footwork","Dodge and Roll","Finesse","Prepared","Orrery"],"campfire_rested":2,"item_purchase_floors":[14,14,14,36,37],"current_hp_per_floor":[63,63,63,63,63,63,63,63,63,63,60,53,52,52,52,21,58,61,61,65,65,70,53,53,47,47,39,60,43,47,38,59,57,67,70,70,70,70,66,67,65,65,65,65,57,65,66,66,66,0,0],"gold":364,"neow_bonus":"THREE_ENEMY_KILL","is_daily":false,"chose_seed":false,"campfire_upgraded":4,"win_rate":0.0,"timestamp":1611408471,"path_taken":["M","M","?","M","?","R","E","?","T","?","M","M","E","?","R","BOSS","M","?","M","?","?","E","R","E","T","M","R","E","M","E","R","BOSS","M","$","$","?","M","E","M","R","T","?","E","?","M","M","R","BOSS"],"items_purchased_type":["Card","Card","Card","Card","Relic"],"build_version":"2020-12-22","purchased_purges":3,"victory":false,"max_hp_per_floor":[70,70,70,70,70,70,70,70,70,70,70,70,70,70,70,70,70,70,70,70,70,70,70,70,70,70,70,70,70,70,70,70,70,70,70,70,70,70,70,70,70,70,70,66,66,66,66,66,66,66,66],"card_choices":[{"not_picked":["Quick Slash","Acrobatics","Flying Knee"],"picked":"SKIP","floor":1.0},{"not_picked":["Predator","Prepared"],"picked":"Blade Dance","floor":2.0},{"not_picked":["Riddle With Holes","Underhanded Strike"],"picked":"Blade Dance","floor":4.0},{"not_picked":["Crippling Poison","Endless Agony"],"picked":"Accuracy","floor":7.0},{"not_picked":["Masterful Stab","Quick Slash","Blade Dance"],"picked":"SKIP","floor":8.0},{"not_picked":["Wraith Form v2","Blade Dance","Outmaneuver"],"picked":"SKIP","floor":11.0},{"not_picked":["Dagger Throw","Backflip"],"picked":"Blade Dance","floor":12.0},{"not_picked":["Night Terror","Tactician","Dash"],"picked":"SKIP","floor":13.0},{"not_picked":["Deflect","Bane+1"],"picked":"Blade Dance+1","floor":18.0},{"not_picked":["Poisoned Stab","Sucker Punch"],"picked":"Dodge and Roll","floor":20.0},{"not_picked":["Dash","Choke","Sucker Punch"],"picked":"SKIP","floor":23.0},{"not_picked":["Dash","Choke","Sucker Punch"],"picked":"SKIP","floor":23.0},{"not_picked":["Leg Sweep","Deflect","Crippling Poison"],"picked":"SKIP","floor":25.0},{"not_picked":["Finisher+1","Backstab+1"],"picked":"Terror+1","floor":27.0},{"not_picked":["Distraction+1","Expertise"],"picked":"Cloak And Dagger","floor":29.0},{"not_picked":["Setup","Concentrate","Blade Dance+1"],"picked":"SKIP","floor":30.0},{"not_picked":["Catalyst","A Thousand Cuts"],"picked":"Finisher+1","floor":31.0},{"not_picked":["Outmaneuver","Backstab"],"picked":"Infinite Blades+1","floor":35.0},{"not_picked":["Choke","Doppelganger"],"picked":"Calculated Gamble+1","floor":37.0},{"not_picked":["Deadly Poison","Poisoned Stab+1"],"picked":"Backstab","floor":37.0},{"not_picked":["Flying Knee+1","Well Laid Plans+1"],"picked":"Cloak And Dagger+1","floor":37.0},{"not_picked":["Underhanded Strike+1","Acrobatics"],"picked":"Prepared","floor":37.0},{"not_picked":["Terror+1","Choke+1"],"picked":"Accuracy","floor":38.0},{"not_picked":["Dagger Throw","Deflect","Flying Knee"],"picked":"SKIP","floor":39.0},{"not_picked":["Deadly Poison","Sucker Punch+1"],"picked":"Backstab+1","floor":40.0},{"not_picked":["Bane+1","Choke+1"],"picked":"Cloak And Dagger+1","floor":41.0},{"not_picked":["Dagger Spray","Underhanded Strike+1"],"picked":"Backflip+1","floor":45.0},{"not_picked":["Backflip","Prepared+1","Bane"],"picked":"SKIP","floor":47},{"not_picked":["Underhanded Strike","Acrobatics+1"],"picked":"Cloak And Dagger+1","floor":48}],"player_experience":419122,"relics_obtained":[{"floor":7.0,"key":"Calipers"},{"floor":9.0,"key":"Bird Faced Urn"},{"floor":13.0,"key":"WingedGreaves"},{"floor":23.0,"key":"Lizard Tail"},{"floor":25.0,"key":"White Beast Statue"},{"floor":26.0,"key":"Smiling Mask"},{"floor":29.0,"key":"Paper Crane"},{"floor":31.0,"key":"Incense Burner"},{"floor":40.0,"key":"Centennial Puzzle"},{"floor":43.0,"key":"PreservedInsect"},{"floor":45.0,"key":"Mummified Hand"},{"floor":46,"key":"Ginger"}],"event_choices":[{"damage_healed":0.0,"max_hp_gain":0.0,"max_hp_loss":0.0,"gold_gain":0.0,"event_name":"Living Wall","player_choice":"Grow","floor":3.0,"gold_loss":0.0,"damage_taken":0.0,"cards_upgraded":["Blade Dance"]},{"damage_healed":0.0,"max_hp_gain":0.0,"max_hp_loss":0.0,"gold_gain":0.0,"event_name":"Lab","player_choice":"Got Potions","floor":5.0,"gold_loss":0.0,"damage_taken":0.0},{"damage_healed":0.0,"max_hp_gain":0.0,"max_hp_loss":0.0,"gold_gain":0.0,"event_name":"Accursed Blacksmith","player_choice":"Forge","floor":10.0,"gold_loss":0.0,"damage_taken":0.0,"cards_upgraded":["Accuracy"]},{"damage_healed":0.0,"max_hp_gain":0.0,"max_hp_loss":0.0,"gold_gain":0.0,"event_name":"Ghosts","player_choice":"Ignored","floor":21.0,"gold_loss":0.0,"damage_taken":0.0},{"cards_removed":["Blade Dance"],"damage_healed":5.0,"max_hp_gain":0.0,"max_hp_loss":0.0,"gold_gain":0.0,"event_name":"Bonfire Elementals","player_choice":"Offered Common","floor":22.0,"gold_loss":0.0,"damage_taken":0.0},{"cards_removed":["Blade Dance"],"damage_healed":5.0,"max_hp_gain":0.0,"max_hp_loss":0.0,"gold_gain":0.0,"event_name":"Bonfire Elementals","player_choice":"Offered Special","floor":22.0,"gold_loss":0.0,"damage_taken":0.0},{"damage_healed":0.0,"max_hp_gain":0.0,"max_hp_loss":4.0,"gold_gain":0.0,"event_name":"Winding Halls","player_choice":"Max HP","floor":44.0,"gold_loss":0.0,"damage_taken":0.0},{"damage_healed":0,"gold_gain":0,"player_choice":"Fight","damage_taken":0,"max_hp_gain":0,"max_hp_loss":0,"event_name":"MindBloom","floor":46,"gold_loss":0}],"is_beta":false,"boss_relics":[{"not_picked":["SlaversCollar","Busted Crown"],"picked":"Sozu"},{"not_picked":["Pandora\u0027s Box","Cursed Key"],"picked":"WristBlade"}],"items_purged_floors":[14,36,37],"is_endless":false,"potions_floor_spawned":[2,11,12,13,20,23,25,27,29,30,31,33,35,38,39,40,41,45,46,47,48],"killed_by":"Time Eater","ascension_level":10}}