{"host":"ci7ivtocgfxh0ueo","time":1611361365,"event":{"mods":["BaseMod","GifTheSpireLib","Minty Spire (QoL Compilation)","StSLib"],"gold_per_floor":[118,130,130,187,207,207,225,225,252,92,92,3,15,45,45,122,122,140,39,39,39,39,39,39,39],"floor_reached":24,"language":"ZHT","playtime":466,"items_purged":[],"score":365,"play_id":"b9f88c85-48e1-489f-8637-897c741b64b1","local_time":"20210123082245","is_ascension_mode":true,"campfire_choices":[{"data":"Armaments","floor":6,"key":"SMITH"},{"data":"Mayhem","floor":8,"key":"SMITH"},{"floor":15,"key":"REST"},{"floor":23,"key":"REST"}],"circlet_count":0,"master_deck":["AscendersBane","Strike_R","Strike_R+1","Strike_R+1","Defend_R","Defend_R","Defend_R","Defend_R","Bash","Mayhem+1","Armaments+1","Carnage","Havoc","Inflame","Bandage Up","Havoc","Heavy Blade","Feed","Blood for Blood","Panacea","Shame","True Grit","Entrench"],"relics":["Burning Blood","Whetstone","Oddly Smooth Stone","Akabeko","Regal Pillow","StoneCalendar"],"acts_visited":["Exordium","TheCity"],"potions_floor_usage":[14,16,24],"damage_taken":[{"damage":2,"enemies":"Cultist","floor":1,"turns":4},{"damage":31,"enemies":"Jaw Worm","floor":2,"turns":6},{"damage":2,"enemies":"2 Louse","floor":5,"turns":4},{"damage":3,"enemies":"Blue Slaver","floor":7,"turns":3},{"damage":0,"enemies":"3 Louse","floor":13,"turns":4},{"damage":8,"enemies":"Gremlin Nob","floor":14,"turns":3},{"damage":38,"enemies":"The Guardian","floor":16,"turns":9},{"damage":46,"enemies":"2 Thieves","floor":18,"turns":5},{"damage":55,"enemies":"Book of Stabbing","floor":24,"turns":4}],"seed_played":"5018464647889301357","potions_obtained":[{"floor":2,"key":"Strength Potion"},{"floor":5,"key":"FearPotion"},{"floor":14,"key":"ElixirPotion"},{"floor":18,"key":"SpeedPotion"}],"is_trial":false,"path_per_floor":["M","M","?","?","M","R","M","R","T","$","?","$","M","E","R","B",null,"M","$","?","?","?","R","E"],"character_chosen":"IRONCLAD","items_purchased":["Oddly Smooth Stone","Bandage Up","Panacea"],"campfire_rested":2,"item_purchase_floors":[10,12,19],"current_hp_per_floor":[54,29,29,29,33,33,36,36,36,36,18,18,30,28,65,37,66,30,30,30,30,9,48,0,0],"gold":39,"neow_bonus":"RANDOM_COLORLESS_2","is_daily":false,"chose_seed":false,"campfire_upgraded":2,"win_rate":0.0,"timestamp":1611361365,"path_taken":["M","?","?","?","M","R","M","R","T","$","?","$","M","E","R","BOSS","M","$","?","?","?","R","E"],"items_purchased_type":["Relic","Card","Card"],"build_version":"2020-12-22","purchased_purges":0,"victory":false,"max_hp_per_floor":[75,75,75,75,75,75,75,75,75,75,75,75,75,75,75,75,75,75,75,75,75,80,80,80,80],"card_choices":[{"not_picked":["Secret Weapon","The Bomb"],"picked":"Mayhem","floor":0},{"not_picked":["Havoc","Flex"],"picked":"Armaments","floor":1},{"not_picked":["Havoc","Headbutt"],"picked":"Carnage","floor":2},{"not_picked":["Dual Wield","Rage"],"picked":"Havoc","floor":5},{"not_picked":["Power Through","Perfected Strike"],"picked":"Inflame","floor":7},{"not_picked":["Twin Strike","Shrug It Off"],"picked":"Havoc","floor":13},{"not_picked":["Pommel Strike","Disarm"],"picked":"Heavy Blade","floor":14},{"not_picked":["Corruption","Fiend Fire"],"picked":"Feed","floor":16},{"not_picked":["Headbutt","Intimidate"],"picked":"Blood for Blood","floor":18}],"player_experience":1347925,"relics_obtained":[{"floor":9,"key":"Whetstone"},{"floor":14,"key":"Regal Pillow"}],"event_choices":[{"damage_healed":0,"gold_gain":0,"player_choice":"Ignored","damage_taken":0,"max_hp_gain":0,"max_hp_loss":0,"event_name":"Golden Idol","floor":3,"gold_loss":0},{"damage_healed":0,"gold_gain":57,"player_choice":"Gained Gold","damage_taken":0,"max_hp_gain":0,"max_hp_loss":0,"event_name":"Golden Wing","floor":4,"gold_loss":0},{"damage_healed":0,"gold_gain":0,"player_choice":"Success","damage_taken":18,"relics_obtained":["Akabeko"],"max_hp_gain":0,"max_hp_loss":0,"event_name":"Scrap Ooze","floor":11,"gold_loss":0},{"damage_healed":0,"gold_gain":0,"player_choice":"Stole Relic","damage_taken":0,"relics_obtained":["StoneCalendar"],"max_hp_gain":0,"max_hp_loss":0,"event_name":"Addict","floor":20,"gold_loss":0,"cards_obtained":["Shame"]},{"damage_healed":0,"gold_gain":0,"cards_transformed":["Strike_R","Strike_R"],"player_choice":"Became Test Subject","damage_taken":0,"max_hp_gain":0,"max_hp_loss":0,"event_name":"Drug Dealer","floor":21,"gold_loss":0,"cards_obtained":["True Grit","Entrench"]},{"damage_healed":0,"gold_gain":0,"player_choice":"Shed Blood","damage_taken":26,"max_hp_gain":5,"max_hp_loss":0,"event_name":"Forgotten Altar","floor":22,"gold_loss":0}],"is_beta":false,"boss_relics":[{"not_picked":["Sozu","Fusion Hammer","Cursed Key"]}],"items_purged_floors":[],"is_endless":false,"potions_floor_spawned":[2,5,13,14,18],"killed_by":"Book of Stabbing","ascension_level":18}}