{"host":"sy26bfguqtls01um","time":1611380796,"event":{"mods":["BaseMod","DeckTracker","Hermit","Minty Spire (QoL Compilation)","Random Character Button","StSLib","SuperFastMode","The Hierophant","The Necromancer","The Servant 0.9.4","The Wild Card"],"gold_per_floor":[115,127,52,65,65,65,79,90,163,163,178,178,103,114,114,114,114],"floor_reached":16,"language":"KOR","playtime":652,"items_purged":["Defend_S"],"score":208,"play_id":"d61ddbe0-515c-47a0-af38-3a1606fb4a7d","local_time":"20210123144636","is_ascension_mode":true,"campfire_choices":[{"data":"Chrysalis","floor":6.0,"key":"SMITH"},{"floor":10.0,"key":"REST"},{"data":"Moondial","floor":15.0,"key":"SMITH"}],"circlet_count":0,"master_deck":["AscendersBane","Strike_S","Strike_S","Strike_S","Defend_S","Defend_S","Defend_S","KidneyShot","Exchange","Chrysalis+1","Misdirection","Ricochet","GearUp","BottledTime","InstantArmor","Moondial+1"],"relics":["Uniform","Meat on the Bone"],"acts_visited":["Exordium"],"potions_floor_usage":[16],"damage_taken":[{"damage":0.0,"enemies":"Small Slimes","floor":1.0,"turns":5.0},{"damage":0.0,"enemies":"2 Louse","floor":2.0,"turns":4.0},{"damage":8.0,"enemies":"Jaw Worm","floor":4.0,"turns":6.0},{"damage":20.0,"enemies":"Exordium Thugs","floor":7.0,"turns":6.0},{"damage":11.0,"enemies":"3 Louse","floor":8.0,"turns":5.0},{"damage":1.0,"enemies":"Blue Slaver","floor":11.0,"turns":4.0},{"damage":0.0,"enemies":"Gremlin Nob","floor":12.0,"turns":1.0},{"damage":6.0,"enemies":"Exordium Wildlife","floor":14.0,"turns":5.0},{"damage":41,"enemies":"Slime Boss","floor":16,"turns":12}],"seed_played":"8890542873146202073","potions_obtained":[{"floor":2.0,"key":"Block Potion"},{"floor":4.0,"key":"CultistPotion"},{"floor":8.0,"key":"SmokeBomb"},{"floor":14.0,"key":"Weak Potion"}],"is_trial":false,"path_per_floor":["M","M","?","M","?","R","M","M","T","R","M","E","$","M","R","B"],"character_chosen":"THE_SERVANT","items_purchased":[],"campfire_rested":1,"item_purchase_floors":[],"current_hp_per_floor":[39,39,39,31,36,36,16,5,5,24,35,35,35,41,41,0,0],"gold":114,"neow_bonus":"RANDOM_COLORLESS_2","is_daily":false,"chose_seed":false,"campfire_upgraded":2,"win_rate":0.0,"timestamp":1611380796,"path_taken":["M","M","?","M","?","R","M","M","T","R","M","E","?","?","R","BOSS"],"items_purchased_type":[],"build_version":"2020-12-22","purchased_purges":1,"victory":false,"max_hp_per_floor":[60,60,60,60,65,65,65,65,65,65,65,65,65,65,65,65,65],"card_choices":[{"not_picked":["HandOfGreed","The Bomb"],"picked":"Chrysalis","floor":0.0},{"not_picked":["Advance","Starlight"],"picked":"Misdirection","floor":1.0},{"not_picked":["Replace","Foresight"],"picked":"Ricochet","floor":2.0},{"not_picked":["Advance","Replace"],"picked":"GearUp","floor":4.0},{"not_picked":["FastForward","Ricochet","TimeTheft"],"picked":"SKIP","floor":7.0},{"not_picked":["Revamp","Unruled"],"picked":"BottledTime","floor":8.0},{"not_picked":["Advance","RealityMarble"],"picked":"InstantArmor","floor":11.0},{"not_picked":["Defy","Replace"],"picked":"Moondial","floor":14.0}],"player_experience":1882361,"relics_obtained":[{"floor":9.0,"key":"Meat on the Bone"}],"event_choices":[{"cards_removed":["Strike_S"],"damage_healed":0.0,"max_hp_gain":0.0,"max_hp_loss":0.0,"gold_gain":0.0,"event_name":"The Cleric","player_choice":"Card Removal","floor":3.0,"gold_loss":75.0,"damage_taken":0.0},{"damage_healed":0.0,"max_hp_gain":5.0,"max_hp_loss":0.0,"gold_gain":0.0,"event_name":"Big Fish","player_choice":"Donut","floor":5.0,"gold_loss":0.0,"damage_taken":0.0}],"is_beta":false,"boss_relics":[],"items_purged_floors":[13],"is_endless":false,"potions_floor_spawned":[2,4,8,14],"killed_by":"Slime Boss","ascension_level":20}}