{"host":"h1qktzcccqnez8tx","time":1611442634,"event":{"mods":["BaseMod","Block Reminder","Colored Map","Colored Powertips","Curses Come First","Highlight Path","Infinite Spire","Minty Spire (QoL Compilation)","Permanent Neow","Quick Restart","Replay The Spire","StSLib","The Jungle"],"gold_per_floor":[113,125,50,60,77,109,109,143,143,43,43,43,63,63,63,166,166,178,197,22,22,42,42,42],"floor_reached":23,"language":"ENG","playtime":983,"items_purged":["Strike_B","Strike_B","Blizzard"],"score":241,"play_id":"c1dc37fb-d0da-44d8-b7a6-0f6c510b457e","local_time":"20210123235714","is_ascension_mode":true,"campfire_choices":[{"floor":7,"key":"REST"},{"floor":11,"key":"REST"},{"data":"Gash","floor":15,"key":"SMITH"}],"circlet_count":0,"master_deck":["Strike_B","Strike_B","Defend_B","Defend_B","Defend_B","Defend_B","Zap","Dualcast","Ball Lightning","Gash","Scrape","Gash+1","Conserve Battery","Hologram+1","Gash","Stack","ReplayTheSpireMod:System Scan+1"],"relics":["Runic Pyramid","Counterbalance","Quantum Egg","BranchBurnRelic","Coffee Dripper","Replay:Baseball"],"acts_visited":["Exordium","TheCity"],"potions_floor_usage":[8,23],"damage_taken":[{"damage":1,"enemies":"Cultist","floor":1,"turns":4},{"damage":0,"enemies":"Small Slimes","floor":2,"turns":3},{"damage":8,"enemies":"2 Louse","floor":4,"turns":2},{"damage":7,"enemies":"2 Fungi Beasts","floor":5,"turns":3},{"damage":40,"enemies":"3 Sentries","floor":6,"turns":7},{"damage":32,"enemies":"Gremlin Nob","floor":8,"turns":4},{"damage":20,"enemies":"Gremlin Gang","floor":13,"turns":4},{"damage":31,"enemies":"Fading Forest","floor":16,"turns":11},{"damage":10,"enemies":"Spheric Guardian","floor":18,"turns":4},{"damage":10,"enemies":"3 Byrds","floor":19,"turns":6},{"damage":10,"enemies":"Shelled Parasite and Fungi","floor":22,"turns":5},{"damage":46,"enemies":"Slavers","floor":23,"turns":2}],"seed_played":"-3876352998688462226","potions_obtained":[{"floor":6,"key":"infinitespire:BlackPotion"},{"floor":16,"key":"FearPotion"},{"floor":18,"key":"DuplicationPotion"},{"floor":19,"key":"Reflective Coating"}],"is_trial":false,"path_per_floor":["M","M","$","M","M","E","R","E","T","$","R","$","M","?","R","B",null,"M","M","$","?","M","E"],"character_chosen":"DEFECT","items_purchased":["Stack"],"campfire_rested":2,"item_purchase_floors":[20],"current_hp_per_floor":[74,74,74,66,59,19,41,9,9,9,31,31,23,23,23,15,75,65,55,55,55,45,0,0],"gold":42,"neow_bonus":"BOSS_RELIC","is_daily":false,"chose_seed":false,"campfire_upgraded":1,"win_rate":0.0,"timestamp":1611442634,"path_taken":["M","M","$","M","M","E","R","E","T","$","R","?","M","?","R","BOSS","M","M","$","?","M","E"],"items_purchased_type":["Card"],"build_version":"2020-12-22","purchased_purges":3,"victory":false,"max_hp_per_floor":[75,75,75,75,75,75,75,75,75,75,75,75,75,75,75,75,75,75,75,75,75,75,75,75],"card_choices":[{"not_picked":["Go for the Eyes","Chaos"],"picked":"Blizzard","floor":1},{"not_picked":["Redo","Heatsinks"],"picked":"Ball Lightning","floor":2},{"not_picked":["Sunder","Lockon"],"picked":"Gash","floor":4},{"not_picked":["Barrage","Hologram"],"picked":"Scrape","floor":5},{"not_picked":["Static Discharge","Multi-Cast"],"picked":"Gash","floor":6},{"not_picked":["Go for the Eyes","Steam Power"],"picked":"Conserve Battery","floor":8},{"not_picked":["FIFO Queue","Streamline","ReplayTheSpireMod:Reroute Power"],"picked":"SKIP","floor":13},{"not_picked":["Steam","Go for the Eyes"],"picked":"Hologram+1","floor":18},{"not_picked":["Hologram","Conserve Battery"],"picked":"Gash","floor":19},{"not_picked":["Coolheaded","Streamline"],"picked":"ReplayTheSpireMod:System Scan+1","floor":22}],"player_experience":105813,"relics_obtained":[{"floor":6,"key":"Dead Branch"},{"floor":8,"key":"Counterbalance"},{"floor":9,"key":"Quantum Egg"}],"event_choices":[{"damage_healed":0,"gold_gain":0,"player_choice":"Ignored","damage_taken":0,"max_hp_gain":0,"max_hp_loss":0,"event_name":"Liars Game","floor":14,"gold_loss":0},{"damage_healed":0,"gold_gain":0,"player_choice":"Opened","damage_taken":0,"relics_obtained":["Replay:Baseball"],"max_hp_gain":0,"max_hp_loss":0,"event_name":"The Mausoleum","floor":21,"gold_loss":0}],"is_beta":false,"boss_relics":[{"not_picked":["Pandora\u0027s Box","Astrolabe"],"picked":"Coffee Dripper"}],"items_purged_floors":[3,10,20],"is_endless":false,"potions_floor_spawned":[6,16,18,19],"killed_by":"Slavers","ascension_level":4}}