{"host":"yp2ga117svxnbcen","time":1611426106,"event":{"mods":["Act Like it!","Aspiration","BaseMod","BetterRewards","ChefMod","Colored Map","Conspire","Custom Start","Downfall","Elementarium","Gensokyo","GifTheSpireLib","Gold Saver","GungeonMod","Halation","Hallownest","Hermit","HornydragonMod","Hubris","Menagerie","Minty Spire (QoL Compilation)","Quick Restart","Remove Card Discount Mod","Replay The Spire","Shop Mod","Spicy Shops","StSLib","Stuff the Spire","The Blue Laboratory","The IronCluck","egg","slay the spire mod where everything is the same but ironclad has a cowboy hat","vexMod","??????REMEMod"],"gold_per_floor":[962,974,994,293,303,303,353,153,164,164,183,29,47,75,94,189,189,89,105,115,126,126,145,145,159,47,47,42,42,55,107,122,225,225,314,328,328,328,348,45,45,76,92,105,105,105,121,134,148,148,148,148],"floor_reached":50,"language":"ENG","playtime":1920,"items_purged":["champ:ShieldWall","champ:Taunt","champ:Strike","champ:Strike","champ:Defend","champ:Strike","champ:Strike"],"score":507,"play_id":"13d12121-4255-40ef-afd1-1fdbb4e97b6f","local_time":"20210123102146","is_ascension_mode":false,"campfire_choices":[{"data":"champ:Execute","floor":1,"key":"SMITH"},{"floor":6,"key":"RECALL"},{"data":"REME_BodyOfCthun","floor":8,"key":"SMITH"},{"data":"champ:EnragedBash","floor":10,"key":"SMITH"},{"data":"Mayhem","floor":18,"key":"SMITH"},{"data":"expansioncontent:Chronoboost","floor":27,"key":"SMITH"},{"data":"champ:CheapShot","floor":29,"key":"SMITH"},{"floor":45,"key":"REST"}],"circlet_count":0,"master_deck":["champ:Defend+1","champ:Defend+1","champ:Defend+1","champ:Execute+1","champ:Haymaker+1","champ:GutPunch+1","champ:LastStand+1","champ:HeartStrike+1","champ:FocusedBerserking+1","REME_BodyOfCthun+1","champ:EnragedBash+1","champ:Shatter+1","champ:RecklessLeap+1","champ:EndlessRage+1","REME_EyeOfCthun+1","StuffTheSpire:PlasmaPunch+1","Mayhem+1","champ:BringItOn+1","Master of Strategy+1","champ:CheapShot+1","champ:CrookedStrike+1","champ:Haymaker+1","expansioncontent:Chronoboost+1","champ:PreciseThrust+1","champ:VampiricStrike+1","champ:AdrenalArmor+1","champ:GutPunch+1","champ:Backstep+1","champ:Shatter+1","champ:UltimateStance","champ:Lariat+1"],"relics":["REME_ComplimentaryCards","vexMod:TanglingVine","hubris:SlimyHat","vexMod:PaidLearning","ReplayTheSpireMod:ShopPack","Snack Pack","vexMod:CursedCompass","Enchiridion","vexMod:FocusSash","Bottled Tornado","Philosopher\u0027s Stone","halation:BlueSoulGem","hubris:EmptyBottle","Replay:Bottled Steam","vexMod:BarristanHead"],"acts_visited":["Exordium","TheCity","TheBeyond"],"potions_floor_usage":[9,16,26,28,32,33,33,42,42,42,42,43,43,49,50,50,50,50,50],"damage_taken":[{"damage":11,"enemies":"Cultist","floor":2,"turns":3},{"damage":12,"enemies":"Small Slimes","floor":3,"turns":3},{"damage":23,"enemies":"downfall:FleeingMerchant","floor":4,"turns":4},{"damage":0,"enemies":"Jaw Worm","floor":5,"turns":2},{"damage":0,"enemies":"3 Louse","floor":9,"turns":3},{"damage":39,"enemies":"Exordium Wildlife","floor":11,"turns":3},{"damage":37,"enemies":"downfall:FleeingMerchant","floor":12,"turns":4},{"damage":14,"enemies":"2 Fungi Beasts","floor":13,"turns":3},{"damage":40,"enemies":"Lagavulin","floor":14,"turns":4},{"damage":15,"enemies":"Large Slime","floor":15,"turns":2},{"damage":59,"enemies":"DF_ARCHETYPE_STREAMLINE","floor":16,"turns":4},{"damage":35,"enemies":"3 Byrds","floor":19,"turns":5},{"damage":16,"enemies":"Shell Parasite","floor":20,"turns":3},{"damage":26,"enemies":"Snecko","floor":21,"turns":3},{"damage":7,"enemies":"Snake Plant","floor":23,"turns":3},{"damage":11,"enemies":"Sentry and Sphere","floor":25,"turns":2},{"damage":46,"enemies":"downfall:FleeingMerchant","floor":26,"turns":5},{"damage":5,"enemies":"downfall:FleeingMerchant","floor":28,"turns":2},{"damage":5,"enemies":"Snecko","floor":30,"turns":3},{"damage":21,"enemies":"Snake Plant","floor":32,"turns":2},{"damage":21,"enemies":"SI_MIRROR_ARCHETYPE","floor":33,"turns":3},{"damage":56,"enemies":"3 Shapes","floor":36,"turns":3},{"damage":26,"enemies":"Orb Walker","floor":39,"turns":3},{"damage":5,"enemies":"R_Hoarder","floor":42,"turns":6},{"damage":17,"enemies":"3 Darklings","floor":43,"turns":3},{"damage":59,"enemies":"Writhing Mass","floor":44,"turns":5},{"damage":25,"enemies":"Spire Growth","floor":47,"turns":4},{"damage":63,"enemies":"Maw","floor":48,"turns":5},{"damage":20,"enemies":"Transient","floor":49,"turns":5},{"damage":149,"enemies":"WA_ARCHETYPE_DIVINITY","floor":50,"turns":7}],"seed_played":"276390977178706203","potions_obtained":[{"floor":3,"key":"DemoMod:LeadSkinPotion"},{"floor":13,"key":"Swift Potion"},{"floor":16,"key":"champ:TechniquePotion"},{"floor":19,"key":"Weak Potion"},{"floor":20,"key":"blueLaboratory:HorrorPotion"},{"floor":25,"key":"blueLaboratory:StoneskinPotion"},{"floor":30,"key":"Explosive Potion"},{"floor":47,"key":"Ancient Potion"}],"is_trial":false,"path_per_floor":["R","M","M","$","M","R","T","R","M","R","M","$","M","E","M","B",null,"R_BF","M","M","M","?","M","T","M","$","R","$","R","M","T","M","B",null,"R_BF","M","?","?","M","$","T","E","M","M","R","?","M","M","M","B"],"character_chosen":"THE_CHAMP","items_purchased":["hubris:SlimyHat","champ:LastStand","champ:HeartStrike","champ:FocusedBerserking","vexMod:PaidLearning","REME_BodyOfCthun","ReplayTheSpireMod:ShopPack","expansioncontent:Chronoboost","Bottled Tornado","DistilledChaos","hubris:EmptyBottle","Adrenaline Potion","AttackPotion","SteroidPotion"],"campfire_rested":1,"item_purchase_floors":[4,4,4,4,4,4,12,26,28,28,40,40,40,40],"current_hp_per_floor":[90,89,87,84,84,84,84,94,94,94,70,63,49,29,29,9,100,100,87,78,76,60,60,60,61,41,41,43,43,43,43,44,51,100,100,64,64,64,45,45,45,46,50,32,59,59,48,36,46,0,0,0],"gold":148,"neow_bonus":"BOSS_RELIC","is_daily":false,"chose_seed":false,"campfire_upgraded":6,"win_rate":0.0,"timestamp":1611426106,"path_taken":["R","M","M","$","M","R","T","R","?","R","M","$","M","E","M","BOSS","R_BF","M","M","M","?","M","T","M","$","R","?","R","M","?","M","BOSS","R_BF","M","?","?","M","$","T","E","M","M","R","?","M","M","M","BOSS"],"items_purchased_type":["Relic","Card","Card","Card","Relic","Card","Relic","Card","Relic","Potion","Relic","Potion","Potion","Potion"],"build_version":"2020-12-22","purchased_purges":7,"victory":false,"max_hp_per_floor":[90,90,90,90,90,90,90,100,100,100,100,100,100,100,100,100,100,100,100,100,100,100,100,100,100,100,100,100,100,100,100,100,100,100,100,100,100,90,90,90,90,90,90,90,90,90,90,90,90,90,90,90],"card_choices":[{"not_picked":["champ:StanceDance","champ:GutPunch"],"picked":"champ:Haymaker","floor":2},{"not_picked":["champ:DefensiveShout","champ:Circumvent"],"picked":"champ:ShieldWall","floor":3},{"not_picked":["champ:ArenaPreparation","champ:Backstep"],"picked":"champ:GutPunch","floor":4},{"not_picked":["champ:TornadoPunch","champ:ShieldWall"],"picked":"champ:EnragedBash","floor":5},{"not_picked":["champ:IronFortress","champ:CrownThrow"],"picked":"champ:Shatter","floor":9},{"not_picked":["champ:ArenaPreparation","champ:Circumvent"],"picked":"champ:RecklessLeap","floor":11},{"not_picked":["champ:StanceDance","champ:BerserkersShout"],"picked":"champ:EndlessRage","floor":12},{"not_picked":["Sadistic Nature","StuffTheSpire:Recharge"],"picked":"REME_EyeOfCthun","floor":12},{"not_picked":["StuffTheSpire:FreeRealEstate","Enlightenment"],"picked":"StuffTheSpire:PlasmaPunch","floor":12},{"not_picked":["vexMod:EmailVexCard","Violence"],"picked":"Mayhem","floor":12},{"not_picked":["champ:BladeFlurry","champ:TornadoPunch","champ:DefensiveShout"],"picked":"SKIP","floor":13},{"not_picked":["champ:RisingSlash","champ:Parry","champ:Shatter"],"picked":"SKIP","floor":14},{"not_picked":["champ:PreemptiveStrike","champ:FanOfKnives"],"picked":"champ:BringItOn","floor":15},{"not_picked":["champ:MurderStrike","champ:StrikeOfGenius"],"picked":"champ:CheapShot","floor":16},{"not_picked":["champ:EnGarde+1","champ:Parry","champ:DefensiveShout"],"picked":"SKIP","floor":19},{"not_picked":["champ:PerfectedStrike","champ:ArenaPreparation","champ:TornadoPunch+1"],"picked":"SKIP","floor":20},{"not_picked":["champ:StanceDance+1","champ:PreemptiveStrike","champ:RisingSlash"],"picked":"SKIP","floor":21},{"not_picked":["champ:Endure","champ:CrownThrow"],"picked":"champ:CrookedStrike","floor":23},{"not_picked":["champ:PreemptiveStrike","champ:ArenaPreparation","champ:Backstep"],"picked":"SKIP","floor":25},{"not_picked":["champ:Shatter","champ:FlashCut+1"],"picked":"champ:Haymaker+1","floor":26},{"not_picked":["champ:ShieldSlam","champ:TornadoPunch","champ:Circumvent+1"],"picked":"SKIP","floor":28},{"not_picked":["champ:FanOfKnives","champ:StanceDance"],"picked":"champ:PreciseThrust+1","floor":30},{"not_picked":["champ:StanceDance","champ:CrownThrow","champ:TornadoPunch"],"picked":"SKIP","floor":32},{"not_picked":["champ:UltimateStance","champ:TripleStrike"],"picked":"champ:VampiricStrike","floor":33},{"not_picked":["champ:PreemptiveStrike+1","champ:TornadoPunch+1"],"picked":"champ:AdrenalArmor","floor":36},{"not_picked":["champ:CrownThrow","champ:FocusedDefense","champ:BladeFlurry"],"picked":"SKIP","floor":39},{"not_picked":["champ:RecklessLeap+1","champ:TornadoPunch"],"picked":"champ:GutPunch+1","floor":42},{"not_picked":["champ:DefensiveShout+1","champ:EnragedBash"],"picked":"champ:Backstep+1","floor":43},{"not_picked":["champ:PerfectedStrike+1","champ:SetATrap","champ:BringItOn"],"picked":"SKIP","floor":44},{"not_picked":["champ:EnGarde","champ:RapidStrikes+1"],"picked":"champ:Shatter+1","floor":47},{"not_picked":["champ:BringItOn","champ:AdrenalArmor+1"],"picked":"champ:UltimateStance","floor":48},{"not_picked":["champ:Encircle","champ:CalledShot"],"picked":"champ:Lariat+1","floor":49}],"player_experience":1158381,"relics_obtained":[{"floor":14,"key":"Snack Pack"},{"floor":22,"key":"Enchiridion"},{"floor":24,"key":"vexMod:FocusSash"},{"floor":41,"key":"Replay:Bottled Steam"},{"floor":42,"key":"vexMod:BarristanHead"}],"event_choices":[{"damage_healed":0,"gold_gain":0,"player_choice":"Ignored","damage_taken":0,"max_hp_gain":0,"max_hp_loss":0,"event_name":"Mysterious Sphere","floor":46,"gold_loss":0}],"is_beta":false,"boss_relics":[{"not_picked":["Coffee Dripper","StuffTheSpire:RunicHypercube"],"picked":"vexMod:CursedCompass"},{"not_picked":["Ring of Chaos","ReplayTheSpireMod:DimensionalGlitch"],"picked":"Philosopher\u0027s Stone"}],"items_purged_floors":[4,4,12,12,12,12,12],"is_endless":false,"potions_floor_spawned":[3,11,13,15,16,19,20,25,30,47,48],"killed_by":"WA_ARCHETYPE_DIVINITY","ascension_level":0}}