{"host":"April","time":1611392036,"event":{"mods":["BaseMod","Minty Spire (QoL Compilation)"],"gold_per_floor":[110,130,142,142,142,142,173,201,201,214,231,231,39,70,70,195,195,195,195,195,38,38,38,38,38,38,38,38,38,38,38,38,38,38,38,38,38,38,38,38,38,38,38,38,38,38,38,38,38,38,38],"floor_reached":50,"language":"ENG","playtime":3541,"items_purged":[],"score":659,"play_id":"4746bb60-7ab9-48d6-a61c-e8969af2c781","local_time":"20210123005356","is_ascension_mode":true,"campfire_choices":[{"data":"Neutralize","floor":6.0,"key":"SMITH"},{"floor":15.0,"key":"REST"},{"data":"After Image","floor":23.0,"key":"SMITH"},{"data":"Burst","floor":27.0,"key":"SMITH"},{"data":"Distraction","floor":32.0,"key":"SMITH"},{"data":"A Thousand Cuts","floor":40.0,"key":"SMITH"},{"data":"Reflex","floor":49.0,"key":"SMITH"}],"circlet_count":0,"master_deck":["Strike_G","Strike_G","Strike_G","Strike_G+1","Defend_G+1","Defend_G","Defend_G","Defend_G","Defend_G","Survivor","Neutralize+1","Riddle With Holes","Predator","All Out Attack","Dagger Throw","All Out Attack","Quick Slash","Corpse Explosion","Burst+1","After Image+1","Cloak And Dagger+1","Shame","Backflip","Bouncing Flask+1","Distraction+1","Dash+1","Reflex+1","Deadly Poison","Distraction+1","A Thousand Cuts+1","Deadly Poison+1","Madness","Madness","PiercingWail","Eviscerate+1","Noxious Fumes+1","Storm of Steel","Bane"],"relics":["Ring of the Snake","Lantern","Calipers","Odd Mushroom","Tough Bandages","Golden Idol","Potion Belt","Bird Faced Urn","Ectoplasm","Pear","TwistedFunnel","Red Mask","Smiling Mask","Snake Skull","Old Coin","Snecko Eye","Incense Burner","Akabeko","InkBottle","Regal Pillow"],"acts_visited":["Exordium","TheCity","TheBeyond"],"potions_floor_usage":[50,50],"damage_taken":[{"damage":0.0,"enemies":"Small Slimes","floor":1.0,"turns":3.0},{"damage":2.0,"enemies":"2 Louse","floor":2.0,"turns":2.0},{"damage":3.0,"enemies":"Jaw Worm","floor":3.0,"turns":2.0},{"damage":14.0,"enemies":"Gremlin Nob","floor":7.0,"turns":4.0},{"damage":15.0,"enemies":"The Mushroom Lair","floor":8.0,"turns":3.0},{"damage":14.0,"enemies":"Large Slime","floor":10.0,"turns":5.0},{"damage":0.0,"enemies":"2 Fungi Beasts","floor":11.0,"turns":2.0},{"damage":2.0,"enemies":"Lagavulin","floor":14.0,"turns":4.0},{"damage":23.0,"enemies":"Slime Boss","floor":16.0,"turns":11.0},{"damage":4.0,"enemies":"Shell Parasite","floor":18.0,"turns":6.0},{"damage":5.0,"enemies":"Chosen","floor":20.0,"turns":5.0},{"damage":9.0,"enemies":"Masked Bandits","floor":22.0,"turns":4.0},{"damage":4.0,"enemies":"Slavers","floor":25.0,"turns":2.0},{"damage":4.0,"enemies":"Book of Stabbing","floor":28.0,"turns":5.0},{"damage":0.0,"enemies":"Centurion and Healer","floor":29.0,"turns":5.0},{"damage":11.0,"enemies":"3 Cultists","floor":30.0,"turns":4.0},{"damage":0.0,"enemies":"Snake Plant","floor":31.0,"turns":3.0},{"damage":13.0,"enemies":"Collector","floor":33.0,"turns":6.0},{"damage":0.0,"enemies":"3 Shapes","floor":35.0,"turns":3.0},{"damage":0.0,"enemies":"Orb Walker","floor":36.0,"turns":3.0},{"damage":8.0,"enemies":"2 Orb Walkers","floor":38.0,"turns":3.0},{"damage":8.0,"enemies":"Sphere and 2 Shapes","floor":39.0,"turns":4.0},{"damage":0.0,"enemies":"Maw","floor":41.0,"turns":5.0},{"damage":0.0,"enemies":"Reptomancer","floor":42.0,"turns":5.0},{"damage":0.0,"enemies":"Writhing Mass","floor":44.0,"turns":6.0},{"damage":14.0,"enemies":"3 Darklings","floor":45.0,"turns":3.0},{"damage":0.0,"enemies":"Nemesis","floor":46.0,"turns":5.0},{"damage":4.0,"enemies":"Jaw Worm Horde","floor":47.0,"turns":3.0},{"damage":85,"enemies":"Awakened One","floor":50,"turns":10}],"seed_played":"-1599116818087786314","potions_obtained":[{"floor":1.0,"key":"Explosive Potion"},{"floor":10.0,"key":"LiquidBronze"},{"floor":11.0,"key":"Poison Potion"},{"floor":16.0,"key":"ColorlessPotion"},{"floor":20.0,"key":"Poison Potion"},{"floor":22.0,"key":"Strength Potion"},{"floor":29.0,"key":"Weak Potion"},{"floor":33.0,"key":"SkillPotion"},{"floor":35.0,"key":"PowerPotion"},{"floor":41.0,"key":"Swift Potion"},{"floor":45.0,"key":"LiquidMemories"}],"is_trial":false,"path_per_floor":["M","M","M","?","?","R","E","?","T","M","M","?","$","E","R","B",null,"M","?","M","$","?","R","?","E","T","R","E","M","M","M","R","B",null,"M","M","?","?","M","R","M","E","T","M","M","E","M","?","R","B"],"character_chosen":"THE_SILENT","items_purchased":["PowerPotion","Potion Belt","TwistedFunnel"],"campfire_rested":1,"item_purchase_floors":[13,13,21],"current_hp_per_floor":[70,68,65,70,55,55,41,26,26,12,12,12,12,10,30,7,69,65,75,72,72,63,63,63,61,61,61,59,61,52,54,54,43,79,79,79,69,65,61,61,65,69,69,73,63,69,69,69,69,0,0],"gold":38,"neow_bonus":"RANDOM_COMMON_RELIC","is_daily":false,"chose_seed":false,"campfire_upgraded":6,"win_rate":0.0,"timestamp":1611392036,"path_taken":["M","M","M","?","?","R","E","?","T","?","M","?","$","E","R","BOSS","M","?","M","$","?","R","?","E","T","R","E","?","M","?","R","BOSS","M","?","?","?","M","R","M","E","T","M","M","E","M","?","R","BOSS"],"items_purchased_type":["Potion","Relic","Relic"],"build_version":"2020-12-18","purchased_purges":0,"victory":false,"max_hp_per_floor":[70,70,70,75,75,75,75,75,75,75,75,69,69,69,69,69,69,69,79,79,79,79,79,79,79,79,79,79,79,79,79,79,79,79,79,79,79,79,79,79,79,79,79,79,79,79,79,79,79,79,79],"card_choices":[{"not_picked":["Outmaneuver","Slice"],"picked":"Riddle With Holes","floor":1.0},{"not_picked":["Flying Knee","Eviscerate"],"picked":"Predator","floor":2.0},{"not_picked":["Prepared","Choke"],"picked":"All Out Attack","floor":3.0},{"not_picked":["Catalyst","Acrobatics"],"picked":"Dagger Throw","floor":7.0},{"not_picked":["Cloak And Dagger","Concentrate"],"picked":"All Out Attack","floor":8.0},{"not_picked":["Deflect","Setup"],"picked":"Quick Slash","floor":10.0},{"not_picked":["Dash","Quick Slash"],"picked":"Corpse Explosion","floor":11.0},{"not_picked":["Poisoned Stab","Acrobatics"],"picked":"Burst","floor":14.0},{"not_picked":["Grand Finale","Burst"],"picked":"After Image","floor":16.0},{"not_picked":["Flechettes+1","Heel Hook"],"picked":"Cloak And Dagger+1","floor":18.0},{"not_picked":["Slice","Flying Knee"],"picked":"Backflip","floor":20.0},{"not_picked":["Deflect+1","Choke"],"picked":"Bouncing Flask","floor":22.0},{"not_picked":["Acrobatics+1","Glass Knife"],"picked":"Distraction+1","floor":25.0},{"not_picked":["Flying Knee","Outmaneuver"],"picked":"Dash+1","floor":28.0},{"not_picked":["Sucker Punch","Blade Dance"],"picked":"Reflex","floor":29.0},{"not_picked":["Blade Dance","Poisoned Stab"],"picked":"Deadly Poison","floor":30.0},{"not_picked":["Infinite Blades","Flying Knee+1"],"picked":"Distraction","floor":31.0},{"not_picked":["Grand Finale","Tools of the Trade"],"picked":"A Thousand Cuts","floor":33.0},{"not_picked":["Dodge and Roll","Dagger Throw+1"],"picked":"Deadly Poison+1","floor":35.0},{"not_picked":["Dodge and Roll","Finisher+1","Acrobatics"],"picked":"SKIP","floor":36.0},{"not_picked":["Dagger Spray+1","Dagger Throw+1"],"picked":"PiercingWail","floor":38.0},{"not_picked":["Sucker Punch+1","Distraction+1","Backflip+1"],"picked":"SKIP","floor":39.0},{"not_picked":["Dagger Throw+1","Slice","Quick Slash+1"],"picked":"SKIP","floor":41.0},{"not_picked":["Underhanded Strike+1","Setup+1"],"picked":"Eviscerate+1","floor":42.0},{"not_picked":["Sucker Punch","Flying Knee","Caltrops"],"picked":"SKIP","floor":44.0},{"not_picked":["Dash+1","Backflip"],"picked":"Noxious Fumes+1","floor":45.0},{"not_picked":["PiercingWail+1","Infinite Blades+1"],"picked":"Storm of Steel","floor":46.0},{"not_picked":["Blade Dance","Prepared+1"],"picked":"Bane","floor":47.0}],"player_experience":2599260,"relics_obtained":[{"floor":7.0,"key":"Calipers"},{"floor":8.0,"key":"Odd Mushroom"},{"floor":9.0,"key":"Tough Bandages"},{"floor":14.0,"key":"Bird Faced Urn"},{"floor":22.0,"key":"Red Mask"},{"floor":25.0,"key":"Smiling Mask"},{"floor":26.0,"key":"Snake Skull"},{"floor":28.0,"key":"Old Coin"},{"floor":38.0,"key":"Incense Burner"},{"floor":42.0,"key":"Akabeko"},{"floor":43.0,"key":"InkBottle"},{"floor":46.0,"key":"Regal Pillow"}],"event_choices":[{"damage_healed":0.0,"max_hp_gain":5.0,"max_hp_loss":0.0,"gold_gain":0.0,"event_name":"Big Fish","player_choice":"Donut","floor":4.0,"gold_loss":0.0,"damage_taken":0.0},{"damage_healed":0.0,"max_hp_gain":0.0,"max_hp_loss":0.0,"gold_gain":0.0,"event_name":"Shining Light","player_choice":"Entered Light","floor":5.0,"gold_loss":0.0,"damage_taken":15.0,"cards_upgraded":["Defend_G","Strike_G"]},{"damage_healed":0.0,"max_hp_gain":0.0,"max_hp_loss":0.0,"gold_gain":0.0,"event_name":"Mushrooms","player_choice":"Fought Mushrooms","floor":8.0,"gold_loss":0.0,"damage_taken":0.0},{"damage_healed":0.0,"max_hp_gain":0.0,"max_hp_loss":6.0,"gold_gain":0.0,"event_name":"Golden Idol","player_choice":"Lose Max HP","floor":12.0,"gold_loss":0.0,"damage_taken":0.0,"relics_obtained":["Golden Idol"]},{"damage_healed":0.0,"max_hp_gain":0.0,"max_hp_loss":0.0,"gold_gain":0.0,"event_name":"Addict","player_choice":"Stole Relic","floor":19.0,"gold_loss":0.0,"damage_taken":0.0,"relics_obtained":["Pear"],"cards_obtained":["Shame"]},{"damage_healed":0.0,"max_hp_gain":0.0,"max_hp_loss":0.0,"gold_gain":0.0,"event_name":"Masked Bandits","player_choice":"Fought Bandits","floor":22.0,"gold_loss":0.0,"damage_taken":0.0},{"damage_healed":0.0,"max_hp_gain":0.0,"max_hp_loss":0.0,"gold_gain":0.0,"event_name":"Upgrade Shrine","player_choice":"Upgraded","floor":24.0,"gold_loss":0.0,"damage_taken":0.0,"cards_upgraded":["Bouncing Flask"]},{"damage_healed":0.0,"max_hp_gain":0.0,"max_hp_loss":0.0,"gold_gain":0.0,"event_name":"Winding Halls","player_choice":"Embrace Madness","floor":37.0,"gold_loss":0.0,"damage_taken":10.0,"cards_obtained":["Madness","Madness"]},{"damage_healed":0.0,"max_hp_gain":0.0,"max_hp_loss":0.0,"gold_gain":0.0,"event_name":"Mysterious Sphere","player_choice":"Fight","floor":38.0,"gold_loss":0.0,"damage_taken":0.0},{"cards_removed":["Strike_G"],"damage_healed":0.0,"max_hp_gain":0.0,"max_hp_loss":0.0,"gold_gain":0.0,"event_name":"Falling","player_choice":"Removed Attack","floor":48.0,"gold_loss":0.0,"damage_taken":0.0}],"is_beta":true,"boss_relics":[{"not_picked":["WristBlade","Tiny House"],"picked":"Ectoplasm"},{"not_picked":["Velvet Choker","Runic Dome"],"picked":"Snecko Eye"}],"items_purged_floors":[],"is_endless":false,"potions_floor_spawned":[1,10,11,16,20,22,29,33,35,41,45],"killed_by":"Awakened One","ascension_level":1}}