{"host":"zk6vb2npgw3pu6j2","time":1611373059,"event":{"mods":["Act Like it!","Aspiration","Bard","BaseMod","Beaked The Cultist","Bestiary","Better Note","Better Sensory Stone","CapriCore","Conspire","Downfall","Friendly Minions","Gensokyo","GifTheSpireLib","Hallownest","Hermit","Hubris","Koishi","Marisa????????","Marked Mod","Minty Spire (QoL Compilation)","Quarter Circle Forward PUNCH!","Reimu??????","Replay The Spire","Retaliation","StSLib","The Administrix","The Alterego","The Blue Laboratory","The Bug Knight","The Construct","The Exalted","The Hierophant","The Immortal","The Marked","The Runesmith","The Senshi","The Servant 0.9.4","The Wild Card","TheVacant","Wandering Minibosses","yUi"],"gold_per_floor":[99,109,109,19,32,64,64,49,84,104,4,32,52,52,64,160,160,60,77,92,111,111,146,446,467,236,255,281,281,12,50,62,62,62,62],"floor_reached":33,"language":"ENG","playtime":2180,"items_purged":["Decay","hexamod:Strike"],"score":324,"play_id":"c68f62d4-86d1-4940-89e3-18661ef5c6e1","local_time":"20210122223739","is_ascension_mode":false,"campfire_choices":[{"floor":1,"key":"RECALL"},{"data":"hexamod:HexaLevel","floor":11,"key":"SMITH"},{"data":"hexamod:BurningTouch","floor":18,"key":"SMITH"},{"floor":29,"key":"REST"}],"circlet_count":0,"master_deck":["hexamod:Strike","hexamod:Strike","hexamod:Strike+1","hexamod:Defend","hexamod:Defend","hexamod:Defend","hexamod:Defend","hexamod:Sear+1","hexamod:Float","hexamod:SwordOfDarkness+1","hexamod:UnlimitedPower","hexamod:ShieldOfDarkness","hexamod:BacktrackSmack","hexamod:DynamicBlow","hexamod:HexaLevel+1","hexamod:BurningTouch+1","hexamod:DynamicBlow+1","hexamod:ThermalTransfer+1","hexamod:RadiantFlame+1","hexamod:FifthSeal","hexamod:SixthSeal","hexamod:FlamesFromBeyond","hexamod:ThermalTransfer","hexamod:FirstSeal","hexamod:SecondSeal","hexamod:PowerFromBeyond","hexamod:HeatMetal","hexamod:GhostflameInferno","hexamod:PowerFromBeyond","hexamod:Incineration+1","hexamod:FourthSeal","hexamod:BacktrackSmack","hexamod:SoulSteal+1","hexamod:BurningTouch","hexamod:Firestarter","hexamod:SwordOfDarkness+1"],"relics":["hexamod:SpiritBrand","Bromod:ArcanePulse","conspire:BottledYoYo","TungstenRod","downfall:HeartBlessingRed","qcfpunch:White_Boots","hubris:ScarierMask","downfall:HeartBlessingGreen","hubris:TenFootPole","Old Coin","Strange Spoon","ReplayTheSpireMod:Ninjato"],"acts_visited":["Exordium","TheCity"],"potions_floor_usage":[16,23,23,26,27,30,33],"damage_taken":[{"damage":1,"enemies":"Jaw Worm","floor":2,"turns":3},{"damage":7,"enemies":"downfall:FleeingMerchant","floor":4,"turns":4},{"damage":0,"enemies":"Cultist","floor":5,"turns":3},{"damage":0,"enemies":"conspire:MimicChest","floor":6,"turns":5},{"damage":0,"enemies":"downfall:FleeingMerchant","floor":8,"turns":4},{"damage":9,"enemies":"Gremlin Nob","floor":9,"turns":3},{"damage":0,"enemies":"Small Slimes","floor":10,"turns":3},{"damage":17,"enemies":"Lagavulin","floor":12,"turns":8},{"damage":2,"enemies":"Blue Slaver","floor":13,"turns":4},{"damage":0,"enemies":"Exordium Wildlife","floor":15,"turns":2},{"damage":15,"enemies":"IC_STATUS_ARCHETYPE","floor":16,"turns":6},{"damage":8,"enemies":"Chosen","floor":19,"turns":5},{"damage":0,"enemies":"conspire:FuzzyDice","floor":20,"turns":3},{"damage":40,"enemies":"3 Cultists","floor":21,"turns":6},{"damage":5,"enemies":"Replay:Snechameleon","floor":23,"turns":4},{"damage":6,"enemies":"Snake Plant","floor":25,"turns":3},{"damage":10,"enemies":"downfall:FleeingMerchant","floor":26,"turns":4},{"damage":8,"enemies":"Chosen and Byrds","floor":27,"turns":4},{"damage":10,"enemies":"Centurion and Healer","floor":28,"turns":4},{"damage":11,"enemies":"downfall:FleeingMerchant","floor":30,"turns":4},{"damage":20,"enemies":"HollowMod:Nosk","floor":31,"turns":6},{"damage":5,"enemies":"Snecko","floor":32,"turns":5},{"damage":42,"enemies":"SI_MIRROR_ARCHETYPE","floor":33,"turns":8}],"seed_played":"-7199788317575821075","potions_obtained":[{"floor":5,"key":"blueLaboratory:BottleOfVodka"},{"floor":6,"key":"champ:CounterPotion"},{"floor":9,"key":"Strength Potion"},{"floor":10,"key":"hexamod:DoubleChargePotion"},{"floor":19,"key":"blueLaboratory:FrostheartPotion"},{"floor":27,"key":"ColorlessPotion"},{"floor":30,"key":"blueLaboratory:PyrophylliteBrew"},{"floor":31,"key":"blueLaboratory:FrostheartPotion"},{"floor":31,"key":"blueLaboratory:NullPotion"}],"is_trial":false,"path_per_floor":["R","M","?","$","M","?","T","$","E","M","R","E","M","?","M","B",null,"R","M","M","M","?","E","T","M","$","M","M","R","$","E","M","B"],"character_chosen":"THE_SPIRIT","items_purchased":["Regen Potion","hexamod:PowerFromBeyond","hexamod:Incineration","Strange Spoon"],"campfire_rested":1,"item_purchase_floors":[26,26,26,30],"current_hp_per_floor":[77,76,76,69,69,69,69,69,60,60,60,43,41,41,41,26,77,77,69,69,29,29,24,24,26,16,26,24,48,45,33,36,0,0,0],"gold":62,"neow_bonus":"TEN_PERCENT_HP_BONUS","is_daily":false,"chose_seed":false,"campfire_upgraded":2,"win_rate":0.0,"timestamp":1611373059,"path_taken":["R","M","?","$","?","?","T","$","E","?","R","E","M","?","M","BOSS","R","M","M","M","?","E","T","M","$","M","M","R","$","E","M","BOSS"],"items_purchased_type":["Potion","Card","Card","Relic"],"build_version":"2020-12-22","purchased_purges":2,"victory":false,"max_hp_per_floor":[77,77,77,77,77,77,77,77,77,77,77,77,77,77,77,77,77,77,77,77,77,77,77,77,77,77,77,77,77,77,77,77,77,77,77],"card_choices":[{"not_picked":["hexamod:Hexaguard","hexamod:BacktrackSmack"],"picked":"hexamod:SwordOfDarkness","floor":2},{"not_picked":["hexamod:BurningTouch","hexamod:Incineration"],"picked":"hexamod:UnlimitedPower","floor":4},{"not_picked":["hexamod:Hexaguard","hexamod:HauntingEcho"],"picked":"hexamod:ShieldOfDarkness","floor":5},{"not_picked":["hexamod:ShieldOfDarkness","hexamod:CatchUp"],"picked":"hexamod:BacktrackSmack","floor":6},{"not_picked":["hexamod:NightmareGuise","hexamod:NightmareStrike"],"picked":"hexamod:DynamicBlow","floor":8},{"not_picked":["hexamod:HeatShield","hexamod:Firestarter"],"picked":"hexamod:HexaLevel","floor":9},{"not_picked":["hexamod:NecessarySacrifice","hexamod:SpectersWail"],"picked":"hexamod:BurningTouch","floor":10},{"not_picked":["hexamod:FourthSeal","hexamod:GhostOfSpireFuture"],"picked":"hexamod:DynamicBlow","floor":12},{"not_picked":["hexamod:RecurringNightmare","hexamod:NightmareStrike"],"picked":"hexamod:ThermalTransfer","floor":13},{"not_picked":["hexamod:NightmareGuise","hexamod:GiftsFromTheDead"],"picked":"hexamod:RadiantFlame","floor":15},{"not_picked":["hexamod:UnleashSpirits","hexamod:UnlimitedPower"],"picked":"hexamod:FifthSeal","floor":16},{"not_picked":["hexamod:SecondSeal","hexamod:FourthSeal"],"picked":"hexamod:SixthSeal","floor":19},{"not_picked":["hexamod:RainOfEmbers","hexamod:SuperheatedStrike"],"picked":"hexamod:FlamesFromBeyond","floor":19},{"not_picked":["hexamod:GhostShield","hexamod:NightmareStrike"],"picked":"hexamod:ThermalTransfer","floor":20},{"not_picked":["hexamod:SecondSeal","hexamod:ThirdSeal"],"picked":"hexamod:FirstSeal","floor":21},{"not_picked":["hexamod:FourthSeal","hexamod:EmpoweredFlame"],"picked":"hexamod:SecondSeal","floor":21},{"not_picked":["hexamod:EtherealExpedition","hexamod:PhantomFireball"],"picked":"hexamod:PowerFromBeyond","floor":23},{"not_picked":["hexamod:Incineration","hexamod:SuperheatedStrike"],"picked":"hexamod:HeatMetal","floor":25},{"not_picked":["hexamod:CatchUp","hexamod:NightmareGuise+1"],"picked":"hexamod:GhostflameInferno","floor":26},{"not_picked":["hexamod:SixthSeal","hexamod:FirstSeal"],"picked":"hexamod:FourthSeal","floor":27},{"not_picked":["hexamod:NightmareGuise","hexamod:PowerFromBeyond"],"picked":"hexamod:BacktrackSmack","floor":27},{"not_picked":["hexamod:GhostShield","hexamod:ShieldOfDarkness+1"],"picked":"hexamod:SoulSteal+1","floor":28},{"not_picked":["hexamod:TurnItUp","hexamod:FastForward"],"picked":"hexamod:BurningTouch","floor":30},{"not_picked":["hexamod:GhostLash","hexamod:Again"],"picked":"hexamod:Firestarter","floor":31},{"not_picked":["hexamod:ThermalTransfer","hexamod:BacktrackSmack"],"picked":"hexamod:SwordOfDarkness+1","floor":32}],"player_experience":267596,"relics_obtained":[{"floor":6,"key":"Bromod:ArcanePulse"},{"floor":7,"key":"conspire:BottledYoYo"},{"floor":9,"key":"TungstenRod"},{"floor":12,"key":"qcfpunch:White_Boots"},{"floor":23,"key":"hubris:TenFootPole"},{"floor":24,"key":"Old Coin"},{"floor":31,"key":"ReplayTheSpireMod:Ninjato"}],"event_choices":[{"damage_healed":0,"gold_gain":0,"player_choice":"Leave","damage_taken":0,"max_hp_gain":0,"max_hp_loss":0,"event_name":"conspire:Investor","floor":14,"gold_loss":0},{"cards_removed":["hexamod:UnlimitedPower"],"damage_healed":0,"gold_gain":0,"player_choice":"Give","damage_taken":0,"max_hp_gain":0,"max_hp_loss":0,"event_name":"betterNote:BetterNote","floor":22,"gold_loss":0,"cards_obtained":["None"]}],"is_beta":false,"boss_relics":[{"not_picked":["Cursed Key","aspiration:PoetsPen_weak"],"picked":"hubris:ScarierMask"}],"items_purged_floors":[4,30],"is_endless":false,"potions_floor_spawned":[5,6,9,10,12,19,20,27,31],"killed_by":"SI_MIRROR_ARCHETYPE","ascension_level":0}}