{"host":"syozzdlzcqop4jia","time":1611441663,"event":{"mods":["BaseMod","Colored Powertips","Minty Spire (QoL Compilation)","Quick Restart"],"gold_per_floor":[111,111,127,202,51,51,62,77,77,2,22,22,22,22,22,22,22],"floor_reached":16,"language":"ENG","playtime":854,"items_purged":["Strike_R"],"score":99,"play_id":"7cb153ff-c127-4afd-a8a2-2e6052889926","local_time":"20210123234103","is_ascension_mode":true,"campfire_choices":[{"floor":6,"key":"REST"},{"floor":12,"key":"REST"},{"data":"Bash","floor":15,"key":"SMITH"}],"circlet_count":0,"master_deck":["Strike_R","Strike_R","Strike_R","Strike_R","Defend_R","Defend_R","Defend_R","Defend_R","Bash+1","Armaments","Twin Strike","Anger","Twin Strike","Heavy Blade","Cleave","Headbutt","Pommel Strike"],"relics":["Burning Blood","Gambling Chip","Meat on the Bone","Orrery","Dream Catcher","WingedGreaves"],"acts_visited":["Exordium"],"potions_floor_usage":[],"damage_taken":[{"damage":4,"enemies":"Small Slimes","floor":1,"turns":4},{"damage":4,"enemies":"Cultist","floor":3,"turns":5},{"damage":3,"enemies":"2 Louse","floor":7,"turns":3},{"damage":16,"enemies":"Blue Slaver","floor":8,"turns":3},{"damage":9,"enemies":"Red Slaver","floor":11,"turns":3},{"damage":0,"enemies":"Hexaghost","floor":16,"turns":2}],"seed_played":"1017505383958039742","potions_obtained":[{"floor":3,"key":"Energy Potion"},{"floor":8,"key":"SkillPotion"},{"floor":11,"key":"LiquidMemories"}],"is_trial":false,"path_per_floor":["M","?","M","?","$","R","M","M","T","$","M","R","?","T","R","B"],"character_chosen":"IRONCLAD","items_purchased":["Orrery"],"campfire_rested":2,"item_purchase_floors":[5],"current_hp_per_floor":[58,46,48,40,40,64,67,57,57,57,54,78,78,78,78,78,78],"gold":22,"neow_bonus":"ONE_RARE_RELIC","is_daily":false,"chose_seed":false,"campfire_upgraded":1,"win_rate":0.0,"timestamp":1611441663,"path_taken":["M","?","M","?","$","R","M","M","T","$","?","R","?","?","R","BOSS"],"items_purchased_type":["Relic"],"build_version":"2020-12-22","purchased_purges":1,"victory":false,"max_hp_per_floor":[80,80,80,80,80,80,80,80,80,80,80,80,80,80,80,80,80],"card_choices":[{"not_picked":["Clothesline","Disarm","Reckless Charge"],"picked":"SKIP","floor":1},{"not_picked":["Clothesline","Entrench"],"picked":"Armaments","floor":3},{"not_picked":["Feed","Clash"],"picked":"Twin Strike","floor":5},{"not_picked":["Reckless Charge","Armaments"],"picked":"Anger","floor":5},{"not_picked":["Sword Boomerang","Offering"],"picked":"Twin Strike","floor":5},{"not_picked":["Infernal Blade","Evolve"],"picked":"Heavy Blade","floor":5},{"not_picked":["Spot Weakness","Clash"],"picked":"Cleave","floor":7},{"not_picked":["Clothesline","Evolve","Seeing Red"],"picked":"SKIP","floor":8},{"not_picked":["Evolve","Body Slam"],"picked":"Headbutt","floor":11},{"not_picked":["Pummel","Dark Embrace"],"picked":"Pommel Strike","floor":12}],"player_experience":334833,"relics_obtained":[{"floor":9,"key":"Dream Catcher"},{"floor":14,"key":"WingedGreaves"}],"event_choices":[{"damage_healed":0,"gold_gain":0,"player_choice":"Success","damage_taken":12,"relics_obtained":["Meat on the Bone"],"max_hp_gain":0,"max_hp_loss":0,"event_name":"Scrap Ooze","floor":2,"gold_loss":0},{"damage_healed":0,"gold_gain":75,"player_choice":"Touch","damage_taken":8,"max_hp_gain":0,"max_hp_loss":0,"event_name":"FaceTrader","floor":4,"gold_loss":0},{"damage_healed":0,"gold_gain":0,"player_choice":"Ignored","damage_taken":0,"max_hp_gain":0,"max_hp_loss":0,"event_name":"Liars Game","floor":13,"gold_loss":0}],"is_beta":false,"boss_relics":[],"items_purged_floors":[10],"is_endless":false,"potions_floor_spawned":[3,8,11],"killed_by":"Hexaghost","ascension_level":2}}