{"host":"pf47v7h0307523iy","time":1611417090,"event":{"mods":["BaseMod","Minty Spire (QoL Compilation)","Relic Stats"],"gold_per_floor":[109,109,124,174,185,215,215,215,239,5,35,35,35,47,47,124,124,137,154,69,82,92,92,111,111,111,111,1,35,45,76,76,148,148,163,163,0,0,10,10,10,35,35,65,78,78,108,125,125,125,125,125,125,44,76,76],"floor_reached":57,"language":"ENG","playtime":8113,"items_purged":["Strike_G"],"score":2726,"play_id":"c515de76-c95c-4455-ad69-94462f553fda","local_time":"20210123175130","is_ascension_mode":true,"campfire_choices":[{"data":"Footwork","floor":8.0,"key":"SMITH"},{"data":"Well Laid Plans","floor":13.0,"key":"SMITH"},{"data":"Footwork","floor":15.0,"key":"SMITH"},{"data":"Noxious Fumes","floor":23.0,"key":"SMITH"},{"data":"Crippling Poison","floor":25,"key":"SMITH"},{"data":"Adrenaline","floor":32,"key":"SMITH"},{"data":"Wraith Form v2","floor":40,"key":"SMITH"},{"data":"Dash","floor":46,"key":"SMITH"},{"floor":49,"key":"RECALL"},{"data":"Backflip","floor":53,"key":"SMITH"}],"circlet_count":0,"master_deck":["AscendersBane","Strike_G","Strike_G","Strike_G","Defend_G","Defend_G","Defend_G","Defend_G","Defend_G","Survivor","Neutralize+1","Terror+1","Dagger Throw","Cloak And Dagger","Footwork+1","Quick Slash","Dagger Spray+1","Well Laid Plans+1","Footwork+1","Dash+1","Adrenaline+1","Noxious Fumes+1","Crippling Poison+1","Bane+1","Backflip+1","Backflip+1","Wraith Form v2+1","PiercingWail","Escape Plan","PiercingWail","After Image+1"],"relics":["Ring of the Snake","NeowsBlessing","Potion Belt","CaptainsWheel","Blood Vial","Sundial","Coffee Dripper","HornCleat","Tiny Chest","Bottled Tornado","Philosopher\u0027s Stone","Frozen Egg 2","Red Mask","Paper Crane","Whetstone","InkBottle","Orichalcum","Tingsha"],"acts_visited":["Exordium","TheCity","TheBeyond","TheEnding"],"potions_floor_usage":[29,33,42,51,56,56],"damage_taken":[{"damage":0.0,"enemies":"2 Louse","floor":1.0,"turns":1.0},{"damage":0.0,"enemies":"Cultist","floor":3.0,"turns":1.0},{"damage":0.0,"enemies":"Small Slimes","floor":5.0,"turns":1.0},{"damage":7.0,"enemies":"Lagavulin","floor":6.0,"turns":3.0},{"damage":11.0,"enemies":"Gremlin Nob","floor":11.0,"turns":3.0},{"damage":7.0,"enemies":"Exordium Wildlife","floor":14.0,"turns":6.0},{"damage":6.0,"enemies":"The Guardian","floor":16.0,"turns":13.0},{"damage":0.0,"enemies":"Shell Parasite","floor":18.0,"turns":5.0},{"damage":7.0,"enemies":"3 Byrds","floor":19.0,"turns":7.0},{"damage":10.0,"enemies":"Shelled Parasite and Fungi","floor":21.0,"turns":5.0},{"damage":0.0,"enemies":"Cultist and Chosen","floor":22.0,"turns":7.0},{"damage":2,"enemies":"3 Cultists","floor":24,"turns":5},{"damage":11,"enemies":"Book of Stabbing","floor":29,"turns":6},{"damage":0,"enemies":"Chosen and Byrds","floor":30,"turns":5},{"damage":6,"enemies":"Slavers","floor":31,"turns":5},{"damage":26,"enemies":"Champ","floor":33,"turns":16},{"damage":0,"enemies":"3 Shapes","floor":35,"turns":5},{"damage":5,"enemies":"3 Darklings","floor":39,"turns":4},{"damage":0,"enemies":"Reptomancer","floor":42,"turns":5},{"damage":13,"enemies":"Nemesis","floor":44,"turns":7},{"damage":1,"enemies":"Transient","floor":45,"turns":6},{"damage":1,"enemies":"Giant Head","floor":47,"turns":10},{"damage":0,"enemies":"Maw","floor":48,"turns":8},{"damage":5,"enemies":"Time Eater","floor":50,"turns":19},{"damage":2,"enemies":"Donu and Deca","floor":51,"turns":15},{"damage":15,"enemies":"Shield and Spear","floor":55,"turns":11},{"damage":24,"enemies":"The Heart","floor":56,"turns":12}],"seed_played":"-7786949784010559373","potions_obtained":[{"floor":1.0,"key":"SteroidPotion"},{"floor":3.0,"key":"ColorlessPotion"},{"floor":11.0,"key":"SteroidPotion"},{"floor":14.0,"key":"DistilledChaos"},{"floor":18.0,"key":"Strength Potion"},{"floor":24,"key":"SneckoOil"},{"floor":33,"key":"Energy Potion"},{"floor":39,"key":"Strength Potion"},{"floor":42,"key":"GamblersBrew"},{"floor":47,"key":"DistilledChaos"}],"is_trial":false,"path_per_floor":["M","?","M","?","M","E","?","R","T","$","E","$","R","M","R","B",null,"M","M","$","M","M","R","M","R","T","?","$","E","M","E","R","B",null,"M","T","?","?","M","R","T","E","T","E","M","R","E","M","R","B","B",null,"R","$","E","B",null],"character_chosen":"THE_SILENT","items_purchased":["Dagger Spray","Well Laid Plans","Fire Potion","Noxious Fumes","Backflip","Dexterity Potion","LiquidBronze"],"campfire_rested":0,"item_purchase_floors":[10,10,10,20,28,28,54],"current_hp_per_floor":[59,54,54,54,54,47,47,47,47,47,38,38,38,33,33,29,57,59,54,54,46,48,48,48,48,48,48,48,39,41,37,37,13,53,55,55,55,55,52,52,52,54,54,43,44,44,45,47,47,44,44,58,58,58,45,23],"gold":76,"neow_bonus":"THREE_ENEMY_KILL","is_daily":false,"chose_seed":false,"campfire_upgraded":9,"win_rate":0.0,"timestamp":1611417090,"path_taken":["M","?","M","?","?","E","?","R","T","$","E","?","R","M","R","BOSS","M","M","?","M","M","R","M","R","T","?","$","E","M","E","R","BOSS","M","?","?","?","M","R","?","E","T","E","?","R","E","M","R","BOSS","BOSS","R","$","E","BOSS"],"items_purchased_type":["Card","Card","Potion","Card","Card","Potion","Potion"],"build_version":"2020-12-22","purchased_purges":1,"victory":true,"max_hp_per_floor":[66,66,66,66,66,66,66,66,66,66,66,66,66,66,66,66,66,66,66,66,66,66,66,66,66,66,66,66,66,66,66,66,66,66,66,66,66,63,63,63,63,63,63,63,63,63,63,63,63,63,63,63,63,63,63,63],"relic_stats":{"Blood Vial":46,"counters":[27,191],"Sundial":[32],"Tiny Chest":1,"Tingsha":[12],"Whetstone":["Neutralize","Dagger Spray"],"Orichalcum":[24],"obtain_stats":[{"Potion Belt":2,"NeowsBlessing":0,"Tingsha":55,"Whetstone":42,"Bottled Tornado":31,"Frozen Egg 2":36,"Paper Crane":41,"Orichalcum":47,"Blood Vial":9,"CaptainsWheel":6,"HornCleat":26,"Sundial":11,"Tiny Chest":29,"Philosopher\u0027s Stone":34,"Coffee Dripper":17,"Red Mask":37,"InkBottle":44,"Ring of the Snake":0},{"Potion Belt":1,"NeowsBlessing":0,"Tingsha":26,"Whetstone":19,"Bottled Tornado":15,"Frozen Egg 2":17,"Paper Crane":18,"Orichalcum":22,"Blood Vial":4,"CaptainsWheel":4,"HornCleat":12,"Sundial":5,"Tiny Chest":13,"Philosopher\u0027s Stone":16,"Coffee Dripper":7,"Red Mask":17,"InkBottle":20,"Ring of the Snake":0},{"Potion Belt":1,"NeowsBlessing":0,"Tingsha":179,"Whetstone":103,"Bottled Tornado":73,"Frozen Egg 2":94,"Paper Crane":98,"Orichalcum":126,"Blood Vial":6,"CaptainsWheel":6,"HornCleat":57,"Sundial":9,"Tiny Chest":63,"Philosopher\u0027s Stone":89,"Coffee Dripper":28,"Red Mask":94,"InkBottle":110,"Ring of the Snake":0}],"InkBottle":[38],"Ring of the Snake":[54]},"card_choices":[{"not_picked":["Deflect","Choke"],"picked":"Terror","floor":1.0},{"not_picked":["Sucker Punch","Underhanded Strike"],"picked":"Dagger Throw","floor":3.0},{"not_picked":["Terror","Tactician"],"picked":"Cloak And Dagger","floor":5.0},{"not_picked":["Outmaneuver","Deflect"],"picked":"Footwork","floor":6.0},{"not_picked":["Night Terror","Eviscerate"],"picked":"Footwork","floor":11.0},{"not_picked":["Slice","Caltrops"],"picked":"Dash","floor":14.0},{"not_picked":["Burst","Tools of the Trade"],"picked":"Adrenaline","floor":16.0},{"not_picked":["Blade Dance","Poisoned Stab","Acrobatics"],"picked":"SKIP","floor":18.0},{"not_picked":["Well Laid Plans","Backstab","Slice"],"picked":"SKIP","floor":19.0},{"not_picked":["Prepared","Well Laid Plans"],"picked":"Crippling Poison","floor":21.0},{"not_picked":["Cloak And Dagger","Flying Knee","Quick Slash"],"picked":"SKIP","floor":22.0},{"not_picked":["Envenom","Skewer"],"picked":"Bane+1","floor":24},{"not_picked":["Deflect","Eviscerate"],"picked":"Backflip+1","floor":29},{"not_picked":["Bouncing Flask","Well Laid Plans","Dagger Spray"],"picked":"SKIP","floor":30},{"not_picked":["Storm of Steel","Sucker Punch","Outmaneuver+1"],"picked":"SKIP","floor":31},{"not_picked":["Tools of the Trade","Night Terror"],"picked":"Wraith Form v2","floor":33},{"not_picked":["Infinite Blades","Prepared","Flying Knee"],"picked":"SKIP","floor":35},{"not_picked":["Bane","Sucker Punch","Deflect"],"picked":"SKIP","floor":39},{"not_picked":["Infinite Blades+1","Calculated Gamble"],"picked":"PiercingWail","floor":42},{"not_picked":["Quick Slash+1","Dodge and Roll"],"picked":"Escape Plan","floor":44},{"not_picked":["Outmaneuver+1","Backflip"],"picked":"PiercingWail","floor":45},{"not_picked":["Acrobatics","PiercingWail"],"picked":"After Image+1","floor":47},{"not_picked":["Dagger Throw+1","Dodge and Roll","Riddle With Holes"],"picked":"SKIP","floor":48},{"not_picked":["Riddle With Holes","Eviscerate","Poisoned Stab"],"picked":"SKIP","floor":55}],"player_experience":1678151,"relics_obtained":[{"floor":6.0,"key":"CaptainsWheel"},{"floor":9.0,"key":"Blood Vial"},{"floor":11.0,"key":"Sundial"},{"floor":26,"key":"HornCleat"},{"floor":29,"key":"Tiny Chest"},{"floor":31,"key":"Bottled Tornado"},{"floor":36,"key":"Frozen Egg 2"},{"floor":41,"key":"Paper Crane"},{"floor":42,"key":"Whetstone"},{"floor":44,"key":"InkBottle"},{"floor":47,"key":"Orichalcum"},{"floor":55,"key":"Tingsha"}],"event_choices":[{"damage_healed":0.0,"max_hp_gain":0.0,"max_hp_loss":0.0,"gold_gain":0.0,"event_name":"Scrap Ooze","player_choice":"Success","floor":2.0,"gold_loss":0.0,"damage_taken":5.0,"relics_obtained":["Potion Belt"]},{"damage_healed":0.0,"max_hp_gain":0.0,"max_hp_loss":0.0,"gold_gain":50.0,"event_name":"Golden Shrine","player_choice":"Pray","floor":4.0,"gold_loss":0.0,"damage_taken":0.0},{"damage_healed":0.0,"max_hp_gain":0.0,"max_hp_loss":0.0,"gold_gain":0.0,"cards_transformed":["Strike_G"],"event_name":"Living Wall","player_choice":"Change","floor":7.0,"gold_loss":0.0,"damage_taken":0.0,"cards_obtained":["Quick Slash"]},{"damage_healed":0,"gold_gain":0,"player_choice":"Upgraded","damage_taken":0,"max_hp_gain":0,"max_hp_loss":0,"event_name":"Upgrade Shrine","floor":27,"gold_loss":0,"cards_upgraded":["Terror"]},{"damage_healed":0,"gold_gain":0,"player_choice":"Paid","damage_taken":0,"relics_obtained":["Red Mask"],"max_hp_gain":0,"max_hp_loss":0,"event_name":"Tomb of Lord Red Mask","floor":37,"gold_loss":163},{"damage_healed":0,"gold_gain":0,"player_choice":"Max HP","damage_taken":0,"max_hp_gain":0,"max_hp_loss":3,"event_name":"Winding Halls","floor":38,"gold_loss":0}],"is_beta":false,"boss_relics":[{"not_picked":["SlaversCollar","Pandora\u0027s Box"],"picked":"Coffee Dripper"},{"not_picked":["Tiny House","HoveringKite"],"picked":"Philosopher\u0027s Stone"}],"items_purged_floors":[10],"is_endless":false,"potions_floor_spawned":[1,3,11,14,18,24,33,39,42,47],"ascension_level":20}}