{"host":"fmb9x04chdot191d","time":1611440972,"event":{"mods":["2.2 Compatiblity","AchievementEnabler","BaseMod","BetterRewards","Colored Map","Downfall","Hermit","Highlight Path","Marisa（霧雨　魔理沙）","Minty Spire (QoL Compilation)","Permanent Neow","Quick Restart","Rare Cards Sparkle","StSLib","The Servant 0.9.4","[IsaacMod]以撒尖塔"],"gold_per_floor":[118,131,131,131,147,172,183,27,27,44,44,44,76,135,135,235,285,300,300,300,316,16,16,16,16],"floor_reached":24,"language":"ENG","playtime":978,"items_purged":["Strike_S"],"score":204,"play_id":"dcfcc544-4f11-4336-ad23-2d1944ad8395","local_time":"20210124112932","is_ascension_mode":false,"campfire_choices":[{"floor":11.0,"key":"RECALL"},{"floor":15.0,"key":"REST"},{"data":"Sunlight","floor":23,"key":"SMITH"}],"circlet_count":0,"master_deck":["Strike_S","Strike_S","Strike_S","Defend_S","Defend_S+1","Defend_S","Defend_S","KidneyShot","Exchange+1","Sunlight+1","BottledTime","Misdirection","InstantArmor","Comet","Sunlight","Moonlight","FloweringNight","Desolation","Rearm+1","Sunlight","MurderousAura","Contraction","PanicButton"],"relics":["Uniform","HushsDoor","Lantern","BelialBook","Dream Catcher","White Beast Statue","BloodDonationMachine","Peace Pipe","Tiny House","Blue Candle"],"acts_visited":["Exordium","TheCity"],"potions_floor_usage":[24],"damage_taken":[{"damage":1.0,"enemies":"Cultist","floor":1.0,"turns":5.0},{"damage":0.0,"enemies":"2 Louse","floor":2.0,"turns":2.0},{"damage":6.0,"enemies":"Jaw Worm","floor":5.0,"turns":3.0},{"damage":10.0,"enemies":"Gremlin Nob","floor":6.0,"turns":3.0},{"damage":0.0,"enemies":"Exordium Wildlife","floor":7.0,"turns":1.0},{"damage":0.0,"enemies":"2 Fungi Beasts","floor":10.0,"turns":3.0},{"damage":6.0,"enemies":"Lagavulin","floor":13.0,"turns":5.0},{"damage":0.0,"enemies":"Gremlin Nob","floor":14.0,"turns":3.0},{"damage":21.0,"enemies":"The Guardian","floor":16.0,"turns":7.0},{"damage":4.0,"enemies":"2 Thieves","floor":18.0,"turns":1.0},{"damage":0,"enemies":"Chosen","floor":21,"turns":4},{"damage":9,"enemies":"Gremlin Leader","floor":24,"turns":3}],"seed_played":"1091008176995011698","potions_obtained":[{"floor":2.0,"key":"Fire Potion"},{"floor":6.0,"key":"SteroidPotion"},{"floor":7.0,"key":"SpeedPotion"},{"floor":10.0,"key":"champ:CounterPotion"},{"floor":13.0,"key":"AttackPotion"},{"floor":14.0,"key":"Fire Potion"},{"floor":16.0,"key":"sneckomod:MuddlingPotion"},{"floor":17.0,"key":"Dexterity Potion"},{"floor":18.0,"key":"Block Potion"}],"is_trial":false,"path_per_floor":["M","M","?","T","M","E","M","$","T","M","R","?","E","?","R","B",null,"M","?","?","M","$","R","E"],"character_chosen":"THE_SERVANT","items_purchased":["Sunlight","MurderousAura","Contraction","PanicButton"],"campfire_rested":1,"item_purchase_floors":[8,22,22,22],"current_hp_per_floor":[64,64,69,69,63,53,53,53,53,53,53,39,33,33,54,33,75,71,71,66,66,66,66,57,57],"gold":16,"neow_bonus":"RANDOM_COMMON_RELIC","is_daily":false,"chose_seed":false,"campfire_upgraded":1,"win_rate":0.0,"timestamp":1611440972,"path_taken":["M","?","?","?","M","E","M","$","T","M","R","?","E","?","R","BOSS","M","?","?","M","$","R","E"],"items_purchased_type":["Card","Card","Card","Card"],"build_version":"2020-12-22","purchased_purges":1,"victory":false,"max_hp_per_floor":[65,65,70,70,70,70,70,70,70,70,70,70,70,70,70,70,75,75,75,75,75,75,75,75,75],"card_choices":[{"not_picked":[],"picked":"Bomb","floor":0.0},{"not_picked":["TimeWarp","SpecialFormula"],"picked":"Sunlight","floor":1.0},{"not_picked":["Moondial","Defy"],"picked":"BottledTime","floor":2.0},{"not_picked":["Alleviate","BestPractice"],"picked":"Misdirection","floor":5.0},{"not_picked":["Replace","Rewind"],"picked":"InstantArmor","floor":6.0},{"not_picked":["Alleviate","Rewind"],"picked":"Comet","floor":7.0},{"not_picked":["Hightail","Rewind"],"picked":"Moonlight","floor":10.0},{"not_picked":["Spin","StarChef"],"picked":"FloweringNight","floor":13.0},{"not_picked":["BottledTime","Defy"],"picked":"Desolation","floor":14.0},{"not_picked":["ReturningBlade","RealityMarble"],"picked":"Rearm","floor":15.0},{"not_picked":["FloweringNight","Solidify"],"picked":"Sunlight","floor":16.0},{"not_picked":["FastForward","RealityMarble+1","Unruled"],"picked":"SKIP","floor":18.0},{"not_picked":["Defy","DualDimension","Spin+1"],"picked":"SKIP","floor":21}],"player_experience":59139,"relics_obtained":[{"floor":6.0,"key":"Dream Catcher"},{"floor":9.0,"key":"White Beast Statue"},{"floor":13.0,"key":"BloodDonationMachine"},{"floor":14.0,"key":"Peace Pipe"}],"event_choices":[{"damage_healed":0.0,"max_hp_gain":5.0,"max_hp_loss":0.0,"gold_gain":0.0,"event_name":"Big Fish","player_choice":"Donut","floor":3.0,"gold_loss":0.0,"damage_taken":0.0},{"damage_healed":0.0,"max_hp_gain":0.0,"max_hp_loss":0.0,"gold_gain":0.0,"event_name":"Shining Light","player_choice":"Entered Light","floor":12.0,"gold_loss":0.0,"damage_taken":14.0,"cards_upgraded":["Exchange","Defend_S"]},{"damage_healed":0.0,"max_hp_gain":0.0,"max_hp_loss":0.0,"gold_gain":0.0,"event_name":"Dead Adventurer","player_choice":"Searched \u00271\u0027 times","floor":14.0,"gold_loss":0.0,"damage_taken":0.0},{"damage_healed":0.0,"max_hp_gain":0.0,"max_hp_loss":0.0,"gold_gain":0.0,"event_name":"Ghosts","player_choice":"Ignored","floor":19.0,"gold_loss":0.0,"damage_taken":0.0}],"is_beta":false,"boss_relics":[{"not_picked":["Runic Dome","Fusion Hammer"],"picked":"Tiny House"},{"not_picked":[]}],"items_purged_floors":[22],"is_endless":false,"potions_floor_spawned":[2,6,7,10,13,14,16,18,21],"killed_by":"Gremlin Leader","ascension_level":0}}