{"host":"06e3yyzgn8o619wl","time":1611430816,"event":{"mods":["BaseMod","Block Reminder","Colored Map","Colored Powertips","DeckTracker","Minty Spire (QoL Compilation)","Relic Stats","StSLib"],"gold_per_floor":[115,40,40,50,50,81,97,97,97,130,130,30,30,48,48,147,147,167,167,42,42,42,42,59,59,84,84,84,103,123,123,123,223,223,236,236,254,254,104,104,121,121,146,146,146,162,172,188,188,188],"floor_reached":51,"language":"JPN","playtime":2417,"items_purged":["Injury","Pain","Strike_P","Eruption"],"score":864,"play_id":"35fc69b0-d432-46ba-b586-1112ff4c3740","local_time":"20210124044016","is_ascension_mode":true,"campfire_choices":[{"data":"Alpha","floor":8.0,"key":"SMITH"},{"floor":11.0,"key":"REST"},{"data":"Vigilance","floor":13.0,"key":"SMITH"},{"data":"Omniscience","floor":15.0,"key":"SMITH"},{"data":"DeceiveReality","floor":23,"key":"SMITH"},{"data":"ThirdEye","floor":28,"key":"SMITH"},{"floor":32,"key":"REST"},{"data":"Omniscience","floor":40,"key":"SMITH"},{"data":"Defend_P","floor":44,"key":"SMITH"},{"floor":49,"key":"REST"}],"circlet_count":0,"master_deck":["Strike_P","Strike_P","Defend_P","Defend_P","Defend_P+1","Defend_P","Vigilance+1","Alpha+1","ThirdEye+1","DeceiveReality+1","Omniscience+1","Omniscience+1","DeceiveReality+1","Finesse","ThirdEye+1","Parasite","Protect+1"],"relics":["HolyWater","WarpedTongs","Question Card","Shuriken","Ancient Tea Set","Velvet Choker","Gremlin Horn","Boot","Oddly Smooth Stone"],"acts_visited":["Exordium","TheCity","TheBeyond"],"potions_floor_usage":[30,50,50],"damage_taken":[{"damage":19.0,"enemies":"Jaw Worm","floor":1.0,"turns":5.0},{"damage":10.0,"enemies":"Cultist","floor":4.0,"turns":5.0},{"damage":8.0,"enemies":"Lagavulin","floor":6.0,"turns":6.0},{"damage":5.0,"enemies":"2 Louse","floor":7.0,"turns":4.0},{"damage":14.0,"enemies":"Gremlin Nob","floor":10.0,"turns":4.0},{"damage":2.0,"enemies":"Blue Slaver","floor":14.0,"turns":4.0},{"damage":0.0,"enemies":"Slime Boss","floor":16.0,"turns":4.0},{"damage":7,"enemies":"3 Byrds","floor":18,"turns":3},{"damage":7,"enemies":"Spheric Guardian","floor":24,"turns":5},{"damage":1,"enemies":"Snecko","floor":29,"turns":4},{"damage":7,"enemies":"Snake Plant","floor":30,"turns":3},{"damage":1,"enemies":"Champ","floor":33,"turns":6},{"damage":0,"enemies":"3 Shapes","floor":35,"turns":2},{"damage":2,"enemies":"Orb Walker","floor":37,"turns":2},{"damage":0,"enemies":"4 Shapes","floor":41,"turns":2},{"damage":35,"enemies":"Spire Growth","floor":46,"turns":3},{"damage":15,"enemies":"Writhing Mass","floor":47,"turns":6},{"damage":16,"enemies":"Transient","floor":48,"turns":5},{"damage":9,"enemies":"Awakened One","floor":50,"turns":5}],"seed_played":"-5893025703088756659","potions_obtained":[{"floor":4.0,"key":"Fire Potion"},{"floor":7.0,"key":"StancePotion"},{"floor":14.0,"key":"BottledMiracle"},{"floor":29,"key":"ColorlessPotion"},{"floor":30,"key":"DuplicationPotion"},{"floor":41,"key":"BottledMiracle"}],"is_trial":false,"path_per_floor":["M","$","?","M","$","E","M","R","T","E","R","$","R","M","R","B",null,"M","?","$","?","$","R","M","T","T","?","R","M","M","$","R","B",null,"M","?","M","?","$","R","M","$","T","R","?","M","M","M","R","B",null],"character_chosen":"WATCHER","items_purchased":[],"campfire_rested":3,"item_purchase_floors":[],"current_hp_per_floor":[53,53,53,43,43,35,30,30,30,16,37,37,37,35,35,35,72,65,52,52,52,52,52,45,45,45,45,45,44,37,37,60,59,77,77,77,75,75,75,75,75,75,75,75,75,40,25,9,32,23],"gold":188,"neow_bonus":"THREE_RARE_CARDS","is_daily":false,"chose_seed":false,"campfire_upgraded":7,"win_rate":0.0,"timestamp":1611430816,"path_taken":["M","$","?","M","?","E","M","R","T","E","R","$","R","M","R","BOSS","M","?","$","?","?","R","M","?","T","?","R","?","M","?","R","BOSS","M","?","M","?","$","R","M","?","T","R","?","M","?","M","R","BOSS"],"items_purchased_type":[],"build_version":"2020-12-22","purchased_purges":4,"victory":true,"max_hp_per_floor":[72,72,72,72,72,72,72,72,72,72,72,72,72,72,72,72,72,72,77,77,77,77,77,77,77,77,77,77,77,77,77,77,77,77,77,77,77,77,77,77,77,77,77,77,77,77,77,77,77,77],"relic_stats":{"Gremlin Horn":[3,3],"counters":[19,78],"Shuriken":[0],"Question Card":16,"Boot":[0],"obtain_stats":[{"Gremlin Horn":25,"Shuriken":9,"Velvet Choker":17,"HolyWater":34,"Oddly Smooth Stone":43,"PureWater":0,"Question Card":6,"Ancient Tea Set":10,"Boot":26,"WarpedTongs":3},{"Gremlin Horn":9,"Shuriken":4,"Velvet Choker":7,"HolyWater":12,"Oddly Smooth Stone":15,"PureWater":0,"Question Card":3,"Ancient Tea Set":5,"Boot":9,"WarpedTongs":1},{"Gremlin Horn":40,"Shuriken":20,"Velvet Choker":32,"HolyWater":53,"Oddly Smooth Stone":59,"PureWater":0,"Question Card":16,"Ancient Tea Set":24,"Boot":40,"WarpedTongs":5}],"WarpedTongs":[73]},"card_choices":[{"not_picked":["Brilliance","Establishment"],"picked":"Alpha","floor":0.0},{"not_picked":["Protect","CutThroughFate"],"picked":"ThirdEye","floor":1.0},{"not_picked":["ForeignInfluence","FlurryOfBlows"],"picked":"DeceiveReality","floor":4.0},{"not_picked":["Halt","Collect","Weave"],"picked":"SKIP","floor":6.0},{"not_picked":["Vengeance","CutThroughFate","JustLucky","Evaluate"],"picked":"SKIP","floor":7.0},{"not_picked":["Tantrum","FearNoEvil","FlurryOfBlows"],"picked":"Omniscience","floor":10.0},{"not_picked":["Fasting2","ClearTheMind","WheelKick","TalkToTheHand"],"picked":"SKIP","floor":14.0},{"not_picked":["EmptyFist","SignatureMove","SashWhip","CrushJoints"],"picked":"SKIP","floor":18},{"not_picked":["Study","Conclude","Consecrate","InnerPeace"],"picked":"SKIP","floor":24},{"not_picked":["EmptyFist","PathToVictory","BowlingBash","EmptyBody"],"picked":"SKIP","floor":29},{"not_picked":["BowlingBash","Evaluate","JustLucky"],"picked":"Omniscience","floor":30},{"not_picked":["JustLucky","ThirdEye","ForeignInfluence+1","EmptyFist"],"picked":"SKIP","floor":35},{"not_picked":["Weave","FollowUp+1","Indignation+1"],"picked":"DeceiveReality+1","floor":37},{"not_picked":["HandOfGreed","Mind Blast","Panacea"],"picked":"Finesse","floor":38},{"not_picked":["Wallop+1","FlyingSleeves+1","Fasting2"],"picked":"ThirdEye+1","floor":41},{"not_picked":["CutThroughFate+1","Vengeance+1","FlyingSleeves+1","Crescendo+1"],"picked":"SKIP","floor":46},{"not_picked":["EmptyFist+1","Worship+1","Pray"],"picked":"Protect+1","floor":47},{"not_picked":["SignatureMove+1","FlurryOfBlows+1","ThirdEye+1","Vengeance+1"],"picked":"SKIP","floor":48}],"player_experience":111934,"relics_obtained":[{"floor":6.0,"key":"Question Card"},{"floor":9.0,"key":"Shuriken"},{"floor":10.0,"key":"Ancient Tea Set"},{"floor":25,"key":"Gremlin Horn"},{"floor":26,"key":"Boot"},{"floor":43,"key":"Oddly Smooth Stone"}],"event_choices":[{"damage_healed":0.0,"max_hp_gain":0.0,"max_hp_loss":0.0,"gold_gain":0.0,"event_name":"Accursed Blacksmith","player_choice":"Rummage","floor":3.0,"gold_loss":0.0,"damage_taken":0.0,"relics_obtained":["WarpedTongs"],"cards_obtained":["Pain"]},{"damage_healed":0,"gold_gain":0,"player_choice":"Shed Blood","damage_taken":18,"max_hp_gain":5,"max_hp_loss":0,"event_name":"Forgotten Altar","floor":19,"gold_loss":0},{"damage_healed":0,"gold_gain":0,"player_choice":"Ignored","damage_taken":0,"max_hp_gain":0,"max_hp_loss":0,"event_name":"Vampires","floor":21,"gold_loss":0},{"damage_healed":0,"gold_gain":0,"player_choice":"Ignored","damage_taken":0,"max_hp_gain":0,"max_hp_loss":0,"event_name":"The Mausoleum","floor":27,"gold_loss":0},{"cards_removed":["Strike_P"],"damage_healed":0,"gold_gain":0,"player_choice":"Removed Attack","damage_taken":0,"max_hp_gain":0,"max_hp_loss":0,"event_name":"Falling","floor":36,"gold_loss":0},{"damage_healed":0,"gold_gain":0,"player_choice":"Memory 1","damage_taken":0,"max_hp_gain":0,"max_hp_loss":0,"event_name":"SensoryStone","floor":38,"gold_loss":0},{"damage_healed":0,"gold_gain":0,"player_choice":"Ignored","damage_taken":0,"max_hp_gain":0,"max_hp_loss":0,"event_name":"Mysterious Sphere","floor":45,"gold_loss":0}],"is_beta":false,"boss_relics":[{"not_picked":["Ectoplasm","Snecko Eye"],"picked":"Velvet Choker"},{"not_picked":["VioletLotus","Black Star"],"picked":"HolyWater"}],"items_purged_floors":[2,12,20,39],"is_endless":false,"potions_floor_spawned":[4,7,14,29,30,37,41],"ascension_level":4}}