{"host":"baymyijz6sxaqj5s","time":1611361160,"event":{"mods":["AchievementEnabler","BaseMod","Colored Map","Colored Powertips","DeckTracker","Highlight Path","KOR Keyword Fix","Keyboard Shortcuts","Minty Spire (QoL Compilation)","StSLib","SuperFastMode","everything is the same but u backflip on backflip"],"gold_per_floor":[117,137,137,149,149,149,167,167,167,167,177,177,195,209,209,312,312,330,330,350,361,73,73,73,87,87,107,107,22,22,22,22,22,22],"floor_reached":33,"language":"KOR","playtime":834,"items_purged":[],"score":300,"play_id":"288bc67d-0ead-4957-bbbb-77b9094b6099","local_time":"20210123091920","is_ascension_mode":true,"campfire_choices":[{"data":"Whirlwind","floor":6,"key":"SMITH"},{"data":"Armaments","floor":8,"key":"SMITH"},{"data":"Bash","floor":10,"key":"SMITH"},{"floor":15,"key":"REST"},{"floor":23,"key":"REST"},{"floor":28,"key":"REST"},{"floor":30,"key":"REST"},{"data":"Body Slam","floor":32,"key":"SMITH"}],"circlet_count":0,"master_deck":["Strike_R","Strike_R","Strike_R","Strike_R","Defend_R","Defend_R","Defend_R","Defend_R","Bash+1","Armaments+1","Seeing Red+1","Whirlwind+1","Limit Break","Shrug It Off","Body Slam+1","Shrug It Off"],"relics":["Burning Blood","Mango","Velvet Choker","WingedGreaves","MutagenicStrength","Orichalcum","Thread and Needle"],"acts_visited":["Exordium","TheCity"],"potions_floor_usage":[11,16,27],"damage_taken":[{"damage":8,"enemies":"Jaw Worm","floor":1,"turns":6},{"damage":2,"enemies":"Small Slimes","floor":2,"turns":5},{"damage":1,"enemies":"2 Louse","floor":4,"turns":3},{"damage":8,"enemies":"Blue Slaver","floor":7,"turns":4},{"damage":17,"enemies":"Large Slime","floor":11,"turns":8},{"damage":6,"enemies":"Exordium Wildlife","floor":13,"turns":3},{"damage":3,"enemies":"Blue Slaver","floor":14,"turns":4},{"damage":86,"enemies":"The Guardian","floor":16,"turns":21},{"damage":12,"enemies":"Chosen","floor":18,"turns":5},{"damage":27,"enemies":"Spheric Guardian","floor":20,"turns":6},{"damage":16,"enemies":"Centurion and Healer","floor":21,"turns":8},{"damage":34,"enemies":"Cultist and Chosen","floor":25,"turns":6},{"damage":36,"enemies":"Snake Plant","floor":27,"turns":6},{"damage":142,"enemies":"Champ","floor":33,"turns":18}],"seed_played":"-7503545745189425121","potions_obtained":[{"floor":7,"key":"EntropicBrew"},{"floor":16,"key":"Block Potion"}],"is_trial":false,"path_per_floor":["M","M","?","M","?","R","M","R","T","R","M","$","M","M","R","B",null,"M","?","M","M","$","R","?","M","T","M","R","?","R","$","R","B"],"character_chosen":"IRONCLAD","items_purchased":["WingedGreaves"],"campfire_rested":4,"item_purchase_floors":[22],"current_hp_per_floor":[86,88,88,88,81,81,79,79,93,93,82,82,82,85,102,22,102,96,75,54,44,44,76,76,48,48,18,50,50,82,82,82,0,0],"gold":22,"neow_bonus":"TEN_PERCENT_HP_BONUS","is_daily":false,"chose_seed":false,"campfire_upgraded":4,"win_rate":0.0,"timestamp":1611361160,"path_taken":["M","M","?","M","?","R","M","R","T","R","M","$","M","M","R","BOSS","M","?","M","M","$","R","?","M","T","M","R","?","R","?","R","BOSS"],"items_purchased_type":["Relic"],"build_version":"2020-12-22","purchased_purges":0,"victory":false,"max_hp_per_floor":[88,88,88,88,88,88,88,88,102,102,102,102,102,102,102,102,102,102,107,107,107,107,107,107,107,107,107,107,107,107,107,107,107,107],"card_choices":[{"not_picked":["Clothesline","Headbutt"],"picked":"Armaments","floor":1},{"not_picked":["Wild Strike","Sever Soul"],"picked":"Seeing Red","floor":2},{"not_picked":["Clothesline","Flex"],"picked":"Whirlwind","floor":4},{"not_picked":["Clothesline","Whirlwind","Seeing Red"],"picked":"SKIP","floor":7},{"not_picked":["Iron Wave","True Grit","Rupture"],"picked":"SKIP","floor":11},{"not_picked":["Iron Wave","True Grit","Rupture"],"picked":"SKIP","floor":11},{"not_picked":["Twin Strike","Armaments","Flex"],"picked":"SKIP","floor":13},{"not_picked":["Warcry","Clothesline","Brutality"],"picked":"SKIP","floor":14},{"not_picked":["Berserk","Corruption"],"picked":"Limit Break","floor":16},{"not_picked":["Twin Strike","Second Wind"],"picked":"Shrug It Off","floor":18},{"not_picked":["Seeing Red","Clothesline"],"picked":"Body Slam","floor":20},{"not_picked":["Clash","Fire Breathing","Warcry"],"picked":"SKIP","floor":21},{"not_picked":["Anger","Thunderclap"],"picked":"Shrug It Off","floor":25},{"not_picked":["Second Wind","Dark Embrace","Shockwave"],"picked":"SKIP","floor":27}],"player_experience":66987,"relics_obtained":[{"floor":9,"key":"Mango"},{"floor":26,"key":"Orichalcum"}],"event_choices":[{"damage_healed":0,"gold_gain":0,"player_choice":"Grow","damage_taken":0,"max_hp_gain":0,"max_hp_loss":0,"event_name":"Living Wall","floor":3,"gold_loss":0,"cards_upgraded":["Seeing Red"]},{"cards_removed":["Strike_R"],"damage_healed":0,"gold_gain":0,"player_choice":"Card Removal","damage_taken":7,"max_hp_gain":0,"max_hp_loss":0,"event_name":"Golden Wing","floor":5,"gold_loss":0},{"damage_healed":0,"gold_gain":0,"player_choice":"Shed Blood","damage_taken":26,"max_hp_gain":5,"max_hp_loss":0,"event_name":"Forgotten Altar","floor":19,"gold_loss":0},{"damage_healed":0,"gold_gain":0,"player_choice":"Inject Mutagens","damage_taken":0,"relics_obtained":["MutagenicStrength"],"max_hp_gain":0,"max_hp_loss":0,"event_name":"Drug Dealer","floor":24,"gold_loss":0},{"damage_healed":0,"gold_gain":0,"player_choice":"Obtained Relic","damage_taken":0,"relics_obtained":["Thread and Needle"],"max_hp_gain":0,"max_hp_loss":0,"event_name":"Addict","floor":29,"gold_loss":85}],"is_beta":false,"boss_relics":[{"not_picked":["Astrolabe","Black Star"],"picked":"Velvet Choker"}],"items_purged_floors":[],"is_endless":false,"potions_floor_spawned":[7,11,16,21],"killed_by":"Champ","ascension_level":3}}