{"host":"3y2rtlgteqp2nuo3","time":1611402252,"event":{"mods":["2.2 Compatiblity","AchievementEnabler","BaseMod","Colored Map","DeckTracker","Highlight Path","Keyboard Shortcuts","Minty Spire (QoL Compilation)","Permanent Neow","Quick Restart","StSLib","SuperFastMode","everything is the same but u backflip on backflip"],"gold_per_floor":[110,110,120,135,153,153,168,93,119,119,130,71,146,146,146,225,225,237,237,237,137,150,150,150,150,150,165,165,176,176,176,176],"floor_reached":31,"language":"KOR","playtime":580,"items_purged":["Strike_G","Writhe"],"score":423,"play_id":"dfa6c9d7-7eb0-4578-ba22-83ddfc393649","local_time":"20210123204412","is_ascension_mode":true,"campfire_choices":[{"data":"Adrenaline","floor":6.0,"key":"SMITH"},{"data":"Poisoned Stab","floor":10.0,"key":"SMITH"},{"data":"Deadly Poison","floor":15.0,"key":"SMITH"},{"data":"Prepared","floor":23.0,"key":"SMITH"},{"data":"Wraith Form v2","floor":25.0,"key":"SMITH"},{"floor":28.0,"key":"REST"}],"circlet_count":0,"master_deck":["AscendersBane","Strike_G+1","Strike_G+1","Strike_G+1","Strike_G+1","Defend_G+1","Defend_G+1","Defend_G+1","Defend_G+1","Defend_G+1","Survivor","Neutralize","Dagger Spray+1","Escape Plan","Adrenaline+1","Poisoned Stab+1","Acrobatics","Deadly Poison+1","Wraith Form v2+1","Prepared+1","Leg Sweep","Heel Hook+1"],"relics":["Ring of the Snake","NeowsBlessing","Ancient Tea Set","Vajra","SlaversCollar","Toy Ornithopter","Pantograph","Molten Egg 2"],"acts_visited":["Exordium","TheCity"],"potions_floor_usage":[],"damage_taken":[{"damage":0.0,"enemies":"Small Slimes","floor":1.0,"turns":1.0},{"damage":0.0,"enemies":"Cultist","floor":3.0,"turns":1.0},{"damage":0.0,"enemies":"2 Louse","floor":4.0,"turns":1.0},{"damage":5.0,"enemies":"Large Slime","floor":5.0,"turns":6.0},{"damage":0.0,"enemies":"Exordium Wildlife","floor":7.0,"turns":2.0},{"damage":1.0,"enemies":"Looter","floor":11.0,"turns":3.0},{"damage":8.0,"enemies":"Gremlin Nob","floor":14.0,"turns":3.0},{"damage":24.0,"enemies":"Hexaghost","floor":16.0,"turns":9.0},{"damage":12.0,"enemies":"Chosen","floor":18.0,"turns":5.0},{"damage":37.0,"enemies":"Shell Parasite","floor":22.0,"turns":6.0},{"damage":5.0,"enemies":"Centurion and Healer","floor":27.0,"turns":7.0},{"damage":0.0,"enemies":"Snecko","floor":29.0,"turns":4.0},{"damage":49,"enemies":"Gremlin Leader","floor":31,"turns":6}],"seed_played":"-6317785896059456761","potions_obtained":[{"floor":3.0,"key":"Regen Potion"},{"floor":4.0,"key":"AttackPotion"},{"floor":27.0,"key":"SteroidPotion"}],"is_trial":false,"path_per_floor":["M","?","M","M","M","R","M","$","T","R","M","$","?","E","R","B",null,"M","?","T","$","M","R","?","R","T","M","R","M","?","E"],"character_chosen":"THE_SILENT","items_purchased":["Deadly Poison"],"campfire_rested":1,"item_purchase_floors":[12],"current_hp_per_floor":[59,59,59,59,54,54,54,54,54,54,53,53,42,34,34,10,52,40,40,40,40,23,23,23,23,23,18,37,37,37,0,0],"gold":176,"neow_bonus":"THREE_ENEMY_KILL","is_daily":false,"chose_seed":false,"campfire_upgraded":5,"win_rate":0.0,"timestamp":1611402252,"path_taken":["M","?","M","M","?","R","M","$","T","R","M","$","?","E","R","BOSS","M","?","?","$","M","R","?","R","T","M","R","M","?","E"],"items_purchased_type":["Card"],"build_version":"2020-12-22","purchased_purges":2,"victory":false,"max_hp_per_floor":[66,66,66,66,66,66,66,66,66,66,66,66,66,66,66,66,66,66,66,66,66,66,66,66,66,66,66,66,66,66,66,66],"card_choices":[{"not_picked":["Blade Dance","Sucker Punch"],"picked":"Dagger Spray","floor":1.0},{"not_picked":["Bane","Outmaneuver"],"picked":"Escape Plan","floor":3.0},{"not_picked":["Setup","Bane","Caltrops"],"picked":"SKIP","floor":4.0},{"not_picked":["Sucker Punch","Backflip"],"picked":"Adrenaline","floor":5.0},{"not_picked":["Backflip","Escape Plan"],"picked":"Poisoned Stab","floor":7.0},{"not_picked":["Dodge and Roll","Underhanded Strike"],"picked":"Acrobatics","floor":11.0},{"not_picked":["Sucker Punch","Flying Knee","Finisher"],"picked":"SKIP","floor":14.0},{"not_picked":["Adrenaline","Tools of the Trade"],"picked":"Wraith Form v2","floor":16.0},{"not_picked":["Backflip","Dagger Throw"],"picked":"Prepared","floor":18.0},{"not_picked":["Backflip","Caltrops","Sucker Punch"],"picked":"SKIP","floor":22.0},{"not_picked":["Blur","PiercingWail"],"picked":"Heel Hook+1","floor":27.0},{"not_picked":["Backflip","All Out Attack+1","Acrobatics+1"],"picked":"SKIP","floor":29.0}],"player_experience":713181,"relics_obtained":[{"floor":9.0,"key":"Ancient Tea Set"},{"floor":14.0,"key":"Vajra"},{"floor":20.0,"key":"Pantograph"},{"floor":26.0,"key":"Molten Egg 2"}],"event_choices":[{"damage_healed":0.0,"max_hp_gain":0.0,"max_hp_loss":0.0,"gold_gain":0.0,"event_name":"Upgrade Shrine","player_choice":"Upgraded","floor":2.0,"gold_loss":0.0,"damage_taken":0.0,"cards_upgraded":["Dagger Spray"]},{"damage_healed":0.0,"max_hp_gain":0.0,"max_hp_loss":0.0,"gold_gain":75.0,"event_name":"World of Goop","player_choice":"Gather Gold","floor":13.0,"gold_loss":0.0,"damage_taken":11.0},{"damage_healed":0.0,"max_hp_gain":0.0,"max_hp_loss":0.0,"gold_gain":0.0,"event_name":"The Mausoleum","player_choice":"Opened","floor":19.0,"gold_loss":0.0,"damage_taken":0.0,"relics_obtained":["Toy Ornithopter"],"cards_obtained":["Writhe"]},{"damage_healed":0.0,"max_hp_gain":0.0,"max_hp_loss":0.0,"gold_gain":0.0,"event_name":"The Library","player_choice":"Read","floor":24.0,"gold_loss":0.0,"damage_taken":0.0,"cards_obtained":["Leg Sweep"]},{"damage_healed":0,"gold_gain":0,"player_choice":"Simplicity","damage_taken":0,"max_hp_gain":0,"max_hp_loss":0,"event_name":"Back to Basics","floor":30,"gold_loss":0,"cards_upgraded":["Strike_G","Strike_G","Strike_G","Strike_G","Defend_G","Defend_G","Defend_G","Defend_G","Defend_G"]}],"is_beta":false,"boss_relics":[{"not_picked":["Busted Crown","Snecko Eye"],"picked":"SlaversCollar"}],"items_purged_floors":[8,21],"is_endless":false,"potions_floor_spawned":[3,4,5,11,27],"killed_by":"Gremlin Leader","ascension_level":16}}