{"host":"bfjg2gtnqo0q4f32","time":1611383318,"event":{"mods":["BaseMod","BetterRewards","DeckTracker","Dio Mod","Hero for Fun","Jorbs\u0027s Wanderer Trilogy","Mad Scientist","Minty Spire (QoL Compilation)","READ ME - Guardian Mod","Shop Mod","StSLib","The Bladedancer","The Construct","The Cursed","The Disciple","The Forsaken","The Necromancer","The Saiyan","The Servant 0.9.4","The Wild Card","TheHero","thorton"],"gold_per_floor":[11,11,26,26,40,69,87,136,206,131,131,145,156,171,171,270,270,280,292,292,292,305,339,339,339,366,10176,10191,10217,9270,8454,8454,8556,8556,8567,8587,7947,7947,7998,7998,8029,8029,8029,8029,7209,7226,7237,7237,7237,7237],"floor_reached":51,"language":"ENG","playtime":748,"items_purged":["Defend_Y","Defend_Y","Defend_Y","Normal_Punch","theForsaken:PlagueCurse"],"score":1190,"play_id":"3a1c0857-a25a-44cc-ba37-d8e842839ffe","local_time":"20210123012838","is_ascension_mode":false,"campfire_choices":[{"data":"Strike_Y","floor":11,"key":"SMITH"},{"data":"Strike_Y","floor":15,"key":"SMITH"},{"data":"Strike_Y","floor":24,"key":"SMITH"},{"data":"Consecutive_Normal_Punch","floor":32,"key":"SMITH"},{"data":"Defend_Y","floor":49,"key":"SMITH"}],"circlet_count":0,"master_deck":["Strike_Y+1","Strike_Y+1","Strike_Y+1","Strike_Y+1","Strike_Y+1","Defend_Y+1","Consecutive_Normal_Punch+1","Wear_Disguise","Toss_Stone","Hip_Strike","Toss_Stone+1","Normal_Punch","Consecutive_Normal_Punch+1","Consecutive_Normal_Punch","Hip_Strike","Get_Hopes_Up","Yawn+1","Hop"],"relics":["Cape","NeowsBlessing","Gremlin Horn","Oddly Smooth Stone","Happy Flower","Kunai","thethorton:BottledFunds","Bag of Preparation","Boot","Pen Nib","Calipers","Thread and Needle","Question Card","DollysMirror","MerchantsRug","Prayer Wheel","Molten Egg 2","Cauldron","construct:ClawGrip","Frozen Eye","Mummified Hand","Juzu Bracelet","Pocketwatch","Blood Vial","theForsaken:PlagueMask","Pantograph","Bottled Lightning","Sundial","HandDrill"],"acts_visited":["Exordium","TheCity","TheBeyond"],"potions_floor_usage":[],"damage_taken":[{"damage":0,"enemies":"2 Louse","floor":1,"turns":1},{"damage":0,"enemies":"Small Slimes","floor":3,"turns":1},{"damage":0,"enemies":"Cultist","floor":5,"turns":1},{"damage":0,"enemies":"3 Sentries","floor":6,"turns":1},{"damage":0,"enemies":"Exordium Thugs","floor":7,"turns":1},{"damage":0,"enemies":"Red Slaver","floor":12,"turns":1},{"damage":0,"enemies":"Looter","floor":13,"turns":1},{"damage":0,"enemies":"Blue Slaver","floor":14,"turns":1},{"damage":0,"enemies":"Hexaghost","floor":16,"turns":1},{"damage":0,"enemies":"Spheric Guardian","floor":18,"turns":1},{"damage":0,"enemies":"2 Thieves","floor":19,"turns":1},{"damage":0,"enemies":"Cultist and Chosen","floor":22,"turns":1},{"damage":0,"enemies":"Slavers","floor":23,"turns":1},{"damage":0,"enemies":"Snake Plant","floor":28,"turns":1},{"damage":0,"enemies":"Gremlin Leader","floor":29,"turns":1},{"damage":0,"enemies":"Automaton","floor":33,"turns":1},{"damage":0,"enemies":"Orb Walker","floor":35,"turns":1},{"damage":0,"enemies":"3 Darklings","floor":36,"turns":1},{"damage":0,"enemies":"2 Orb Walkers","floor":39,"turns":1},{"damage":0,"enemies":"Giant Head","floor":41,"turns":1},{"damage":0,"enemies":"Sphere and 2 Shapes","floor":46,"turns":1},{"damage":0,"enemies":"Transient","floor":47,"turns":1},{"damage":0,"enemies":"Jotaro","floor":50,"turns":1}],"seed_played":"3391372473560759511","potions_obtained":[{"floor":1,"key":"GamblersBrew"},{"floor":5,"key":"ColorlessPotion"},{"floor":6,"key":"Strength Potion"},{"floor":7,"key":"PowerPotion"},{"floor":31,"key":"Regen Potion"},{"floor":31,"key":"LiquidBronze"},{"floor":31,"key":"Dexterity Potion"}],"is_trial":false,"path_per_floor":["M","?","M","?","M","E","M","T","T","$","R","M","M","M","R","B",null,"M","M","?","?","M","E","R","T","T","?","M","E","$","$","R","B",null,"M","M","$","?","?","?","E","?","T","?","$","M","M","?","R","B",null],"character_chosen":"OPM","items_purchased":["Thread and Needle","Question Card","DollysMirror","MerchantsRug","Prayer Wheel","Molten Egg 2","Cauldron","Frozen Eye","Mummified Hand","Juzu Bracelet","Bottled Lightning","Sundial","HandDrill"],"campfire_rested":0,"item_purchase_floors":[30,30,30,30,31,31,31,37,37,37,45,45,45],"current_hp_per_floor":[999,999,999,999,999,999,999,999,999,999,999,999,999,999,999,999,999,999,999,999,999,999,999,999,999,999,999,999,999,999,999,999,999,999,999,999,999,999,999,999,999,999,999,999,999,999,999,949,949,949],"gold":7237,"neow_bonus":"THREE_ENEMY_KILL","is_daily":false,"chose_seed":false,"campfire_upgraded":5,"win_rate":0.0,"timestamp":1611383318,"path_taken":["M","?","M","?","M","E","?","?","T","$","R","M","?","M","R","BOSS","M","M","?","?","M","E","R","?","T","?","?","E","?","$","R","BOSS","M","M","$","?","?","?","E","?","T","?","$","M","M","?","R","BOSS"],"items_purchased_type":["Relic","Relic","Relic","Relic","Relic","Relic","Relic","Relic","Relic","Relic","Relic","Relic","Relic"],"build_version":"2020-12-22","purchased_purges":5,"victory":true,"max_hp_per_floor":[999,999,999,999,999,999,999,999,999,999,999,999,999,999,999,999,999,999,999,999,999,999,999,999,999,999,999,999,999,999,999,999,999,999,999,999,999,999,999,999,999,999,999,999,999,999,999,949,949,949],"card_choices":[{"not_picked":["Toss_Stone","Slap"],"picked":"Consecutive_Normal_Punch","floor":1},{"not_picked":["Normal_Punch","Side_Hop"],"picked":"Wear_Disguise","floor":3},{"not_picked":["Yawn","Normal_Punch","Side_Hop"],"picked":"SKIP","floor":5},{"not_picked":["Toss_Stone","Wear_Disguise"],"picked":"Slap","floor":6},{"not_picked":["Side_Hop","Slap"],"picked":"Toss_Stone","floor":7},{"not_picked":["Ignore","Normal_Punch","Hop"],"picked":"SKIP","floor":12},{"not_picked":["Ignore","Side_Hop"],"picked":"Normal_Punch","floor":13},{"not_picked":["Yawn","Side_Hop","Ignore"],"picked":"SKIP","floor":14},{"not_picked":["Get_Hopes_Up","Oh"],"picked":"Hip_Strike","floor":16},{"not_picked":["Wear_Disguise+1","Hop"],"picked":"Toss_Stone+1","floor":18},{"not_picked":["Slap","Yawn"],"picked":"Normal_Punch","floor":19},{"not_picked":["Side_Hop","Do_Nothing+1"],"picked":"Consecutive_Normal_Punch+1","floor":22},{"not_picked":["Side_Hop","Serious_Side_Hops"],"picked":"Consecutive_Normal_Punch","floor":23},{"not_picked":["Do_Nothing","Slap","Toss_Stone"],"picked":"SKIP","floor":28},{"not_picked":["Slap","Toss_Stone","Side_Hop"],"picked":"SKIP","floor":29},{"not_picked":["Serious_Side_Hops","Terrifying_Presence","Oh"],"picked":"Get_Hopes_Up","floor":33},{"not_picked":["Ignore","Side_Hop+1","Toss_Stone+1","Hop"],"picked":"SKIP","floor":35},{"not_picked":["Yawn+1","Wear_Disguise","Consecutive_Normal_Punch+1","Hop+1"],"picked":"SKIP","floor":35},{"not_picked":["Consecutive_Normal_Punch+1","Slap+1","Hop","Yawn+1"],"picked":"SKIP","floor":36},{"not_picked":["Toss_Stone+1","Wear_Disguise","Serious_Side_Hops","Do_Nothing+1"],"picked":"SKIP","floor":36},{"not_picked":["Do_Nothing","Toss_Stone+1","Side_Hop"],"picked":"Yawn+1","floor":41},{"not_picked":["Toss_Stone+1","Side_Hop+1","Hop+1","Normal_Punch+1"],"picked":"SKIP","floor":46},{"not_picked":["Do_Nothing","Ignore+1","Wear_Disguise","Normal_Punch+1"],"picked":"SKIP","floor":46},{"not_picked":["Normal_Punch+1","Do_Nothing","Side_Hop","Hop"],"picked":"SKIP","floor":47},{"not_picked":["Hop+1","Do_Nothing","Toss_Stone+1","Side_Hop"],"picked":"SKIP","floor":47}],"player_experience":82606,"relics_obtained":[{"floor":6,"key":"Oddly Smooth Stone"},{"floor":8,"key":"Happy Flower"},{"floor":9,"key":"Kunai"},{"floor":23,"key":"Bag of Preparation"},{"floor":25,"key":"Boot"},{"floor":26,"key":"Pen Nib"},{"floor":29,"key":"Calipers"},{"floor":39,"key":"Pocketwatch"},{"floor":41,"key":"Blood Vial"},{"floor":43,"key":"Pantograph"}],"event_choices":[{"damage_healed":0,"gold_gain":0,"player_choice":"Entered Light","damage_taken":200,"max_hp_gain":0,"max_hp_loss":0,"event_name":"Shining Light","floor":2,"gold_loss":0,"cards_upgraded":["Strike_Y","Strike_Y"]},{"damage_healed":0,"gold_gain":0,"player_choice":"Gave Potion","damage_taken":0,"relics_obtained":["Gremlin Horn"],"max_hp_gain":0,"max_hp_loss":0,"event_name":"WeMeetAgain","floor":4,"gold_loss":0},{"cards_removed":["Defend_Y"],"damage_healed":0,"gold_gain":0,"player_choice":"Elegance","damage_taken":0,"max_hp_gain":0,"max_hp_loss":0,"event_name":"Back to Basics","floor":20,"gold_loss":0},{"damage_healed":0,"gold_gain":0,"player_choice":"Ignored","damage_taken":0,"max_hp_gain":0,"max_hp_loss":0,"event_name":"Ghosts","floor":21,"gold_loss":0},{"damage_healed":0,"gold_gain":9810,"player_choice":"GOLD GOLD GOLD GOLD GOLD GOLD GOLD GOLD GOLD GOLD GOLD GOLD GOLD GOLD GOLD GOLD GOLD GOLD GOLD GOLD GOLD GOLD GOLD GOLD GOLD GOLD GOLD GOLD GOLD GOLD GOLD GOLD GOLD GOLD GOLD GOLD GOLD GOLD GOLD GOLD GOLD GOLD GOLD GOLD GOLD GOLD GOLD GOLD GOLD GOLD GOLD GOLD GOLD GOLD GOLD GOLD GOLD GOLD GOLD GOLD GOLD GOLD GOLD GOLD GOLD GOLD GOLD GOLD GOLD GOLD GOLD GOLD GOLD GOLD GOLD GOLD GOLD GOLD GOLD GOLD GOLD GOLD GOLD GOLD GOLD GOLD GOLD GOLD GOLD GOLD GOLD GOLD GOLD GOLD GOLD GOLD GOLD GOLD GOLD GOLD GOLD GOLD GOLD GOLD GOLD GOLD GOLD GOLD GOLD ","damage_taken":6546,"max_hp_gain":0,"max_hp_loss":0,"event_name":"Knowing Skull","floor":27,"potions_obtained":[],"gold_loss":0,"cards_obtained":[]},{"damage_healed":0,"gold_gain":0,"player_choice":"Ignored","damage_taken":0,"max_hp_gain":0,"max_hp_loss":0,"event_name":"Tomb of Lord Red Mask","floor":38,"gold_loss":0},{"damage_healed":0,"gold_gain":0,"player_choice":"Fight","damage_taken":0,"max_hp_gain":0,"max_hp_loss":0,"event_name":"Mysterious Sphere","floor":39,"gold_loss":0},{"damage_healed":0,"gold_gain":0,"player_choice":"Ignored","damage_taken":0,"max_hp_gain":0,"max_hp_loss":0,"event_name":"Golden Shrine","floor":40,"gold_loss":0},{"damage_healed":0,"gold_gain":0,"player_choice":"Obtain Plague Curse","damage_taken":0,"max_hp_gain":0,"max_hp_loss":0,"event_name":"Plague Doctor","floor":42,"gold_loss":0,"cards_obtained":["theForsaken:PlagueCurse"]},{"damage_healed":0,"gold_gain":0,"cards_transformed":["Slap"],"player_choice":"Transformed","damage_taken":0,"max_hp_gain":0,"max_hp_loss":0,"event_name":"Transmorgrifier","floor":44,"gold_loss":0,"cards_obtained":["Hop"]},{"damage_healed":0,"gold_gain":0,"player_choice":"Max HP","damage_taken":0,"max_hp_gain":0,"max_hp_loss":50,"event_name":"Winding Halls","floor":48,"gold_loss":0}],"is_beta":false,"boss_relics":[{"not_picked":["SacredBark","Velvet Choker"],"picked":"thethorton:BottledFunds"},{"not_picked":["construct:WeddingRing","Runic Dome"],"picked":"construct:ClawGrip"}],"items_purged_floors":[10,30,31,37,45],"is_endless":false,"potions_floor_spawned":[1,5,6,7,28,29,35,46],"ascension_level":0}}