{"host":"rmsq46plbpwfbxcc","time":1611426283,"event":{"mods":["AchievementEnabler","BaseMod","Colored Map","Colored Powertips","DeckTracker","KOR Keyword Fix","Minty Spire (QoL Compilation)","Permanent Neow","Quick Restart","SuperFastMode"],"gold_per_floor":[118,137,147,222,172,172,184,184,184,184,227,251,251,289,289,289,289],"floor_reached":16,"language":"KOR","playtime":430,"items_purged":[],"score":149,"play_id":"84d83845-2013-4296-8c79-45bbae57a141","local_time":"20210124032443","is_ascension_mode":true,"campfire_choices":[{"data":"Cloak And Dagger","floor":6,"key":"SMITH"},{"data":"Neutralize","floor":10,"key":"SMITH"},{"data":"Adrenaline","floor":13,"key":"SMITH"},{"data":"Terror","floor":15,"key":"SMITH"}],"circlet_count":0,"master_deck":["Strike_G","Strike_G","Strike_G","Strike_G","Defend_G","Defend_G","Defend_G","Defend_G","Defend_G","Survivor","Neutralize+1","Escape Plan","Cloak And Dagger+1","Adrenaline+1","Tactician","Terror+1"],"relics":["Coffee Dripper","Golden Idol","Ninja Scroll","HornCleat","Meat on the Bone"],"acts_visited":["Exordium"],"potions_floor_usage":[11,14,16],"damage_taken":[{"damage":0,"enemies":"2 Louse","floor":1,"turns":3},{"damage":0,"enemies":"Small Slimes","floor":2,"turns":6},{"damage":2,"enemies":"Jaw Worm","floor":3,"turns":5},{"damage":1,"enemies":"Exordium Wildlife","floor":7,"turns":4},{"damage":34,"enemies":"Lagavulin","floor":11,"turns":13},{"damage":2,"enemies":"Exordium Thugs","floor":12,"turns":5},{"damage":4,"enemies":"Gremlin Nob","floor":14,"turns":4},{"damage":6,"enemies":"The Guardian","floor":16,"turns":10}],"seed_played":"5523487425684697809","potions_obtained":[{"floor":1,"key":"SkillPotion"},{"floor":11,"key":"GamblersBrew"},{"floor":14,"key":"BlessingOfTheForge"}],"is_trial":false,"path_per_floor":["M","M","M","?","?","R","M","?","T","R","E","M","R","E","R","B"],"character_chosen":"THE_SILENT","items_purchased":[],"campfire_rested":0,"item_purchase_floors":[],"current_hp_per_floor":[63,63,61,50,50,50,49,49,49,49,15,13,13,9,9,3,3],"gold":289,"neow_bonus":"BOSS_RELIC","is_daily":false,"chose_seed":false,"campfire_upgraded":4,"win_rate":0.0,"timestamp":1611426283,"path_taken":["M","M","M","?","?","R","M","?","T","R","E","M","R","E","R","BOSS"],"items_purchased_type":[],"build_version":"2020-12-22","purchased_purges":0,"victory":false,"max_hp_per_floor":[70,70,70,70,70,70,70,65,65,65,65,65,65,65,65,65,65],"card_choices":[{"not_picked":["All Out Attack","Quick Slash"],"picked":"Escape Plan","floor":1},{"not_picked":["Bane","Dagger Throw","Riddle With Holes"],"picked":"SKIP","floor":2},{"not_picked":["Masterful Stab","Dagger Throw"],"picked":"Cloak And Dagger","floor":3},{"not_picked":["Deadly Poison","Quick Slash","Slice"],"picked":"SKIP","floor":7},{"not_picked":["A Thousand Cuts","Endless Agony"],"picked":"Adrenaline","floor":11},{"not_picked":["Backflip","Underhanded Strike"],"picked":"Tactician","floor":12},{"not_picked":["Dodge and Roll","Bouncing Flask"],"picked":"Terror","floor":14}],"player_experience":645237,"relics_obtained":[{"floor":9,"key":"Ninja Scroll"},{"floor":11,"key":"HornCleat"},{"floor":14,"key":"Meat on the Bone"}],"event_choices":[{"damage_healed":0,"gold_gain":75,"player_choice":"Gather Gold","damage_taken":11,"max_hp_gain":0,"max_hp_loss":0,"event_name":"World of Goop","floor":4,"gold_loss":0},{"cards_removed":["Strike_G"],"damage_healed":0,"gold_gain":0,"player_choice":"Card Removal","damage_taken":0,"max_hp_gain":0,"max_hp_loss":0,"event_name":"The Cleric","floor":5,"gold_loss":50},{"damage_healed":0,"gold_gain":0,"player_choice":"Lose Max HP","damage_taken":0,"relics_obtained":["Golden Idol"],"max_hp_gain":0,"max_hp_loss":5,"event_name":"Golden Idol","floor":8,"gold_loss":0}],"is_beta":false,"boss_relics":[],"items_purged_floors":[],"is_endless":false,"potions_floor_spawned":[1,11,14],"killed_by":"The Guardian","ascension_level":7}}