{"host":"w9njud19qyl0lpz1","time":1611361141,"event":{"mods":["BaseMod","Minty Spire (QoL Compilation)","StSLib"],"gold_per_floor":[117,133,208,173,186,220,220,230,255,255,265,265,283,297,297,400,400,415,217,229,229,249,249,269,303,329,361,383,405,417,6,6,103,103,119,130,147,147,147,147,422,422,422],"floor_reached":42,"language":"ENG","playtime":4995,"items_purged":["Strike_R"],"score":474,"play_id":"254c13f7-7161-47a6-b13b-9f9f9007ec5b","local_time":"20210122191901","is_ascension_mode":false,"campfire_choices":[{"floor":7.0,"key":"REST"},{"data":"Bash","floor":12.0,"key":"SMITH"},{"floor":15,"key":"REST"},{"data":"Immolate","floor":23,"key":"SMITH"},{"floor":32,"key":"REST"},{"data":"Apotheosis","floor":40,"key":"SMITH"}],"circlet_count":0,"master_deck":["Strike_R","Strike_R","Strike_R","Strike_R","Defend_R","Defend_R","Defend_R","Defend_R","Bash+1","Flex","Combust+1","Shockwave","Uppercut","Immolate+1","Shrug It Off","Thunderclap+1","Twin Strike+1","Wild Strike","Dropkick","Battle Trance+1","Pummel","Power Through+1","Apotheosis+1","Pommel Strike+1","Double Tap","Clothesline","Heavy Blade","Bludgeon","Burning Pact+1","Regret"],"relics":["Burning Blood","Tiny Chest","Vajra","Toy Ornithopter","SacredBark","Paper Frog","Juzu Bracelet","MawBank","Orrery","SlaversCollar","Darkstone Periapt"],"acts_visited":["Exordium","TheCity","TheBeyond"],"potions_floor_usage":[14,20,22,22,25,25,28,33,33,35,37,37],"damage_taken":[{"damage":11.0,"enemies":"Jaw Worm","floor":1.0,"turns":5.0},{"damage":1.0,"enemies":"Cultist","floor":2.0,"turns":3.0},{"damage":7.0,"enemies":"2 Louse","floor":5.0,"turns":2.0},{"damage":47.0,"enemies":"Lagavulin","floor":6.0,"turns":8.0},{"damage":18.0,"enemies":"Exordium Thugs","floor":8.0,"turns":4.0},{"damage":2.0,"enemies":"3 Louse","floor":11.0,"turns":3.0},{"damage":23.0,"enemies":"Exordium Wildlife","floor":13.0,"turns":4.0},{"damage":13,"enemies":"Large Slime","floor":14,"turns":7},{"damage":48,"enemies":"Slime Boss","floor":16,"turns":8},{"damage":8,"enemies":"Chosen","floor":18,"turns":6},{"damage":2,"enemies":"3 Byrds","floor":20,"turns":3},{"damage":13,"enemies":"Shelled Parasite and Fungi","floor":22,"turns":4},{"damage":8,"enemies":"Snecko","floor":24,"turns":3},{"damage":32,"enemies":"Slavers","floor":25,"turns":3},{"damage":21,"enemies":"Cultist and Chosen","floor":27,"turns":4},{"damage":21,"enemies":"Chosen and Byrds","floor":28,"turns":6},{"damage":6,"enemies":"Snecko","floor":29,"turns":4},{"damage":14,"enemies":"Champ","floor":33,"turns":9},{"damage":2,"enemies":"3 Shapes","floor":35,"turns":3},{"damage":32,"enemies":"Orb Walker","floor":36,"turns":6},{"damage":35,"enemies":"3 Darklings","floor":37,"turns":4},{"damage":89,"enemies":"Nemesis","floor":42,"turns":6}],"seed_played":"3853692482073057430","potions_obtained":[{"floor":6.0,"key":"SneckoOil"},{"floor":8.0,"key":"HeartOfIron"},{"floor":13.0,"key":"SpeedPotion"},{"floor":16,"key":"Strength Potion"},{"floor":20,"key":"SkillPotion"},{"floor":22,"key":"DuplicationPotion"},{"floor":24,"key":"Weak Potion"},{"floor":29,"key":"BlessingOfTheForge"},{"floor":33,"key":"BlessingOfTheForge"},{"floor":36,"key":"GamblersBrew"}],"is_trial":false,"path_per_floor":["M","M","?","$","M","E","R","M","T","?","M","R","M","M","R","B",null,"M","$","M","T","M","R","M","E","T","M","M","M","?","$","R","B",null,"M","M","M","T","?","R","?","E"],"character_chosen":"IRONCLAD","items_purchased":["Combust","SteroidPotion","SkillPotion","Shrug It Off","Apotheosis","Orrery","SteroidPotion","Strength Potion"],"campfire_rested":3,"item_purchase_floors":[4,19,19,19,31,31,31,31],"current_hp_per_floor":[75,80,69,69,68,27,51,39,39,39,48,48,31,29,53,11,80,78,78,80,80,80,80,78,59,59,44,34,34,34,34,58,60,80,80,54,35,35,80,80,86,0,0],"gold":422,"neow_bonus":"RANDOM_COMMON_RELIC","is_daily":false,"chose_seed":false,"campfire_upgraded":3,"win_rate":0.0,"timestamp":1611361141,"path_taken":["M","M","?","$","M","E","R","M","T","?","M","R","?","M","R","BOSS","M","$","M","?","?","R","M","E","T","M","M","M","?","?","R","BOSS","M","M","M","?","?","R","?","E"],"items_purchased_type":["Card","Potion","Potion","Card","Card","Relic","Potion","Potion"],"build_version":"2020-12-22","purchased_purges":1,"victory":false,"max_hp_per_floor":[80,80,80,80,80,80,80,80,80,80,80,80,80,80,80,80,80,80,80,80,80,80,80,80,80,80,80,80,80,80,80,80,80,80,80,80,80,80,80,80,86,86,86],"card_choices":[{"not_picked":["Wild Strike","Evolve","Warcry"],"picked":"SKIP","floor":1.0},{"not_picked":["Twin Strike","Blood for Blood"],"picked":"Flex","floor":2.0},{"not_picked":["Clash","Reckless Charge","Havoc"],"picked":"SKIP","floor":5.0},{"not_picked":["Sever Soul","Dropkick","Exhume"],"picked":"SKIP","floor":6.0},{"not_picked":["Body Slam","Perfected Strike","True Grit"],"picked":"SKIP","floor":8.0},{"not_picked":["Hemokinesis","Burning Pact"],"picked":"Shockwave","floor":11.0},{"not_picked":["Combust","Heavy Blade"],"picked":"Uppercut","floor":13.0},{"not_picked":["Body Slam","Metallicize","Pommel Strike"],"picked":"SKIP","floor":14},{"not_picked":["Berserk","Double Tap"],"picked":"Immolate","floor":16},{"not_picked":["Headbutt","True Grit","Disarm"],"picked":"SKIP","floor":18},{"not_picked":["Evolve","Pommel Strike"],"picked":"Thunderclap+1","floor":20},{"not_picked":["Flex","Intimidate"],"picked":"Twin Strike+1","floor":22},{"not_picked":["Shrug It Off","Perfected Strike"],"picked":"Wild Strike","floor":24},{"not_picked":["Second Wind","Metallicize"],"picked":"Dropkick","floor":25},{"not_picked":["Sever Soul","Wild Strike"],"picked":"Battle Trance+1","floor":27},{"not_picked":["Sword Boomerang","Perfected Strike"],"picked":"Pummel","floor":28},{"not_picked":["Shrug It Off","Rage+1"],"picked":"Power Through+1","floor":29},{"not_picked":["Evolve+1","Havoc"],"picked":"Pommel Strike+1","floor":31},{"not_picked":["Havoc","Intimidate+1"],"picked":"Double Tap","floor":31},{"not_picked":["Berserk","Corruption"],"picked":"Clothesline","floor":31},{"not_picked":["Armaments+1","Wild Strike"],"picked":"Pummel","floor":31},{"not_picked":["Pommel Strike","Bloodletting"],"picked":"Heavy Blade","floor":31},{"not_picked":["Juggernaut","Berserk"],"picked":"Bludgeon","floor":33},{"not_picked":["Perfected Strike","Wild Strike"],"picked":"Burning Pact+1","floor":35},{"not_picked":["Intimidate+1","Burning Pact+1","Clash+1"],"picked":"SKIP","floor":36},{"not_picked":["Dropkick","Thunderclap","Anger"],"picked":"SKIP","floor":37}],"player_experience":2254394,"relics_obtained":[{"floor":6.0,"key":"Vajra"},{"floor":9.0,"key":"Toy Ornithopter"},{"floor":21,"key":"Paper Frog"},{"floor":25,"key":"Juzu Bracelet"},{"floor":26,"key":"MawBank"},{"floor":38,"key":"Darkstone Periapt"}],"event_choices":[{"damage_healed":0.0,"max_hp_gain":0.0,"max_hp_loss":0.0,"gold_gain":75.0,"event_name":"World of Goop","player_choice":"Gather Gold","floor":3.0,"gold_loss":0.0,"damage_taken":11.0},{"damage_healed":0.0,"max_hp_gain":0.0,"max_hp_loss":0.0,"gold_gain":0.0,"event_name":"Upgrade Shrine","player_choice":"Upgraded","floor":10.0,"gold_loss":0.0,"damage_taken":0.0,"cards_upgraded":["Combust"]},{"damage_healed":0,"gold_gain":0,"player_choice":"Ignored","damage_taken":0,"max_hp_gain":0,"max_hp_loss":0,"event_name":"NoteForYourself","floor":30,"gold_loss":0},{"cards_removed":["Pummel"],"damage_healed":45,"gold_gain":0,"player_choice":"Offered Uncommon","damage_taken":0,"max_hp_gain":0,"max_hp_loss":0,"event_name":"Bonfire Elementals","floor":39,"gold_loss":0},{"damage_healed":0,"gold_gain":275,"player_choice":"Desecrate","damage_taken":0,"max_hp_gain":0,"max_hp_loss":0,"event_name":"Golden Shrine","floor":41,"gold_loss":0,"cards_obtained":["Regret"]}],"is_beta":false,"boss_relics":[{"not_picked":["Snecko Eye","Calling Bell"],"picked":"SacredBark"},{"not_picked":["Black Star","Cursed Key"],"picked":"SlaversCollar"}],"items_purged_floors":[19],"is_endless":false,"potions_floor_spawned":[6,8,13,16,20,22,24,29,33,36],"killed_by":"Nemesis","ascension_level":0}}