{"host":"j4g6ia6asvpyu2b0","time":1611361056,"event":{"mods":["BaseMod","Colored Map","Minty Spire (QoL Compilation)","Permanent Neow","Quick Restart","Relic Stats","StSLib","Unceasing Turn Reminder"],"gold_per_floor":[20,20,44,58,58,94,94,94,94],"floor_reached":8,"language":"ENG","playtime":186,"items_purged":[],"score":98,"play_id":"84fad227-f6ad-4368-be5c-0c7cf875e6f5","local_time":"20210122171736","is_ascension_mode":true,"campfire_choices":[{"data":"Bash","floor":7,"key":"SMITH"}],"circlet_count":0,"master_deck":["AscendersBane","Strike_R","Strike_R","Strike_R","Strike_R","Strike_R","Defend_R","Defend_R","Defend_R","Defend_R","Bash+1","Offering","Thunderclap","Flame Barrier","Disarm","Headbutt"],"relics":["Burning Blood","Golden Idol","Bottled Flame"],"acts_visited":["Exordium"],"potions_floor_usage":[6],"damage_taken":[{"damage":6,"enemies":"Cultist","floor":1,"turns":3},{"damage":0,"enemies":"Small Slimes","floor":3,"turns":4},{"damage":0,"enemies":"2 Louse","floor":4,"turns":2},{"damage":33,"enemies":"Gremlin Nob","floor":6,"turns":5},{"damage":28,"enemies":"3 Sentries","floor":8,"turns":4}],"seed_played":"-282743042236636004","potions_obtained":[{"floor":3,"key":"ColorlessPotion"},{"floor":4,"key":"Weak Potion"},{"floor":5,"key":"BloodPotion"}],"is_trial":false,"path_per_floor":["M","?","M","M","?","E","R","E"],"character_chosen":"IRONCLAD","items_purchased":[],"campfire_rested":0,"item_purchase_floors":[],"current_hp_per_floor":[68,42,48,54,54,27,27,0,0],"gold":94,"neow_bonus":"THREE_RARE_CARDS","is_daily":false,"chose_seed":false,"campfire_upgraded":1,"win_rate":0.0,"timestamp":1611361056,"path_taken":["M","?","M","M","?","E","R","E"],"items_purchased_type":[],"build_version":"2020-12-22","purchased_purges":0,"victory":false,"max_hp_per_floor":[75,75,75,75,75,75,75,75,75],"relic_stats":{"counters":[5,18],"Golden Idol":15,"obtain_stats":[{"Bottled Flame":6,"Golden Idol":2,"Burning Blood":0},{"Bottled Flame":4,"Golden Idol":1,"Burning Blood":0},{"Bottled Flame":14,"Golden Idol":3,"Burning Blood":0}],"Burning Blood":24},"card_choices":[{"not_picked":["Limit Break","Barricade"],"picked":"Offering","floor":0},{"not_picked":["Warcry","Power Through"],"picked":"Thunderclap","floor":1},{"not_picked":["Headbutt","Searing Blow"],"picked":"Flame Barrier","floor":3},{"not_picked":["Twin Strike","Rampage"],"picked":"Disarm","floor":4},{"not_picked":["Perfected Strike","Cleave"],"picked":"Headbutt","floor":6}],"player_experience":942358,"relics_obtained":[{"floor":6,"key":"Bottled Flame"}],"event_choices":[{"damage_healed":0,"gold_gain":0,"player_choice":"Take Damage","damage_taken":26,"relics_obtained":["Golden Idol"],"max_hp_gain":0,"max_hp_loss":0,"event_name":"Golden Idol","floor":2,"gold_loss":0},{"damage_healed":0,"gold_gain":0,"player_choice":"Got Potions","damage_taken":0,"max_hp_gain":0,"max_hp_loss":0,"event_name":"Lab","floor":5,"gold_loss":0}],"is_beta":false,"boss_relics":[],"items_purged_floors":[],"is_endless":false,"potions_floor_spawned":[3,4],"killed_by":"3 Sentries","ascension_level":15}}