{"host":"qsusua7l529r8z9k","time":1611380774,"event":{"mods":["Aspiration","BaseMod","Minty Spire (QoL Compilation)","Spicy Shops","StSLib"],"gold_per_floor":[114,31,44,61,71,99,117,117,117,145,162,196,214,214,214,289,289,305,315,331,331,346,346,357,357,357],"floor_reached":25,"language":"ZHS","playtime":893,"items_purged":[],"score":508,"play_id":"aea93b95-eced-43f9-9b58-973daccfe9d9","local_time":"20210123134614","is_ascension_mode":true,"campfire_choices":[{"data":"Eruption","floor":8.0,"key":"SMITH"},{"data":"Strike_P","floor":15.0,"key":"PURGE"},{"floor":23.0,"key":"REST"}],"circlet_count":0,"master_deck":["AscendersBane","Strike_P","Strike_P","Strike_P","Defend_P","Defend_P","Defend_P","Defend_P","Eruption+1","Vigilance","Indignation","BattleHymn","SpiritShield","Wallop","Blasphemy","FearNoEvil","InnerPeace"],"relics":["PureWater","aspiration:DSix","Peace Pipe","Toy Ornithopter","Tiny Chest","Omamori","Sozu","aspiration:HummingbirdHeart"],"acts_visited":["Exordium","TheCity"],"potions_floor_usage":[],"damage_taken":[{"damage":9.0,"enemies":"Jaw Worm","floor":1.0,"turns":4.0},{"damage":1.0,"enemies":"Cultist","floor":3.0,"turns":4.0},{"damage":0.0,"enemies":"Small Slimes","floor":4.0,"turns":3.0},{"damage":3.0,"enemies":"Blue Slaver","floor":5.0,"turns":3.0},{"damage":9.0,"enemies":"3 Sentries","floor":6.0,"turns":5.0},{"damage":0.0,"enemies":"3 Louse","floor":7.0,"turns":6.0},{"damage":0.0,"enemies":"Gremlin Nob","floor":10.0,"turns":2.0},{"damage":4.0,"enemies":"Looter","floor":11.0,"turns":4.0},{"damage":20.0,"enemies":"3 Sentries","floor":12.0,"turns":6.0},{"damage":5.0,"enemies":"Blue Slaver","floor":13.0,"turns":4.0},{"damage":27.0,"enemies":"The Guardian","floor":16.0,"turns":8.0},{"damage":1.0,"enemies":"Chosen","floor":18.0,"turns":3.0},{"damage":17.0,"enemies":"2 Thieves","floor":19.0,"turns":3.0},{"damage":20.0,"enemies":"Chosen and Byrds","floor":20.0,"turns":5.0},{"damage":12.0,"enemies":"Snake Plant","floor":22.0,"turns":5.0},{"damage":5.0,"enemies":"Centurion and Healer","floor":24.0,"turns":5.0},{"damage":26,"enemies":"Book of Stabbing","floor":25,"turns":4}],"seed_played":"6750390713232546397","potions_obtained":[{"floor":3.0,"key":"BottledMiracle"},{"floor":4.0,"key":"Block Potion"},{"floor":5.0,"key":"Strength Potion"},{"floor":10.0,"key":"ColorlessPotion"},{"floor":12.0,"key":"EssenceOfSteel"},{"floor":13.0,"key":"Regen Potion"}],"is_trial":false,"path_per_floor":["M","?","M","M","M","E","M","R","T","E","M","E","M","?","R","B",null,"M","M","M","T","M","R","M","E"],"character_chosen":"WATCHER","items_purchased":[],"campfire_rested":1,"item_purchase_floors":[],"current_hp_per_floor":[52,52,51,51,48,39,39,39,39,44,40,25,20,16,16,14,55,54,37,17,17,5,25,20,0,0],"gold":357,"neow_bonus":"DSIX","is_daily":false,"chose_seed":false,"campfire_upgraded":1,"win_rate":0.0,"timestamp":1611380774,"path_taken":["M","?","M","M","?","E","M","R","T","E","M","E","M","?","R","BOSS","M","?","?","?","M","R","M","E"],"items_purchased_type":[],"build_version":"2020-12-22","purchased_purges":0,"victory":false,"max_hp_per_floor":[68,68,68,68,68,68,68,68,68,68,68,68,68,68,68,68,68,68,68,68,68,68,68,68,68,68],"card_choices":[{"not_picked":["EmptyFist","Worship","Meditate"],"picked":"SKIP","floor":1.0},{"not_picked":["Meditate","CrushJoints","Vengeance"],"picked":"SKIP","floor":3.0},{"not_picked":["Protect","JustLucky"],"picked":"Indignation","floor":4.0},{"not_picked":["MentalFortress","Indignation"],"picked":"BattleHymn","floor":5.0},{"not_picked":["JustLucky","CrushJoints","Halt"],"picked":"SKIP","floor":6.0},{"not_picked":["Worship","Halt","Evaluate"],"picked":"SKIP","floor":7.0},{"not_picked":["FlurryOfBlows","CutThroughFate"],"picked":"SpiritShield","floor":10.0},{"not_picked":["LikeWater","BowlingBash"],"picked":"Wallop","floor":11.0},{"not_picked":["JustLucky","Protect","PathToVictory"],"picked":"SKIP","floor":12.0},{"not_picked":["JustLucky","CrushJoints","EmptyFist"],"picked":"SKIP","floor":13.0},{"not_picked":["Judgement","Scrawl"],"picked":"Blasphemy","floor":16.0},{"not_picked":["ThirdEye","Wallop+1"],"picked":"FearNoEvil","floor":18.0},{"not_picked":["Consecrate","MentalFortress","Swivel"],"picked":"SKIP","floor":19.0},{"not_picked":["ClearTheMind","Perseverance+1","Halt"],"picked":"SKIP","floor":20.0},{"not_picked":["WreathOfFlame+1","FlurryOfBlows+1"],"picked":"InnerPeace","floor":22.0},{"not_picked":["FlyingSleeves+1","Consecrate","Protect"],"picked":"SKIP","floor":24.0}],"player_experience":468331,"relics_obtained":[{"floor":6.0,"key":"Toy Ornithopter"},{"floor":10.0,"key":"Tiny Chest"},{"floor":12.0,"key":"Omamori"},{"floor":21.0,"key":"aspiration:HummingbirdHeart"}],"event_choices":[{"damage_healed":0.0,"max_hp_gain":0.0,"max_hp_loss":0.0,"gold_gain":0.0,"event_name":"WeMeetAgain","player_choice":"Paid Gold","floor":2.0,"gold_loss":83.0,"damage_taken":0.0,"relics_obtained":["Peace Pipe"]},{"damage_healed":0.0,"max_hp_gain":0.0,"max_hp_loss":0.0,"gold_gain":0.0,"event_name":"The Woman in Blue","player_choice":"Bought 0 Potions","floor":14.0,"gold_loss":0.0,"damage_taken":0.0}],"is_beta":false,"boss_relics":[{"not_picked":["Cursed Key","Ectoplasm"],"picked":"Sozu"}],"items_purged_floors":[],"is_endless":false,"potions_floor_spawned":[3,4,5,10,12,13,19,20],"killed_by":"Book of Stabbing","ascension_level":20}}