{"host":"da4a6z8aof69aasy","time":1611409769,"event":{"mods":["AchievementEnabler","BaseMod","Block Reminder","Colored Powertips","DeckTracker","Highlight Path","Minty Spire (QoL Compilation)","Permanent Neow","Relic Stats","StSLib"],"gold_per_floor":[210,285,210,210,222,222,240,267,567,567,315,342,352,366,366,443,443,456,456,476,492,492,520,540,574,574,574,599,549,549,351,351,428,428,439,439,455,139,153,153,187,203,203,10,43,55,65,80,80,80,80,80,30,60,60],"floor_reached":56,"language":"ENG","playtime":7858,"items_purged":["Strike_G","Strike_G","Strike_G","Strike_G","All Out Attack"],"score":2029,"play_id":"770382b2-577b-41a8-9d4d-295976b59101","local_time":"20210123154929","is_ascension_mode":true,"campfire_choices":[{"data":"Poisoned Stab","floor":6.0,"key":"SMITH"},{"data":"Neutralize","floor":10.0,"key":"SMITH"},{"data":"Corpse Explosion","floor":15.0,"key":"SMITH"},{"floor":27.0,"key":"REST"},{"data":"Malaise","floor":30.0,"key":"SMITH"},{"floor":32.0,"key":"REST"},{"data":"Catalyst","floor":40.0,"key":"SMITH"},{"floor":49.0,"key":"RECALL"},{"floor":52.0,"key":"REST"}],"circlet_count":0,"master_deck":["AscendersBane","Defend_G","Defend_G","Defend_G","Defend_G","Defend_G","Survivor","Neutralize+1","Escape Plan","Poisoned Stab+1","Infinite Blades","Backstab","Corpse Explosion+1","Deflect+1","Backflip","Malaise+1","Acrobatics","Deadly Poison","Footwork+1","Wraith Form v2","Quick Slash+1","Panache","Crippling Poison","Catalyst+1","Footwork","Noxious Fumes+1","Deadly Poison+1","Bouncing Flask+1","Dodge and Roll","Acrobatics+1"],"relics":["Ring of the Snake","Dead Branch","Old Coin","Oddly Smooth Stone","Paper Crane","Sozu","Anchor","Regal Pillow","Bag of Preparation","Smiling Mask","OrangePellets","Philosopher\u0027s Stone","PreservedInsect","HornCleat","Vajra","Shuriken","Centennial Puzzle"],"acts_visited":["Exordium","TheCity","TheBeyond","TheEnding"],"potions_floor_usage":[],"damage_taken":[{"damage":1.0,"enemies":"Small Slimes","floor":1.0,"turns":5.0},{"damage":0.0,"enemies":"Cultist","floor":5.0,"turns":6.0},{"damage":0.0,"enemies":"2 Louse","floor":7.0,"turns":3.0},{"damage":14.0,"enemies":"3 Sentries","floor":8.0,"turns":5.0},{"damage":6.0,"enemies":"Lagavulin","floor":12.0,"turns":7.0},{"damage":0.0,"enemies":"2 Fungi Beasts","floor":13.0,"turns":2.0},{"damage":1.0,"enemies":"Exordium Thugs","floor":14.0,"turns":6.0},{"damage":4.0,"enemies":"The Guardian","floor":16.0,"turns":10.0},{"damage":5.0,"enemies":"2 Thieves","floor":18.0,"turns":4.0},{"damage":0.0,"enemies":"Shell Parasite","floor":20.0,"turns":5.0},{"damage":7.0,"enemies":"Snecko","floor":21.0,"turns":5.0},{"damage":24.0,"enemies":"Gremlin Leader","floor":23.0,"turns":9.0},{"damage":0.0,"enemies":"Cultist and Chosen","floor":24.0,"turns":3.0},{"damage":22.0,"enemies":"Slavers","floor":25.0,"turns":5.0},{"damage":12.0,"enemies":"Book of Stabbing","floor":28.0,"turns":5.0},{"damage":11.0,"enemies":"Champ","floor":33.0,"turns":11.0},{"damage":12.0,"enemies":"3 Darklings","floor":35.0,"turns":3.0},{"damage":0.0,"enemies":"Orb Walker","floor":37.0,"turns":4.0},{"damage":6.0,"enemies":"Sphere and 2 Shapes","floor":39.0,"turns":4.0},{"damage":0.0,"enemies":"Reptomancer","floor":41.0,"turns":4.0},{"damage":0.0,"enemies":"4 Shapes","floor":42.0,"turns":2.0},{"damage":13.0,"enemies":"Nemesis","floor":45.0,"turns":5.0},{"damage":0.0,"enemies":"Spire Growth","floor":46.0,"turns":3.0},{"damage":0.0,"enemies":"3 Darklings","floor":47.0,"turns":4.0},{"damage":6.0,"enemies":"Jaw Worm Horde","floor":48.0,"turns":4.0},{"damage":21.0,"enemies":"Donu and Deca","floor":50.0,"turns":6.0},{"damage":20,"enemies":"Shield and Spear","floor":54,"turns":2},{"damage":46,"enemies":"The Heart","floor":55,"turns":7}],"seed_played":"-8357563084954245592","potions_obtained":[{"floor":1.0,"key":"SkillPotion"},{"floor":4.0,"key":"FairyPotion"},{"floor":4.0,"key":"DuplicationPotion"},{"floor":12.0,"key":"SpeedPotion"}],"is_trial":false,"path_per_floor":["M","?","?","?","M","R","M","E","T","R","$","E","M","M","R","B",null,"M","?","M","M","?","E","M","E","T","R","E","?","R","$","R","B",null,"M","?","M","$","M","R","E","M","T","$","E","M","M","M","R","B",null,"R","$","E","B",null],"character_chosen":"THE_SILENT","items_purchased":["Oddly Smooth Stone","Infinite Blades","OrangePellets","Catalyst","Footwork","PreservedInsect","Vajra"],"campfire_rested":3,"item_purchase_floors":[11,11,31,38,38,38,44],"current_hp_per_floor":[58,47,47,47,47,47,47,33,33,33,33,27,27,26,26,22,55,50,46,46,39,52,28,28,6,6,40,28,28,28,28,62,51,62,50,50,50,50,44,44,44,44,44,44,31,31,31,25,25,4,51,66,66,46,19],"gold":60,"neow_bonus":"HUNDRED_GOLD","is_daily":false,"chose_seed":false,"campfire_upgraded":5,"win_rate":0.0,"timestamp":1611409769,"path_taken":["M","?","?","?","M","R","M","E","T","R","$","E","M","M","R","BOSS","M","?","?","M","?","E","M","E","T","R","E","?","R","$","R","BOSS","M","?","M","$","M","R","E","M","T","?","E","?","?","M","R","BOSS","R","$","E","BOSS"],"items_purchased_type":["Relic","Card","Relic","Card","Card","Relic","Relic"],"build_version":"2020-12-22","purchased_purges":5,"victory":true,"max_hp_per_floor":[66,66,66,66,66,66,66,66,66,66,66,66,66,66,66,66,66,66,66,66,66,66,66,66,66,66,66,66,66,66,66,66,66,66,66,66,66,66,66,66,66,66,66,66,66,66,66,66,66,66,66,66,66,66,66],"relic_stats":{"Sozu":8,"OrangePellets":[6],"Regal Pillow":30,"Centennial Puzzle":[3],"counters":[28,139],"Shuriken":[6],"Dead Branch":[144],"PreservedInsect":189,"Bag of Preparation":[28],"Smiling Mask":350,"obtain_stats":[{"Regal Pillow":25,"Dead Branch":8,"Oddly Smooth Stone":11,"Vajra":44,"PreservedInsect":38,"Bag of Preparation":26,"Paper Crane":12,"Smiling Mask":28,"Old Coin":9,"Sozu":17,"OrangePellets":31,"Anchor":23,"Centennial Puzzle":54,"HornCleat":41,"Shuriken":45,"Philosopher\u0027s Stone":34,"Ring of the Snake":0},{"Regal Pillow":14,"Dead Branch":4,"Oddly Smooth Stone":4,"Vajra":21,"PreservedInsect":18,"Bag of Preparation":14,"Paper Crane":5,"Smiling Mask":15,"Old Coin":4,"Sozu":8,"OrangePellets":15,"Anchor":12,"Centennial Puzzle":27,"HornCleat":20,"Shuriken":22,"Philosopher\u0027s Stone":16,"Ring of the Snake":0},{"Regal Pillow":75,"Dead Branch":19,"Oddly Smooth Stone":19,"Vajra":108,"PreservedInsect":98,"Bag of Preparation":75,"Paper Crane":26,"Smiling Mask":80,"Old Coin":19,"Sozu":44,"OrangePellets":80,"Anchor":67,"Centennial Puzzle":132,"HornCleat":106,"Shuriken":113,"Philosopher\u0027s Stone":91,"Ring of the Snake":0}],"Ring of the Snake":[56]},"card_choices":[{"not_picked":["Outmaneuver","Cloak And Dagger"],"picked":"Escape Plan","floor":1.0},{"not_picked":["Dodge and Roll","Reflex"],"picked":"Poisoned Stab","floor":5.0},{"not_picked":["Caltrops","Flying Knee"],"picked":"All Out Attack","floor":7.0},{"not_picked":["Terror","Slice","Sucker Punch"],"picked":"SKIP","floor":8.0},{"not_picked":["Dagger Spray","Prepared"],"picked":"Backstab","floor":12.0},{"not_picked":["Tactician","Setup","Reflex"],"picked":"SKIP","floor":13.0},{"not_picked":["Underhanded Strike","Quick Slash"],"picked":"Corpse Explosion","floor":14.0},{"not_picked":["Cloak And Dagger","Quick Slash"],"picked":"Deflect+1","floor":18.0},{"not_picked":["Expertise","Bane"],"picked":"Backflip","floor":20.0},{"not_picked":["Dodge and Roll","Acrobatics"],"picked":"Malaise","floor":21.0},{"not_picked":["Sucker Punch","Storm of Steel"],"picked":"Acrobatics","floor":23.0},{"not_picked":["Prepared","Flying Knee","Backstab"],"picked":"SKIP","floor":24.0},{"not_picked":["Outmaneuver","Quick Slash"],"picked":"Deadly Poison","floor":25.0},{"not_picked":["Dagger Throw","Acrobatics"],"picked":"Footwork","floor":28.0},{"not_picked":["Adrenaline","Burst"],"picked":"Wraith Form v2","floor":33.0},{"not_picked":["Outmaneuver","Distraction+1"],"picked":"Quick Slash+1","floor":35.0},{"not_picked":["Panacea","Good Instincts"],"picked":"Panache","floor":36.0},{"not_picked":["Blur","Underhanded Strike"],"picked":"Crippling Poison","floor":37.0},{"not_picked":["Underhanded Strike","Crippling Poison+1"],"picked":"Noxious Fumes+1","floor":39.0},{"not_picked":["Setup+1","Masterful Stab","Choke+1"],"picked":"SKIP","floor":41.0},{"not_picked":["Flying Knee","Reflex"],"picked":"Deadly Poison+1","floor":42.0},{"not_picked":["Underhanded Strike","Skewer"],"picked":"Bouncing Flask+1","floor":45.0},{"not_picked":["Flying Knee","Reflex"],"picked":"Dodge and Roll","floor":46.0},{"not_picked":["Skewer+1","Deadly Poison+1","Bane"],"picked":"SKIP","floor":47.0},{"not_picked":["Crippling Poison","Escape Plan"],"picked":"Acrobatics+1","floor":48.0},{"not_picked":["Cloak And Dagger","Deadly Poison","Dagger Throw"],"picked":"SKIP","floor":54}],"player_experience":2099175,"relics_obtained":[{"floor":8.0,"key":"Dead Branch"},{"floor":9.0,"key":"Old Coin"},{"floor":12.0,"key":"Paper Crane"},{"floor":23.0,"key":"Anchor"},{"floor":25.0,"key":"Regal Pillow"},{"floor":26.0,"key":"Bag of Preparation"},{"floor":28.0,"key":"Smiling Mask"},{"floor":41.0,"key":"HornCleat"},{"floor":45.0,"key":"Shuriken"},{"floor":54,"key":"Centennial Puzzle"}],"event_choices":[{"damage_healed":0.0,"max_hp_gain":0.0,"max_hp_loss":0.0,"gold_gain":75.0,"event_name":"World of Goop","player_choice":"Gather Gold","floor":2.0,"gold_loss":0.0,"damage_taken":11.0},{"cards_removed":["Strike_G"],"damage_healed":0.0,"max_hp_gain":0.0,"max_hp_loss":0.0,"gold_gain":0.0,"event_name":"The Cleric","player_choice":"Card Removal","floor":3.0,"gold_loss":75.0,"damage_taken":0.0},{"damage_healed":0.0,"max_hp_gain":0.0,"max_hp_loss":0.0,"gold_gain":0.0,"event_name":"Lab","player_choice":"Got Potions","floor":4.0,"gold_loss":0.0,"damage_taken":0.0},{"damage_healed":0.0,"max_hp_gain":0.0,"max_hp_loss":0.0,"gold_gain":0.0,"event_name":"The Woman in Blue","player_choice":"Bought 0 Potions","floor":19.0,"gold_loss":0.0,"damage_taken":0.0},{"damage_healed":13.0,"max_hp_gain":0.0,"max_hp_loss":0.0,"gold_gain":0.0,"event_name":"The Library","player_choice":"Heal","floor":22.0,"gold_loss":0.0,"damage_taken":0.0},{"damage_healed":0.0,"max_hp_gain":0.0,"max_hp_loss":0.0,"gold_gain":0.0,"event_name":"Designer","player_choice":"Upgrade","floor":29.0,"gold_loss":50.0,"damage_taken":0.0,"cards_upgraded":["Footwork"]},{"damage_healed":0.0,"max_hp_gain":0.0,"max_hp_loss":0.0,"gold_gain":0.0,"event_name":"SensoryStone","player_choice":"Memory 1","floor":36.0,"gold_loss":0.0,"damage_taken":0.0}],"is_beta":false,"boss_relics":[{"not_picked":["Velvet Choker","Runic Dome"],"picked":"Sozu"},{"not_picked":["Ring of the Serpent","Tiny House"],"picked":"Philosopher\u0027s Stone"}],"items_purged_floors":[11,31,38,44,53],"is_endless":false,"potions_floor_spawned":[1,7,12,20,23,28,33,35,37,47,54],"ascension_level":15}}