{"host":"yaxsefyig1et0yi2","time":1611376370,"event":{"mods":["Aspiration","BaseMod","BetterRewards","Colored Powertips","Conspire","Displayed Cursed Tome","Downfall","Halation","Hubris","Infinite Spire","JesterMod","Minty Spire (QoL Compilation)","Quick Restart","RatMod","Replay The Spire","Reworked Bosses","Spikes Relics","StSLib","The Jungle"],"gold_per_floor":[99,116,116,131,146,162,233,233,233,247,261,261,261,272,282,379,479,479,499,515,531,531,551,574,594,594,610,629,645,645,657,670,670,670,670],"floor_reached":33,"language":"ENG","playtime":2484,"items_purged":[],"score":276,"play_id":"b935ed69-216e-4dd2-8e68-0ab25dd9e8a0","local_time":"20210122233250","is_ascension_mode":false,"campfire_choices":[{"data":"champ:Taunt","floor":8,"key":"SMITH"},{"data":"champ:FocusedDefense","floor":13,"key":"SMITH"},{"floor":26,"key":"REST"},{"data":"champ:Circumvent","floor":30,"key":"SMITH"}],"circlet_count":0,"master_deck":["champ:Strike","champ:Strike","champ:Strike","champ:Defend","champ:Defend","champ:Defend","champ:Defend","champ:Execute","champ:Taunt+1","champ:PreemptiveStrike","champ:CrownThrow","champ:ShieldWall","champ:FlashCut","champ:EnGarde","champ:FocusedDefense+1","champ:SetATrap","champ:VampiricStrike+1","champ:BladeFlurry","champ:BringItOn","champ:TornadoPunch","Pain","champ:EnGarde","champ:ArenaPreparation","champ:FlashCut","champ:Encircle","champ:Circumvent+1","champ:FlashCut+1","champ:Backstep","champ:IronFortress+1"],"relics":["champ:ChampionCrown","aspiration:FetidBarrel","Replay:Grab Bag","halation:IncompleteEncyclopedia","Replay:Wanted Poster","SacredBark","Tiny Chest","Dream Catcher"],"acts_visited":["Exordium","TheCity"],"potions_floor_usage":[14,33,33,33],"damage_taken":[{"damage":12,"enemies":"Small Slimes","floor":2,"turns":4},{"damage":1,"enemies":"2 Louse","floor":4,"turns":2},{"damage":16,"enemies":"Cultist","floor":5,"turns":3},{"damage":12,"enemies":"Lots of Slimes","floor":6,"turns":3},{"damage":12,"enemies":"Exordium Thugs","floor":10,"turns":5},{"damage":15,"enemies":"Large Slime","floor":11,"turns":5},{"damage":3,"enemies":"2 Fungi Beasts","floor":14,"turns":4},{"damage":4,"enemies":"Blue Slaver","floor":15,"turns":3},{"damage":41,"enemies":"DF_ARCHETYPE_STREAMLINE","floor":16,"turns":11},{"damage":27,"enemies":"conspire:FuzzyDice","floor":19,"turns":6},{"damage":2,"enemies":"3 Byrds","floor":20,"turns":7},{"damage":17,"enemies":"Snecko","floor":21,"turns":7},{"damage":13,"enemies":"Shelled Parasite and Fungi","floor":23,"turns":5},{"damage":22,"enemies":"Sentry and Sphere","floor":25,"turns":5},{"damage":17,"enemies":"Snake Plant","floor":27,"turns":5},{"damage":10,"enemies":"Cultist and Chosen","floor":28,"turns":4},{"damage":4,"enemies":"Snecko","floor":29,"turns":5},{"damage":14,"enemies":"Snake Plant","floor":31,"turns":4},{"damage":8,"enemies":"conspire:HollyBat","floor":32,"turns":7},{"damage":105,"enemies":"IC_MUSHROOM_ARCHETYPE","floor":33,"turns":16}],"seed_played":"357817241203014526","potions_obtained":[{"floor":4,"key":"Milkshake"},{"floor":10,"key":"ColorlessPotion"},{"floor":11,"key":"AttackPotion"},{"floor":15,"key":"Milkshake"},{"floor":23,"key":"Regen Potion"},{"floor":32,"key":"PowerPotion"}],"is_trial":false,"path_per_floor":["R","M","?","M","M","M","T","R","?","M","M","?","R","M","M","B",null,"R","M","M","M","?","M","T","M","R","M","M","M","R","M","M","B"],"character_chosen":"THE_CHAMP","items_purchased":[],"campfire_rested":1,"item_purchase_floors":[],"current_hp_per_floor":[99,97,97,96,90,78,78,78,78,66,51,51,51,48,44,13,99,99,92,90,73,73,70,70,58,87,70,70,66,66,52,44,0,0,0],"gold":670,"neow_bonus":"TEN_PERCENT_HP_BONUS","is_daily":false,"chose_seed":false,"campfire_upgraded":3,"win_rate":0.0,"timestamp":1611376370,"path_taken":["R","M","?","M","M","M","T","R","?","M","M","?","R","M","M","BOSS","R","M","M","M","?","M","T","M","R","?","M","M","R","M","M","BOSS"],"items_purchased_type":[],"build_version":"2020-12-22","purchased_purges":0,"victory":false,"max_hp_per_floor":[99,99,99,99,99,99,99,99,99,99,99,99,99,99,99,99,99,99,99,99,99,99,99,99,99,99,99,99,99,99,99,99,99,99,99],"card_choices":[{"not_picked":["champ:Circumvent","champ:EnGarde"],"picked":"champ:CrownThrow","floor":2},{"not_picked":["champ:GladiatorStyle","champ:PerfectedStrike"],"picked":"champ:ShieldWall","floor":4},{"not_picked":["champ:Haymaker","champ:ShieldSlam"],"picked":"champ:FlashCut","floor":5},{"not_picked":["champ:PreciseThrust","champ:FanOfKnives","champ:EnragedBash"],"picked":"SKIP","floor":6},{"not_picked":["champ:PreemptiveStrike","champ:IgnorePain"],"picked":"champ:EnGarde","floor":10},{"not_picked":["champ:Backstep","champ:Circumvent"],"picked":"champ:FocusedDefense","floor":11},{"not_picked":["champ:ShieldSlam","champ:FancyFootwork","champ:BerserkersShout"],"picked":"SKIP","floor":14},{"not_picked":["champ:FanOfKnives","champ:FancyFootwork"],"picked":"champ:SetATrap","floor":15},{"not_picked":["champ:StrikeOfGenius","champ:Devastate"],"picked":"champ:VampiricStrike","floor":16},{"not_picked":["champ:FanOfKnives","champ:EnGarde"],"picked":"champ:BladeFlurry","floor":19},{"not_picked":["champ:AdrenalArmor+1","champ:Haymaker"],"picked":"champ:BringItOn","floor":20},{"not_picked":["champ:Haymaker","champ:IronFortress"],"picked":"champ:TornadoPunch","floor":21},{"not_picked":["champ:BerserkersShout","champ:RapidStrikes+1"],"picked":"champ:EnGarde","floor":23},{"not_picked":["champ:EnragedBash","champ:AdrenalArmor+1"],"picked":"champ:ArenaPreparation","floor":25},{"not_picked":["champ:SetATrap+1","champ:AdrenalArmor"],"picked":"champ:FlashCut","floor":26},{"not_picked":["champ:FancyFootwork","champ:BerserkersShout"],"picked":"champ:Encircle","floor":27},{"not_picked":["champ:FocusedDefense","champ:FocusedBerserking"],"picked":"champ:Circumvent","floor":28},{"not_picked":["champ:GutPunch+1","champ:Backstep+1"],"picked":"champ:FlashCut+1","floor":29},{"not_picked":["champ:Circumvent+1","champ:BringItOn+1"],"picked":"champ:Backstep","floor":31},{"not_picked":["champ:EnragedBash+1","champ:TornadoPunch"],"picked":"champ:IronFortress+1","floor":32}],"player_experience":254359,"relics_obtained":[{"floor":7,"key":"aspiration:FetidBarrel"},{"floor":24,"key":"Dream Catcher"}],"event_choices":[{"damage_healed":0,"gold_gain":0,"player_choice":"Leave","damage_taken":0,"max_hp_gain":0,"max_hp_loss":0,"event_name":"conspire:Investor","floor":3,"gold_loss":0}],"is_beta":false,"boss_relics":[{"not_picked":["halation:HeavySnake","aspiration:FutureDiary"],"picked":"Replay:Grab Bag"},{"not_picked":["halation:CatFaceCupcake","hubris:VirtuousBlindfold"],"picked":"halation:IncompleteEncyclopedia"},{"not_picked":["hubris:CrackedHourglass","Velvet Choker"],"picked":"Replay:Wanted Poster"},{"not_picked":["Snecko Eye","Pandora\u0027s Box"],"picked":"SacredBark"}],"items_purged_floors":[],"is_endless":false,"potions_floor_spawned":[4,10,11,15,23,29,31,32],"killed_by":"IC_MUSHROOM_ARCHETYPE","ascension_level":0}}