{"host":"zutuzvv732cf59m3","time":1611418906,"event":{"mods":["BaseMod","Downfall","Marisa????????","Minty Spire (QoL Compilation)","Prisma Mod","Quick Restart","READ ME - Guardian Mod","Shop Mod","StSLib","The Construct","The Cursed","The Disciple","The Senshi","The Servant 0.9.4"],"gold_per_floor":[110,122,122,122,134,134,166,166,189,189,221,221,247,134,134,208,208,222,241,258,333,351,382,402,434,434,462,474,500,525,551,563,647,659,691,377,392,392,392,425,425,425,425,444,476,524,557,582,582,582],"floor_reached":51,"language":"ENG","playtime":2969,"items_purged":["Strike_G","Strike_G"],"score":1577,"play_id":"f6422037-e734-42be-af75-46dc31e1b0ec","local_time":"20210123232146","is_ascension_mode":true,"campfire_choices":[{"data":"All Out Attack","floor":6.0,"key":"SMITH"},{"data":"All Out Attack","floor":8.0,"key":"SMITH"},{"floor":10.0,"key":"REST"},{"data":"Phantasmal Killer","floor":15.0,"key":"SMITH"},{"data":"Footwork","floor":28.0,"key":"SMITH"},{"data":"Accuracy","floor":32.0,"key":"SMITH"},{"data":"Cloak And Dagger","floor":42.0,"key":"SMITH"},{"data":"1","floor":49.0,"key":"LIFT"}],"circlet_count":0,"master_deck":["AscendersBane","Defend_G","Defend_G","Defend_G","Survivor","Neutralize","All Out Attack+1","Blade Dance","Cloak And Dagger+1","Leg Sweep","Escape Plan","Phantasmal Killer+1","Footwork+1","Blur+1","Blade Dance","Accuracy+1","Dodge and Roll","Terror","Catalyst","Expertise","Blade Dance+1"],"relics":["Ring of the Snake","PreservedInsect","Bag of Marbles","MealTicket","Strawberry","Centennial Puzzle","WristBlade","Juzu Bracelet","Boot","Paper Crane","MawBank","Philosopher\u0027s Stone","Medical Kit","White Beast Statue","Happy Flower","Blood Vial","Frozen Egg 2","Girya","Sundial","Turnip"],"acts_visited":["Exordium","TheCity","TheBeyond"],"potions_floor_usage":[50,50,50,50],"damage_taken":[{"damage":2.0,"enemies":"Jaw Worm","floor":1.0,"turns":4.0},{"damage":0.0,"enemies":"Small Slimes","floor":2.0,"turns":2.0},{"damage":3.0,"enemies":"2 Louse","floor":5.0,"turns":2.0},{"damage":5.0,"enemies":"3 Sentries","floor":7.0,"turns":4.0},{"damage":0.0,"enemies":"Gremlin Nob","floor":11.0,"turns":2.0},{"damage":2.0,"enemies":"3 Sentries","floor":13.0,"turns":3.0},{"damage":0.0,"enemies":"Slime Boss","floor":16.0,"turns":4.0},{"damage":0.0,"enemies":"Chosen","floor":18.0,"turns":4.0},{"damage":3.0,"enemies":"Shell Parasite","floor":19.0,"turns":3.0},{"damage":0.0,"enemies":"Centurion and Healer","floor":20.0,"turns":2.0},{"damage":1.0,"enemies":"Cultist and Chosen","floor":22.0,"turns":2.0},{"damage":6.0,"enemies":"Slavers","floor":23.0,"turns":3.0},{"damage":0.0,"enemies":"Chosen and Byrds","floor":24.0,"turns":3.0},{"damage":0.0,"enemies":"Gremlin Leader","floor":25.0,"turns":3.0},{"damage":1.0,"enemies":"Slavers","floor":27.0,"turns":3.0},{"damage":0.0,"enemies":"Sentry and Sphere","floor":29.0,"turns":3.0},{"damage":0.0,"enemies":"Shelled Parasite and Fungi","floor":30.0,"turns":2.0},{"damage":0.0,"enemies":"Snecko","floor":31.0,"turns":6.0},{"damage":10.0,"enemies":"Automaton","floor":33.0,"turns":10.0},{"damage":0.0,"enemies":"Orb Walker","floor":35.0,"turns":2.0},{"damage":2.0,"enemies":"3 Shapes","floor":37.0,"turns":5.0},{"damage":1.0,"enemies":"Giant Head","floor":40.0,"turns":5.0},{"damage":6.0,"enemies":"Transient","floor":44.0,"turns":5.0},{"damage":0.0,"enemies":"Reptomancer","floor":45.0,"turns":4.0},{"damage":13.0,"enemies":"2 Orb Walkers","floor":46.0,"turns":4.0},{"damage":0.0,"enemies":"Nemesis","floor":47.0,"turns":3.0},{"damage":0.0,"enemies":"Mind Bloom Boss Battle","floor":48.0,"turns":2.0},{"damage":43,"enemies":"Time Eater","floor":50,"turns":8}],"seed_played":"13238110678210835","potions_obtained":[{"floor":5.0,"key":"SteroidPotion"},{"floor":7.0,"key":"SteroidPotion"},{"floor":19.0,"key":"SkillPotion"},{"floor":22.0,"key":"Block Potion"},{"floor":23.0,"key":"LiquidMemories"},{"floor":30.0,"key":"Fire Potion"},{"floor":33.0,"key":"construct:ShiftPotion"},{"floor":40.0,"key":"EntropicBrew"},{"floor":45.0,"key":"Explosive Potion"},{"floor":46.0,"key":"PowerPotion"},{"floor":47.0,"key":"Dexterity Potion"}],"is_trial":false,"path_per_floor":["M","M","?","?","M","R","E","R","T","R","E","?","E","$","R","B",null,"M","M","M","?","M","E","M","E","T","E","R","M","M","M","R","B",null,"M","$","M","?","T","E","?","R","T","M","E","?","E","?","R","B",null],"character_chosen":"THE_SILENT","items_purchased":["Footwork","Medical Kit","Terror"],"campfire_rested":1,"item_purchase_floors":[14,36,36],"current_hp_per_floor":[42,42,42,35,32,32,27,27,27,46,46,41,39,54,54,54,68,68,65,65,58,57,51,51,51,51,50,50,50,50,50,50,40,65,65,73,71,71,71,70,70,70,70,66,68,57,59,61,61,20],"gold":582,"neow_bonus":"TRANSFORM_TWO_CARDS","is_daily":false,"chose_seed":false,"campfire_upgraded":6,"win_rate":0.0,"timestamp":1611418906,"path_taken":["M","M","?","?","M","R","E","R","T","R","E","?","E","?","R","BOSS","M","M","M","?","M","E","M","E","T","E","R","M","M","M","R","BOSS","M","$","M","?","?","E","?","R","T","M","E","?","E","?","R","BOSS"],"items_purchased_type":["Card","Relic","Card"],"build_version":"2020-12-22","purchased_purges":2,"victory":true,"max_hp_per_floor":[66,66,66,66,66,66,66,66,66,66,66,73,73,73,73,73,73,73,73,73,73,73,73,73,73,73,73,73,73,73,73,73,73,73,73,73,73,73,73,73,73,73,73,73,73,73,73,73,73,73],"card_choices":[{"not_picked":["Finisher","Flechettes"],"picked":"Blade Dance","floor":1.0},{"not_picked":["Noxious Fumes","Underhanded Strike"],"picked":"Cloak And Dagger","floor":2.0},{"not_picked":["Prepared","Dodge and Roll"],"picked":"Escape Plan","floor":5.0},{"not_picked":["Choke","Backstab"],"picked":"Phantasmal Killer","floor":7.0},{"not_picked":["Dagger Spray","Acrobatics","Skewer"],"picked":"SKIP","floor":11.0},{"not_picked":["Bane","Concentrate","Dagger Throw"],"picked":"SKIP","floor":13.0},{"not_picked":["Flying Knee","Skewer","Backflip"],"picked":"SKIP","floor":18.0},{"not_picked":["Sucker Punch","Bouncing Flask+1"],"picked":"Blur+1","floor":19.0},{"not_picked":["Outmaneuver","Sucker Punch"],"picked":"Blade Dance","floor":20.0},{"not_picked":["Dodge and Roll","Storm of Steel","PiercingWail"],"picked":"SKIP","floor":22.0},{"not_picked":["Prepared","Quick Slash"],"picked":"Accuracy","floor":23.0},{"not_picked":["Underhanded Strike","Deflect"],"picked":"Dodge and Roll","floor":24.0},{"not_picked":["Night Terror","Slice+1","Glass Knife"],"picked":"SKIP","floor":25.0},{"not_picked":["PiercingWail+1","Flying Knee","All Out Attack"],"picked":"SKIP","floor":27.0},{"not_picked":["PiercingWail+1","Flying Knee","All Out Attack"],"picked":"SKIP","floor":27.0},{"not_picked":["Endless Agony","Outmaneuver","Well Laid Plans+1"],"picked":"SKIP","floor":29.0},{"not_picked":["Prepared","Tactician","Backstab"],"picked":"SKIP","floor":30.0},{"not_picked":["Cloak And Dagger","Blade Dance","Dagger Spray"],"picked":"SKIP","floor":31.0},{"not_picked":["Heel Hook","Quick Slash+1","Dagger Throw"],"picked":"SKIP","floor":35.0},{"not_picked":["Acrobatics","Infinite Blades","Distraction"],"picked":"SKIP","floor":37.0},{"not_picked":["Backflip","Well Laid Plans","Noxious Fumes"],"picked":"SKIP","floor":40.0},{"not_picked":["Underhanded Strike","Deflect"],"picked":"Expertise","floor":44.0},{"not_picked":["Prepared+1","Tactician","Blade Dance"],"picked":"SKIP","floor":45.0},{"not_picked":["Predator","Venomology","Underhanded Strike"],"picked":"SKIP","floor":47.0},{"not_picked":["Underhanded Strike+1","Backflip"],"picked":"Blade Dance+1","floor":48.0}],"player_experience":1796768,"relics_obtained":[{"floor":7.0,"key":"PreservedInsect"},{"floor":9.0,"key":"Bag of Marbles"},{"floor":11.0,"key":"MealTicket"},{"floor":13.0,"key":"Centennial Puzzle"},{"floor":23.0,"key":"Juzu Bracelet"},{"floor":25.0,"key":"Boot"},{"floor":26.0,"key":"Paper Crane"},{"floor":27.0,"key":"MawBank"},{"floor":39.0,"key":"White Beast Statue"},{"floor":40.0,"key":"Happy Flower"},{"floor":43.0,"key":"Blood Vial"},{"floor":45.0,"key":"Frozen Egg 2"},{"floor":46.0,"key":"Girya"},{"floor":47.0,"key":"Sundial"},{"floor":48.0,"key":"Turnip"}],"event_choices":[{"damage_healed":0.0,"max_hp_gain":0.0,"max_hp_loss":0.0,"gold_gain":0.0,"cards_transformed":["Strike_G"],"event_name":"Living Wall","player_choice":"Change","floor":3.0,"gold_loss":0.0,"damage_taken":0.0,"cards_obtained":["Leg Sweep"]},{"cards_removed":["Defend_G"],"damage_healed":0.0,"max_hp_gain":0.0,"max_hp_loss":0.0,"gold_gain":0.0,"event_name":"Golden Wing","player_choice":"Card Removal","floor":4.0,"gold_loss":0.0,"damage_taken":7.0},{"damage_healed":0.0,"max_hp_gain":0.0,"max_hp_loss":0.0,"gold_gain":0.0,"event_name":"Scrap Ooze","player_choice":"Success","floor":12.0,"gold_loss":0.0,"damage_taken":12.0,"relics_obtained":["Strawberry"]},{"damage_healed":0.0,"max_hp_gain":0.0,"max_hp_loss":0.0,"gold_gain":75.0,"event_name":"FaceTrader","player_choice":"Touch","floor":21.0,"gold_loss":0.0,"damage_taken":7.0},{"damage_healed":0.0,"max_hp_gain":0.0,"max_hp_loss":0.0,"gold_gain":0.0,"cards_transformed":["Strike_G"],"event_name":"Transmorgrifier","player_choice":"Transformed","floor":38.0,"gold_loss":0.0,"damage_taken":0.0,"cards_obtained":["Catalyst"]},{"cards_removed":["All Out Attack"],"damage_healed":0.0,"max_hp_gain":0.0,"max_hp_loss":0.0,"gold_gain":0.0,"event_name":"Falling","player_choice":"Removed Attack","floor":41.0,"gold_loss":0.0,"damage_taken":0.0},{"damage_healed":0.0,"max_hp_gain":0.0,"max_hp_loss":0.0,"gold_gain":0.0,"event_name":"Mysterious Sphere","player_choice":"Fight","floor":46.0,"gold_loss":0.0,"damage_taken":0.0},{"damage_healed":0.0,"max_hp_gain":0.0,"max_hp_loss":0.0,"gold_gain":0.0,"event_name":"MindBloom","player_choice":"Fight","floor":48.0,"gold_loss":0.0,"damage_taken":0.0}],"is_beta":false,"boss_relics":[{"not_picked":["construct:ClawGrip","SlaversCollar"],"picked":"WristBlade"},{"not_picked":["bronze:MakeshiftBattery","Black Star"],"picked":"Philosopher\u0027s Stone"}],"items_purged_floors":[14,36],"is_endless":false,"potions_floor_spawned":[5,7,11,19,22,23,29,30,31,33,37,40,44,45,46,47,48],"ascension_level":14}}