{"host":"9kesdg97wkrx2bva","time":1611395245,"event":{"mods":["AchievementEnabler","BaseMod","Colored Map","GifTheSpireLib","Infinite Spire","Minty Spire (QoL Compilation)","Replay The Spire","StSLib"],"gold_per_floor":[113,126,126,145,5,5,33,33,33,33,51,76,76,103,103,103,103],"floor_reached":16,"language":"ENG","playtime":424,"items_purged":[],"score":257,"play_id":"6c5b6b4f-4b98-4fe6-b71c-637e70343c70","local_time":"20210123034725","is_ascension_mode":true,"campfire_choices":[{"data":"Survivor","floor":6,"key":"SMITH"},{"data":"Dagger Spray","floor":8,"key":"SMITH"},{"floor":13,"key":"REST"},{"data":"Riddle With Holes","floor":15,"key":"SMITH"}],"circlet_count":0,"master_deck":["AscendersBane","Strike_G","Strike_G","Strike_G","Strike_G","Defend_G","Defend_G","Defend_G","Defend_G","Survivor+1","Neutralize","Underhanded Strike","Slice","Slice","Dagger Spray+1","Riddle With Holes+1","Reflex","Escape Plan"],"relics":["Ring of the Snake","infinitespire:Joker Card","Replay:Wax Seal","infinitespire:Broken Mirror","StrikeDummy","Toy Ornithopter","Oddly Smooth Stone"],"acts_visited":["Exordium"],"potions_floor_usage":[7,12,14],"damage_taken":[{"damage":0,"enemies":"Small Slimes","floor":1,"turns":3},{"damage":0,"enemies":"Cultist","floor":2,"turns":3},{"damage":2,"enemies":"2 Louse","floor":4,"turns":3},{"damage":7,"enemies":"3 Sentries","floor":7,"turns":6},{"damage":11,"enemies":"Lots of Slimes","floor":11,"turns":3},{"damage":25,"enemies":"Lagavulin","floor":12,"turns":5},{"damage":0,"enemies":"Gremlin Nob","floor":14,"turns":3},{"damage":41,"enemies":"Hexaghost","floor":16,"turns":9}],"seed_played":"-8647979623053412426","potions_obtained":[{"floor":1,"key":"Explosive Potion"},{"floor":2,"key":"DuplicationPotion"},{"floor":7,"key":"Poison Potion"},{"floor":11,"key":"Swift Potion"}],"is_trial":false,"path_per_floor":["M","M","?","M","$","R","E","R","T","?","M","E","R","E","R","B"],"character_chosen":"THE_SILENT","items_purchased":["Replay:Wax Seal","Dagger Spray"],"campfire_rested":1,"item_purchase_floors":[5,5],"current_hp_per_floor":[59,59,59,57,57,57,50,50,50,50,39,14,33,38,38,0,0],"gold":103,"neow_bonus":"REMOVE_CARD","is_daily":false,"chose_seed":false,"campfire_upgraded":3,"win_rate":0.0,"timestamp":1611395245,"path_taken":["M","M","?","?","$","R","E","R","T","?","M","E","R","E","R","BOSS"],"items_purchased_type":["Relic","Card"],"build_version":"2020-12-22","purchased_purges":0,"victory":false,"max_hp_per_floor":[66,66,66,66,66,66,66,66,66,66,66,66,66,66,66,66,66],"card_choices":[{"not_picked":["Predator","Dodge and Roll"],"picked":"Underhanded Strike","floor":1},{"not_picked":["Toxin Wave","Bane"],"picked":"Slice","floor":2},{"not_picked":["Sucker Punch","Calculated Gamble"],"picked":"Slice","floor":4},{"not_picked":["Endless Agony","Malaise"],"picked":"Riddle With Holes","floor":7},{"not_picked":["Dash","Sucker Punch"],"picked":"Reflex","floor":11},{"not_picked":["Choke","Hidden Blade"],"picked":"Escape Plan","floor":12},{"not_picked":["Toxin Wave","Concentrate","Draining Mist"],"picked":"SKIP","floor":14}],"player_experience":961021,"relics_obtained":[{"floor":7,"key":"infinitespire:Broken Mirror"},{"floor":9,"key":"StrikeDummy"},{"floor":12,"key":"Toy Ornithopter"},{"floor":14,"key":"Oddly Smooth Stone"}],"event_choices":[{"damage_healed":0,"gold_gain":0,"player_choice":"Gave Potion","damage_taken":0,"relics_obtained":["infinitespire:Joker Card"],"max_hp_gain":0,"max_hp_loss":0,"event_name":"WeMeetAgain","floor":3,"gold_loss":0},{"cards_removed":["Strike_G"],"damage_healed":0,"gold_gain":0,"player_choice":"Purged","damage_taken":0,"max_hp_gain":0,"max_hp_loss":0,"event_name":"Purifier","floor":10,"gold_loss":0}],"is_beta":false,"boss_relics":[],"items_purged_floors":[],"is_endless":false,"potions_floor_spawned":[1,2,7,11],"killed_by":"Hexaghost","ascension_level":16}}