{"host":"Bilverbakes","time":1611437682,"event":{"mods":["2.2 Compatiblity","AchievementEnabler","BaseMod","Bestiary","Colored Map","Minty Spire (QoL Compilation)","Relic Stats","StSLib","ojb\u0027s Info Mod"],"gold_per_floor":[111,130,142,142,67,67,67,98,98,131,131,56,68,103,103,180,180,195,212,239,82,7,7,34,53,79,79,79,112,112,212,212,285,285,297,297,311,533,558,586,602,629,679,381,406,457,470,214,214,214,214,214,214,25,53,53],"floor_reached":57,"language":"ENG","playtime":3591,"items_purged":["Pain","Defend_P","Defend_P"],"score":3234,"play_id":"c1b42b08-61e0-49a3-834f-bf05c82273b8","local_time":"20210123153442","is_ascension_mode":true,"campfire_choices":[{"data":"CrushJoints","floor":6.0,"key":"SMITH"},{"data":"Prostrate","floor":15.0,"key":"SMITH"},{"data":"Meditate","floor":23.0,"key":"SMITH"},{"data":"Scrawl","floor":30.0,"key":"SMITH"},{"data":"Prostrate","floor":32.0,"key":"SMITH"},{"floor":49.0,"key":"RECALL"},{"data":"Scrawl","floor":53.0,"key":"SMITH"}],"circlet_count":0,"master_deck":["AscendersBane","Strike_P","Strike_P","Defend_P","Defend_P","Eruption","Vigilance+1","FollowUp","Tantrum","CrushJoints+1","Prostrate+1","Prostrate+1","Scrawl+1","Sanctity+1","JustLucky","Meditate+1","ClearTheMind","Scrawl+1","WaveOfTheHand+1","EmptyMind+1","Adaptation","FearNoEvil","Wish"],"relics":["Philosopher\u0027s Stone","WarpedTongs","Unceasing Top","Singing Bowl","Juzu Bracelet","Bottled Lightning","Coffee Dripper","Red Mask","The Courier","Strawberry","Ancient Tea Set","GoldenEye","StrikeDummy","Busted Crown","WingedGreaves","TungstenRod","PreservedInsect","OrangePellets","War Paint","Du-Vu Doll","Kunai","Nunchaku"],"acts_visited":["Exordium","TheCity","TheBeyond","TheEnding"],"potions_floor_usage":[56,56],"damage_taken":[{"damage":0.0,"enemies":"Small Slimes","floor":1.0,"turns":2.0},{"damage":0.0,"enemies":"Cultist","floor":2.0,"turns":2.0},{"damage":3.0,"enemies":"Jaw Worm","floor":3.0,"turns":2.0},{"damage":11.0,"enemies":"Lagavulin","floor":8.0,"turns":5.0},{"damage":9.0,"enemies":"3 Sentries","floor":10.0,"turns":6.0},{"damage":0.0,"enemies":"Large Slime","floor":13.0,"turns":2.0},{"damage":0.0,"enemies":"Lagavulin","floor":14.0,"turns":3.0},{"damage":9.0,"enemies":"Slime Boss","floor":16.0,"turns":7.0},{"damage":7.0,"enemies":"3 Byrds","floor":18.0,"turns":4.0},{"damage":0.0,"enemies":"Spheric Guardian","floor":19.0,"turns":2.0},{"damage":30.0,"enemies":"Masked Bandits","floor":20.0,"turns":3.0},{"damage":0.0,"enemies":"Book of Stabbing","floor":24.0,"turns":2.0},{"damage":10.0,"enemies":"3 Cultists","floor":25.0,"turns":3.0},{"damage":0.0,"enemies":"Gremlin Leader","floor":29.0,"turns":5.0},{"damage":1.0,"enemies":"Colosseum Slavers","floor":31.0,"turns":4.0},{"damage":1.0,"enemies":"Colosseum Nobs","floor":31.0,"turns":3.0},{"damage":19.0,"enemies":"Collector","floor":33.0,"turns":5.0},{"damage":0.0,"enemies":"Orb Walker","floor":35.0,"turns":2.0},{"damage":0.0,"enemies":"3 Darklings","floor":37.0,"turns":2.0},{"damage":19.0,"enemies":"Mind Bloom Boss Battle","floor":39.0,"turns":5.0},{"damage":0.0,"enemies":"Giant Head","floor":40.0,"turns":3.0},{"damage":0.0,"enemies":"Spire Growth","floor":41.0,"turns":2.0},{"damage":1.0,"enemies":"Reptomancer","floor":42.0,"turns":2.0},{"damage":0.0,"enemies":"Giant Head","floor":45.0,"turns":3.0},{"damage":3.0,"enemies":"2 Orb Walkers","floor":46.0,"turns":3.0},{"damage":2.0,"enemies":"Sphere and 2 Shapes","floor":47.0,"turns":4.0},{"damage":11.0,"enemies":"Awakened One","floor":50.0,"turns":7.0},{"damage":0.0,"enemies":"Donu and Deca","floor":51.0,"turns":4.0},{"damage":0,"enemies":"Shield and Spear","floor":55,"turns":3},{"damage":48,"enemies":"The Heart","floor":56,"turns":6}],"seed_played":"-1009592028662700191","potions_obtained":[{"floor":8.0,"key":"Ambrosia"},{"floor":10.0,"key":"Explosive Potion"},{"floor":16.0,"key":"Block Potion"},{"floor":18.0,"key":"SkillPotion"},{"floor":20.0,"key":"SmokeBomb"},{"floor":24.0,"key":"DuplicationPotion"},{"floor":39.0,"key":"AttackPotion"},{"floor":42.0,"key":"Fire Potion"},{"floor":46.0,"key":"GamblersBrew"}],"is_trial":false,"path_per_floor":["M","M","M","?","$","R","$","E","T","E","?","?","M","E","R","B",null,"M","M","?","$","?","R","E","M","T","?","?","E","R","?","R","B",null,"M","?","M","?","?","E","M","E","T","$","E","?","M","$","R","B","B",null,"R","$","E","B",null],"character_chosen":"WATCHER","items_purchased":["ClearTheMind","Adaptation","OrangePellets","Kunai","FearNoEvil","Wish","DistilledChaos"],"campfire_rested":0,"item_purchase_floors":[21,44,44,48,48,54,54],"current_hp_per_floor":[61,61,58,58,58,58,58,47,47,40,22,22,22,24,24,15,58,51,51,21,21,21,21,23,15,22,22,22,24,24,22,22,5,67,69,71,73,73,56,56,58,57,57,57,59,58,58,58,58,47,47,89,89,89,91,43],"gold":53,"neow_bonus":"BOSS_RELIC","is_daily":false,"chose_seed":false,"campfire_upgraded":6,"win_rate":0.0,"timestamp":1611437682,"path_taken":["M","M","M","?","$","R","?","E","T","E","?","?","M","E","R","BOSS","M","M","?","$","?","R","E","M","T","?","?","E","R","?","R","BOSS","M","?","M","?","?","E","M","E","T","$","E","?","M","$","R","BOSS","BOSS","R","$","E","BOSS"],"items_purchased_type":["Card","Card","Relic","Relic","Card","Card","Potion"],"build_version":"2020-12-18","purchased_purges":3,"victory":true,"max_hp_per_floor":[68,68,68,68,68,68,68,68,68,70,70,70,70,72,72,72,72,72,72,72,72,72,72,74,76,83,83,83,85,85,85,85,87,87,89,91,93,93,95,95,97,97,97,97,99,101,103,103,103,103,103,103,103,103,105,105],"relic_stats":{"Singing Bowl":30,"counters":[30,106],"PreservedInsect":207,"Juzu Bracelet":2,"War Paint":["Vigilance","EmptyMind"],"GoldenEye":[55],"WarpedTongs":[99],"OrangePellets":[3],"Nunchaku":[2],"Busted Crown":22,"Kunai":[31],"obtain_stats":[{"Singing Bowl":9,"The Courier":24,"PreservedInsect":42,"Juzu Bracelet":10,"War Paint":45,"Ancient Tea Set":29,"GoldenEye":31,"WarpedTongs":4,"Du-Vu Doll":46,"OrangePellets":44,"Nunchaku":55,"Busted Crown":34,"Strawberry":26,"Philosopher\u0027s Stone":0,"WingedGreaves":39,"Coffee Dripper":17,"Red Mask":20,"Bottled Lightning":14,"Kunai":48,"PureWater":0,"StrikeDummy":31,"Unceasing Top":8,"TungstenRod":40},{"Singing Bowl":4,"The Courier":12,"PreservedInsect":23,"Juzu Bracelet":5,"War Paint":24,"Ancient Tea Set":14,"GoldenEye":16,"WarpedTongs":3,"Du-Vu Doll":25,"OrangePellets":23,"Nunchaku":29,"Busted Crown":17,"Strawberry":13,"Philosopher\u0027s Stone":0,"WingedGreaves":20,"Coffee Dripper":8,"Red Mask":11,"Bottled Lightning":7,"Kunai":26,"PureWater":0,"StrikeDummy":16,"Unceasing Top":4,"TungstenRod":21},{"Singing Bowl":11,"The Courier":40,"PreservedInsect":76,"Juzu Bracelet":17,"War Paint":79,"Ancient Tea Set":48,"GoldenEye":55,"WarpedTongs":6,"Du-Vu Doll":82,"OrangePellets":76,"Nunchaku":100,"Busted Crown":60,"Strawberry":43,"Philosopher\u0027s Stone":0,"WingedGreaves":69,"Coffee Dripper":29,"Red Mask":38,"Bottled Lightning":22,"Kunai":86,"PureWater":0,"StrikeDummy":55,"Unceasing Top":11,"TungstenRod":72}],"Unceasing Top":[31],"TungstenRod":26},"card_choices":[{"not_picked":["Crescendo","Swivel"],"picked":"FollowUp","floor":1.0},{"not_picked":["Consecrate","Swivel"],"picked":"Tantrum","floor":2.0},{"not_picked":["JustLucky","EmptyBody"],"picked":"CrushJoints","floor":3.0},{"not_picked":["WheelKick","SpiritShield"],"picked":"Prostrate","floor":8.0},{"not_picked":["EmptyFist","BowlingBash","FlyingSleeves"],"picked":"Singing Bowl","floor":10.0},{"not_picked":["CrushJoints","ClearTheMind"],"picked":"Prostrate","floor":13.0},{"not_picked":["ForeignInfluence","FollowUp","Nirvana"],"picked":"Singing Bowl","floor":14.0},{"not_picked":["DevaForm","Devotion"],"picked":"Scrawl","floor":16.0},{"not_picked":["Prostrate","CutThroughFate"],"picked":"Sanctity+1","floor":18.0},{"not_picked":["EmptyFist","Weave"],"picked":"JustLucky","floor":19.0},{"not_picked":["FlyingSleeves","ThirdEye"],"picked":"Meditate","floor":20.0},{"not_picked":["PathToVictory","Worship","WaveOfTheHand"],"picked":"Singing Bowl","floor":24.0},{"not_picked":["BattleHymn","Weave","Prostrate"],"picked":"Singing Bowl","floor":25.0},{"not_picked":["JustLucky","SashWhip","Evaluate"],"picked":"Singing Bowl","floor":29.0},{"not_picked":["Halt","PathToVictory"],"picked":"Scrawl","floor":31.0},{"not_picked":["LessonLearned","DeusExMachina","Judgement"],"picked":"Singing Bowl","floor":33.0},{"not_picked":["Indignation+1"],"picked":"Singing Bowl","floor":35.0},{"not_picked":["Finesse"],"picked":"Singing Bowl","floor":36.0},{"not_picked":["Study+1"],"picked":"Singing Bowl","floor":37.0},{"not_picked":["JustLucky"],"picked":"Singing Bowl","floor":39.0},{"not_picked":[],"picked":"WaveOfTheHand+1","floor":40.0},{"not_picked":["Swivel"],"picked":"Singing Bowl","floor":41.0},{"not_picked":[],"picked":"EmptyMind","floor":42.0},{"not_picked":["Study"],"picked":"Singing Bowl","floor":45.0},{"not_picked":["Consecrate"],"picked":"Singing Bowl","floor":46.0},{"not_picked":["EmptyBody+1"],"picked":"Singing Bowl","floor":47.0},{"not_picked":["Brilliance"],"picked":"Singing Bowl","floor":55}],"player_experience":784902,"relics_obtained":[{"floor":8.0,"key":"Unceasing Top"},{"floor":9.0,"key":"Singing Bowl"},{"floor":10.0,"key":"Juzu Bracelet"},{"floor":14.0,"key":"Bottled Lightning"},{"floor":20.0,"key":"Red Mask"},{"floor":24.0,"key":"The Courier"},{"floor":26.0,"key":"Strawberry"},{"floor":29.0,"key":"Ancient Tea Set"},{"floor":31.0,"key":"GoldenEye"},{"floor":31.0,"key":"StrikeDummy"},{"floor":39.0,"key":"WingedGreaves"},{"floor":40.0,"key":"TungstenRod"},{"floor":42.0,"key":"PreservedInsect"},{"floor":45.0,"key":"War Paint"},{"floor":46.0,"key":"Du-Vu Doll"},{"floor":55,"key":"Nunchaku"}],"event_choices":[{"damage_healed":0.0,"max_hp_gain":0.0,"max_hp_loss":0.0,"gold_gain":0.0,"event_name":"Accursed Blacksmith","player_choice":"Rummage","floor":4.0,"gold_loss":0.0,"damage_taken":0.0,"relics_obtained":["WarpedTongs"],"cards_obtained":["Pain"]},{"damage_healed":0.0,"max_hp_gain":0.0,"max_hp_loss":0.0,"gold_gain":0.0,"event_name":"Scrap Ooze","player_choice":"Fled","floor":11.0,"gold_loss":0.0,"damage_taken":18.0},{"cards_removed":["Strike_P"],"damage_healed":0.0,"max_hp_gain":0.0,"max_hp_loss":0.0,"gold_gain":0.0,"event_name":"The Cleric","player_choice":"Card Removal","floor":12.0,"gold_loss":75.0,"damage_taken":0.0},{"damage_healed":0.0,"max_hp_gain":0.0,"max_hp_loss":0.0,"gold_gain":0.0,"event_name":"Masked Bandits","player_choice":"Fought Bandits","floor":20.0,"gold_loss":0.0,"damage_taken":0.0},{"cards_removed":["Strike_P"],"damage_healed":0.0,"max_hp_gain":0.0,"max_hp_loss":0.0,"gold_gain":0.0,"event_name":"Beggar","player_choice":"Gave Gold","floor":22.0,"gold_loss":75.0,"damage_taken":0.0},{"damage_healed":0.0,"max_hp_gain":0.0,"max_hp_loss":0.0,"gold_gain":0.0,"event_name":"Vampires","player_choice":"Ignored","floor":27.0,"gold_loss":0.0,"damage_taken":0.0},{"damage_healed":0.0,"max_hp_gain":0.0,"max_hp_loss":0.0,"gold_gain":0.0,"event_name":"The Mausoleum","player_choice":"Ignored","floor":28.0,"gold_loss":0.0,"damage_taken":0.0},{"damage_healed":0.0,"max_hp_gain":0.0,"max_hp_loss":0.0,"gold_gain":0.0,"event_name":"Colosseum","player_choice":"Fight","floor":31.0,"gold_loss":0.0,"damage_taken":0.0},{"damage_healed":0.0,"max_hp_gain":0.0,"max_hp_loss":0.0,"gold_gain":0.0,"event_name":"Colosseum","player_choice":"Fought Nobs","floor":31.0,"gold_loss":0.0,"damage_taken":0.0},{"damage_healed":0.0,"max_hp_gain":0.0,"max_hp_loss":0.0,"gold_gain":0.0,"event_name":"SensoryStone","player_choice":"Memory 1","floor":36.0,"gold_loss":0.0,"damage_taken":0.0},{"damage_healed":0.0,"max_hp_gain":0.0,"max_hp_loss":0.0,"gold_gain":222.0,"event_name":"Tomb of Lord Red Mask","player_choice":"Wore Mask","floor":38.0,"gold_loss":0.0,"damage_taken":0.0},{"damage_healed":0.0,"max_hp_gain":0.0,"max_hp_loss":0.0,"gold_gain":0.0,"event_name":"MindBloom","player_choice":"Fight","floor":39.0,"gold_loss":0.0,"damage_taken":0.0},{"damage_healed":0.0,"max_hp_gain":0.0,"max_hp_loss":0.0,"gold_gain":0.0,"event_name":"Mysterious Sphere","player_choice":"Fight","floor":46.0,"gold_loss":0.0,"damage_taken":0.0}],"is_beta":true,"boss_relics":[{"not_picked":["Black Star","SlaversCollar"],"picked":"Coffee Dripper"},{"not_picked":["Runic Dome","Velvet Choker"],"picked":"Busted Crown"}],"items_purged_floors":[5,21,44],"is_endless":false,"potions_floor_spawned":[8,10,13,16,18,20,24,31,39,42,45,46,55],"ascension_level":20}}