{"host":"rofpq4i3w7d0zqjh","time":1611361579,"event":{"mods":["BaseMod","Minty Spire (QoL Compilation)","Slay-I"],"gold_per_floor":[114,129,148,162,177,177,177,177,203,236,236,252,252,268,268,399,399,399,399,399,24,24,24,24,24,24,24,24,24,24,24,24,24,24,24,24,24,24,24,24,24,0,0,0,0],"floor_reached":44,"language":"ENG","playtime":2658,"items_purged":["Injury"],"score":510,"play_id":"6a36d312-db64-48b6-b6ad-ae12ca4f743c","local_time":"20210122172619","is_ascension_mode":true,"campfire_choices":[{"floor":6,"key":"REST"},{"floor":8,"key":"REST"},{"floor":15,"key":"REST"},{"floor":23,"key":"REST"},{"floor":32,"key":"REST"},{"floor":40,"key":"REST"}],"circlet_count":0,"master_deck":["Strike_G+1","Strike_G+1","Strike_G+1","Strike_G+1","Strike_G+1","Defend_G+1","Defend_G+1","Defend_G+1","Defend_G+1","Survivor","Neutralize","Sucker Punch","Dodge and Roll","Dagger Spray","Leg Sweep","Dash","Sucker Punch","Masterful Stab","After Image","Leg Sweep","PiercingWail+1","Dodge and Roll+1","Die Die Die","Quick Slash","Madness","Madness","PiercingWail+1","Endless Agony+1"],"relics":["Ring of the Snake","Vajra","Boot","Ancient Tea Set","Golden Idol","Ectoplasm","Bronze Scales","ClockworkSouvenir","Pantograph","Oddly Smooth Stone","SlaversCollar","Eternal Feather","Red Mask","HornCleat"],"acts_visited":["Exordium","TheCity","TheBeyond"],"potions_floor_usage":[4,16,16,16,19,19,19,19,25,35,39,41,44],"damage_taken":[{"damage":5,"enemies":"2 Louse","floor":1,"turns":3},{"damage":0,"enemies":"Small Slimes","floor":2,"turns":4},{"damage":0,"enemies":"Cultist","floor":3,"turns":4},{"damage":47,"enemies":"Exordium Thugs","floor":4,"turns":9},{"damage":19,"enemies":"Large Slime","floor":5,"turns":10},{"damage":20,"enemies":"Gremlin Nob","floor":10,"turns":5},{"damage":0,"enemies":"2 Fungi Beasts","floor":12,"turns":3},{"damage":0,"enemies":"Red Slaver","floor":14,"turns":3},{"damage":31,"enemies":"Slime Boss","floor":16,"turns":12},{"damage":0,"enemies":"3 Byrds","floor":18,"turns":4},{"damage":16,"enemies":"Chosen","floor":19,"turns":6},{"damage":21,"enemies":"Shelled Parasite and Fungi","floor":20,"turns":10},{"damage":1,"enemies":"Sentry and Sphere","floor":22,"turns":7},{"damage":4,"enemies":"Snake Plant","floor":24,"turns":4},{"damage":22,"enemies":"3 Cultists","floor":25,"turns":6},{"damage":0,"enemies":"Snecko","floor":28,"turns":6},{"damage":38,"enemies":"Slavers","floor":29,"turns":8},{"damage":96,"enemies":"Champ","floor":33,"turns":23},{"damage":4,"enemies":"3 Darklings","floor":35,"turns":11},{"damage":44,"enemies":"3 Shapes","floor":38,"turns":6},{"damage":13,"enemies":"Jaw Worm Horde","floor":39,"turns":4},{"damage":25,"enemies":"Reptomancer","floor":41,"turns":11},{"damage":11,"enemies":"Maw","floor":44,"turns":10}],"seed_played":"2866304911261732450","potions_obtained":[{"floor":1,"key":"ColorlessPotion"},{"floor":3,"key":"Weak Potion"},{"floor":10,"key":"EntropicBrew"},{"floor":14,"key":"EntropicBrew"},{"floor":16,"key":"PowerPotion"},{"floor":24,"key":"Regen Potion"},{"floor":29,"key":"Weak Potion"},{"floor":33,"key":"Block Potion"},{"floor":35,"key":"SpeedPotion"},{"floor":38,"key":"Fire Potion"}],"is_trial":false,"path_per_floor":["M","M","M","M","M","R","?","R","T","E","?","M","?","M","R","B",null,"M","M","M","$","M","R","M","M","T","?","M","E","$","?","R","B",null,"M","?","?","M","M","R","E","?","T","M"],"character_chosen":"THE_SILENT","items_purchased":["Bronze Scales","ClockworkSouvenir"],"campfire_rested":6,"item_purchase_floors":[21,21],"current_hp_per_floor":[72,72,72,25,6,29,22,45,45,25,25,25,25,25,48,17,77,77,61,40,40,39,62,58,48,48,48,48,10,10,10,33,4,77,73,73,63,19,6,29,4,4,4,0,0],"gold":0,"neow_bonus":"TEN_PERCENT_HP_BONUS","is_daily":false,"chose_seed":false,"campfire_upgraded":0,"win_rate":0.0,"timestamp":1611361579,"path_taken":["M","M","M","M","M","R","?","R","T","E","?","M","?","M","R","BOSS","M","M","M","$","M","R","M","M","T","?","?","E","$","?","R","BOSS","M","?","?","M","M","R","E","?","T","M"],"items_purchased_type":["Relic","Relic"],"build_version":"2020-12-22","purchased_purges":1,"victory":false,"max_hp_per_floor":[77,77,77,77,77,77,77,77,77,77,77,77,77,77,77,77,77,77,77,77,77,77,77,77,77,77,77,77,77,77,77,77,77,77,77,77,77,77,77,77,77,77,77,77,77],"card_choices":[{"not_picked":["Tactician","Well Laid Plans","PiercingWail"],"picked":"SKIP","floor":1},{"not_picked":["Deflect","Underhanded Strike"],"picked":"Sucker Punch","floor":2},{"not_picked":["Malaise","Acrobatics"],"picked":"Dodge and Roll","floor":3},{"not_picked":["Deflect","Blade Dance"],"picked":"Dagger Spray","floor":4},{"not_picked":["Choke","Expertise"],"picked":"Leg Sweep","floor":5},{"not_picked":["Flying Knee","Glass Knife"],"picked":"Dash","floor":10},{"not_picked":["Dodge and Roll","Poisoned Stab"],"picked":"Sucker Punch","floor":12},{"not_picked":["Dodge and Roll","Quick Slash"],"picked":"Masterful Stab","floor":14},{"not_picked":["Corpse Explosion","A Thousand Cuts"],"picked":"After Image","floor":16},{"not_picked":["Flying Knee+1","Underhanded Strike","Infinite Blades"],"picked":"SKIP","floor":18},{"not_picked":["Noxious Fumes","Underhanded Strike+1","Dagger Spray"],"picked":"SKIP","floor":19},{"not_picked":["Sucker Punch+1","Caltrops","Dagger Spray"],"picked":"SKIP","floor":20},{"not_picked":["Calculated Gamble","Infinite Blades"],"picked":"Leg Sweep","floor":22},{"not_picked":["Heel Hook","Dagger Spray","Underhanded Strike"],"picked":"SKIP","floor":24},{"not_picked":["Dagger Throw","Blade Dance+1"],"picked":"PiercingWail+1","floor":25},{"not_picked":["Accuracy+1","Flying Knee"],"picked":"Dodge and Roll+1","floor":28},{"not_picked":["Poisoned Stab+1","Envenom","Slice"],"picked":"SKIP","floor":29},{"not_picked":["Corpse Explosion","Glass Knife"],"picked":"Die Die Die","floor":33},{"not_picked":["Dagger Throw+1","Expertise"],"picked":"Quick Slash","floor":35},{"not_picked":["Sucker Punch+1","Dagger Throw"],"picked":"PiercingWail+1","floor":38},{"not_picked":["Deflect+1","Quick Slash+1"],"picked":"Endless Agony+1","floor":39},{"not_picked":["Dagger Throw+1","Acrobatics","Deadly Poison"],"picked":"SKIP","floor":41}],"player_experience":213121,"relics_obtained":[{"floor":9,"key":"Boot"},{"floor":10,"key":"Ancient Tea Set"},{"floor":26,"key":"Pantograph"},{"floor":29,"key":"Oddly Smooth Stone"},{"floor":41,"key":"Eternal Feather"},{"floor":43,"key":"HornCleat"}],"event_choices":[{"damage_healed":0,"gold_gain":0,"player_choice":"Success","damage_taken":7,"relics_obtained":["Vajra"],"max_hp_gain":0,"max_hp_loss":0,"event_name":"Scrap Ooze","floor":7,"gold_loss":0},{"damage_healed":0,"gold_gain":0,"player_choice":"Take Wound","damage_taken":0,"relics_obtained":["Golden Idol"],"max_hp_gain":0,"max_hp_loss":0,"event_name":"Golden Idol","floor":11,"gold_loss":0,"cards_obtained":["Injury"]},{"damage_healed":0,"gold_gain":0,"player_choice":"Ignored","damage_taken":0,"max_hp_gain":0,"max_hp_loss":0,"event_name":"Shining Light","floor":13,"gold_loss":0},{"cards_removed":["Defend_G"],"damage_healed":0,"gold_gain":0,"player_choice":"Purged","damage_taken":0,"max_hp_gain":0,"max_hp_loss":0,"event_name":"Purifier","floor":27,"gold_loss":0},{"damage_healed":0,"gold_gain":0,"player_choice":"Simplicity","damage_taken":0,"max_hp_gain":0,"max_hp_loss":0,"event_name":"Back to Basics","floor":31,"gold_loss":0,"cards_upgraded":["Strike_G","Strike_G","Strike_G","Strike_G","Strike_G","Defend_G","Defend_G","Defend_G","Defend_G"]},{"damage_healed":0,"gold_gain":0,"player_choice":"Ignored","damage_taken":0,"max_hp_gain":0,"max_hp_loss":0,"event_name":"Mysterious Sphere","floor":36,"gold_loss":0},{"damage_healed":0,"gold_gain":0,"player_choice":"Embrace Madness","damage_taken":10,"max_hp_gain":0,"max_hp_loss":0,"event_name":"Winding Halls","floor":37,"gold_loss":0,"cards_obtained":["Madness","Madness"]},{"damage_healed":0,"gold_gain":0,"player_choice":"Paid","damage_taken":0,"relics_obtained":["Red Mask"],"max_hp_gain":0,"max_hp_loss":0,"event_name":"Tomb of Lord Red Mask","floor":42,"gold_loss":24}],"is_beta":false,"boss_relics":[{"not_picked":["Snecko Eye","Calling Bell"],"picked":"Ectoplasm"},{"not_picked":["Fusion Hammer","Astrolabe"],"picked":"SlaversCollar"}],"items_purged_floors":[21],"is_endless":false,"potions_floor_spawned":[1,3,10,14,16,18,24,29,33,35,38],"killed_by":"Maw","ascension_level":2}}