{"host":"v3mpq6flurzldi5g","time":1611433544,"event":{"mods":["AchievementEnabler","BaseMod","Colored Powertips","Highlight Path","Minty Spire (QoL Compilation)","StSLib"],"gold_per_floor":[117,128,128,142,142,142,156,156,156,156,172,189,36,53,53,149,149,134,134,49,49,49,49,49,49],"floor_reached":24,"language":"ENG","playtime":1097,"items_purged":[],"score":288,"play_id":"535bd847-9f87-4ce6-ad27-53e833da226d","local_time":"20210123152544","is_ascension_mode":true,"campfire_choices":[{"data":"Defend_B","floor":6,"key":"SMITH"},{"data":"Defend_B","floor":8,"key":"SMITH"},{"data":"Defend_B","floor":10,"key":"SMITH"},{"data":"Buffer","floor":15,"key":"SMITH"},{"floor":23,"key":"REST"}],"circlet_count":0,"master_deck":["AscendersBane","Strike_B","Strike_B","Strike_B","Strike_B","Defend_B+1","Defend_B+1","Defend_B+1","Defend_B+1","Zap","Dualcast","Reinforced Body","Double Energy","Loop","Gash","Static Discharge","BootSequence","Buffer+1","Auto Shields","Multi-Cast","Leap"],"relics":["Cracked Core","DataDisk","Inserter","The Courier"],"acts_visited":["Exordium","TheCity"],"potions_floor_usage":[12,14,24,24],"damage_taken":[{"damage":0,"enemies":"2 Louse","floor":1,"turns":3},{"damage":1,"enemies":"Cultist","floor":2,"turns":4},{"damage":7,"enemies":"Jaw Worm","floor":4,"turns":3},{"damage":0,"enemies":"3 Louse","floor":7,"turns":5},{"damage":0,"enemies":"Looter","floor":11,"turns":3},{"damage":12,"enemies":"Lots of Slimes","floor":12,"turns":4},{"damage":2,"enemies":"3 Louse","floor":14,"turns":5},{"damage":34,"enemies":"Slime Boss","floor":16,"turns":13},{"damage":28,"enemies":"2 Thieves","floor":18,"turns":5},{"damage":74,"enemies":"Slavers","floor":24,"turns":6}],"seed_played":"-4199266985835327154","potions_obtained":[{"floor":2,"key":"ColorlessPotion"},{"floor":4,"key":"DistilledChaos"},{"floor":7,"key":"Block Potion"},{"floor":18,"key":"Block Potion"},{"floor":21,"key":"Explosive Potion"}],"is_trial":false,"path_per_floor":["M","M","?","M","?","R","M","R","T","R","M","M","$","M","R","B",null,"M","$","?","?","$","R","E"],"character_chosen":"DEFECT","items_purchased":["Buffer"],"campfire_rested":1,"item_purchase_floors":[13],"current_hp_per_floor":[75,74,74,67,72,72,72,72,72,72,72,60,60,58,58,24,71,43,43,43,43,43,69,0,0],"gold":49,"neow_bonus":"TEN_PERCENT_HP_BONUS","is_daily":false,"chose_seed":false,"campfire_upgraded":4,"win_rate":0.0,"timestamp":1611433544,"path_taken":["M","M","?","?","?","R","M","R","T","R","M","M","$","M","R","BOSS","M","$","?","?","$","R","E"],"items_purchased_type":["Card"],"build_version":"2020-12-22","purchased_purges":0,"victory":false,"max_hp_per_floor":[82,82,82,82,87,87,87,87,87,87,87,87,87,87,87,87,87,87,87,87,87,87,87,87,87],"card_choices":[{"not_picked":["Stack","Self Repair"],"picked":"Reinforced Body","floor":1},{"not_picked":["Sweeping Beam","Beam Cell"],"picked":"Double Energy","floor":2},{"not_picked":["Chaos","Turbo"],"picked":"Loop","floor":4},{"not_picked":["Sweeping Beam","Stack"],"picked":"Gash","floor":7},{"not_picked":["Skim","Go for the Eyes"],"picked":"Static Discharge","floor":11},{"not_picked":["Double Energy","Sweeping Beam"],"picked":"BootSequence","floor":12},{"not_picked":["Go for the Eyes","Steam Power"],"picked":"Auto Shields","floor":14},{"not_picked":["Biased Cognition","Hyperbeam"],"picked":"Multi-Cast","floor":16},{"not_picked":["Lockon","Force Field"],"picked":"Leap","floor":18}],"player_experience":1012076,"relics_obtained":[{"floor":9,"key":"DataDisk"}],"event_choices":[{"damage_healed":0,"gold_gain":0,"player_choice":"Upgraded","damage_taken":0,"max_hp_gain":0,"max_hp_loss":0,"event_name":"Upgrade Shrine","floor":3,"gold_loss":0,"cards_upgraded":["Defend_B"]},{"damage_healed":0,"gold_gain":0,"player_choice":"Donut","damage_taken":0,"max_hp_gain":5,"max_hp_loss":0,"event_name":"Big Fish","floor":5,"gold_loss":0},{"damage_healed":0,"gold_gain":0,"player_choice":"Obtained Relic","damage_taken":0,"relics_obtained":["The Courier"],"max_hp_gain":0,"max_hp_loss":0,"event_name":"Addict","floor":20,"gold_loss":85},{"damage_healed":0,"gold_gain":0,"player_choice":"Got Potions","damage_taken":0,"max_hp_gain":0,"max_hp_loss":0,"event_name":"Lab","floor":21,"gold_loss":0}],"is_beta":false,"boss_relics":[{"not_picked":["SlaversCollar","Astrolabe"],"picked":"Inserter"}],"items_purged_floors":[],"is_endless":false,"potions_floor_spawned":[2,4,7,18],"killed_by":"Slavers","ascension_level":11}}