{"host":"v0n6ky7dmveherv3","time":1611370827,"event":{"mods":["BaseMod","Better Third Choice","Downfall","Minty Spire (QoL Compilation)","StSLib"],"gold_per_floor":[99,99,99,99,99,99,99,110,125,136,136,153,53,85,97,194,194,194,214,214,17,29,29,29,29,55,77,103,135,247,276,298,310,310,310],"floor_reached":33,"language":"ENG","playtime":1523,"items_purged":[],"score":269,"play_id":"e2c1cb6a-62f0-45ec-b0e7-2b0c4b79fb00","local_time":"20210122200027","is_ascension_mode":false,"campfire_choices":[{"floor":1.0,"key":"RECALL"},{"data":"bronze:Shell","floor":6.0,"key":"SMITH"},{"data":"bronze:CloningBeam","floor":11.0,"key":"SMITH"},{"data":"bronze:Shell","floor":13.0,"key":"SMITH"},{"data":"bronze:Boost","floor":18.0,"key":"SMITH"},{"data":"bronze:ChosenStrike","floor":23.0,"key":"SMITH"},{"data":"bronze:ChosenStrike","floor":25.0,"key":"SMITH"}],"circlet_count":0,"master_deck":["bronze:Strike","bronze:Strike","bronze:Strike","bronze:Strike","bronze:Defend","bronze:Defend","bronze:Defend","bronze:Defend","bronze:Replicate+1","bronze:Goto+1","bronze:Shell+1","bronze:WhirlingStrike+1","bronze:CloningBeam+1","bronze:Repair","bronze:BronzeOrb","bronze:Shell+1","bronze:Boost+1","CurseOfTheBell","bronze:WhirlingStrike+1","bronze:ChosenStrike+1","bronze:ChosenStrike+1","bronze:Turbo+1","bronze:FineTuning","bronze:Fortify"],"relics":["bronze:BronzeCore","downfall:HeartsMalice","InkBottle","downfall:HeartBlessingRed","Frozen Egg 2","Calling Bell","Smiling Mask","Pear","Ginger","Membership Card","Blood Vial","MawBank"],"acts_visited":["Exordium","TheCity"],"potions_floor_usage":[33,33],"damage_taken":[{"damage":0.0,"enemies":"Cultist","floor":2.0,"turns":1.0},{"damage":0.0,"enemies":"Small Slimes","floor":3.0,"turns":1.0},{"damage":0.0,"enemies":"2 Louse","floor":5.0,"turns":1.0},{"damage":13.0,"enemies":"Red Slaver","floor":8.0,"turns":3.0},{"damage":3.0,"enemies":"Blue Slaver","floor":9.0,"turns":3.0},{"damage":3.0,"enemies":"2 Fungi Beasts","floor":10.0,"turns":3.0},{"damage":15.0,"enemies":"Exordium Thugs","floor":12.0,"turns":4.0},{"damage":7.0,"enemies":"Lagavulin","floor":14.0,"turns":6.0},{"damage":0.0,"enemies":"Exordium Wildlife","floor":15.0,"turns":3.0},{"damage":39.0,"enemies":"WA_ARCHETYPE_RETAIN","floor":16.0,"turns":7.0},{"damage":10.0,"enemies":"Chosen","floor":19.0,"turns":4.0},{"damage":0.0,"enemies":"downfall:FleeingMerchant","floor":21.0,"turns":4.0},{"damage":22.0,"enemies":"Spheric Guardian","floor":22.0,"turns":4.0},{"damage":27.0,"enemies":"Book of Stabbing","floor":26.0,"turns":4.0},{"damage":10.0,"enemies":"Snecko","floor":27.0,"turns":3.0},{"damage":24.0,"enemies":"Cultist and Chosen","floor":28.0,"turns":6.0},{"damage":9.0,"enemies":"Centurion and Healer","floor":29.0,"turns":7.0},{"damage":5.0,"enemies":"Snake Plant","floor":31.0,"turns":2.0},{"damage":0.0,"enemies":"Snecko","floor":32.0,"turns":2.0},{"damage":49,"enemies":"SI_MIRROR_ARCHETYPE","floor":33,"turns":7}],"seed_played":"-5399847809422764576","potions_obtained":[{"floor":8.0,"key":"AttackPotion"},{"floor":9.0,"key":"AttackPotion"},{"floor":10.0,"key":"bronze:FreeFunctionsPotion"},{"floor":15.0,"key":"Energy Potion"},{"floor":19.0,"key":"FearPotion"},{"floor":28.0,"key":"bronze:FreeFunctionsPotion"},{"floor":31.0,"key":"SteroidPotion"}],"is_trial":false,"path_per_floor":["R","M","M","?","M","R","T","M","M","M","R","M","R","E","M","B",null,"R","M","?","$","M","R","T","R","E","M","M","M","?","M","M","B"],"character_chosen":"THE_AUTOMATON","items_purchased":["Membership Card","bronze:ChosenStrike"],"campfire_rested":0,"item_purchase_floors":[21,21],"current_hp_per_floor":[70,70,70,70,70,70,70,57,68,65,65,57,57,57,64,25,80,80,77,77,80,72,72,72,72,54,53,38,39,39,36,38,0,0,0],"gold":310,"neow_bonus":"THREE_ENEMY_KILL","is_daily":false,"chose_seed":false,"campfire_upgraded":6,"win_rate":0.0,"timestamp":1611370827,"path_taken":["R","?","M","?","M","R","T","?","M","M","R","M","R","E","M","BOSS","R","M","?","?","M","R","T","R","E","M","?","M","?","?","M","BOSS"],"items_purchased_type":["Relic","Card"],"build_version":"2020-12-22","purchased_purges":0,"victory":false,"max_hp_per_floor":[70,70,70,70,70,70,70,70,70,70,70,70,70,70,70,70,80,80,80,80,80,80,80,80,80,80,80,80,80,80,80,80,80,80,80],"card_choices":[{"not_picked":["bronze:DelayedGuard","bronze:Invalidate"],"picked":"bronze:Shell","floor":2.0},{"not_picked":["bronze:DelayedSlice","bronze:Shield"],"picked":"bronze:WhirlingStrike","floor":3.0},{"not_picked":["bronze:Invalidate","bronze:BugBarrage"],"picked":"bronze:CloningBeam","floor":5.0},{"not_picked":["bronze:Overheat","bronze:Iterate"],"picked":"bronze:Repair","floor":8.0},{"not_picked":["bronze:BugBarrage","bronze:Frontload"],"picked":"bronze:BronzeOrb","floor":9.0},{"not_picked":["bronze:NullPointer","bronze:DelayedSlice","bronze:Allocate"],"picked":"SKIP","floor":10.0},{"not_picked":["bronze:BuggyMess","bronze:BugBarrage"],"picked":"bronze:Shell","floor":12.0},{"not_picked":["bronze:MaxOutput+1","bronze:CutThrough","bronze:Turbo"],"picked":"SKIP","floor":14.0},{"not_picked":["bronze:Branch","bronze:CutThrough"],"picked":"bronze:Boost","floor":15.0},{"not_picked":["bronze:FineTuning","bronze:Deprecate"],"picked":"bronze:WhirlingStrike+1","floor":19.0},{"not_picked":["bronze:ForLoop","bronze:Iterate"],"picked":"bronze:ChosenStrike","floor":21.0},{"not_picked":["bronze:Shield+1","bronze:ForceShield","bronze:Iterate"],"picked":"SKIP","floor":22.0},{"not_picked":["bronze:Backtrace","bronze:Shield"],"picked":"bronze:Turbo+1","floor":26.0},{"not_picked":["bronze:OilSpill","bronze:Philosophize+1","bronze:CutThrough"],"picked":"SKIP","floor":27.0},{"not_picked":["bronze:WildBeam+1","bronze:Overheat"],"picked":"bronze:FineTuning","floor":28.0},{"not_picked":["bronze:CutThrough","bronze:DelayedGuard+1","bronze:HyperBeam"],"picked":"SKIP","floor":29.0},{"not_picked":["bronze:DarkDash","bronze:Shield","bronze:Branch"],"picked":"SKIP","floor":31.0},{"not_picked":["bronze:ChildClass","bronze:Deprecate+1"],"picked":"bronze:Fortify","floor":32}],"player_experience":113246,"relics_obtained":[{"floor":7.0,"key":"InkBottle"},{"floor":14.0,"key":"Frozen Egg 2"},{"floor":17.0,"key":"Smiling Mask"},{"floor":17.0,"key":"Pear"},{"floor":17.0,"key":"Ginger"},{"floor":24.0,"key":"Blood Vial"},{"floor":26.0,"key":"MawBank"}],"event_choices":[{"damage_healed":0.0,"max_hp_gain":0.0,"max_hp_loss":0.0,"gold_gain":0.0,"event_name":"NoteForYourself","player_choice":"Ignored","floor":20.0,"gold_loss":0.0,"damage_taken":0.0}],"is_beta":false,"boss_relics":[{"not_picked":["Astrolabe","bronze:MakeshiftBattery"],"picked":"Calling Bell"}],"items_purged_floors":[],"is_endless":false,"potions_floor_spawned":[8,9,10,15,19,22,28,31],"killed_by":"SI_MIRROR_ARCHETYPE","ascension_level":0}}