{"host":"qnw6fh3z6mhgqap2","time":1611436219,"event":{"mods":["BaseMod","Downfall","Minty Spire (QoL Compilation)","Quick Restart","Replay The Spire","StSLib","SuperFastMode"],"gold_per_floor":[14,31,45,62,75,91,117,127,153,153,172,206,222,249,249,348,448,465,485,19,39,39,66,85,85,85,119,119,119],"floor_reached":28,"language":"ENG","playtime":2077,"items_purged":[],"score":367,"play_id":"6315cbfd-dcd2-4c67-8701-6ac9eff31ca1","local_time":"20210123221019","is_ascension_mode":true,"campfire_choices":[{"floor":10,"key":"RECALL"},{"data":"After Image","floor":15,"key":"SMITH"},{"data":"Burst","floor":25,"key":"SMITH"}],"circlet_count":0,"master_deck":["Strike_G","Strike_G+1","Strike_G","Strike_G","Defend_G","Defend_G","Defend_G","Defend_G","Survivor","Neutralize","Draining Mist","Blade Dance","Slice","Cloak And Dagger","Dagger Throw+1","After Image+1","Dash","Masterful Stab","Poison Darts","Blade Dance","Burst+1","Infinite Blades","Deadly Poison+1","Bouncing Flask","A Thousand Cuts","Crippling Poison","ReplayTheSpireMod:Speed Training+1"],"relics":["Ring of the Snake","Happy Flower","Mango","FossilizedHelix","Replay:Grab Bag","Coffee Dripper","Replay:Wanted Poster","Ring of Chaos","Basket Of Snakes","Whetstone","Toy Ornithopter","Replay:Ringing Soul","MealTicket"],"acts_visited":["Exordium","TheCity"],"potions_floor_usage":[11,13,16,16,23,27,27,27],"damage_taken":[{"damage":0,"enemies":"Cultist","floor":1,"turns":4},{"damage":1,"enemies":"Jaw Worm","floor":2,"turns":5},{"damage":0,"enemies":"2 Louse","floor":3,"turns":2},{"damage":2,"enemies":"Exordium Wildlife","floor":4,"turns":5},{"damage":0,"enemies":"3 Louse","floor":5,"turns":4},{"damage":0,"enemies":"Red Slaver","floor":6,"turns":2},{"damage":12,"enemies":"3 Sentries","floor":7,"turns":10},{"damage":0,"enemies":"Looter","floor":8,"turns":3},{"damage":1,"enemies":"Large Slime","floor":11,"turns":6},{"damage":4,"enemies":"Gremlin Nob","floor":12,"turns":3},{"damage":0,"enemies":"2 Fungi Beasts","floor":13,"turns":2},{"damage":0,"enemies":"3 Sentries","floor":14,"turns":7},{"damage":21,"enemies":"Slime Boss","floor":16,"turns":10},{"damage":4,"enemies":"3 Byrds","floor":18,"turns":4},{"damage":0,"enemies":"2 Thieves","floor":19,"turns":4},{"damage":19,"enemies":"Centurion and Healer","floor":21,"turns":6},{"damage":17,"enemies":"Book of Stabbing","floor":23,"turns":4},{"damage":13,"enemies":"3 Cultists","floor":24,"turns":6},{"damage":38,"enemies":"Slavers","floor":27,"turns":7},{"damage":20,"enemies":"Cultist and Chosen","floor":28,"turns":5}],"seed_played":"5386732523986192752","potions_obtained":[{"floor":2,"key":"Energy Potion"},{"floor":4,"key":"Energy Potion"},{"floor":8,"key":"Adrenaline Potion"},{"floor":12,"key":"Milkshake"},{"floor":13,"key":"Explosive Potion"},{"floor":16,"key":"SkillPotion"},{"floor":18,"key":"LiquidMemories"},{"floor":22,"key":"Languid Potion"},{"floor":24,"key":"Poison Potion"}],"is_trial":false,"path_per_floor":["M","M","M","M","M","M","E","M","T","R","M","E","M","E","R","B",null,"M","M","$","M","?","E","M","R","T","E","M"],"character_chosen":"THE_SILENT","items_purchased":["Basket Of Snakes","Whetstone"],"campfire_rested":0,"item_purchase_floors":[20,20],"current_hp_per_floor":[70,69,69,67,67,67,55,55,55,55,54,64,64,64,64,43,84,80,80,80,61,61,44,31,31,31,11,0,0],"gold":119,"neow_bonus":"REMOVE_TWO","is_daily":false,"chose_seed":false,"campfire_upgraded":2,"win_rate":0.0,"timestamp":1611436219,"path_taken":["M","M","M","M","M","M","E","M","T","R","M","E","M","E","R","BOSS","M","?","$","M","?","E","M","R","T","E","?"],"items_purchased_type":["Relic","Relic"],"build_version":"2020-12-22","purchased_purges":0,"victory":false,"max_hp_per_floor":[70,70,70,70,70,70,70,70,70,70,70,84,84,84,84,84,84,84,84,84,84,84,84,84,84,84,87,87,87],"card_choices":[{"not_picked":["Dagger Throw","Eviscerate"],"picked":"Draining Mist","floor":1},{"not_picked":["Endless Agony","Slice"],"picked":"Blade Dance","floor":2},{"not_picked":["PiercingWail","Calculated Gamble"],"picked":"Slice","floor":3},{"not_picked":["Prepared","Flying Knee"],"picked":"Cloak And Dagger","floor":4},{"not_picked":["Underhanded Strike","Flying Knee"],"picked":"Dagger Throw","floor":5},{"not_picked":["Deadly Poison","Underhanded Strike"],"picked":"After Image","floor":6},{"not_picked":["Hidden Blade","Dodge and Roll"],"picked":"Dash","floor":7},{"not_picked":["ReplayTheSpireMod:Exploit Weakness","Flying Knee","Acrobatics"],"picked":"SKIP","floor":8},{"not_picked":["Slice","Predator"],"picked":"Masterful Stab","floor":11},{"not_picked":["Distraction","All Out Attack"],"picked":"Poison Darts","floor":12},{"not_picked":["Dagger Throw","Deflect","Outmaneuver"],"picked":"SKIP","floor":13},{"not_picked":["Dagger Throw","Endless Agony"],"picked":"Blade Dance","floor":14},{"not_picked":["Bullet Time","Doppelganger"],"picked":"Burst","floor":16},{"not_picked":["Flying Knee","Prepared"],"picked":"Infinite Blades","floor":18},{"not_picked":["Blade Dance","PiercingWail"],"picked":"Deadly Poison+1","floor":19},{"not_picked":["Dagger Spray","Outmaneuver"],"picked":"Bouncing Flask","floor":21},{"not_picked":["Slice","Outmaneuver"],"picked":"A Thousand Cuts","floor":23},{"not_picked":["Skewer","All Out Attack+1"],"picked":"Crippling Poison","floor":24},{"not_picked":["Backflip","Dagger Spray+1"],"picked":"ReplayTheSpireMod:Speed Training+1","floor":27}],"player_experience":161949,"relics_obtained":[{"floor":7,"key":"Happy Flower"},{"floor":12,"key":"Mango"},{"floor":14,"key":"FossilizedHelix"},{"floor":23,"key":"Toy Ornithopter"},{"floor":26,"key":"Replay:Ringing Soul"},{"floor":27,"key":"MealTicket"}],"event_choices":[{"damage_healed":0,"gold_gain":0,"player_choice":"Got Potions","damage_taken":0,"max_hp_gain":0,"max_hp_loss":0,"event_name":"Lab","floor":22,"gold_loss":0}],"is_beta":false,"boss_relics":[{"not_picked":["Painkiller Herb","Black Star"],"picked":"Replay:Grab Bag"},{"not_picked":["Velvet Choker","Runic Dome"],"picked":"Coffee Dripper"},{"not_picked":["bronze:MakeshiftBattery","Busted Crown"],"picked":"Replay:Wanted Poster"},{"not_picked":["Ring of the Serpent","SacredBark"],"picked":"Ring of Chaos"}],"items_purged_floors":[],"is_endless":false,"potions_floor_spawned":[2,4,8,12,13,16,18,24],"killed_by":"Cultist and Chosen","ascension_level":2}}