{"host":"qsusua7l529r8z9k","time":1611387480,"event":{"mods":["Aspiration","BaseMod","Minty Spire (QoL Compilation)","Spicy Shops","StSLib"],"gold_per_floor":[119,119,133,149,166,166,197,197,224,224,240,275,286,299,299,376,376,389,389,64,64,78,112,112,130,130,130,143,143,176,51,51,51,51],"floor_reached":33,"language":"ZHS","playtime":1186,"items_purged":["Writhe","Strike_B","Strike_B"],"score":651,"play_id":"bce7d977-4bd7-4b1a-95d4-7dbb46cd972b","local_time":"20210123153800","is_ascension_mode":true,"campfire_choices":[{"data":"Biased Cognition","floor":6.0,"key":"SMITH"},{"data":"Biased Cognition","floor":8.0,"key":"SMITH"},{"data":"Coolheaded","floor":10.0,"key":"SMITH"},{"data":"Coolheaded","floor":15.0,"key":"SMITH"},{"floor":24.0,"key":"REST"},{"data":"Dualcast","floor":32,"key":"SMITH"}],"circlet_count":0,"master_deck":["AscendersBane","Strike_B","Strike_B","Defend_B","Defend_B+1","Defend_B","Defend_B","Zap","Dualcast+1","Biased Cognition+1","Coolheaded+1","White Noise","Biased Cognition+1","Genetic Algorithm+1","Coolheaded+1","Barrage","BootSequence","Loop","Core Surge","Undo+1","Cold Snap+1","Ball Lightning","Hologram"],"relics":["Cracked Core","Pen Nib","Anchor","Boot","aspiration:FutureDiary","Akabeko","DataDisk","War Paint","Potion Belt","Strawberry","HornCleat"],"acts_visited":["Exordium","TheCity"],"potions_floor_usage":[33],"damage_taken":[{"damage":1.0,"enemies":"Cultist","floor":1.0,"turns":3.0},{"damage":7.0,"enemies":"Jaw Worm","floor":3.0,"turns":3.0},{"damage":8.0,"enemies":"Small Slimes","floor":4.0,"turns":3.0},{"damage":3.0,"enemies":"Blue Slaver","floor":5.0,"turns":3.0},{"damage":0.0,"enemies":"Gremlin Nob","floor":7.0,"turns":3.0},{"damage":1.0,"enemies":"3 Louse","floor":11.0,"turns":4.0},{"damage":0.0,"enemies":"Lagavulin","floor":12.0,"turns":5.0},{"damage":0.0,"enemies":"2 Fungi Beasts","floor":13.0,"turns":3.0},{"damage":0.0,"enemies":"Large Slime","floor":14.0,"turns":6.0},{"damage":21.0,"enemies":"The Guardian","floor":16.0,"turns":11.0},{"damage":13.0,"enemies":"3 Byrds","floor":18.0,"turns":5.0},{"damage":0.0,"enemies":"2 Thieves","floor":22.0,"turns":3.0},{"damage":24.0,"enemies":"Book of Stabbing","floor":23.0,"turns":6.0},{"damage":16.0,"enemies":"Snake Plant","floor":25.0,"turns":4.0},{"damage":0.0,"enemies":"Centurion and Healer","floor":28.0,"turns":6.0},{"damage":0.0,"enemies":"Gremlin Leader","floor":30.0,"turns":4.0},{"damage":36,"enemies":"Champ","floor":33,"turns":12}],"seed_played":"-6996838775732290892","potions_obtained":[{"floor":3.0,"key":"Fire Potion"},{"floor":5.0,"key":"SpeedPotion"},{"floor":11.0,"key":"PowerPotion"},{"floor":14.0,"key":"Explosive Potion"},{"floor":25.0,"key":"Explosive Potion"},{"floor":28.0,"key":"EssenceOfSteel"}],"is_trial":false,"path_per_floor":["M","?","M","M","M","R","E","R","T","R","M","E","M","M","R","B",null,"M","?","$","$","M","E","R","M","T","?","M","?","E","$","R","B"],"character_chosen":"DEFECT","items_purchased":["DataDisk"],"campfire_rested":1,"item_purchase_floors":[20],"current_hp_per_floor":[45,45,38,30,27,27,27,27,27,27,26,26,26,26,26,5,55,42,42,42,42,42,18,39,23,23,30,30,34,34,34,34,0,0],"gold":51,"neow_bonus":"THREE_RARE_CARDS","is_daily":false,"chose_seed":false,"campfire_upgraded":5,"win_rate":0.0,"timestamp":1611387480,"path_taken":["M","?","M","M","M","R","E","R","T","R","M","E","M","M","R","BOSS","M","?","$","?","M","E","R","M","T","?","?","?","E","$","R","BOSS"],"items_purchased_type":["Relic"],"build_version":"2020-12-22","purchased_purges":3,"victory":false,"max_hp_per_floor":[71,71,71,71,71,71,71,71,71,71,71,71,71,71,71,71,71,71,71,71,71,71,71,71,71,71,78,78,78,78,78,78,78,78],"card_choices":[{"not_picked":["Hyperbeam","All For One"],"picked":"Biased Cognition","floor":0.0},{"not_picked":["Loop","Cold Snap"],"picked":"Coolheaded","floor":1.0},{"not_picked":["Compile Driver","Darkness","Stack"],"picked":"SKIP","floor":3.0},{"not_picked":["Self Repair","Leap"],"picked":"White Noise","floor":4.0},{"not_picked":["Gash","Chill"],"picked":"Biased Cognition","floor":5.0},{"not_picked":["Stack","Compile Driver"],"picked":"Genetic Algorithm","floor":7.0},{"not_picked":["Conserve Battery","Leap"],"picked":"Coolheaded","floor":11.0},{"not_picked":["Streamline","Leap"],"picked":"Barrage","floor":12.0},{"not_picked":["Gash","Go for the Eyes"],"picked":"BootSequence","floor":13.0},{"not_picked":["Force Field","Rebound"],"picked":"Loop","floor":14.0},{"not_picked":["Seek","Thunder Strike"],"picked":"Core Surge","floor":16.0},{"not_picked":["Go for the Eyes","FTL"],"picked":"Undo+1","floor":18.0},{"not_picked":["Gash","Static Discharge","Streamline"],"picked":"SKIP","floor":22.0},{"not_picked":["Beam Cell","Storm","Sweeping Beam"],"picked":"SKIP","floor":23.0},{"not_picked":["Compile Driver","Leap"],"picked":"Cold Snap+1","floor":25.0},{"not_picked":["Stack","Lockon"],"picked":"Ball Lightning","floor":28.0},{"not_picked":["Go for the Eyes","Multi-Cast"],"picked":"Hologram","floor":30.0}],"player_experience":473218,"relics_obtained":[{"floor":7.0,"key":"Pen Nib"},{"floor":9.0,"key":"Anchor"},{"floor":12.0,"key":"Boot"},{"floor":23.0,"key":"War Paint"},{"floor":26.0,"key":"Potion Belt"},{"floor":30.0,"key":"HornCleat"}],"event_choices":[{"damage_healed":0.0,"max_hp_gain":0.0,"max_hp_loss":0.0,"gold_gain":0.0,"event_name":"Shining Light","player_choice":"Ignored","floor":2.0,"gold_loss":0.0,"damage_taken":0.0},{"damage_healed":0.0,"max_hp_gain":0.0,"max_hp_loss":0.0,"gold_gain":0.0,"event_name":"The Mausoleum","player_choice":"Opened","floor":19.0,"gold_loss":0.0,"damage_taken":0.0,"relics_obtained":["Akabeko"],"cards_obtained":["Writhe"]},{"damage_healed":0.0,"max_hp_gain":0.0,"max_hp_loss":0.0,"gold_gain":0.0,"event_name":"WeMeetAgain","player_choice":"Gave Potion","floor":27.0,"gold_loss":0.0,"damage_taken":0.0,"relics_obtained":["Strawberry"]}],"is_beta":false,"boss_relics":[{"not_picked":["SlaversCollar","Philosopher\u0027s Stone"],"picked":"aspiration:FutureDiary"}],"items_purged_floors":[20,20,31],"is_endless":false,"potions_floor_spawned":[3,5,11,14,25,28],"killed_by":"Champ","ascension_level":15}}