{"host":"9n6i2vl93jt4o42q","time":1611437650,"event":{"mods":["BaseMod","Minty Spire (QoL Compilation)","Relic Stats"],"gold_per_floor":[114,8,25,25,37,37,68,94,167,182,182,216,141,171,171,243,243,259,273,273,30,41,73,83,83,106,106,6,36,64,76,88,172,184,213,252,284,296,322,334,33,61,61,81,94,122,122,133,133,133,133,133],"floor_reached":51,"language":"ENG","playtime":3327,"items_purged":["Strike_R","Strike_R","Sever Soul"],"score":1430,"play_id":"3b4d7e87-37c6-4ab3-8528-78ae6ffa1148","local_time":"20210123223410","is_ascension_mode":true,"campfire_choices":[{"data":"Cleave","floor":6,"key":"SMITH"},{"data":"Bash","floor":11,"key":"SMITH"},{"data":"Inflame","floor":15,"key":"SMITH"},{"floor":25,"key":"REST"},{"data":"Limit Break","floor":27,"key":"SMITH"},{"data":"Whirlwind","floor":32,"key":"SMITH"},{"data":"Battle Trance","floor":40,"key":"SMITH"},{"floor":47,"key":"RECALL"},{"data":"Metallicize","floor":49,"key":"SMITH"}],"circlet_count":0,"master_deck":["AscendersBane","Defend_R","Defend_R","Bash+1","Inflame+1","Shrug It Off","Sword Boomerang","Thunderclap","Sword Boomerang","Cleave+1","Metallicize+1","Reckless Charge","Thunderclap","Limit Break+1","Shockwave","Whirlwind+1","Reaper","Reaper","Exhume","Seeing Red+1","Spot Weakness+1","Body Slam+1","Cleave+1","Battle Trance+1","Offering","Intimidate+1","Dual Wield+1"],"relics":["Burning Blood","Vajra","Odd Mushroom","Paper Frog","Self Forming Clay","Lizard Tail","Philosopher\u0027s Stone","PreservedInsect","Red Skull","Potion Belt","MawBank","Astrolabe","Omamori","Membership Card","Regal Pillow","InkBottle"],"acts_visited":["Exordium","TheCity","TheBeyond"],"potions_floor_usage":[7,8,20,23,50,50,50],"damage_taken":[{"damage":7,"enemies":"Cultist","floor":1,"turns":4},{"damage":0,"enemies":"2 Louse","floor":3,"turns":3},{"damage":10,"enemies":"Small Slimes","floor":5,"turns":2},{"damage":20,"enemies":"Lagavulin","floor":7,"turns":5},{"damage":3,"enemies":"The Mushroom Lair","floor":8,"turns":4},{"damage":0,"enemies":"2 Fungi Beasts","floor":10,"turns":1},{"damage":8,"enemies":"Gremlin Nob","floor":12,"turns":3},{"damage":14,"enemies":"3 Sentries","floor":14,"turns":4},{"damage":15,"enemies":"Slime Boss","floor":16,"turns":6},{"damage":12,"enemies":"2 Thieves","floor":18,"turns":2},{"damage":21,"enemies":"Spheric Guardian","floor":19,"turns":4},{"damage":17,"enemies":"Centurion and Healer","floor":22,"turns":5},{"damage":17,"enemies":"Slavers","floor":23,"turns":4},{"damage":27,"enemies":"Snake Plant","floor":24,"turns":2},{"damage":25,"enemies":"Book of Stabbing","floor":29,"turns":3},{"damage":5,"enemies":"Cultist and Chosen","floor":30,"turns":3},{"damage":34,"enemies":"Automaton","floor":33,"turns":6},{"damage":16,"enemies":"3 Shapes","floor":35,"turns":2},{"damage":26,"enemies":"Orb Walker","floor":37,"turns":3},{"damage":44,"enemies":"Spire Growth","floor":39,"turns":4},{"damage":69,"enemies":"Nemesis","floor":42,"turns":5},{"damage":6,"enemies":"3 Darklings","floor":44,"turns":1},{"damage":26,"enemies":"Maw","floor":45,"turns":5},{"damage":63,"enemies":"Giant Head","floor":46,"turns":6},{"damage":34,"enemies":"Transient","floor":48,"turns":6},{"damage":72,"enemies":"Donu and Deca","floor":50,"turns":6},{"damage":73,"enemies":"Time Eater","floor":51,"turns":5}],"seed_played":"8094264133186034310","potions_obtained":[{"floor":3,"key":"Explosive Potion"},{"floor":7,"key":"EssenceOfSteel"},{"floor":8,"key":"CultistPotion"},{"floor":12,"key":"BloodPotion"},{"floor":20,"key":"HeartOfIron"},{"floor":23,"key":"Energy Potion"},{"floor":29,"key":"AttackPotion"},{"floor":30,"key":"EssenceOfSteel"},{"floor":44,"key":"Weak Potion"}],"is_trial":false,"path_per_floor":["M","$","M","?","M","R","E","?","T","M","R","E","?","E","R","B",null,"M","M","?","$","M","E","M","R","T","R","$","E","M","?","R","B",null,"M","T","M","?","M","R","$","E","T","M","M","E","R","M","R","B","B"],"character_chosen":"IRONCLAD","items_purchased":["Sword Boomerang","SteroidPotion","PreservedInsect","Membership Card","Offering"],"campfire_rested":1,"item_purchase_floors":[2,2,21,41,41],"current_hp_per_floor":[67,67,73,73,69,69,55,58,58,64,64,62,62,54,54,45,68,62,47,62,62,51,40,19,41,41,41,41,22,62,62,62,75,75,65,65,53,53,36,36,36,43,43,75,68,37,37,75,75,47,0,0],"gold":133,"neow_bonus":"THREE_CARDS","is_daily":false,"chose_seed":false,"campfire_upgraded":7,"win_rate":0.0,"timestamp":1611437650,"path_taken":["M","$","M","?","?","R","E","?","T","M","R","E","?","E","R","BOSS","M","M","?","$","M","E","?","R","T","R","$","E","M","?","R","BOSS","M","?","M","?","M","R","$","E","T","?","M","E","R","M","R","BOSS","BOSS"],"items_purchased_type":["Card","Potion","Relic","Relic","Card"],"build_version":"2020-12-22","purchased_purges":3,"victory":false,"max_hp_per_floor":[75,75,75,75,75,75,75,75,75,75,75,75,75,75,75,75,75,75,75,75,75,75,75,75,75,75,75,75,75,75,75,75,75,75,75,75,75,75,75,75,75,75,75,75,75,75,75,75,75,75,75,75],"relic_stats":{"Lizard Tail":37,"Regal Pillow":0,"counters":[27,104],"Self Forming Clay":[168],"Astrolabe":["Seeing Red","Spot Weakness","Body Slam"],"PreservedInsect":263,"MawBank":144,"obtain_stats":[{"Potion Belt":26,"Regal Pillow":42,"Self Forming Clay":12,"Astrolabe":34,"Vajra":7,"PreservedInsect":21,"Omamori":36,"Odd Mushroom":8,"MawBank":29,"Burning Blood":0,"Lizard Tail":14,"Philosopher\u0027s Stone":17,"Membership Card":41,"Red Skull":23,"InkBottle":46,"Paper Frog":9},{"Potion Belt":14,"Regal Pillow":21,"Self Forming Clay":7,"Astrolabe":17,"Vajra":4,"PreservedInsect":11,"Omamori":18,"Odd Mushroom":5,"MawBank":15,"Burning Blood":0,"Lizard Tail":8,"Philosopher\u0027s Stone":9,"Membership Card":20,"Red Skull":13,"InkBottle":24,"Paper Frog":5},{"Potion Belt":49,"Regal Pillow":75,"Self Forming Clay":22,"Astrolabe":61,"Vajra":14,"PreservedInsect":38,"Omamori":63,"Odd Mushroom":18,"MawBank":52,"Burning Blood":0,"Lizard Tail":26,"Philosopher\u0027s Stone":32,"Membership Card":70,"Red Skull":47,"InkBottle":87,"Paper Frog":18}],"Burning Blood":140,"InkBottle":[6]},"card_choices":[{"not_picked":["Metallicize","Second Wind"],"picked":"Inflame","floor":0},{"not_picked":["Clash","Twin Strike"],"picked":"Shrug It Off","floor":1},{"not_picked":["Iron Wave","Evolve"],"picked":"Thunderclap","floor":3},{"not_picked":["Iron Wave","Sword Boomerang"],"picked":"Cleave","floor":5},{"not_picked":["Hemokinesis","Burning Pact"],"picked":"Metallicize","floor":7},{"not_picked":["Havoc","Ghostly Armor"],"picked":"Reckless Charge","floor":8},{"not_picked":["Clash","Headbutt"],"picked":"Thunderclap","floor":10},{"not_picked":["Pommel Strike","Rupture"],"picked":"Evolve","floor":12},{"not_picked":["Carnage","Disarm","Body Slam"],"picked":"SKIP","floor":14},{"not_picked":["Juggernaut","Bludgeon"],"picked":"Limit Break","floor":16},{"not_picked":["Wild Strike","Flex","Warcry"],"picked":"SKIP","floor":18},{"not_picked":["Infernal Blade","Havoc","Headbutt"],"picked":"SKIP","floor":19},{"not_picked":["Reckless Charge","Searing Blow"],"picked":"Shockwave","floor":22},{"not_picked":["Spot Weakness","Flex"],"picked":"Whirlwind","floor":23},{"not_picked":["Blood for Blood","Body Slam","Heavy Blade"],"picked":"SKIP","floor":24},{"not_picked":["Clash+1","True Grit"],"picked":"Reaper","floor":29},{"not_picked":["Anger","Perfected Strike","Body Slam"],"picked":"SKIP","floor":30},{"not_picked":["Juggernaut","Immolate"],"picked":"Exhume","floor":33},{"not_picked":["Iron Wave","True Grit"],"picked":"Cleave+1","floor":35},{"not_picked":["Shrug It Off","Burning Pact"],"picked":"Battle Trance","floor":37},{"not_picked":["Cleave+1","Rupture","Warcry+1"],"picked":"SKIP","floor":39},{"not_picked":["Uppercut","Spot Weakness","Havoc"],"picked":"SKIP","floor":42},{"not_picked":["Thunderclap+1","Pommel Strike+1"],"picked":"Intimidate+1","floor":44},{"not_picked":["Shockwave","Sever Soul"],"picked":"Dual Wield+1","floor":45},{"not_picked":["Feed","Fire Breathing","Heavy Blade"],"picked":"SKIP","floor":46},{"not_picked":["Dropkick","Carnage","Clash"],"picked":"SKIP","floor":48}],"player_experience":2249966,"relics_obtained":[{"floor":7,"key":"Vajra"},{"floor":8,"key":"Odd Mushroom"},{"floor":9,"key":"Paper Frog"},{"floor":12,"key":"Self Forming Clay"},{"floor":14,"key":"Lizard Tail"},{"floor":23,"key":"Red Skull"},{"floor":26,"key":"Potion Belt"},{"floor":29,"key":"MawBank"},{"floor":36,"key":"Omamori"},{"floor":42,"key":"Regal Pillow"},{"floor":46,"key":"InkBottle"}],"event_choices":[{"damage_healed":0,"gold_gain":0,"cards_transformed":["Strike_R"],"player_choice":"Transformed","damage_taken":0,"max_hp_gain":0,"max_hp_loss":0,"event_name":"Transmorgrifier","floor":4,"gold_loss":0,"cards_obtained":["Sword Boomerang"]},{"damage_healed":0,"gold_gain":0,"player_choice":"Fought Mushrooms","damage_taken":0,"max_hp_gain":0,"max_hp_loss":0,"event_name":"Mushrooms","floor":8,"gold_loss":0},{"cards_removed":["Strike_R"],"damage_healed":0,"gold_gain":0,"player_choice":"Card Removal","damage_taken":0,"max_hp_gain":0,"max_hp_loss":0,"event_name":"The Cleric","floor":13,"gold_loss":75},{"damage_healed":0,"gold_gain":0,"player_choice":"Got Potions","damage_taken":0,"max_hp_gain":0,"max_hp_loss":0,"event_name":"Lab","floor":20,"gold_loss":0},{"damage_healed":0,"gold_gain":0,"player_choice":"Copied","damage_taken":0,"max_hp_gain":0,"max_hp_loss":0,"event_name":"Duplicator","floor":31,"gold_loss":0,"cards_obtained":["Reaper"]},{"damage_healed":0,"gold_gain":0,"cards_transformed":["Evolve"],"player_choice":"Transformed","damage_taken":0,"max_hp_gain":0,"max_hp_loss":0,"event_name":"Transmorgrifier","floor":38,"gold_loss":0,"cards_obtained":["Sever Soul"]}],"is_beta":false,"boss_relics":[{"not_picked":["SlaversCollar","Runic Pyramid"],"picked":"Philosopher\u0027s Stone"},{"not_picked":["Fusion Hammer","Velvet Choker"],"picked":"Astrolabe"}],"items_purged_floors":[21,28,41],"is_endless":false,"potions_floor_spawned":[3,7,8,10,12,19,23,29,30,37,44,45],"killed_by":"Time Eater","ascension_level":20}}