{"host":"vc42n08di9czm3e7","time":1611363420,"event":{"mods":["AchievementEnabler","Act Like it!","BaseMod","Colored Powertips","Downfall","Friendly Minions","GifTheSpireLib","Minty Spire (QoL Compilation)","Quick Restart","Rare Cards Sparkle","StSLib"],"gold_per_floor":[99,99,99,99,117,134,134,153,165,165,165,165,165],"floor_reached":11,"language":"ENG","playtime":421,"items_purged":[],"score":63,"play_id":"ae1dedca-58a6-45cf-9263-73d978322714","local_time":"20210122195700","is_ascension_mode":false,"campfire_choices":[{"data":"champ:Execute","floor":1,"key":"SMITH"},{"data":"champ:Parry","floor":10,"key":"SMITH"}],"circlet_count":0,"master_deck":["champ:Strike","champ:Strike","champ:Strike","champ:Strike","champ:Defend","champ:Defend","champ:Defend","champ:Defend","champ:Execute+1","champ:Taunt","champ:FaceSlap","champ:IronFortress","champ:FlashCut","champ:DeathBlow","champ:TripleStrike","champ:RageSigil","champ:Parry+1"],"relics":["champ:ChampionCrown","downfall:HeartsMalice"],"acts_visited":["Exordium"],"potions_floor_usage":[],"damage_taken":[{"damage":0,"enemies":"Jaw Worm","floor":2,"turns":1},{"damage":0,"enemies":"Cultist","floor":3,"turns":1},{"damage":0,"enemies":"2 Louse","floor":4,"turns":1},{"damage":14,"enemies":"Blue Slaver","floor":5,"turns":4},{"damage":14,"enemies":"Lots of Slimes","floor":6,"turns":3},{"damage":62,"enemies":"Gremlin Gang","floor":8,"turns":4},{"damage":20,"enemies":"3 Louse","floor":9,"turns":3},{"damage":45,"enemies":"Gremlin Nob","floor":11,"turns":4}],"seed_played":"-2756114464857764674","potions_obtained":[{"floor":6,"key":"SteroidPotion"},{"floor":8,"key":"hexamod:SoulburnPotion"}],"is_trial":false,"path_per_floor":["R","M","M","M","M","M","T","M","M","R","E"],"character_chosen":"THE_CHAMP","items_purchased":[],"campfire_rested":0,"item_purchase_floors":[],"current_hp_per_floor":[90,90,90,90,81,77,77,50,45,45,0,0,0],"gold":165,"neow_bonus":"THREE_ENEMY_KILL","is_daily":false,"chose_seed":false,"campfire_upgraded":2,"win_rate":0.0,"timestamp":1611363420,"path_taken":["R","M","M","M","M","M","T","M","M","R","E"],"items_purchased_type":[],"build_version":"2020-12-22","purchased_purges":0,"victory":false,"max_hp_per_floor":[90,90,90,90,90,90,90,90,90,90,90,90,90],"card_choices":[{"not_picked":["champ:Shatter","champ:BringItOn"],"picked":"champ:FaceSlap","floor":2},{"not_picked":["champ:Haymaker","champ:GutPunch"],"picked":"champ:IronFortress","floor":3},{"not_picked":["champ:PreciseThrust","champ:BladeFlurry"],"picked":"champ:FlashCut","floor":4},{"not_picked":["champ:BladeFlurry","champ:FocusedBerserking"],"picked":"champ:DeathBlow","floor":5},{"not_picked":["champ:ShieldSigil","champ:CrownThrow"],"picked":"champ:TripleStrike","floor":6},{"not_picked":["champ:CalledShot","champ:PerfectedStrike"],"picked":"champ:RageSigil","floor":8},{"not_picked":["champ:FlashCut","champ:TornadoPunch"],"picked":"champ:Parry","floor":9}],"player_experience":295117,"relics_obtained":[],"event_choices":[],"is_beta":false,"boss_relics":[],"items_purged_floors":[],"is_endless":false,"potions_floor_spawned":[6,8],"killed_by":"Gremlin Nob","ascension_level":0}}