{"host":"6706kntd0vtj8hnw","time":1611373743,"event":{"mods":["Bard","BaseMod","Colored Powertips","Downfall","Hermit","HololiveMod","Hubris","Infinite Spire","KinomotoSakuraMod(????)","Mad Scientist","Marisa????????","Minty Spire (QoL Compilation)","Quick Restart","StSLib","The Blackbeard","The Bladedancer","The Cursed","The Forsaken","The Hierophant","The IronCluck","The Mystic","The Necromancer","The Runesmith","The Senshi","The Wild Card","Waifu the Spire"],"gold_per_floor":[99,113,113,25,42,57,84,109,109,134,145,145,145,145,157,157,157,157],"floor_reached":16,"language":"ENG","playtime":1233,"items_purged":[],"score":160,"play_id":"f23a8805-9422-46ac-b5b5-1fda6442a638","local_time":"20210122194903","is_ascension_mode":false,"campfire_choices":[{"data":"bronze:Goto","floor":1,"key":"SMITH"},{"floor":9,"key":"REST"},{"data":"bronze:Replicate","floor":9,"key":"SMITH"},{"floor":13,"key":"REST"},{"data":"bronze:CloningBeam","floor":13,"key":"SMITH"}],"circlet_count":0,"master_deck":["bronze:Strike","bronze:Strike","bronze:Strike","bronze:Defend","bronze:Defend","bronze:Defend","bronze:Defend","bronze:Replicate+1","bronze:Goto+1","bronze:CutThrough","bronze:BuggyMess","bronze:Optimize","bronze:Turbo","bronze:CutThrough","bronze:Iterate","bronze:CloningBeam+1","bronze:AlphaBuild","infinitespire:Gouge","bronze:ChildClass"],"relics":["bronze:BronzeCore","infinitespire:Magic Flask","Pear"],"acts_visited":["Exordium"],"potions_floor_usage":[10,10,16],"damage_taken":[{"damage":2,"enemies":"2 Louse","floor":2,"turns":3},{"damage":0,"enemies":"downfall:FleeingMerchant","floor":4,"turns":4},{"damage":2,"enemies":"Small Slimes","floor":5,"turns":3},{"damage":6,"enemies":"Jaw Worm","floor":6,"turns":3},{"damage":38,"enemies":"3 Sentries","floor":8,"turns":9},{"damage":0,"enemies":"Gremlin Nob","floor":10,"turns":2},{"damage":17,"enemies":"3 Louse","floor":11,"turns":3},{"damage":0,"enemies":"Blue Slaver","floor":15,"turns":2},{"damage":61,"enemies":"WA_ARCHETYPE_RETAIN","floor":16,"turns":8}],"seed_played":"-22476245528235741","potions_obtained":[{"floor":6,"key":"BlessingOfTheForge"},{"floor":8,"key":"FearPotion"},{"floor":15,"key":"AttackPotion"}],"is_trial":false,"path_per_floor":["R","M","?","$","M","M","T","E","R","E","M","?","R","?","M","B"],"character_chosen":"THE_AUTOMATON","items_purchased":["bronze:Optimize"],"campfire_rested":2,"item_purchase_floors":[4],"current_hp_per_floor":[77,75,75,75,73,67,67,29,52,62,45,45,71,50,50,0,0,0],"gold":157,"neow_bonus":"TEN_PERCENT_HP_BONUS","is_daily":false,"chose_seed":false,"campfire_upgraded":3,"win_rate":0.0,"timestamp":1611373743,"path_taken":["R","M","?","$","M","M","T","E","R","E","M","?","R","?","M","BOSS"],"items_purchased_type":["Card"],"build_version":"2020-12-22","purchased_purges":0,"victory":false,"max_hp_per_floor":[77,77,77,77,77,77,77,77,77,87,87,87,87,87,87,87,87,87],"card_choices":[{"not_picked":["bronze:DelayedGuard","bronze:DigitalCarnage"],"picked":"bronze:CutThrough","floor":2},{"not_picked":["bronze:Safeguard","bronze:Allocate"],"picked":"bronze:BuggyMess","floor":4},{"not_picked":["bronze:WildBeam","bronze:Frontload"],"picked":"bronze:Turbo","floor":5},{"not_picked":["bronze:Invalidate","bronze:Branch"],"picked":"bronze:CutThrough","floor":6},{"not_picked":["bronze:Optimize","bronze:Deprecate"],"picked":"bronze:Iterate","floor":8},{"not_picked":["bronze:FineTuning","bronze:Deprecate"],"picked":"bronze:CloningBeam","floor":10},{"not_picked":["bronze:Branch","bronze:Turbo"],"picked":"bronze:AlphaBuild","floor":11},{"not_picked":["infinitespire:SealOfDarkness+","infinitespire:SevenWalls"],"picked":"infinitespire:Gouge","floor":14},{"not_picked":["bronze:Invalidate","bronze:Frontload"],"picked":"bronze:ChildClass","floor":15}],"player_experience":261266,"relics_obtained":[{"floor":8,"key":"infinitespire:Magic Flask"},{"floor":10,"key":"Pear"}],"event_choices":[],"is_beta":false,"boss_relics":[],"items_purged_floors":[],"is_endless":false,"potions_floor_spawned":[6,8,15],"killed_by":"WA_ARCHETYPE_RETAIN","ascension_level":0}}