{"host":"hfxahm4y1ssattqc","time":1611389626,"event":{"mods":["2.2 Compatiblity","Act Like it!","BaseMod","Beaked The Cultist","BetterRewards","Colored Map","Colored Powertips","Custom Start","Googly Eyes","Halation","Hallownest","Highlight Path","Hubris","Mimic Mod","Minty Spire (QoL Compilation)","Shop Mod","Spikes Relics","StSLib","The Bug Knight","The IronCluck","The Jungle","Unknown Chances","slay the spire mod where everything is the same but ironclad has a cowboy hat"],"gold_per_floor":[116,135,135,0,17,17,71,71,71,89,129,129,19,39,39,144,144,155,155,27,42,55,55,55,55],"floor_reached":24,"language":"ENG","playtime":1290,"items_purged":[],"score":286,"play_id":"bdd0e613-e6f9-45ab-b41c-2f8922193ac9","local_time":"20210123001346","is_ascension_mode":false,"campfire_choices":[{"data":"Apotheosis","floor":6,"key":"SMITH"},{"floor":8,"key":"RECALL"},{"floor":12,"key":"REST"},{"floor":15,"key":"REST"},{"floor":23,"key":"REST"}],"circlet_count":0,"master_deck":["Strike_B","Strike_B","Strike_B","Strike_B","Defend_B","Defend_B","Defend_B","Defend_B","Zap","Apotheosis+1","Creative AI","Self Repair","Capacitor","Feint"],"relics":["Cracked Core","Kunai","beaked:ShinyBauble","Hallownest:SalubrasBlessingRelic","Hallownest:BankAccountRelic","hubris:TenFootPole","hubris:Backtick","Bottled Lightning"],"acts_visited":["Hallownest:Greenpath","Hallownest:Greenpath"],"potions_floor_usage":[],"damage_taken":[{"damage":9,"enemies":"Hallownest:2_Tiktiks_and_1_Crawlid","floor":1,"turns":5},{"damage":5,"enemies":"Hallownest:2_MossCreeps","floor":2,"turns":6},{"damage":24,"enemies":"Hallownest:2_Baldur","floor":5,"turns":6},{"damage":46,"enemies":"Hallownest:1_Ooma_and_2_Uuma","floor":10,"turns":9},{"damage":13,"enemies":"Hallownest:2_Tiktiks_1_Baldur_1_Crawlid","floor":14,"turns":5},{"damage":42,"enemies":"Hallownest:BossFalseKnight","floor":16,"turns":9},{"damage":12,"enemies":"theJungle:GiantWrat","floor":18,"turns":7},{"damage":22,"enemies":"theJungle:MUSHROOMGANG","floor":21,"turns":8},{"damage":46,"enemies":"theJungle:Lyon","floor":22,"turns":10},{"damage":54,"enemies":"theJungle:2_Snecko_Cultists","floor":24,"turns":6}],"seed_played":"-6790241166179240505","potions_obtained":[{"floor":1,"key":"Swift Potion"},{"floor":2,"key":"LiquidMemories"},{"floor":10,"key":"Energy Potion"}],"is_trial":false,"path_per_floor":["M","M","?","?","M","R","?","R","T","M","$","R","$","M","R","B",null,"M","?","$","M","M","R","M"],"character_chosen":"DEFECT","items_purchased":["Kunai","beaked:ShinyBauble","Apotheosis","hubris:TenFootPole","Feint"],"campfire_rested":3,"item_purchase_floors":[0,0,0,13,20],"current_hp_per_floor":[66,61,61,61,47,47,47,47,47,11,11,35,35,32,57,25,79,77,77,77,65,29,54,0,0],"gold":55,"neow_bonus":"","is_daily":false,"chose_seed":false,"campfire_upgraded":1,"win_rate":0.0,"timestamp":1611389626,"path_taken":["M","?","?","?","M","R","?","R","T","M","$","R","?","M","R","BOSS","M","?","$","?","M","R","M"],"items_purchased_type":["Relic","Relic","Card","Relic","Card"],"build_version":"2020-12-22","purchased_purges":0,"victory":false,"max_hp_per_floor":[75,75,75,75,75,75,75,75,75,75,75,77,77,77,79,79,79,79,79,79,79,79,81,81,81],"card_choices":[{"not_picked":["Redo","Barrage","Force Field"],"picked":"SKIP","floor":1},{"not_picked":["Undo","Aggregate"],"picked":"Self Repair","floor":2},{"not_picked":["Heatsinks","Force Field","Rebound"],"picked":"SKIP","floor":5},{"not_picked":["Conserve Battery","Gash","Ball Lightning"],"picked":"SKIP","floor":10},{"not_picked":["Streamline","Rebound","Redo"],"picked":"SKIP","floor":14},{"not_picked":["Steam","Static Discharge"],"picked":"Capacitor","floor":18},{"not_picked":["Go for the Eyes","Static Discharge","Stack"],"picked":"SKIP","floor":21},{"not_picked":["FTL","Reprogram","Coolheaded"],"picked":"SKIP","floor":22}],"player_experience":896292,"relics_obtained":[],"event_choices":[{"damage_healed":0,"gold_gain":0,"player_choice":"Ignored","damage_taken":0,"max_hp_gain":0,"max_hp_loss":0,"event_name":"Transmorgrifier","floor":19,"gold_loss":0}],"is_beta":false,"boss_relics":[{"not_picked":["Sandwich","Inserter"],"picked":"hubris:Backtick"}],"items_purged_floors":[],"is_endless":false,"potions_floor_spawned":[1,2,10,14,21,22],"killed_by":"theJungle:2_Snecko_Cultists","ascension_level":0}}