{"host":"sum4dy402bbv9y4o","time":1611361172,"event":{"mods":["Aspiration","BaseMod","Conspire","Highlight Path","Minty Spire (QoL Compilation)","StSLib"],"gold_per_floor":[116,116,134,153,19,19,45,45,71,97,110,121,121,131,131,208,208,219,238,30,43,43,68,68,85,111,139,139,11,11,37,37,37,37],"floor_reached":33,"language":"ENG","playtime":1004,"items_purged":["Injury","Strike_P"],"score":730,"play_id":"23cd1d05-938b-41ea-b9c8-3f8c29170b09","local_time":"20210123031932","is_ascension_mode":true,"campfire_choices":[{"data":"Eruption","floor":6,"key":"SMITH"},{"data":"Brilliance","floor":8,"key":"SMITH"},{"data":"WheelKick","floor":13,"key":"SMITH"},{"data":"Perseverance","floor":15,"key":"SMITH"},{"floor":24,"key":"REST"},{"floor":32,"key":"REST"}],"circlet_count":0,"master_deck":["AscendersBane","Strike_P","Strike_P","Strike_P","Defend_P","Defend_P","Defend_P","Defend_P+1","Eruption+1","Vigilance","Brilliance+1","WheelKick+1","JustLucky+1","BowlingBash+1","FollowUp+1","Weave+1","JustLucky+1","EmptyFist+1","FlurryOfBlows+1","Perseverance+1","SpiritShield","EmptyFist+1","FearNoEvil+1","Prostrate","MentalFortress","Halt+1","Wallop+1","Perseverance"],"relics":["PureWater","Molten Egg 2","Oddly Smooth Stone","Strawberry","Singing Bowl","Smiling Mask","Dream Catcher","Akabeko","Enchiridion","War Paint"],"acts_visited":["Exordium","TheCity"],"potions_floor_usage":[10,21,21,25,31],"damage_taken":[{"damage":1,"enemies":"Small Slimes","floor":1,"turns":5},{"damage":0,"enemies":"2 Louse","floor":3,"turns":3},{"damage":7,"enemies":"Jaw Worm","floor":4,"turns":3},{"damage":0,"enemies":"3 Sentries","floor":7,"turns":2},{"damage":0,"enemies":"Gremlin Nob","floor":10,"turns":2},{"damage":5,"enemies":"Blue Slaver","floor":11,"turns":3},{"damage":0,"enemies":"3 Louse","floor":12,"turns":3},{"damage":7,"enemies":"Looter","floor":14,"turns":2},{"damage":42,"enemies":"Hexaghost","floor":16,"turns":8},{"damage":10,"enemies":"Spheric Guardian","floor":18,"turns":3},{"damage":7,"enemies":"3 Byrds","floor":19,"turns":4},{"damage":0,"enemies":"Snecko","floor":21,"turns":1},{"damage":21,"enemies":"Slavers","floor":23,"turns":7},{"damage":0,"enemies":"Shelled Parasite and Fungi","floor":25,"turns":5},{"damage":34,"enemies":"Gremlin Leader","floor":27,"turns":5},{"damage":23,"enemies":"Slavers","floor":31,"turns":6},{"damage":46,"enemies":"Collector","floor":33,"turns":5}],"seed_played":"1383044381664856190","potions_obtained":[{"floor":1,"key":"FearPotion"},{"floor":3,"key":"FearPotion"},{"floor":19,"key":"Swift Potion"},{"floor":23,"key":"Regen Potion"},{"floor":25,"key":"FairyPotion"},{"floor":27,"key":"DuplicationPotion"}],"is_trial":false,"path_per_floor":["M","?","M","M","$","R","E","R","T","E","M","M","R","M","R","B",null,"M","M","$","M","?","E","R","M","T","E","?","$","?","E","R","B"],"character_chosen":"WATCHER","items_purchased":["FollowUp+1","FearNoEvil+1","Prostrate","Halt","Wallop+1"],"campfire_rested":2,"item_purchase_floors":[5,20,20,29,29],"current_hp_per_floor":[60,60,60,53,53,53,53,53,60,60,55,55,55,48,48,6,58,48,43,43,45,41,22,46,62,62,28,7,7,7,10,35,0,0],"gold":37,"neow_bonus":"ONE_RANDOM_RARE_CARD","is_daily":false,"chose_seed":false,"campfire_upgraded":4,"win_rate":0.0,"timestamp":1611361172,"path_taken":["M","?","M","M","$","R","E","R","T","E","M","M","R","M","R","BOSS","M","M","$","M","?","E","R","M","T","E","?","$","?","E","R","BOSS"],"items_purchased_type":["Card","Card","Card","Card","Card"],"build_version":"2020-12-22","purchased_purges":2,"victory":false,"max_hp_per_floor":[68,68,68,68,68,68,68,68,75,75,75,75,75,75,75,75,75,75,77,77,79,79,81,81,83,83,83,83,83,83,85,85,85,85],"card_choices":[{"not_picked":["SignatureMove","ThirdEye"],"picked":"WheelKick","floor":1},{"not_picked":["Pray","ClearTheMind"],"picked":"JustLucky+1","floor":3},{"not_picked":["Nirvana","PathToVictory"],"picked":"BowlingBash+1","floor":4},{"not_picked":["ThirdEye","Halt"],"picked":"Weave+1","floor":7},{"not_picked":["ReachHeaven+1","WreathOfFlame"],"picked":"JustLucky+1","floor":10},{"not_picked":["ClearTheMind","PathToVictory"],"picked":"EmptyFist+1","floor":11},{"not_picked":["Judgement","WheelKick+1"],"picked":"FlurryOfBlows+1","floor":12},{"not_picked":["Evaluate","FollowUp+1"],"picked":"Perseverance","floor":14},{"not_picked":["Vault","DevaForm"],"picked":"SpiritShield","floor":16},{"not_picked":["DeceiveReality","FlyingSleeves+1"],"picked":"EmptyFist+1","floor":18},{"not_picked":["Wireheading","SashWhip+1","Protect"],"picked":"Singing Bowl","floor":19},{"not_picked":["DevaForm","ClearTheMind","FlyingSleeves+1"],"picked":"Singing Bowl","floor":21},{"not_picked":["ReachHeaven+1","Wireheading+1","Collect"],"picked":"Singing Bowl","floor":23},{"not_picked":["ClearTheMind+1","Worship","ReachHeaven+1"],"picked":"Singing Bowl","floor":25},{"not_picked":["BattleHymn","Collect"],"picked":"MentalFortress","floor":27},{"not_picked":["BowlingBash+1","Pray","FollowUp+1"],"picked":"Singing Bowl","floor":31},{"not_picked":["Evaluate","Indignation"],"picked":"Perseverance","floor":32}],"player_experience":2969081,"relics_obtained":[{"floor":7,"key":"Oddly Smooth Stone"},{"floor":9,"key":"Strawberry"},{"floor":10,"key":"Singing Bowl"},{"floor":23,"key":"Smiling Mask"},{"floor":26,"key":"Dream Catcher"},{"floor":27,"key":"Akabeko"},{"floor":28,"key":"Enchiridion"},{"floor":31,"key":"War Paint"}],"event_choices":[{"damage_healed":0,"gold_gain":0,"player_choice":"Leave","damage_taken":0,"max_hp_gain":0,"max_hp_loss":0,"event_name":"conspire:Investor","floor":22,"gold_loss":0},{"damage_healed":0,"gold_gain":0,"player_choice":"Obtained Book","damage_taken":21,"max_hp_gain":0,"max_hp_loss":0,"event_name":"Cursed Tome","floor":28,"gold_loss":0}],"is_beta":false,"boss_relics":[{"not_picked":["Coffee Dripper","Sozu","conspire:RoyalGoblet"]}],"items_purged_floors":[5,20],"is_endless":false,"potions_floor_spawned":[1,3,4,19,23,25,27],"killed_by":"Collector","ascension_level":20}}