{"host":"lnt5dzsuhru0aonl","time":1611374320,"event":{"mods":["2.2 Compatiblity","BaseMod","Colored Map","Colored Powertips","DeckTracker","Keyboard Shortcuts","Minty Spire (QoL Compilation)","Permanent Neow","Rare Cards Sparkle","StSLib","SuperFastMode","everything is the same but u backflip on backflip"],"gold_per_floor":[15,15,15,165,165,165,186,23,72,72,22,22,22,38,38,136,136,160,75,94,94,94],"floor_reached":21,"language":"KOR","playtime":399,"items_purged":[],"score":330,"play_id":"5b491380-5dc0-47e3-ab47-81e8a9ea4cff","local_time":"20210123125840","is_ascension_mode":true,"campfire_choices":[{"data":"Metamorphosis","floor":6,"key":"SMITH"},{"data":"Zap","floor":12,"key":"SMITH"},{"data":"Reboot","floor":15,"key":"SMITH"}],"circlet_count":0,"master_deck":["AscendersBane","Strike_B","Defend_B","Defend_B","Defend_B","Defend_B","Zap+1","Dualcast","Metamorphosis+1","Conserve Battery","Doubt","Sweeping Beam","Reboot+1","Compile Driver","Creative AI","Steam","Turbo"],"relics":["Cracked Core","Golden Idol","Runic Capacitor","Blood Vial","Nuclear Battery","Tiny Chest"],"acts_visited":["Exordium","TheCity"],"potions_floor_usage":[18,18],"damage_taken":[{"damage":1,"enemies":"Cultist","floor":1,"turns":3},{"damage":4,"enemies":"2 Louse","floor":7,"turns":3},{"damage":0,"enemies":"Small Slimes","floor":14,"turns":2},{"damage":55,"enemies":"The Guardian","floor":16,"turns":9},{"damage":0,"enemies":"2 Thieves","floor":18,"turns":1},{"damage":41,"enemies":"3 Byrds","floor":20,"turns":5},{"damage":17,"enemies":"Centurion and Healer","floor":21,"turns":4}],"seed_played":"4497461876050574852","potions_obtained":[{"floor":1,"key":"Explosive Potion"},{"floor":7,"key":"Energy Potion"}],"is_trial":false,"path_per_floor":["M","?","?","?","?","R","M","$","T","?","$","R","$","M","R","B",null,"M","?","M","M"],"character_chosen":"DEFECT","items_purchased":["Runic Capacitor","Compile Driver"],"campfire_rested":0,"item_purchase_floors":[8,11],"current_hp_per_floor":[63,63,56,56,56,56,52,52,52,52,52,52,52,54,54,1,48,50,50,11,0,0],"gold":94,"neow_bonus":"RANDOM_COLORLESS_2","is_daily":false,"chose_seed":false,"campfire_upgraded":3,"win_rate":0.0,"timestamp":1611374320,"path_taken":["M","?","?","?","?","R","?","$","T","?","?","R","$","M","R","BOSS","M","?","M","M"],"items_purchased_type":["Relic","Card"],"build_version":"2020-12-22","purchased_purges":0,"victory":false,"max_hp_per_floor":[71,71,71,71,64,64,64,64,64,64,64,64,64,64,64,64,64,64,64,64,64,64],"card_choices":[{"not_picked":["Thinking Ahead","Magnetism"],"picked":"Metamorphosis","floor":0},{"not_picked":["Beam Cell","Heatsinks"],"picked":"Conserve Battery","floor":1},{"not_picked":["Capacitor","Compile Driver"],"picked":"Sweeping Beam","floor":7},{"not_picked":["Gash","Hello World","Go for the Eyes"],"picked":"SKIP","floor":14},{"not_picked":["Buffer","Echo Form"],"picked":"Creative AI","floor":16},{"not_picked":["Compile Driver","Beam Cell"],"picked":"Steam","floor":18},{"not_picked":["Leap","White Noise"],"picked":"Turbo","floor":20}],"player_experience":733441,"relics_obtained":[{"floor":9,"key":"Blood Vial"}],"event_choices":[{"cards_removed":["Strike_B"],"damage_healed":0,"gold_gain":0,"player_choice":"Forget","damage_taken":0,"max_hp_gain":0,"max_hp_loss":0,"event_name":"Living Wall","floor":2,"gold_loss":0},{"cards_removed":["Strike_B"],"damage_healed":0,"gold_gain":0,"player_choice":"Card Removal","damage_taken":7,"max_hp_gain":0,"max_hp_loss":0,"event_name":"Golden Wing","floor":3,"gold_loss":0},{"damage_healed":0,"gold_gain":150,"player_choice":"AGREE","damage_taken":0,"max_hp_gain":0,"max_hp_loss":0,"event_name":"Liars Game","floor":4,"gold_loss":0,"cards_obtained":["Doubt"]},{"damage_healed":0,"gold_gain":0,"player_choice":"Lose Max HP","damage_taken":0,"relics_obtained":["Golden Idol"],"max_hp_gain":0,"max_hp_loss":7,"event_name":"Golden Idol","floor":5,"gold_loss":0},{"damage_healed":0,"gold_gain":0,"cards_transformed":["Strike_B"],"player_choice":"Transformed","damage_taken":0,"max_hp_gain":0,"max_hp_loss":0,"event_name":"Transmorgrifier","floor":10,"gold_loss":0,"cards_obtained":["Reboot"]},{"damage_healed":0,"gold_gain":0,"player_choice":"Obtained Relic","damage_taken":0,"relics_obtained":["Tiny Chest"],"max_hp_gain":0,"max_hp_loss":0,"event_name":"Addict","floor":19,"gold_loss":85}],"is_beta":false,"boss_relics":[{"not_picked":["Velvet Choker","Runic Dome"],"picked":"Nuclear Battery"}],"items_purged_floors":[],"is_endless":false,"potions_floor_spawned":[1,7],"killed_by":"Centurion and Healer","ascension_level":20}}