{"host":"19qo8qle2l71a8qw","time":1611408530,"event":{"mods":["BaseMod","Beaked The Cultist","BetterRewards","Colored Map","Colored Powertips","Conspire","Custom Start","Energized Spire","Friendly Minions","Halation","Hubris","Infinite Spire","Mimic Mod","Minty Spire (QoL Compilation)","Random Character Button","Random Character Mod","Replay The Spire","Reworked Bosses","Shop Mod","StSLib","Synergy Search","The Construct","The Druid","The Jungle","The Necromancer","The Runesmith","The Sage"],"gold_per_floor":[183,183,193,207,207,218,68,68,150,150,175,187,215,234,234,336,386,399,399,399],"floor_reached":19,"language":"ENG","playtime":1184,"items_purged":[],"score":224,"play_id":"9b3c2cc4-e7e8-4a80-bbf1-76a5aa1a824a","local_time":"20210123142850","is_ascension_mode":true,"campfire_choices":[{"floor":15,"key":"REST"}],"circlet_count":0,"master_deck":["sagemod:Strike","sagemod:Strike","sagemod:Strike","sagemod:Defend","sagemod:Defend","sagemod:Defend","sagemod:Defend+1","sagemod:Fly","sagemod:Upwards","sagemod:Cane_Strike","sagemod:Fire_Brew","sagemod:Cane_Strike","sagemod:Salty_Strike","sagemod:Grounded_Strike","sagemod:Energetic_Brew","sagemod:Riches+1","sagemod:Altitude","sagemod:How_To_Warm_Elephants","sagemod:Extra_Portion","sagemod:Turn_Around","sagemod:How_To_Poke_At_Slimes+1"],"relics":["sagemod:Flying_Carpet","NeowsBlessing","hubris:Towel","halation:PromiseList","infinitespire:FocusingShard","PreservedInsect","sagemod:Red_Beast_Statue","Tiny House"],"acts_visited":["Exordium","TheCity"],"potions_floor_usage":[6,11,16,16,16,16,16,16,16,18,18,18,18,19],"damage_taken":[{"damage":0,"enemies":"Small Slimes","floor":1,"turns":1},{"damage":0,"enemies":"2 Louse","floor":3,"turns":1},{"damage":0,"enemies":"Cultist","floor":4,"turns":1},{"damage":13,"enemies":"Lots of Slimes","floor":6,"turns":6},{"damage":0,"enemies":"Gremlin Nob","floor":11,"turns":2},{"damage":7,"enemies":"2 Fungi Beasts","floor":12,"turns":3},{"damage":8,"enemies":"3 Sentries","floor":13,"turns":4},{"damage":7,"enemies":"3 Louse","floor":14,"turns":2},{"damage":27,"enemies":"Fading Forest","floor":16,"turns":11},{"damage":31,"enemies":"Shell Parasite","floor":18,"turns":7},{"damage":0,"enemies":"Chosen","floor":19,"turns":1}],"seed_played":"6382355958026045413","potions_obtained":[{"floor":1,"key":"Energy Potion"},{"floor":3,"key":"GamblersBrew"},{"floor":13,"key":"AttackPotion"},{"floor":17,"key":"Flashbang"},{"floor":18,"key":"LiquidMemories"}],"is_trial":false,"path_per_floor":["M","?","M","M","?","M","$","?","T","?","E","M","E","M","R","B",null,"M","M"],"character_chosen":"THE_SAGE","items_purchased":["halation:PromiseList"],"campfire_rested":1,"item_purchase_floors":[7],"current_hp_per_floor":[50,50,50,50,50,37,37,37,37,37,37,30,22,15,30,3,55,24,24,24],"gold":399,"neow_bonus":"THREE_ENEMY_KILL","is_daily":false,"chose_seed":false,"campfire_upgraded":0,"win_rate":0.0,"timestamp":1611408530,"path_taken":["M","?","M","M","?","M","$","?","T","?","E","?","E","M","R","BOSS","M","?"],"items_purchased_type":["Relic"],"build_version":"2020-12-22","purchased_purges":0,"victory":false,"max_hp_per_floor":[50,50,50,50,50,50,50,50,50,50,50,50,50,50,50,50,55,55,55,55],"card_choices":[{"not_picked":["sagemod:How_To_Warm_Elephants","sagemod:How_To_Wake_Lyons"],"picked":"sagemod:Cane_Strike","floor":1},{"not_picked":["sagemod:Potion_Explosion","sagemod:Let_It_Go"],"picked":"sagemod:Fire_Brew","floor":3},{"not_picked":["sagemod:Slalom","sagemod:Armor_Brew"],"picked":"sagemod:Cane_Strike","floor":4},{"not_picked":["sagemod:About_Clark","sagemod:Step_Back"],"picked":"sagemod:Salty_Strike","floor":6},{"not_picked":["sagemod:How_To_Warm_Elephants","sagemod:Lunchtime"],"picked":"sagemod:Energetic_Brew","floor":11},{"not_picked":["sagemod:Salty_Strike","sagemod:How_To_Poke_At_Slimes"],"picked":"sagemod:Riches","floor":12},{"not_picked":["sagemod:Slalom","sagemod:Armor_Brew"],"picked":"sagemod:Altitude","floor":13},{"not_picked":["sagemod:Pincer_Repair","sagemod:Perpetuum_Mobile"],"picked":"sagemod:How_To_Warm_Elephants","floor":14},{"not_picked":["sagemod:Swoop_Down","sagemod:Accumulation"],"picked":"sagemod:Extra_Portion","floor":16},{"not_picked":["sagemod:Energetic_Brew","sagemod:Step_Back"],"picked":"sagemod:Turn_Around","floor":17},{"not_picked":["sagemod:Swoop_Down","sagemod:Spoiled_Food+1"],"picked":"sagemod:How_To_Poke_At_Slimes+1","floor":18}],"player_experience":569683,"relics_obtained":[{"floor":9,"key":"infinitespire:FocusingShard"},{"floor":11,"key":"PreservedInsect"},{"floor":13,"key":"sagemod:Red_Beast_Statue"}],"event_choices":[{"cards_removed":["sagemod:Strike"],"damage_healed":0,"gold_gain":0,"player_choice":"Purged","damage_taken":0,"max_hp_gain":0,"max_hp_loss":0,"event_name":"Purifier","floor":10,"gold_loss":0}],"is_beta":false,"boss_relics":[{"not_picked":["Fusion Hammer","Replay:Bronze Core"],"picked":"Tiny House"}],"items_purged_floors":[],"is_endless":false,"potions_floor_spawned":[1,3,13,16,18],"killed_by":"Chosen","ascension_level":2}}