{"host":"Jay","time":1611431679,"event":{"mods":["BaseMod","Better Altar","Better Sensory Stone","Better Skull","Better Third Choice","Better Vampires","Colored Map","Custom Start","Downfall","Highlight Path","Minty Spire (QoL Compilation)","Permanent Neow","StSLib"],"gold_per_floor":[99,110,110,130,146,146,146,146,146,181,23,40,40,56,66,165,215,115,133,133,83,16,43,43,59,74,74,9,34,34,114,114,114],"floor_reached":31,"language":"ENG","playtime":4116,"items_purged":[],"score":273,"play_id":"8922585e-4a04-4f5b-937f-30eecd5fe3a8","local_time":"20210123145439","is_ascension_mode":false,"campfire_choices":[{"data":"Slimebound:Split","floor":1,"key":"SMITH"},{"data":"Slimebound:RainOfGoop","floor":6,"key":"SMITH"},{"data":"Slimebound:DuplicatedForm","floor":13,"key":"SMITH"},{"floor":18,"key":"RECALL"}],"circlet_count":0,"master_deck":["Slimebound:Strike_Slimebound","Slimebound:Tackle+1","Slimebound:Defend_Slimebound","Slimebound:Defend_Slimebound","Slimebound:Defend_Slimebound","Slimebound:Split+1","Slimebound:CorrosiveSpit","Slimebound:PressTheAttack","Slimebound:RejuvenatingLick","Slimebound:RainOfGoop+1","Slimebound:SlimeSpikes","Slimebound:DuplicatedForm+1","Slimebound:SamplingLick","Slimebound:Repurpose+1","Slimebound:ComboTackle","Slimebound:Teamwork","Slimebound:GoopSpray","Slimebound:WasteNot","Slimebound:MegaLick","Slimebound:GoopTackle","Slimebound:Nibble+1","Slimebound:GoopSpray+1","Necronomicurse","Slimebound:SplitBruiser+1","Slimebound:SplitAcid+1"],"relics":["Slimebound:TarBlob","Whetstone","Singing Bowl","PreservedInsect","Tiny House","downfall:HeartBlessingGreen","Bloody Idol","Blood Vial","Potion Belt","Necronomicon","Juzu Bracelet","downfall:KnowingSkull"],"acts_visited":["Exordium","TheCity"],"potions_floor_usage":[14,16,16,29,29,31,31],"damage_taken":[{"damage":5,"enemies":"Small Slimes","floor":2,"turns":3},{"damage":0,"enemies":"Cultist","floor":4,"turns":2},{"damage":1,"enemies":"Jaw Worm","floor":5,"turns":2},{"damage":12,"enemies":"3 Sentries","floor":10,"turns":8},{"damage":5,"enemies":"downfall:FleeingMerchant","floor":11,"turns":4},{"damage":0,"enemies":"3 Louse","floor":12,"turns":3},{"damage":7,"enemies":"Exordium Wildlife","floor":14,"turns":2},{"damage":6,"enemies":"Red Slaver","floor":15,"turns":3},{"damage":22,"enemies":"DF_ARCHETYPE_STREAMLINE","floor":16,"turns":7},{"damage":0,"enemies":"Shell Parasite","floor":19,"turns":3},{"damage":24,"enemies":"downfall:FleeingMerchant","floor":22,"turns":4},{"damage":12,"enemies":"Slavers","floor":23,"turns":4},{"damage":0,"enemies":"3 Cultists","floor":25,"turns":3},{"damage":21,"enemies":"Centurion and Healer","floor":26,"turns":5},{"damage":13,"enemies":"downfall:FleeingMerchant","floor":28,"turns":4},{"damage":16,"enemies":"Book of Stabbing","floor":29,"turns":3},{"damage":33,"enemies":"Snake Plant","floor":31,"turns":2}],"seed_played":"1740095460277762608","potions_obtained":[{"floor":2,"key":"Slimebound:SlimyTonguePotion"},{"floor":4,"key":"Swift Potion"},{"floor":5,"key":"SpeedPotion"},{"floor":14,"key":"EssenceOfSteel"},{"floor":17,"key":"Dexterity Potion"},{"floor":23,"key":"FearPotion"},{"floor":26,"key":"Slimebound:SpawnSlimePotion"},{"floor":29,"key":"AttackPotion"}],"is_trial":false,"path_per_floor":["R","M","?","M","M","R","T","?","?","E","$","M","R","M","M","B",null,"R","M","?","?","$","E","T","M","M","?","$","E","?","M"],"character_chosen":"SLIMEBOUND","items_purchased":["PreservedInsect","Slimebound:GoopTackle","Fire Potion"],"campfire_rested":0,"item_purchase_floors":[11,22,28],"current_hp_per_floor":[65,60,60,60,59,59,59,59,59,47,42,42,42,37,31,24,72,72,72,17,45,38,33,33,40,43,27,16,22,16,0,0,0],"gold":114,"neow_bonus":"BOSS_RELIC","is_daily":false,"chose_seed":false,"campfire_upgraded":3,"win_rate":0.0,"timestamp":1611431679,"path_taken":["R","M","?","M","?","R","T","?","?","E","?","M","R","M","M","BOSS","R","M","?","?","$","E","T","M","M","?","?","E","?","M"],"items_purchased_type":["Relic","Card","Potion"],"build_version":"2020-12-18","purchased_purges":0,"victory":false,"max_hp_per_floor":[65,65,65,65,65,65,65,65,65,65,65,65,65,67,67,67,72,72,72,72,72,72,72,72,72,74,74,74,74,74,74,74,74],"card_choices":[{"not_picked":["Slimebound:TongueLash","Slimebound:SplitLeeching"],"picked":"Slimebound:PressTheAttack","floor":2},{"not_picked":["Slimebound:LeechEnergy","Slimebound:FinishingTackle"],"picked":"Slimebound:RainOfGoop","floor":4},{"not_picked":["Slimebound:RollThrough","Slimebound:SplitLeeching"],"picked":"Slimebound:SlimeSpikes","floor":5},{"not_picked":["Slimebound:ComboTackle","Slimebound:GrowthPunch"],"picked":"Slimebound:DuplicatedForm","floor":10},{"not_picked":["Slimebound:SplitAcid","Slimebound:RollThrough"],"picked":"Slimebound:SamplingLick","floor":11},{"not_picked":["Slimebound:GoopTackle","Slimebound:ForwardTackle"],"picked":"Slimebound:Repurpose","floor":12},{"not_picked":["Slimebound:LeechEnergy","Slimebound:SlimeSpikes","Slimebound:ItLooksTasty"],"picked":"Singing Bowl","floor":14},{"not_picked":["Slimebound:Replication","Slimebound:SplitLeeching"],"picked":"Slimebound:ComboTackle","floor":15},{"not_picked":["Slimebound:PrepareCrush","Slimebound:WasteNot"],"picked":"Slimebound:Teamwork","floor":16},{"not_picked":["Slimebound:Repurpose","Slimebound:SlimeTap"],"picked":"Slimebound:GoopSpray","floor":17},{"not_picked":["Slimebound:LivingWall","Slimebound:HauntingLick"],"picked":"Slimebound:WasteNot","floor":19},{"not_picked":["Slimebound:Repurpose","Slimebound:FlameTackle"],"picked":"Slimebound:MegaLick","floor":22},{"not_picked":["Slimebound:HauntingLick","Slimebound:Dissolve+1"],"picked":"Slimebound:Nibble+1","floor":23},{"not_picked":["Slimebound:PressTheAttack+1","Slimebound:RollThrough"],"picked":"Slimebound:GoopSpray+1","floor":25},{"not_picked":["Slimebound:ComboTackle","Slimebound:Schlurp","Slimebound:LivingWall"],"picked":"Singing Bowl","floor":26},{"not_picked":["Slimebound:FormOfPuddle","Slimebound:AcidTongue"],"picked":"Slimebound:SplitBruiser+1","floor":28},{"not_picked":["Slimebound:LeadByExample","Slimebound:RollThrough"],"picked":"Slimebound:SplitAcid+1","floor":29}],"player_experience":3241886,"relics_obtained":[{"floor":7,"key":"Whetstone"},{"floor":10,"key":"Singing Bowl"},{"floor":23,"key":"Potion Belt"},{"floor":27,"key":"Necronomicon"},{"floor":29,"key":"Juzu Bracelet"}],"event_choices":[{"cards_removed":["Slimebound:Defend_Slimebound"],"damage_healed":0,"gold_gain":0,"player_choice":"Card Removal","damage_taken":0,"max_hp_gain":0,"max_hp_loss":0,"event_name":"The Cleric","floor":9,"gold_loss":0},{"damage_healed":0,"gold_gain":0,"player_choice":" Idol Vial ","damage_taken":55,"relics_obtained":["Bloody Idol","Blood Vial"],"max_hp_gain":72,"max_hp_loss":17,"event_name":"betterAltar:BetterAltar","floor":20,"potions_obtained":[],"relics_lost":[],"gold_loss":0}],"is_beta":true,"boss_relics":[{"not_picked":["SacredBark","bronze:MakeshiftBattery"],"picked":"Tiny House"}],"items_purged_floors":[],"is_endless":false,"potions_floor_spawned":[2,4,5,14,23,26,29],"killed_by":"Snake Plant","ascension_level":0}}