{"host":"b6hf8n3pu8vqv2wi","time":1611425399,"event":{"mods":["BaseMod","Downfall","Minty Spire (QoL Compilation)","StSLib"],"gold_per_floor":[99,117,130,193,193,207,207,307,307,324,337,512,540,557,572,572,572,572],"floor_reached":16,"language":"ZHS","playtime":2372,"items_purged":[],"score":104,"play_id":"56895303-5c31-4ebf-9c14-3166296de00c","local_time":"20210124020959","is_ascension_mode":false,"campfire_choices":[{"floor":1.0,"key":"RECALL"}],"circlet_count":0,"master_deck":["hexamod:Strike","hexamod:Strike","hexamod:Defend","hexamod:Defend","hexamod:Defend","hexamod:Sear","hexamod:Float","hexamod:SpectersWail+1","hexamod:FourthSeal","hexamod:SwordOfDarkness","hexamod:SkipABeat","hexamod:ThermalTransfer","hexamod:Hexaguard","hexamod:ThirdSeal","hexamod:RadiantFlame","hexamod:FastForward","Doubt","hexamod:FirstSeal","hexamod:SecondSeal","hexamod:InspiringFlames","hexamod:TurnItUp"],"relics":["hexamod:SpiritBrand","Mercury Hourglass","Blue Candle","Dream Catcher"],"acts_visited":["Exordium"],"potions_floor_usage":[13,13,15,16],"damage_taken":[{"damage":1.0,"enemies":"Cultist","floor":2.0,"turns":4.0},{"damage":1.0,"enemies":"2 Louse","floor":3.0,"turns":2.0},{"damage":26.0,"enemies":"3 Sentries","floor":4.0,"turns":10.0},{"damage":0.0,"enemies":"Small Slimes","floor":6.0,"turns":2.0},{"damage":5.0,"enemies":"downfall:Heads","floor":8.0,"turns":4.0},{"damage":2.0,"enemies":"Blue Slaver","floor":10.0,"turns":2.0},{"damage":0.0,"enemies":"3 Louse","floor":11.0,"turns":2.0},{"damage":7,"enemies":"Gremlin Nob","floor":13,"turns":3},{"damage":8,"enemies":"2 Fungi Beasts","floor":14,"turns":3},{"damage":9,"enemies":"Blue Slaver","floor":15,"turns":3},{"damage":36,"enemies":"DF_ARCHETYPE_STREAMLINE","floor":16,"turns":6}],"seed_played":"-6425113260453397292","potions_obtained":[{"floor":3.0,"key":"Ancient Potion"},{"floor":4.0,"key":"EssenceOfSteel"},{"floor":6.0,"key":"FearPotion"},{"floor":8.0,"key":"Fruit Juice"},{"floor":11.0,"key":"Fire Potion"},{"floor":13,"key":"GamblersBrew"}],"is_trial":false,"path_per_floor":["R","M","M","?","?","M","T","?","?","M","M","?","E","M","M","B"],"character_chosen":"THE_SPIRIT","items_purchased":[],"campfire_rested":0,"item_purchase_floors":[],"current_hp_per_floor":[77,76,75,49,49,49,49,44,39,37,42,42,35,27,25,0,0,0],"gold":572,"neow_bonus":"TEN_PERCENT_HP_BONUS","is_daily":false,"chose_seed":false,"campfire_upgraded":0,"win_rate":0.0,"timestamp":1611425399,"path_taken":["R","M","M","?","?","M","T","?","?","?","M","?","E","M","M","BOSS"],"items_purchased_type":[],"build_version":"2020-12-22","purchased_purges":0,"victory":false,"max_hp_per_floor":[77,77,77,77,77,77,77,77,77,77,82,82,82,82,82,82,82,82],"card_choices":[{"not_picked":["hexamod:BacktrackSmack","hexamod:GhostLash"],"picked":"hexamod:SpectersWail","floor":2.0},{"not_picked":["hexamod:Hexaguard","hexamod:Firestarter"],"picked":"hexamod:FourthSeal","floor":3.0},{"not_picked":["hexamod:RainOfEmbers","hexamod:BacktrackSmack"],"picked":"hexamod:SwordOfDarkness","floor":4.0},{"not_picked":["hexamod:BurningTouch","hexamod:Hexaguard"],"picked":"hexamod:SkipABeat","floor":6.0},{"not_picked":["hexamod:GhostOfSpirePast","hexamod:PhantomCloak"],"picked":"hexamod:Hexaguard","floor":8.0},{"not_picked":["hexamod:Firestarter","hexamod:SpectralAdrenaline"],"picked":"hexamod:ThirdSeal","floor":10.0},{"not_picked":["hexamod:ExtraCrispy","hexamod:SpectersWail"],"picked":"hexamod:RadiantFlame","floor":11.0},{"not_picked":["hexamod:BacktrackSmack","hexamod:Incineration"],"picked":"hexamod:FastForward","floor":11.0},{"not_picked":["hexamod:SwordOfDarkness","hexamod:SkipABeat"],"picked":"hexamod:FirstSeal","floor":13},{"not_picked":["hexamod:FastForward","hexamod:Hexaguard"],"picked":"hexamod:SecondSeal","floor":13},{"not_picked":["hexamod:NightmareStrike","hexamod:FastForward"],"picked":"hexamod:InspiringFlames","floor":14},{"not_picked":["hexamod:HauntingEcho","hexamod:InspiringFlames"],"picked":"hexamod:TurnItUp","floor":14},{"not_picked":["hexamod:InspiringFlames","hexamod:GhostLash","hexamod:HauntingEcho"],"picked":"SKIP","floor":15}],"player_experience":440813,"relics_obtained":[{"floor":4.0,"key":"Mercury Hourglass"},{"floor":13,"key":"Dream Catcher"}],"event_choices":[],"is_beta":false,"boss_relics":[],"items_purged_floors":[],"is_endless":false,"potions_floor_spawned":[3,8,11,13],"killed_by":"DF_ARCHETYPE_STREAMLINE","ascension_level":0}}