{"host":"824exx23qlyrdtjz","time":1611387567,"event":{"mods":["BaseMod","Colored Map","Downfall","Minty Spire (QoL Compilation)","StSLib"],"gold_per_floor":[99,99,99,99,199,209,209,209,229,248,248,248,248],"floor_reached":11,"language":"ENG","playtime":337,"items_purged":[],"score":61,"play_id":"1e8daf06-524e-4891-ad76-728ad3a1ba3f","local_time":"20210123023927","is_ascension_mode":false,"campfire_choices":[{"data":"bronze:Goto","floor":1,"key":"SMITH"},{"data":"bronze:FineTuning","floor":8,"key":"SMITH"}],"circlet_count":0,"master_deck":["bronze:Strike","bronze:Strike","bronze:Strike","bronze:Defend","bronze:Defend","bronze:Defend","bronze:Defend","bronze:Replicate","bronze:Goto+1","bronze:MaxOutput","bronze:DigitalCarnage","bronze:DelayedSlice","bronze:FineTuning+1","bronze:Overheat","bronze:Branch"],"relics":["bronze:BronzeCore","downfall:HeartsMalice","downfall:GremlinWheel","Toxic Egg 2"],"acts_visited":["Exordium"],"potions_floor_usage":[11],"damage_taken":[{"damage":0,"enemies":"Cultist","floor":2,"turns":1},{"damage":0,"enemies":"Jaw Worm","floor":3,"turns":1},{"damage":0,"enemies":"2 Louse","floor":4,"turns":1},{"damage":34,"enemies":"2 Louse","floor":5,"turns":4},{"damage":10,"enemies":"Exordium Thugs","floor":6,"turns":2},{"damage":5,"enemies":"Gremlin Gang","floor":9,"turns":3},{"damage":13,"enemies":"3 Louse","floor":10,"turns":2},{"damage":10,"enemies":"3 Sentries","floor":11,"turns":2}],"seed_played":"9127193876031462726","potions_obtained":[{"floor":6,"key":"AttackPotion"}],"is_trial":false,"path_per_floor":["R","M","M","M","?","M","T","R","M","M","E"],"character_chosen":"THE_AUTOMATON","items_purchased":[],"campfire_rested":0,"item_purchase_floors":[],"current_hp_per_floor":[70,70,70,70,36,26,26,26,21,8,0,0,0],"gold":248,"neow_bonus":"THREE_ENEMY_KILL","is_daily":false,"chose_seed":false,"campfire_upgraded":2,"win_rate":0.0,"timestamp":1611387567,"path_taken":["R","M","M","?","?","M","T","R","?","M","E"],"items_purchased_type":[],"build_version":"2020-12-22","purchased_purges":0,"victory":false,"max_hp_per_floor":[70,70,70,70,70,70,70,70,70,70,70,70,70],"card_choices":[{"not_picked":["bronze:Frontload","bronze:DelayedGuard"],"picked":"bronze:MaxOutput","floor":2},{"not_picked":["bronze:CutThrough","bronze:FindAndReplace"],"picked":"bronze:DigitalCarnage","floor":3},{"not_picked":["bronze:MaxOutput","bronze:Overheat"],"picked":"bronze:DelayedSlice","floor":4},{"not_picked":["bronze:DarkDash","bronze:Repair"],"picked":"bronze:FineTuning","floor":6},{"not_picked":["bronze:FineTuning+1","bronze:Virus"],"picked":"bronze:Overheat","floor":9},{"not_picked":["bronze:Turbo+1","bronze:FineTuning+1"],"picked":"bronze:Branch","floor":10}],"player_experience":194508,"relics_obtained":[{"floor":5,"key":"downfall:GremlinWheel"},{"floor":7,"key":"Toxic Egg 2"}],"event_choices":[{"cards_removed":["bronze:Strike"],"damage_healed":0,"gold_gain":0,"player_choice":"Card Removal","damage_taken":0,"max_hp_gain":0,"max_hp_loss":0,"event_name":"Wheel of Change","floor":8,"gold_loss":0}],"is_beta":false,"boss_relics":[],"items_purged_floors":[],"is_endless":false,"potions_floor_spawned":[6],"killed_by":"3 Sentries","ascension_level":0}}