{"host":"7k2a2omxz3voj5ax","time":1611374688,"event":{"mods":["BaseMod","Marisa£¨ìFÓê¡¡Ä§ÀíÉ³£©","Minty Spire (QoL Compilation)","Quick Restart","Spicy Shops","StSLib","Starting Relic: Pandora\u0027s Box","¡¾ÒÅÎï¿¨ÅÆ¡¿REMEMod","óô»ðÖ¸ÄÏ"],"gold_per_floor":[2319,2338,2363,2030,2030,2030,2030,2030],"floor_reached":7,"language":"ZHS","playtime":273,"items_purged":["MasterSpark"],"score":82,"play_id":"ce7dca1a-34ff-4dbf-85ae-1a840a13bb8b","local_time":"20210123130448","is_ascension_mode":true,"campfire_choices":[],"circlet_count":0,"master_deck":["AscendersBane","UpSweep","DoubleSpark","6A","GravityBeat","MilkyWay+1","WitchLeyline","SporeBomb","AsteroidBelt","WitchOfGreed","LessonLearned","EarthLightRay","SuperNova","REME_ShortnessOfBreath+1","MagicAbsorber","WitchLeyline"],"relics":["MiniHakkero","REME_ComplimentaryCards","Orrery","Shuriken"],"acts_visited":["Exordium"],"potions_floor_usage":[],"damage_taken":[{"damage":4.0,"enemies":"2 Louse","floor":1.0,"turns":2.0},{"damage":0,"enemies":"Jaw Worm","floor":2,"turns":1},{"damage":1,"enemies":"Cultist","floor":3,"turns":4},{"damage":0,"enemies":"Gremlin Nob","floor":7,"turns":2}],"seed_played":"2226743647074445221","potions_obtained":[{"floor":3,"key":"Fire Potion"},{"floor":3,"key":"ColorlessPotion"}],"is_trial":false,"path_per_floor":["M","M","M","$","?","?","E"],"character_chosen":"MARISA","items_purchased":["REME_ShortnessOfBreath","Orrery"],"campfire_rested":0,"item_purchase_floors":[4,4],"current_hp_per_floor":[63,67,69,69,43,43,43,43],"gold":2030,"neow_bonus":"THREE_CARDS","is_daily":false,"chose_seed":false,"campfire_upgraded":0,"win_rate":0.0,"timestamp":1611374688,"path_taken":["M","M","M","$","?","?","E"],"items_purchased_type":["Card","Relic"],"build_version":"2020-12-22","purchased_purges":1,"victory":false,"max_hp_per_floor":[70,70,70,70,70,70,70,70],"card_choices":[{"not_picked":["StarBarrage","DC"],"picked":"EarthLightRay","floor":0.0},{"not_picked":["ChargingUp","IllusionStar","LuminesStrike"],"picked":"SKIP","floor":1.0},{"not_picked":["6A","OpenUniverse"],"picked":"SuperNova","floor":2},{"not_picked":["LuminesStrike","AsteroidBelt","SporeBomb"],"picked":"SKIP","floor":3},{"not_picked":["PulseMagic","SporeBomb"],"picked":"MagicAbsorber","floor":4},{"not_picked":["GrandCross","AbsoluteMagnitude"],"picked":"WitchLeyline","floor":4}],"player_experience":479720,"relics_obtained":[],"event_choices":[{"damage_healed":0,"gold_gain":0,"player_choice":"Success","damage_taken":26,"relics_obtained":["Shuriken"],"max_hp_gain":0,"max_hp_loss":0,"event_name":"Scrap Ooze","floor":5,"gold_loss":0},{"damage_healed":0,"gold_gain":0,"player_choice":"Upgraded","damage_taken":0,"max_hp_gain":0,"max_hp_loss":0,"event_name":"Upgrade Shrine","floor":6,"gold_loss":0,"cards_upgraded":["REME_ShortnessOfBreath"]}],"is_beta":false,"boss_relics":[],"items_purged_floors":[4],"is_endless":false,"potions_floor_spawned":[3],"killed_by":"Gremlin Nob","ascension_level":20}}