{"host":"kabf61oc9jgfwufg","time":1611407582,"event":{"mods":["AchievementEnabler","Aspiration","BaseMod","Conspire","Defuse TimeMaze Blight","Energized Spire","GifTheSpireLib","Halation","HexUI Lib","Hubris","Hyrulean Relics","Infinite Spire","Melee Mod","Minty Spire (QoL Compilation)","Poor People Problems","Quick Restart","Rare Cards Sparkle","Replay The Spire","Shop Mod","Small Relic Pack","StSLib","Transform Curses"],"gold_per_floor":[111,111,111,186,82,126,159,194,206,218,243,255,267,267],"floor_reached":13,"language":"ENG","playtime":357,"items_purged":["Strike_G"],"score":87,"play_id":"795c5551-6c11-4247-b15e-834d793268ee","local_time":"20210123131302","is_ascension_mode":true,"campfire_choices":[{"data":"hubris:Ukulele","floor":10.0,"key":"SMITH"},{"floor":12.0,"key":"REST"}],"circlet_count":0,"master_deck":["Strike_G","Strike_G","Strike_G","Defend_G","Defend_G","Defend_G","Defend_G","Defend_G","Survivor","Neutralize","Footwork","hubris:Ukulele+1","Go for the Eyes","Backstab"],"relics":["Ring of the Snake","aspiration:DefectSkillbook","Golden Idol","MerchantsRug","MawBank","hubris:Zylophone"],"acts_visited":["Exordium"],"potions_floor_usage":[],"damage_taken":[{"damage":3.0,"enemies":"2 Louse","floor":1.0,"turns":3.0},{"damage":50.0,"enemies":"Gremlin Nob","floor":6.0,"turns":8.0},{"damage":3.0,"enemies":"Small Slimes","floor":7.0,"turns":5.0},{"damage":0.0,"enemies":"Cultist","floor":8.0,"turns":4.0},{"damage":2.0,"enemies":"2 Fungi Beasts","floor":11.0,"turns":4.0},{"damage":0,"enemies":"Replay:BlueRogue","floor":13,"turns":1}],"seed_played":"-1213064801740127305","potions_obtained":[{"floor":8.0,"key":"Block Potion"}],"is_trial":false,"path_per_floor":["M","?","?","?","$","E","M","M","T","R","M","R","E"],"character_chosen":"THE_SILENT","items_purchased":["MerchantsRug"],"campfire_rested":1,"item_purchase_floors":[5],"current_hp_per_floor":[67,65,65,59,59,9,6,6,6,6,4,23,23,23],"gold":267,"neow_bonus":"DOUBLE_BOSS_RELIC","is_daily":false,"chose_seed":false,"campfire_upgraded":1,"win_rate":0.0,"timestamp":1611407582,"path_taken":["M","?","?","?","$","E","M","M","T","R","?","R","E"],"items_purchased_type":["Relic"],"build_version":"2020-12-22","purchased_purges":1,"victory":false,"max_hp_per_floor":[70,65,65,65,65,65,65,65,65,65,65,65,65,65],"card_choices":[{"not_picked":["BasicCrystalCard","Deadly Poison","Consume"],"picked":"Footwork","floor":1.0},{"not_picked":["Panic Button","Loop","Hologram"],"picked":"hubris:Ukulele","floor":6.0},{"not_picked":["Prepared","Dodge and Roll","Streamline"],"picked":"Go for the Eyes","floor":7.0},{"not_picked":["Defragment","Sweeping Beam","Poisoned Stab"],"picked":"Backstab","floor":8.0},{"not_picked":["Conserve Battery","ReplaySolidLightProjector","Caltrops","Heatsinks"],"picked":"SKIP","floor":11.0}],"player_experience":178502,"relics_obtained":[{"floor":6.0,"key":"MawBank"},{"floor":9.0,"key":"hubris:Zylophone"}],"event_choices":[{"damage_healed":0.0,"max_hp_gain":0.0,"max_hp_loss":5.0,"gold_gain":0.0,"event_name":"Golden Idol","player_choice":"Lose Max HP","floor":2.0,"gold_loss":0.0,"damage_taken":0.0,"relics_obtained":["Golden Idol"]},{"damage_healed":0.0,"max_hp_gain":0.0,"max_hp_loss":0.0,"gold_gain":75.0,"event_name":"FaceTrader","player_choice":"Touch","floor":4.0,"gold_loss":0.0,"damage_taken":6.0}],"is_beta":false,"boss_relics":[],"items_purged_floors":[5],"is_endless":false,"potions_floor_spawned":[8],"killed_by":"Replay:BlueRogue","ascension_level":1}}