{"host":"Jay","time":1611435943,"event":{"mods":["BaseMod","Better Altar","Better Sensory Stone","Better Skull","Better Third Choice","Better Vampires","Colored Map","Custom Start","Downfall","Highlight Path","Minty Spire (QoL Compilation)","Permanent Neow","StSLib"],"gold_per_floor":[99,117,117,128,147,163,211,223,323,356,356,356,373,412,441,441,441,441],"floor_reached":16,"language":"ENG","playtime":4220,"items_purged":[],"score":114,"play_id":"9d58cfda-c007-4e57-b8bd-e6979d14049e","local_time":"20210123160543","is_ascension_mode":false,"campfire_choices":[{"data":"Guardian:CurlUp","floor":1,"key":"SMITH"},{"data":"Guardian:BaubleBeam","floor":12,"key":"SMITH"}],"circlet_count":0,"master_deck":["Guardian:Strike_Guardian","Guardian:Strike_Guardian","Guardian:Strike_Guardian+1","Guardian:Defend_Guardian","Guardian:Defend_Guardian","Guardian:Defend_Guardian","Guardian:Defend_Guardian","Guardian:CurlUp+1","Guardian:TwinSlam+1","Guardian:PrimingBeam","Fire Breathing","After Image","Guardian:GuardianWhirl","Guardian:BaubleBeam+1","Guardian:Gem_Red","Guardian:Gem_Fragmented","Guardian:BronzeOrb"],"relics":["Guardian:ModeShifter","Whetstone","Bag of Preparation","HornCleat","Nunchaku","Strawberry","CeramicFish"],"acts_visited":["Exordium"],"potions_floor_usage":[10,14],"damage_taken":[{"damage":1,"enemies":"Jaw Worm","floor":2,"turns":3},{"damage":0,"enemies":"Small Slimes","floor":4,"turns":4},{"damage":0,"enemies":"2 Louse","floor":5,"turns":3},{"damage":14,"enemies":"Exordium Wildlife","floor":6,"turns":6},{"damage":0,"enemies":"Gremlin Gang","floor":8,"turns":6},{"damage":8,"enemies":"Gremlin Nob","floor":10,"turns":4},{"damage":8,"enemies":"Lots of Slimes","floor":13,"turns":2},{"damage":6,"enemies":"3 Sentries","floor":14,"turns":6},{"damage":7,"enemies":"Exordium Thugs","floor":15,"turns":5},{"damage":56,"enemies":"SI_SHIV_ARCHETYPE","floor":16,"turns":8}],"seed_played":"-6850701511723377114","potions_obtained":[{"floor":2,"key":"SteroidPotion"},{"floor":5,"key":"Block Potion"},{"floor":13,"key":"Guardian:StasisDiscoveryPotion"},{"floor":14,"key":"FairyPotion"}],"is_trial":false,"path_per_floor":["R","M","?","M","M","M","T","M","?","E","?","R","M","E","M","B"],"character_chosen":"GUARDIAN","items_purchased":[],"campfire_rested":0,"item_purchase_floors":[],"current_hp_per_floor":[80,79,56,56,56,42,42,42,42,41,41,41,33,27,20,0,0,0],"gold":441,"neow_bonus":"RANDOM_COMMON_RELIC","is_daily":false,"chose_seed":false,"campfire_upgraded":2,"win_rate":0.0,"timestamp":1611435943,"path_taken":["R","M","?","M","M","M","T","M","?","E","?","R","M","E","M","BOSS"],"items_purchased_type":[],"build_version":"2020-12-18","purchased_purges":0,"victory":false,"max_hp_per_floor":[80,80,80,80,80,80,80,80,80,87,87,87,87,87,87,87,87,87],"card_choices":[{"not_picked":["Guardian:PolyBeam","Guardian:RefractedBeam"],"picked":"Guardian:PrimingBeam","floor":2},{"not_picked":["Guardian:ShieldCharger","Guardian:PrismaticBeam","Guardian:WalkerClaw"],"picked":"SKIP","floor":4},{"not_picked":["Guardian:ShieldCharger","Guardian:Recover"],"picked":"Guardian:GuardianWhirl","floor":5},{"not_picked":["Guardian:Harden","Guardian:ChargeCore"],"picked":"Guardian:Gem_Green","floor":6},{"not_picked":["Guardian:Gem_Lightblue","Guardian:PiercingHide"],"picked":"Guardian:Gem_Red","floor":8},{"not_picked":["Guardian:DecasProtection","Guardian:ArmoredProtocol"],"picked":"Guardian:BaubleBeam","floor":10},{"not_picked":["Guardian:TemporalStrike","Guardian:Incinerate"],"picked":"Guardian:Gem_Red","floor":13},{"not_picked":["Guardian:FloatingOrbs","Guardian:PolyBeam"],"picked":"Guardian:Gem_Fragmented","floor":14},{"not_picked":["Guardian:BodySlam","Guardian:Gem_Cyan"],"picked":"Guardian:BronzeOrb","floor":15}],"player_experience":3246002,"relics_obtained":[{"floor":7,"key":"Nunchaku"},{"floor":10,"key":"Strawberry"},{"floor":14,"key":"CeramicFish"}],"event_choices":[{"cards_removed":["Guardian:Strike_Guardian"],"damage_healed":0,"gold_gain":0,"player_choice":"Card Removal","damage_taken":0,"max_hp_gain":0,"max_hp_loss":0,"event_name":"The Cleric","floor":11,"gold_loss":0}],"is_beta":true,"boss_relics":[],"items_purged_floors":[],"is_endless":false,"potions_floor_spawned":[2,5,13,14],"killed_by":"SI_SHIV_ARCHETYPE","ascension_level":0}}