{"host":"9ndbo4kgsfoemf7y","time":1611397456,"event":{"mods":["AchievementEnabler","BaseMod","Colored Map","DeckTracker","Keyboard Shortcuts","Minty Spire (QoL Compilation)","Permanent Neow","Quick Restart","Relic Stats","StSLib","SuperFastMode"],"gold_per_floor":[17,31,42,92,107,140,151,151,202,233,233,249,249,249,249,377,377,400,135,135,158,34,34,54,54,54,88,88,108,149,168,168,288,288,306,639,658,658,390,390,445,445,470,470,481,481,481,498,498,498],"floor_reached":51,"language":"KOR","playtime":1645,"items_purged":["Strike_R","Defend_R","Defend_R"],"score":770,"play_id":"64d98284-6877-4c3e-9347-7691e08251e6","local_time":"20210123192416","is_ascension_mode":false,"campfire_choices":[{"data":"Feed","floor":8.0,"key":"SMITH"},{"data":"Flame Barrier","floor":11.0,"key":"SMITH"},{"data":"Feed","floor":15.0,"key":"SMITH"},{"data":"Feed","floor":23.0,"key":"SMITH"},{"data":"Limit Break","floor":28.0,"key":"SMITH"},{"floor":32.0,"key":"REST"},{"data":"Barricade","floor":40.0,"key":"SMITH"},{"data":"Blood for Blood","floor":44.0,"key":"SMITH"},{"data":"Madness","floor":47.0,"key":"SMITH"},{"data":"Madness","floor":49.0,"key":"SMITH"}],"circlet_count":0,"master_deck":["Strike_R+1","Defend_R","Bash","Blood for Blood+1","Disarm+1","Perfected Strike","Pommel Strike+1","Flame Barrier+1","Feed+1","Perfected Strike+1","Feed+1","Offering","Inflame","Feed+1","Perfected Strike","Clash","Sever Soul","Limit Break+1","Barricade+1","Purity","Madness+1","Madness+1"],"relics":["Burning Blood","Oddly Smooth Stone","Whetstone","Strawberry","Orichalcum","Runic Pyramid","Membership Card","Vajra","Nunchaku","StoneCalendar","Dead Branch","Coffee Dripper","Gremlin Horn","Bag of Marbles","Unceasing Top","Omamori"],"acts_visited":["Exordium","TheCity","TheBeyond"],"potions_floor_usage":[50,50,50],"damage_taken":[{"damage":12.0,"enemies":"Cultist","floor":1.0,"turns":5.0},{"damage":8.0,"enemies":"Small Slimes","floor":2.0,"turns":3.0},{"damage":8.0,"enemies":"2 Louse","floor":3.0,"turns":2.0},{"damage":12.0,"enemies":"Blue Slaver","floor":5.0,"turns":3.0},{"damage":26.0,"enemies":"3 Sentries","floor":6.0,"turns":10.0},{"damage":7.0,"enemies":"3 Louse","floor":7.0,"turns":5.0},{"damage":16.0,"enemies":"Gremlin Nob","floor":10.0,"turns":4.0},{"damage":0.0,"enemies":"2 Fungi Beasts","floor":12.0,"turns":4.0},{"damage":25.0,"enemies":"Slime Boss","floor":16.0,"turns":9.0},{"damage":10.0,"enemies":"Spheric Guardian","floor":18.0,"turns":3.0},{"damage":16.0,"enemies":"Shell Parasite","floor":21.0,"turns":4.0},{"damage":7.0,"enemies":"Snecko","floor":24.0,"turns":5.0},{"damage":38.0,"enemies":"Slavers","floor":27.0,"turns":4.0},{"damage":16.0,"enemies":"Centurion and Healer","floor":29.0,"turns":6.0},{"damage":21.0,"enemies":"Book of Stabbing","floor":30.0,"turns":4.0},{"damage":22.0,"enemies":"Shelled Parasite and Fungi","floor":31.0,"turns":5.0},{"damage":56.0,"enemies":"Automaton","floor":33.0,"turns":8.0},{"damage":25.0,"enemies":"3 Shapes","floor":35.0,"turns":4.0},{"damage":11.0,"enemies":"Orb Walker","floor":37.0,"turns":3.0},{"damage":51.0,"enemies":"2 Orb Walkers","floor":41.0,"turns":4.0},{"damage":23.0,"enemies":"Sphere and 2 Shapes","floor":45.0,"turns":4.0},{"damage":23.0,"enemies":"Writhing Mass","floor":48.0,"turns":2.0},{"damage":56,"enemies":"Donu and Deca","floor":50,"turns":6}],"seed_played":"-9165864169560053832","potions_obtained":[{"floor":1.0,"key":"AttackPotion"},{"floor":3.0,"key":"Energy Potion"},{"floor":10.0,"key":"Fruit Juice"},{"floor":18.0,"key":"SkillPotion"},{"floor":31.0,"key":"SkillPotion"},{"floor":33.0,"key":"BloodPotion"},{"floor":37.0,"key":"ColorlessPotion"}],"is_trial":false,"path_per_floor":["M","M","M","T","M","E","M","R","T","E","R","M","?","?","R","B",null,"M","$","?","M","$","R","M","?","T","E","R","M","E","M","R","B",null,"M","?","M","?","$","R","?","?","T","R","M","?","R","M","R","B",null],"character_chosen":"IRONCLAD","items_purchased":["Membership Card","Vajra","Feed","Gremlin Horn","Bag of Marbles"],"campfire_rested":1,"item_purchase_floors":[19,19,22,39,39],"current_hp_per_floor":[74,72,70,70,64,44,46,46,53,47,47,57,37,37,37,31,104,104,104,104,98,98,98,101,101,101,81,81,79,64,56,99,53,148,137,137,136,136,136,136,95,95,95,95,90,68,68,55,55,49],"gold":498,"neow_bonus":"TRANSFORM_TWO_CARDS","is_daily":false,"chose_seed":false,"campfire_upgraded":9,"win_rate":0.0,"timestamp":1611397456,"path_taken":["M","M","M","?","M","E","M","R","T","E","R","M","?","?","R","BOSS","M","$","?","M","$","R","M","?","T","E","R","M","E","M","R","BOSS","M","?","M","?","$","R","?","?","T","R","M","?","R","M","R","BOSS"],"items_purchased_type":["Relic","Relic","Card","Relic","Relic"],"build_version":"2020-12-22","purchased_purges":3,"victory":true,"max_hp_per_floor":[80,80,80,80,80,80,83,83,90,94,94,98,98,91,91,104,104,108,108,108,112,112,112,116,116,116,128,128,136,136,144,144,148,148,156,156,160,160,160,160,164,164,164,164,176,176,176,180,180,188],"relic_stats":{"Nunchaku":[11],"Gremlin Horn":[4,4],"counters":[23,107],"Dead Branch":[63],"StoneCalendar":[52],"Whetstone":["Pommel Strike","Strike_R"],"Orichalcum":[186],"obtain_stats":[{"Gremlin Horn":39,"Golden Idol":14,"Dead Branch":30,"Oddly Smooth Stone":4,"Vajra":19,"StoneCalendar":27,"Omamori":43,"Whetstone":6,"Orichalcum":10,"Burning Blood":0,"Nunchaku":26,"Strawberry":9,"Coffee Dripper":34,"Bag of Marbles":39,"Membership Card":19,"Unceasing Top":41,"Runic Pyramid":17},{"Gremlin Horn":19,"Golden Idol":8,"Dead Branch":15,"Oddly Smooth Stone":3,"Vajra":10,"StoneCalendar":13,"Omamori":20,"Whetstone":5,"Orichalcum":7,"Burning Blood":0,"Nunchaku":12,"Strawberry":6,"Coffee Dripper":17,"Bag of Marbles":19,"Membership Card":10,"Unceasing Top":20,"Runic Pyramid":9},{"Gremlin Horn":91,"Golden Idol":36,"Dead Branch":71,"Oddly Smooth Stone":10,"Vajra":48,"StoneCalendar":61,"Omamori":95,"Whetstone":23,"Orichalcum":32,"Burning Blood":0,"Nunchaku":57,"Strawberry":28,"Coffee Dripper":84,"Bag of Marbles":91,"Membership Card":48,"Unceasing Top":95,"Runic Pyramid":45}],"Burning Blood":138,"Unceasing Top":[0]},"card_choices":[{"not_picked":["Uppercut","Burning Pact"],"picked":"Perfected Strike","floor":1.0},{"not_picked":["Havoc","Combust"],"picked":"Pommel Strike","floor":2.0},{"not_picked":["Heavy Blade","Warcry"],"picked":"Flame Barrier","floor":3.0},{"not_picked":["Iron Wave","Power Through","Thunderclap"],"picked":"SKIP","floor":5.0},{"not_picked":["Warcry","Ghostly Armor"],"picked":"Feed","floor":6.0},{"not_picked":["Searing Blow","Clothesline"],"picked":"Perfected Strike","floor":7.0},{"not_picked":["Thunderclap","Infernal Blade","Spot Weakness"],"picked":"SKIP","floor":10.0},{"not_picked":["Iron Wave","Thunderclap"],"picked":"Feed","floor":12.0},{"not_picked":["Reaper","Impervious"],"picked":"Offering","floor":16.0},{"not_picked":["Pummel","Iron Wave+1","Rampage"],"picked":"SKIP","floor":18.0},{"not_picked":["Sentinel","Body Slam"],"picked":"Inflame","floor":21.0},{"not_picked":["Flex","Wild Strike+1"],"picked":"Perfected Strike","floor":24.0},{"not_picked":["Armaments+1","Warcry"],"picked":"Limit Break","floor":27.0},{"not_picked":["Intimidate","Body Slam","Wild Strike"],"picked":"SKIP","floor":29.0},{"not_picked":["Carnage+1","Pommel Strike","Clash"],"picked":"SKIP","floor":30.0},{"not_picked":["Pummel","Evolve","Battle Trance"],"picked":"SKIP","floor":31.0},{"not_picked":["Immolate","Reaper"],"picked":"Barricade","floor":33.0},{"not_picked":["Infernal Blade+1","Flex","Thunderclap+1"],"picked":"SKIP","floor":35.0},{"not_picked":["Cleave","Battle Trance+1","Wild Strike+1"],"picked":"SKIP","floor":37.0},{"not_picked":["Panache","Dark Shackles"],"picked":"Purity","floor":42.0},{"not_picked":["Metallicize+1","Anger","Clothesline+1"],"picked":"SKIP","floor":45.0},{"not_picked":["Pommel Strike+1","Burning Pact","Anger+1"],"picked":"SKIP","floor":48.0}],"player_experience":841723,"relics_obtained":[{"floor":4.0,"key":"Oddly Smooth Stone"},{"floor":6.0,"key":"Whetstone"},{"floor":9.0,"key":"Strawberry"},{"floor":10.0,"key":"Orichalcum"},{"floor":26.0,"key":"Nunchaku"},{"floor":27.0,"key":"StoneCalendar"},{"floor":30.0,"key":"Dead Branch"},{"floor":41.0,"key":"Unceasing Top"},{"floor":43.0,"key":"Omamori"}],"event_choices":[{"damage_healed":0.0,"max_hp_gain":0.0,"max_hp_loss":0.0,"gold_gain":0.0,"event_name":"Shining Light","player_choice":"Entered Light","floor":13.0,"gold_loss":0.0,"damage_taken":20.0,"cards_upgraded":["Perfected Strike","Disarm"]},{"damage_healed":0.0,"max_hp_gain":0.0,"max_hp_loss":7.0,"gold_gain":0.0,"event_name":"Golden Idol","player_choice":"Lose Max HP","floor":14.0,"gold_loss":0.0,"damage_taken":0.0,"relics_obtained":["Golden Idol"]},{"damage_healed":0.0,"max_hp_gain":0.0,"max_hp_loss":0.0,"gold_gain":0.0,"event_name":"Vampires","player_choice":"Ignored","floor":20.0,"gold_loss":0.0,"damage_taken":0.0},{"damage_healed":0.0,"max_hp_gain":0.0,"max_hp_loss":0.0,"gold_gain":0.0,"cards_transformed":["Defend_R","Strike_R"],"event_name":"Drug Dealer","player_choice":"Became Test Subject","floor":25.0,"gold_loss":0.0,"damage_taken":0.0,"cards_obtained":["Clash","Sever Soul"]},{"damage_healed":0.0,"max_hp_gain":0.0,"max_hp_loss":0.0,"gold_gain":333.0,"event_name":"The Moai Head","player_choice":"Gave Idol","floor":36.0,"relics_lost":["Golden Idol"],"gold_loss":0.0,"damage_taken":0.0},{"damage_healed":0.0,"max_hp_gain":0.0,"max_hp_loss":0.0,"gold_gain":0.0,"event_name":"Tomb of Lord Red Mask","player_choice":"Ignored","floor":38.0,"gold_loss":0.0,"damage_taken":0.0},{"damage_healed":0.0,"max_hp_gain":0.0,"max_hp_loss":0.0,"gold_gain":0.0,"event_name":"Mysterious Sphere","player_choice":"Fight","floor":41.0,"gold_loss":0.0,"damage_taken":0.0},{"damage_healed":0.0,"max_hp_gain":0.0,"max_hp_loss":0.0,"gold_gain":0.0,"event_name":"SensoryStone","player_choice":"Memory 1","floor":42.0,"gold_loss":0.0,"damage_taken":0.0},{"damage_healed":0.0,"max_hp_gain":0.0,"max_hp_loss":0.0,"gold_gain":0.0,"event_name":"Winding Halls","player_choice":"Embrace Madness","floor":46.0,"gold_loss":0.0,"damage_taken":22.0,"cards_obtained":["Madness","Madness"]}],"is_beta":false,"boss_relics":[{"not_picked":["Runic Cube","Velvet Choker"],"picked":"Runic Pyramid"},{"not_picked":["Cursed Key","Sozu"],"picked":"Coffee Dripper"}],"items_purged_floors":[19,22,39],"is_endless":false,"potions_floor_spawned":[1,3,10,12,18,31,33,37,41],"ascension_level":0}}