{"host":"qgrlfjrqk9z96gfi","time":1611430822,"event":{"mods":["BaseMod","Block Reminder","Colored Map","Custom Start","DeckTracker","Minty Spire (QoL Compilation)"],"gold_per_floor":[113,133,147,107,107,146,146,177,177,142,161,205,205,240,252,264,264],"floor_reached":16,"language":"ENG","playtime":404,"items_purged":[],"score":256,"play_id":"6e91751e-fe4e-4751-acf2-93f47a882be4","local_time":"20210123094022","is_ascension_mode":true,"campfire_choices":[{"floor":7,"key":"REST"},{"floor":13,"key":"REST"},{"floor":15,"key":"REST"}],"circlet_count":0,"master_deck":["AscendersBane","Strike_G","Strike_G","Strike_G","Strike_G","Strike_G","Defend_G","Defend_G","Defend_G","Defend_G","Defend_G","Survivor","Neutralize","Infinite Blades","Footwork","Quick Slash","Blade Dance","Dagger Throw","Dash","Blade Dance","Backflip","Dagger Spray"],"relics":["Ring of the Snake","NeowsBlessing","Golden Idol","Boot","Gremlin Horn","Potion Belt","Toy Ornithopter","MawBank"],"acts_visited":["Exordium"],"potions_floor_usage":[11,14],"damage_taken":[{"damage":0,"enemies":"Cultist","floor":1,"turns":1},{"damage":0,"enemies":"Small Slimes","floor":2,"turns":1},{"damage":0,"enemies":"2 Louse","floor":3,"turns":1},{"damage":1,"enemies":"Looter","floor":4,"turns":4},{"damage":36,"enemies":"3 Sentries","floor":6,"turns":11},{"damage":30,"enemies":"Gremlin Nob","floor":8,"turns":4},{"damage":1,"enemies":"Exordium Wildlife","floor":11,"turns":3},{"damage":16,"enemies":"3 Sentries","floor":12,"turns":8},{"damage":19,"enemies":"Gremlin Nob","floor":14,"turns":4},{"damage":33,"enemies":"Slime Boss","floor":16,"turns":3}],"seed_played":"-7081391169592540849","potions_obtained":[{"floor":3,"key":"SneckoOil"},{"floor":11,"key":"Ancient Potion"}],"is_trial":false,"path_per_floor":["M","M","M","M","?","E","R","E","T","?","M","E","R","E","R","B"],"character_chosen":"THE_SILENT","items_purchased":[],"campfire_rested":3,"item_purchase_floors":[],"current_hp_per_floor":[59,59,59,58,58,22,40,10,10,25,24,8,26,12,30,0,0],"gold":264,"neow_bonus":"THREE_ENEMY_KILL","is_daily":false,"chose_seed":false,"campfire_upgraded":0,"win_rate":0.0,"timestamp":1611430822,"path_taken":["M","M","?","M","?","E","R","E","T","?","M","E","R","E","R","BOSS"],"items_purchased_type":[],"build_version":"2020-12-22","purchased_purges":0,"victory":false,"max_hp_per_floor":[66,66,66,66,60,60,60,60,60,60,60,60,60,60,60,60,60],"card_choices":[{"not_picked":["Dodge and Roll","Heel Hook"],"picked":"Infinite Blades","floor":1},{"not_picked":["PiercingWail","Slice"],"picked":"Footwork","floor":2},{"not_picked":["Deadly Poison","Heel Hook"],"picked":"Quick Slash","floor":3},{"not_picked":["Flying Knee","Grand Finale"],"picked":"Blade Dance","floor":4},{"not_picked":["Setup","Slice"],"picked":"Dagger Throw","floor":6},{"not_picked":["Dagger Spray","Bane"],"picked":"Dash","floor":8},{"not_picked":["Underhanded Strike","Setup"],"picked":"Blade Dance","floor":11},{"not_picked":["PiercingWail","Deflect"],"picked":"Backflip","floor":12},{"not_picked":["Bane","Outmaneuver"],"picked":"Dagger Spray","floor":14}],"player_experience":1047375,"relics_obtained":[{"floor":6,"key":"Boot"},{"floor":8,"key":"Gremlin Horn"},{"floor":9,"key":"Potion Belt"},{"floor":12,"key":"Toy Ornithopter"},{"floor":14,"key":"MawBank"}],"event_choices":[{"damage_healed":0,"gold_gain":0,"player_choice":"Lose Max HP","damage_taken":0,"relics_obtained":["Golden Idol"],"max_hp_gain":0,"max_hp_loss":6,"event_name":"Golden Idol","floor":5,"gold_loss":0},{"damage_healed":15,"gold_gain":0,"player_choice":"Healed","damage_taken":0,"max_hp_gain":0,"max_hp_loss":0,"event_name":"The Cleric","floor":10,"gold_loss":35}],"is_beta":false,"boss_relics":[],"items_purged_floors":[],"is_endless":false,"potions_floor_spawned":[3,11],"killed_by":"Slime Boss","ascension_level":20}}