{"host":"wj6vwlg8bkoql3lv","time":1611434504,"event":{"mods":["AchievementEnabler","Bard","Bartender","BaseMod","Colored Map","Custom Start","Decade(???)","Downfall","Friendly Minions","Hermit","Hubris","Infinite Spire","JesterMod","Jorbs\u0027s Wanderer Trilogy","Marisa????????","Minty Spire (QoL Compilation)","Potionbrewer","Quick Restart","Replay The Spire","Robot Space Explorer","SIMod","Shade Mod","StSLib","The Blue Laboratory","The Bug Knight","The Construct","The Cursed","The Death Knight","The Disciple","The Gatherer","The Hayseed","The Hierophant","The Jungle","The Marked","The Mystic","The Runesmith","The Senshi","The Servant 0.9.4","TheFirefly","Transform Curses"],"gold_per_floor":[109,160,173,188,204,204,229,229,301,301,301,321,26,45,45,150,150,168,17,17,31,46,46,46,2,2,37,82,82,107,142,142,253,253,281,281,57,57,90,90,131,163,212,236,276,276,304,304,304,318,318,318,184,231,249,249],"floor_reached":55,"language":"ENG","playtime":3698,"items_purged":[],"score":771,"play_id":"b9173b90-faa6-44ec-9df2-4dc9c82a798e","local_time":"20210123204144","is_ascension_mode":false,"campfire_choices":[{"data":"Bash","floor":6,"key":"SMITH"},{"data":"Thunderclap","floor":6,"key":"SMITH"},{"data":"Perfected Strike","floor":11,"key":"SMITH"},{"data":"Life Link","floor":11,"key":"SMITH"},{"data":"Cleave","floor":15,"key":"SMITH"},{"data":"Pommel Strike","floor":15,"key":"SMITH"},{"floor":23,"key":"RECALL"},{"data":"Barricade","floor":32,"key":"SMITH"},{"data":"infinitespire:Fortify","floor":32,"key":"SMITH"},{"data":"Inflame","floor":40,"key":"SMITH"},{"data":"Inflame","floor":40,"key":"SMITH"},{"data":"Power Through","floor":46,"key":"SMITH"},{"data":"Power Through","floor":46,"key":"SMITH"},{"data":"Feed","floor":49,"key":"SMITH"},{"data":"Body Slam","floor":49,"key":"SMITH"},{"data":"Bite","floor":52,"key":"SMITH"},{"data":"Bite","floor":52,"key":"SMITH"}],"circlet_count":0,"master_deck":["Defend_R","Defend_R","Defend_R","Defend_R","Bash+1","Thunderclap+1","ReplayTheSpireMod:Strike From Hell","Perfected Strike+1","Iron Wave+1","Life Link+1","Cleave+1","Pommel Strike+1","Barricade+1","Power Through+1","infinitespire:Fortify+1","Seeing Red","Power Through+1","Bite","Bite","Bite+1","Bite+1","Combust","Inflame+1","Blood for Blood+1","Perfected Strike","Feed+1","Inflame+1","Inflame+1","Body Slam+1","Body Slam+1","Flame Barrier+1","Juggernaut","ReplayTheSpireMod:Limb From Limb+1","Metallicize","Shrug It Off","Ghostly Armor+1"],"relics":["hubris:Backtick","Replay:Arrowhead","Replay:WaspNest","Nunchaku","potionbrewer:Keyblade","Orichalcum","construct:ClawGrip","Anchor","hubris:Potato","Replay:Bandana","Cleaning_Rag","SlaversCollar","Red Skull","King of Hearts","HornCleat","Boot","Blood Vial"],"acts_visited":["Exordium","TheCity","TheBeyond","TheEnding"],"potions_floor_usage":[16,16,18,22,28,39,50,54],"damage_taken":[{"damage":10,"enemies":"Jaw Worm","floor":1,"turns":4},{"damage":0,"enemies":"2 Louse","floor":3,"turns":2},{"damage":1,"enemies":"Cultist","floor":4,"turns":3},{"damage":7,"enemies":"Looter","floor":5,"turns":3},{"damage":35,"enemies":"3 Sentries","floor":7,"turns":8},{"damage":9,"enemies":"2 Fungi Beasts","floor":12,"turns":2},{"damage":0,"enemies":"Lots of Slimes","floor":14,"turns":2},{"damage":40,"enemies":"The Guardian","floor":16,"turns":7},{"damage":2,"enemies":"Shell Parasite","floor":18,"turns":5},{"damage":0,"enemies":"Spheric Guardian","floor":21,"turns":4},{"damage":12,"enemies":"Snake Plant","floor":22,"turns":3},{"damage":5,"enemies":"Centurion and Healer","floor":27,"turns":7},{"damage":11,"enemies":"Gremlin Leader","floor":28,"turns":6},{"damage":4,"enemies":"Chosen and Byrds","floor":30,"turns":6},{"damage":0,"enemies":"Cultist and Chosen","floor":31,"turns":4},{"damage":46,"enemies":"Collector","floor":33,"turns":12},{"damage":0,"enemies":"Orb Walker","floor":35,"turns":4},{"damage":0,"enemies":"3 Shapes","floor":39,"turns":3},{"damage":4,"enemies":"Nemesis","floor":41,"turns":5},{"damage":11,"enemies":"Jaw Worm Horde","floor":42,"turns":4},{"damage":5,"enemies":"Sphere and 2 Shapes","floor":44,"turns":4},{"damage":1,"enemies":"4 Shapes","floor":45,"turns":4},{"damage":0,"enemies":"Maw","floor":47,"turns":7},{"damage":44,"enemies":"Donu and Deca","floor":50,"turns":8},{"damage":54,"enemies":"Shield and Spear","floor":54,"turns":6},{"damage":55,"enemies":"The Heart","floor":55,"turns":3}],"seed_played":"8908385409213404054","potions_obtained":[{"floor":2,"key":"blueLaboratory:ConflagurationPotion"},{"floor":12,"key":"Swift Potion"},{"floor":14,"key":"potionbrewer:ToxicPotion"},{"floor":16,"key":"Weak Potion"},{"floor":21,"key":"champ:CounterPotion"},{"floor":27,"key":"BlessingOfTheForge"},{"floor":33,"key":"Swift Potion"},{"floor":44,"key":"potionbrewer:ToxicPotion"},{"floor":45,"key":"BloodPotion"},{"floor":54,"key":"blueLaboratory:HorrorPotion"}],"is_trial":false,"path_per_floor":["M","?","M","M","M","R","E","?","T","?","R","M","$","M","R","B",null,"M","$","AVR","M","M","R","?","?","T","M","E","?","M","M","R","B",null,"M","?","$","?","M","R","E","M","T","M","M","R","M","?","R","B",null,"R","$","E","B"],"character_chosen":"IRONCLAD","items_purchased":["potionbrewer:Keyblade","Orichalcum","Anchor","King of Hearts","Inflame","Metallicize","Shrug It Off"],"campfire_rested":0,"item_purchase_floors":[13,13,19,37,37,53,53],"current_hp_per_floor":[70,70,70,69,62,62,27,27,27,80,80,71,71,71,71,31,80,78,78,78,78,66,66,56,56,56,53,54,54,53,56,56,26,56,59,59,59,59,62,62,61,51,51,52,56,56,62,62,62,40,69,69,69,22,0,0],"gold":249,"neow_bonus":"BOSS_RELIC","is_daily":false,"chose_seed":false,"campfire_upgraded":16,"win_rate":0.0,"timestamp":1611434504,"path_taken":["M","?","?","M","M","R","E","?","T","?","R","M","$","M","R","BOSS","M","?","AVR","M","M","R","?","?","T","M","E","?","M","M","R","BOSS","M","?","?","?","M","R","E","M","T","M","?","R","M","?","R","BOSS","R","$","E","BOSS"],"items_purchased_type":["Relic","Relic","Relic","Relic","Card","Card","Card"],"build_version":"2020-12-22","purchased_purges":0,"victory":false,"max_hp_per_floor":[80,80,80,80,80,80,80,80,80,80,80,80,80,80,80,80,80,80,80,80,80,80,80,56,56,56,56,56,56,56,56,56,56,56,59,59,59,59,62,62,62,62,62,62,65,65,65,65,65,69,69,69,69,73,73,73],"card_choices":[{"not_picked":["ReplayReversal","Warcry"],"picked":"Thunderclap","floor":1},{"not_picked":["Replay:Undeath\u0027s Touch","Massacre"],"picked":"ReplayTheSpireMod:Strike From Hell","floor":2},{"not_picked":["ReplayTheSpireMod:Strike From Hell","hubris:CleavingFinish"],"picked":"Intimidate","floor":3},{"not_picked":["Hemokinesis","Warcry"],"picked":"Perfected Strike","floor":4},{"not_picked":["Anger","Clothesline"],"picked":"Iron Wave","floor":5},{"not_picked":["Anger","Limit Break"],"picked":"Life Link","floor":7},{"not_picked":["Replay:Undeath\u0027s Touch","Anger"],"picked":"Cleave","floor":12},{"not_picked":["Replay:Undeath\u0027s Touch","Armaments"],"picked":"Pommel Strike","floor":14},{"not_picked":["Brutality","Offering"],"picked":"Barricade","floor":16},{"not_picked":["Sword Boomerang","Thunderclap"],"picked":"Power Through","floor":18},{"not_picked":["Defy Death+1","Feel No Pain"],"picked":"Seeing Red","floor":21},{"not_picked":["Anger+1","Thunderclap"],"picked":"Power Through","floor":22},{"not_picked":["Abandon","Defy Death+1"],"picked":"Combust","floor":27},{"not_picked":["Feed","Iron Wave"],"picked":"Inflame","floor":28},{"not_picked":["Pommel Strike+1","ReplayTheSpireMod:Corrosion Curse+1"],"picked":"Blood for Blood+1","floor":30},{"not_picked":["Clash","Anger"],"picked":"Perfected Strike","floor":31},{"not_picked":["Double Tap","Juggernaut"],"picked":"Feed","floor":33},{"not_picked":["Ghostly Armor","Carnage"],"picked":"Inflame+1","floor":35},{"not_picked":["Infernal Blade+1","Replay:Undeath\u0027s Touch"],"picked":"Body Slam","floor":39},{"not_picked":["Abandon","Pommel Strike+1"],"picked":"Body Slam+1","floor":41},{"not_picked":["Body Slam+1","Warcry"],"picked":"Flame Barrier+1","floor":42},{"not_picked":["ReplayTheSpireMod:Strike From Hell","Run Through+1"],"picked":"Juggernaut","floor":44},{"not_picked":["True Grit","Cleave","Disarm"],"picked":"SKIP","floor":45},{"not_picked":["Sever Soul","Uppercut"],"picked":"ReplayTheSpireMod:Limb From Limb+1","floor":47},{"not_picked":["Power Through","Twin Strike+1"],"picked":"Ghostly Armor+1","floor":54}],"player_experience":160439,"relics_obtained":[{"floor":2,"key":"Replay:WaspNest"},{"floor":7,"key":"Nunchaku"},{"floor":26,"key":"Replay:Bandana"},{"floor":28,"key":"Cleaning_Rag"},{"floor":41,"key":"HornCleat"},{"floor":43,"key":"Boot"},{"floor":54,"key":"Blood Vial"}],"event_choices":[{"damage_healed":53,"gold_gain":0,"player_choice":"Full Heal","damage_taken":0,"max_hp_gain":0,"max_hp_loss":0,"event_name":"Wheel of Change","floor":10,"gold_loss":0},{"damage_healed":0,"gold_gain":0,"player_choice":"Became a vampire","damage_taken":0,"max_hp_gain":0,"max_hp_loss":24,"event_name":"Vampires","floor":24,"gold_loss":0,"cards_obtained":["Bite","Bite","Bite","Bite","Bite"]},{"damage_healed":0,"gold_gain":0,"player_choice":"Ignored","damage_taken":0,"max_hp_gain":0,"max_hp_loss":0,"event_name":"Cursed Tome","floor":29,"gold_loss":0},{"cards_removed":["Intimidate"],"damage_healed":0,"gold_gain":0,"player_choice":"Gave Card","damage_taken":0,"relics_obtained":["Red Skull"],"max_hp_gain":0,"max_hp_loss":0,"event_name":"WeMeetAgain","floor":36,"gold_loss":0},{"cards_removed":["Bite"],"damage_healed":5,"gold_gain":0,"player_choice":"Offered Special","damage_taken":0,"max_hp_gain":0,"max_hp_loss":0,"event_name":"Bonfire Elementals","floor":38,"gold_loss":0}],"is_beta":false,"boss_relics":[{"not_picked":["Runic Cube","Tiny House"],"picked":"construct:ClawGrip"},{"not_picked":["Sozu","Velvet Choker"],"picked":"SlaversCollar"}],"items_purged_floors":[],"is_endless":false,"potions_floor_spawned":[12,14,16,21,27,33,44,45,47,54],"killed_by":"The Heart","ascension_level":0}}