{"host":"clf2hd4adhiiw0zf","time":1611395684,"event":{"mods":["AchievementEnabler","BaseMod","Beaked The Cultist","Bestiary","Dark Map","Downfall","Gremlin Mod","Hermit","Jorbs\u0027s Wanderer Trilogy","Marisa????????","Minty Spire (QoL Compilation)","Shop Mod","StSLib","The Cursed","The Servant 0.9.4","UnlockEverythingMod"],"gold_per_floor":[99,99,374,374,374,392,438,288,308,3,29,46,78,92,109,208,208,8,24,24,40,32,140,209,109,124,149,149,168,168,168,180,280,280,280,292,292,302,295,295,295,327,380,396,396,396,228,278,298,298,298,335,19,19,19,19],"floor_reached":57,"language":"ENG","playtime":4344,"items_purged":["Regret","hexamod:Strike"],"score":1343,"play_id":"f3c4e694-dbd6-4e73-a77a-518c78882857","local_time":"20210123025444","is_ascension_mode":true,"campfire_choices":[{"floor":1.0,"key":"RECALL"},{"data":"hexamod:GiftsFromTheDead","floor":18.0,"key":"SMITH"},{"data":"hexamod:UnlimitedPower","floor":25.0,"key":"SMITH"},{"data":"hexamod:HexaLevel","floor":35.0,"key":"SMITH"},{"data":"hexamod:UnlimitedPower","floor":40.0,"key":"SMITH"},{"data":"hexamod:TimeOfNeed","floor":54,"key":"SMITH"}],"circlet_count":0,"master_deck":["hexamod:Strike","hexamod:Strike","hexamod:Strike","hexamod:Defend","hexamod:Defend","hexamod:Defend","hexamod:Defend","hexamod:Sear","hexamod:Float","hexamod:EmpoweredFlame","hexamod:ShieldOfDarkness","hexamod:GiftsFromTheDead","hexamod:GhostOfSpireFuture","hexamod:HauntingEcho","hexamod:NecessarySacrifice","hexamod:ThirdSeal","hexamod:UnleashSpirits","hexamod:ThirdSeal","hexamod:FlamesFromBeyond","hexamod:UnleashSpirits","hexamod:FirstSeal","hexamod:Hexaguard","hexamod:GhostLash","hexamod:NightmareGuise","hexamod:RetreatToShadows","hexamod:SearingWound","hexamod:FastForward","hexamod:ParanormalForm","hexamod:GiftsFromTheDead+1","hexamod:FourthSeal","hexamod:NightmareStrike","hexamod:ParanormalForm","hexamod:SecondSeal","hexamod:UnlimitedPower+1","hexamod:FlamesFromBeyond","hexamod:SpectersWail+1","hexamod:ForkedFlame","hexamod:EmpoweredFlame","hexamod:FlamesFromBeyond","downfall:Bewildered","hexamod:GhostShield","hexamod:TimeOfNeed+1","hexamod:HexaLevel+1","CurseOfTheBell","hexamod:UnlimitedPower+1","hexamod:TurnItUp","hexamod:ForkedFlame","hexamod:ThirdSeal","hexamod:TimeWarp"],"relics":["hexamod:SpiritBrand","downfall:HeartsMalice","The Courier","Coffee Dripper","downfall:HeartBlessingRed","downfall:HeartBlessingGreen","White Beast Statue","downfall:HeartBlessingBlue","sneckomod:BabySnecko","Calling Bell","Bag of Marbles","InkBottle","Pocketwatch","Toxic Egg 2","FossilizedHelix","CatCart","Red Mask","downfall:RedIOUUpgrade","Toy Ornithopter","StoneCalendar","Gambling Chip","hexamod:MatchstickCase","Lee\u0027s Waffle","Bottled Tornado"],"acts_visited":["Exordium","TheCity","TheBeyond","TheEnding"],"potions_floor_usage":[56,56],"damage_taken":[{"damage":0.0,"enemies":"Jaw Worm","floor":2.0,"turns":1.0},{"damage":0.0,"enemies":"Cultist","floor":4.0,"turns":1.0},{"damage":0.0,"enemies":"2 Louse","floor":5.0,"turns":1.0},{"damage":18.0,"enemies":"Lots of Slimes","floor":6.0,"turns":7.0},{"damage":15.0,"enemies":"Exordium Wildlife","floor":9.0,"turns":6.0},{"damage":2.0,"enemies":"downfall:FleeingMerchant","floor":10.0,"turns":4.0},{"damage":6.0,"enemies":"3 Sentries","floor":11.0,"turns":6.0},{"damage":9.0,"enemies":"Red Slaver","floor":12.0,"turns":4.0},{"damage":20.0,"enemies":"Gremlin Nob","floor":13.0,"turns":4.0},{"damage":4.0,"enemies":"2 Fungi Beasts","floor":14.0,"turns":4.0},{"damage":15.0,"enemies":"Exordium Thugs","floor":15.0,"turns":6.0},{"damage":4.0,"enemies":"WA_ARCHETYPE_RETAIN","floor":16.0,"turns":6.0},{"damage":0.0,"enemies":"Spheric Guardian","floor":19.0,"turns":5.0},{"damage":4.0,"enemies":"Chosen","floor":21.0,"turns":5.0},{"damage":14.0,"enemies":"downfall:LadyInBlue","floor":23.0,"turns":7.0},{"damage":21.0,"enemies":"Snake Plant","floor":26.0,"turns":2.0},{"damage":17.0,"enemies":"Cultist and Chosen","floor":27.0,"turns":5.0},{"damage":5.0,"enemies":"Snecko","floor":28.0,"turns":4.0},{"damage":6.0,"enemies":"Snake Plant","floor":29.0,"turns":2.0},{"damage":1.0,"enemies":"Chosen and Byrds","floor":32.0,"turns":3.0},{"damage":35.0,"enemies":"IC_MUSHROOM_ARCHETYPE","floor":33.0,"turns":6.0},{"damage":11.0,"enemies":"3 Shapes","floor":36.0,"turns":3.0},{"damage":6.0,"enemies":"Orb Walker","floor":38.0,"turns":2.0},{"damage":0.0,"enemies":"downfall:FleeingMerchant","floor":39.0,"turns":4.0},{"damage":52.0,"enemies":"Nemesis","floor":42.0,"turns":4.0},{"damage":33.0,"enemies":"Orin","floor":43.0,"turns":10.0},{"damage":13.0,"enemies":"Spire Growth","floor":44.0,"turns":5.0},{"damage":6.0,"enemies":"Giant Head","floor":45.0,"turns":5.0},{"damage":8.0,"enemies":"downfall:FleeingMerchant","floor":47.0,"turns":3.0},{"damage":4.0,"enemies":"downfall:FleeingMerchant","floor":48.0,"turns":6.0},{"damage":0.0,"enemies":"4 Shapes","floor":49.0,"turns":4.0},{"damage":87.0,"enemies":"DF_ARCHETYPE_ORBS","floor":50.0,"turns":9.0},{"damage":80.0,"enemies":"downfall:CharBossMerchant","floor":52.0,"turns":7.0},{"damage":21,"enemies":"downfall:NeowBoss","floor":55,"turns":9},{"damage":80,"enemies":"downfall:NeowBossFinal","floor":56,"turns":8}],"seed_played":"-3973528029465550029","potions_obtained":[{"floor":9.0,"key":"BlessingOfTheForge"},{"floor":11.0,"key":"hexamod:SoulburnPotion"},{"floor":12.0,"key":"LiquidMemories"},{"floor":16.0,"key":"Block Potion"},{"floor":19.0,"key":"Strength Potion"},{"floor":21.0,"key":"Strength Potion"},{"floor":23.0,"key":"EssenceOfSteel"},{"floor":23.0,"key":"Explosive Potion"},{"floor":23.0,"key":"FairyPotion"},{"floor":26.0,"key":"SkillPotion"},{"floor":27.0,"key":"DuplicationPotion"},{"floor":27.0,"key":"AttackPotion"},{"floor":28.0,"key":"Fruit Juice"},{"floor":29.0,"key":"FearPotion"},{"floor":32.0,"key":"SkillPotion"},{"floor":33.0,"key":"Slimebound:ThreeZeroPotion"},{"floor":39.0,"key":"Regen Potion"},{"floor":39.0,"key":"EntropicBrew"},{"floor":42.0,"key":"Energy Potion"},{"floor":43.0,"key":"Energy Potion"},{"floor":47.0,"key":"Fire Potion"},{"floor":49.0,"key":"Fire Potion"},{"floor":49.0,"key":"EntropicBrew"},{"floor":52.0,"key":"ColorlessPotion"}],"is_trial":false,"path_per_floor":["R","M","?","M","M","M","T","?","M","$","E","M","E","M","M","B",null,"R","M","?","M","?","?","T","R","M","M","M","M","?","?","M","B",null,"R","M","?","M","$","R","T","E","?","M","E","?","?","?","M","B",null,"E","$","R","B","B",null],"character_chosen":"THE_SPIRIT","items_purchased":["hexamod:ThirdSeal","hexamod:UnleashSpirits","Toy Ornithopter","StoneCalendar","Regen Potion","Lee\u0027s Waffle","Bottled Tornado"],"campfire_rested":0,"item_purchase_floors":[10,10,47,47,47,53,53],"current_hp_per_floor":[70,70,70,70,70,52,52,80,65,63,57,48,28,24,16,12,80,80,80,80,80,80,73,73,83,62,45,45,39,39,39,38,3,95,95,84,84,78,78,78,78,26,33,27,28,28,20,23,37,8,95,15,102,102,81,11],"gold":19,"neow_bonus":"THREE_ENEMY_KILL","is_daily":false,"chose_seed":false,"campfire_upgraded":5,"win_rate":0.0,"timestamp":1611395684,"path_taken":["R","M","?","?","M","M","T","?","?","?","E","?","E","M","M","BOSS","R","M","?","?","?","?","T","R","M","M","M","?","?","?","M","BOSS","R","M","?","?","$","R","T","E","?","M","E","?","?","?","M","BOSS","E","$","R","BOSS","BOSS"],"items_purchased_type":["Card","Card","Relic","Relic","Potion","Relic","Relic"],"build_version":"2020-12-22","purchased_purges":2,"victory":true,"max_hp_per_floor":[70,70,70,70,70,70,70,80,80,80,80,80,80,80,80,80,80,80,80,80,80,80,80,80,90,90,90,95,95,95,95,95,95,95,95,95,95,95,95,95,95,95,95,95,95,95,95,95,95,95,95,95,102,102,102,102],"card_choices":[{"not_picked":["hexamod:GhostLash","hexamod:ChargedBarrage"],"picked":"hexamod:EmpoweredFlame","floor":2.0},{"not_picked":["hexamod:GhostOfSpireFuture","hexamod:GhostShield"],"picked":"hexamod:ShieldOfDarkness","floor":4.0},{"not_picked":["hexamod:BurningTouch","hexamod:Hexaguard"],"picked":"hexamod:GiftsFromTheDead","floor":5.0},{"not_picked":["hexamod:Rewind","hexamod:BacktrackSmack"],"picked":"hexamod:GhostOfSpireFuture","floor":6.0},{"not_picked":["hexamod:SuperheatedStrike","hexamod:BacktrackSmack"],"picked":"hexamod:HauntingEcho","floor":9.0},{"not_picked":["hexamod:NightmareGuise","hexamod:Hexaguard"],"picked":"hexamod:NecessarySacrifice","floor":10.0},{"not_picked":["hexamod:CatchUp","hexamod:SuperheatedStrike"],"picked":"hexamod:ThirdSeal","floor":11.0},{"not_picked":["hexamod:CatchUp","hexamod:HeatMetal"],"picked":"hexamod:HeatCrush","floor":11.0},{"not_picked":["hexamod:RecurringNightmare","hexamod:Rewind"],"picked":"hexamod:FlamesFromBeyond","floor":12.0},{"not_picked":["hexamod:GhostLash","hexamod:ShieldOfDarkness"],"picked":"hexamod:UnleashSpirits","floor":12.0},{"not_picked":["hexamod:ThermalTransfer","hexamod:InspiringFlames","hexamod:HeatCrush"],"picked":"SKIP","floor":12.0},{"not_picked":["hexamod:PhantomFireball","hexamod:UnlimitedPower"],"picked":"hexamod:FirstSeal","floor":13.0},{"not_picked":["hexamod:GhostOfSpirePast","hexamod:AdvancingGuard"],"picked":"hexamod:Hexaguard","floor":13.0},{"not_picked":["hexamod:AdvancingGuard","hexamod:GhostflameBarrier"],"picked":"hexamod:GhostLash","floor":14.0},{"not_picked":["hexamod:BurningTouch","hexamod:Firestarter"],"picked":"hexamod:NightmareGuise","floor":14.0},{"not_picked":["hexamod:Hexaguard","hexamod:BacktrackSmack"],"picked":"hexamod:RetreatToShadows","floor":14.0},{"not_picked":["hexamod:FastForward","hexamod:GhostLash"],"picked":"hexamod:SearingWound","floor":15.0},{"not_picked":["hexamod:HauntingEcho","hexamod:SwordOfDarkness"],"picked":"hexamod:FastForward","floor":15.0},{"not_picked":["hexamod:ApocalypseNow","hexamod:UnleashSpirits"],"picked":"hexamod:ParanormalForm","floor":16.0},{"not_picked":["hexamod:HexaLevel","hexamod:ParanormalForm"],"picked":"hexamod:GiftsFromTheDead","floor":16.0},{"not_picked":["hexamod:Again","hexamod:SpectralSpark+1"],"picked":"hexamod:FourthSeal","floor":19.0},{"not_picked":["hexamod:PhantomFireball+1","hexamod:GhostLash"],"picked":"hexamod:NightmareStrike","floor":19.0},{"not_picked":["hexamod:Firestarter","hexamod:AdvancingGuard+1","hexamod:ShieldOfDarkness"],"picked":"SKIP","floor":21.0},{"not_picked":["hexamod:GhostShield","hexamod:SwordOfDarkness"],"picked":"hexamod:UnlimitedPower","floor":23.0},{"not_picked":["hexamod:FastForward","hexamod:ShieldOfDarkness"],"picked":"hexamod:FlamesFromBeyond","floor":26.0},{"not_picked":["hexamod:InspiringFlames","hexamod:ExtraCrispy","hexamod:SpectralAdrenaline"],"picked":"SKIP","floor":26.0},{"not_picked":["hexamod:PowerFromBeyond","hexamod:SpectralAdrenaline+1"],"picked":"hexamod:SpectersWail+1","floor":27.0},{"not_picked":["hexamod:Firestarter","hexamod:SkipABeat+1"],"picked":"hexamod:ForkedFlame","floor":27.0},{"not_picked":["hexamod:HeatCrush","hexamod:GhostShield"],"picked":"hexamod:EmpoweredFlame","floor":28.0},{"not_picked":["hexamod:SpectersWail+1","hexamod:HeatMetal"],"picked":"hexamod:FlamesFromBeyond","floor":28.0},{"not_picked":["hexamod:NecessarySacrifice","hexamod:PhantomFireball","hexamod:SpectralSpark"],"picked":"SKIP","floor":28.0},{"not_picked":["hexamod:StepThrough","hexamod:CatchUp","hexamod:ThermalTransfer"],"picked":"SKIP","floor":29.0},{"not_picked":["hexamod:FlamesFromBeyond","hexamod:SearingWound"],"picked":"hexamod:GhostShield","floor":32.0},{"not_picked":["hexamod:FastForward","hexamod:HauntingEcho","hexamod:BacktrackSmack"],"picked":"SKIP","floor":32.0},{"not_picked":["hexamod:GhostOfSpirePresent","hexamod:GhostflameInferno"],"picked":"hexamod:TimeOfNeed","floor":33.0},{"not_picked":["hexamod:TimeWarp","hexamod:ParanormalForm"],"picked":"hexamod:HexaLevel","floor":33.0},{"not_picked":["hexamod:SuperheatedStrike","hexamod:SpectersWail+1","hexamod:Firestarter"],"picked":"SKIP","floor":36.0},{"not_picked":["hexamod:ChargedBarrage+1","hexamod:SuperheatedStrike","hexamod:GhostShield+1"],"picked":"SKIP","floor":38.0},{"not_picked":["hexamod:InspiringFlames+1","hexamod:SpectralSpark+1"],"picked":"hexamod:TurnItUp","floor":39.0},{"not_picked":["hexamod:NightmareStrike+1","hexamod:ThirdSeal","hexamod:HauntingEcho+1"],"picked":"SKIP","floor":39.0},{"not_picked":["hexamod:GhostOfSpireFuture","hexamod:BacktrackSmack","hexamod:FlamesFromBeyond+1"],"picked":"SKIP","floor":42.0},{"not_picked":["hexamod:GhostShield+1","hexamod:FastForward+1","hexamod:NecessarySacrifice+1"],"picked":"SKIP","floor":42.0},{"not_picked":["hexamod:FlamesFromBeyond+1","hexamod:AdvancingGuard+1"],"picked":"hexamod:ForkedFlame","floor":44.0},{"not_picked":["hexamod:NightmareStrike","hexamod:Haunt+1","hexamod:SpectersWail+1"],"picked":"SKIP","floor":44.0},{"not_picked":["hexamod:FastForward+1","hexamod:SpectralSpark+1","hexamod:Hexaguard+1"],"picked":"SKIP","floor":47.0},{"not_picked":["hexamod:NecessarySacrifice+1","hexamod:FlamesFromBeyond+1"],"picked":"hexamod:ThirdSeal","floor":49.0},{"not_picked":["hexamod:ThermalTransfer","hexamod:Rewind+1"],"picked":"hexamod:TimeWarp","floor":52.0},{"not_picked":["hexamod:HeatMetal+1","hexamod:BurningTouch+1","hexamod:SuperheatedStrike+1"],"picked":"SKIP","floor":52.0},{"not_picked":["hexamod:SwordOfDarkness","hexamod:SuperheatedStrike+1","hexamod:EtherealExpedition+1"],"picked":"SKIP","floor":52.0},{"not_picked":["hexamod:NightmareGuise+1","hexamod:FastForward+1","hexamod:HeatCrush"],"picked":"SKIP","floor":52.0}],"player_experience":89233,"relics_obtained":[{"floor":11.0,"key":"The Courier"},{"floor":13.0,"key":"MealTicket"},{"floor":23.0,"key":"White Beast Statue"},{"floor":24.0,"key":"Mercury Hourglass"},{"floor":34.0,"key":"Bag of Marbles"},{"floor":34.0,"key":"InkBottle"},{"floor":34.0,"key":"Pocketwatch"},{"floor":41.0,"key":"Toxic Egg 2"},{"floor":42.0,"key":"FossilizedHelix"},{"floor":43.0,"key":"CatCart"},{"floor":48.0,"key":"Gambling Chip"},{"floor":52.0,"key":"hexamod:MatchstickCase"}],"event_choices":[{"damage_healed":0.0,"max_hp_gain":0.0,"max_hp_loss":0.0,"gold_gain":0.0,"event_name":"OrinTheCat","player_choice":"Fight","floor":43.0,"gold_loss":0.0,"damage_taken":0.0}],"is_beta":false,"boss_relics":[{"not_picked":["Runic Dome","Empty Cage"],"picked":"Coffee Dripper"},{"not_picked":["Astrolabe","Philosopher\u0027s Stone"],"picked":"Calling Bell"}],"items_purged_floors":[10,47],"is_endless":false,"potions_floor_spawned":[9,11,12,13,14,16,19,26,27,28,29,32,33,36,38,39,42,43,44,45,47,48,49,52],"ascension_level":1}}