{"host":"5v9rfzf5qju8k9wy","time":1611416351,"event":{"mods":["Act Like it!","BaseMod","Gensokyo","Hermit","Marisa£®ÏF”Í°°ƒß¿Ì…≥£©","Minty Spire (QoL Compilation)","StSLib"],"gold_per_floor":[33,72,72,72,83,83,115,131,179,179,179,88,103,123,123,123,123],"floor_reached":16,"language":"ZHS","playtime":814,"items_purged":[],"score":102,"play_id":"5b44440a-9e3c-432e-b1a2-f2997d884c83","local_time":"20210123233911","is_ascension_mode":false,"campfire_choices":[{"data":"hermit:CursedWeapon","floor":6.0,"key":"SMITH"},{"data":"hermit:Horror","floor":10,"key":"SMITH"},{"data":"hermit:Glare","floor":15,"key":"SMITH"}],"circlet_count":0,"master_deck":["hermit:Strike_Hermit","hermit:Strike_Hermit","hermit:Strike_Hermit","hermit:Strike_Hermit","hermit:Defend_Hermit","hermit:Defend_Hermit","hermit:Defend_Hermit","hermit:Defend_Hermit","hermit:Snapshot","hermit:Horror+1","hermit:CursedWeapon+1","Injury","hermit:Enervate","hermit:Gestalt","hermit:Glare+1"],"relics":["hermit:Momento","Gensokyo:Justice","Matryoshka","Ancient Tea Set","Smiling Mask","Toy Ornithopter","Gensokyo:YoukaiFlower","MawBank","CaptainsWheel"],"acts_visited":["Gensokyo:Gensokyo"],"potions_floor_usage":[7,16],"damage_taken":[{"damage":0.0,"enemies":"Gensokyo:2_Kodama","floor":1.0,"turns":3.0},{"damage":0.0,"enemies":"Gensokyo:Python","floor":2.0,"turns":2.0},{"damage":2.0,"enemies":"Gensokyo:3_Fairies","floor":5.0,"turns":3.0},{"damage":8,"enemies":"Gensokyo:Aya","floor":7,"turns":5},{"damage":2,"enemies":"Gensokyo:VengefulSpirit","floor":8,"turns":2},{"damage":2,"enemies":"Gensokyo:LivingMonolith","floor":13,"turns":3},{"damage":10,"enemies":"Gensokyo:Kitsune","floor":14,"turns":3},{"damage":57,"enemies":"Gensokyo:Reimu","floor":16,"turns":8}],"seed_played":"-6442665887809749900","potions_obtained":[{"floor":1.0,"key":"AttackPotion"},{"floor":2.0,"key":"DistilledChaos"},{"floor":8,"key":"SteroidPotion"}],"is_trial":false,"path_per_floor":["M","M","?","?","M","R","E","M","T","R","?","COS","M","M","R","B"],"character_chosen":"HERMIT","items_purchased":[],"campfire_rested":0,"item_purchase_floors":[],"current_hp_per_floor":[75,75,75,75,73,73,65,63,63,63,63,63,61,51,51,0,0],"gold":123,"neow_bonus":"RANDOM_COLORLESS_2","is_daily":false,"chose_seed":false,"campfire_upgraded":3,"win_rate":0.0,"timestamp":1611416351,"path_taken":["M","M","?","?","?","R","E","M","T","R","?","COS","?","M","R","BOSS"],"items_purchased_type":[],"build_version":"2020-12-22","purchased_purges":0,"victory":false,"max_hp_per_floor":[75,75,75,75,75,75,75,75,75,75,75,75,75,75,75,75,75],"card_choices":[{"not_picked":["Panache","Apotheosis"],"picked":"HandOfGreed","floor":0.0},{"not_picked":["hermit:Midnight","hermit:TrackingShot"],"picked":"hermit:Horror","floor":1.0},{"not_picked":["hermit:Virtue","hermit:TrackingShot"],"picked":"hermit:CursedWeapon","floor":2.0},{"not_picked":["hermit:FlashPowder","hermit:Manifest","hermit:Roulette"],"picked":"SKIP","floor":5.0},{"not_picked":["hermit:Vantage","hermit:Ricochet"],"picked":"hermit:Enervate","floor":7},{"not_picked":["hermit:Coalescence","hermit:Feint","hermit:Horror"],"picked":"SKIP","floor":8},{"not_picked":["hermit:FatalDesire","hermit:CalledShot"],"picked":"hermit:Gestalt","floor":13},{"not_picked":["hermit:TakeAim","hermit:HoleUp"],"picked":"hermit:Glare","floor":14}],"player_experience":95582,"relics_obtained":[{"floor":7,"key":"Ancient Tea Set"},{"floor":9,"key":"Smiling Mask"},{"floor":9,"key":"Toy Ornithopter"}],"event_choices":[],"is_beta":false,"boss_relics":[],"items_purged_floors":[],"is_endless":false,"potions_floor_spawned":[1,2,8],"killed_by":"Gensokyo:Reimu","ascension_level":0}}