{"host":"ufl0k2so27eic2iy","time":1611400201,"event":{"mods":["BaseMod","Downfall","Minty Spire (QoL Compilation)","StSLib","The Animator"],"gold_per_floor":[99,112,129,129,149,49,49,80,96,125,137,153,153,178,194,289,289,289,3,23,34,34,66,66,51,79,98,115,115,15,15,29,126,126,26,41,64,141,152,201,201,201,230,230,247,247,85,111,125,125,125,156,88,88,88,88],"floor_reached":57,"language":"ENG","playtime":3024,"items_purged":["bronze:Strike","bronze:Strike+1","bronze:Strike+1"],"score":1289,"play_id":"59891cac-6947-4e34-99af-6931d55be3c2","local_time":"20210123111001","is_ascension_mode":true,"campfire_choices":[{"floor":1.0,"key":"RECALL"},{"data":"bronze:Iterate","floor":6.0,"key":"SMITH"},{"data":"bronze:Virus","floor":18.0,"key":"SMITH"},{"data":"expansioncontent:DashGenerateEvil","floor":30,"key":"SMITH"},{"data":"bronze:Frontload","floor":35,"key":"SMITH"},{"data":"bronze:FindAndReplace","floor":44,"key":"SMITH"},{"data":"bronze:AlphaBuild","floor":46,"key":"SMITH"},{"floor":54,"key":"REST"}],"circlet_count":0,"master_deck":["bronze:Defend+1","bronze:Defend+1","bronze:Defend+1","bronze:Defend+1","bronze:Replicate+1","bronze:Goto","bronze:Iterate+1","bronze:Iterate","bronze:Replicate+1","bronze:DelayedGuard+1","bronze:DelayedSlice+1","bronze:Frontload+1","bronze:Shield+1","bronze:FineTuning+1","bronze:Assembly","bronze:Virus+1","bronze:Shield+1","expansioncontent:DashGenerateEvil+1","bronze:ChildClass+1","bronze:ItsAFeature","bronze:FindAndReplace+1","bronze:WhirlingStrike","bronze:FollowUp+1","bronze:Branch+1","bronze:AlphaBuild+1","bronze:ClassDefault+1","bronze:Repulsor+1"],"relics":["bronze:PlatinumCore","downfall:HeartBlessingRed","Happy Flower","Tiny Chest","Whetstone","hexamod:BolsterEngine","Nunchaku","Bag of Preparation","Pocketwatch","downfall:HeartBlessingGreen","Slimebound:PreparedRelic","SlaversCollar","downfall:HeartBlessingBlue","War Paint","Oddly Smooth Stone","Ice Cream","Frozen Egg 2","Regal Pillow","PreservedInsect","Vajra"],"acts_visited":["Exordium","TheCity","TheBeyond","TheEnding"],"potions_floor_usage":[23,56,56,56],"damage_taken":[{"damage":3.0,"enemies":"Small Slimes","floor":2.0,"turns":3.0},{"damage":1.0,"enemies":"Cultist","floor":3.0,"turns":3.0},{"damage":1.0,"enemies":"Jaw Worm","floor":5.0,"turns":3.0},{"damage":8.0,"enemies":"3 Sentries","floor":8.0,"turns":5.0},{"damage":0.0,"enemies":"Exordium Wildlife","floor":9.0,"turns":2.0},{"damage":0.0,"enemies":"Gremlin Nob","floor":10.0,"turns":3.0},{"damage":2.0,"enemies":"Blue Slaver","floor":11.0,"turns":2.0},{"damage":0.0,"enemies":"3 Louse","floor":12.0,"turns":1.0},{"damage":5.0,"enemies":"Lagavulin","floor":14.0,"turns":4.0},{"damage":0.0,"enemies":"Gremlin Gang","floor":15.0,"turns":2.0},{"damage":32.0,"enemies":"WA_ARCHETYPE_RETAIN","floor":16.0,"turns":9.0},{"damage":0.0,"enemies":"downfall:FleeingMerchant","floor":19.0,"turns":4.0},{"damage":0.0,"enemies":"3 Byrds","floor":20.0,"turns":3.0},{"damage":0.0,"enemies":"Shell Parasite","floor":21.0,"turns":2.0},{"damage":5,"enemies":"Slavers","floor":23,"turns":5},{"damage":0,"enemies":"downfall:FleeingMerchant","floor":25,"turns":4},{"damage":4,"enemies":"Book of Stabbing","floor":26,"turns":4},{"damage":0,"enemies":"Snake Plant","floor":27,"turns":3},{"damage":0,"enemies":"Shelled Parasite and Fungi","floor":28,"turns":3},{"damage":0,"enemies":"Cultist and Chosen","floor":32,"turns":3},{"damage":25,"enemies":"IC_MUSHROOM_ARCHETYPE","floor":33,"turns":6},{"damage":0,"enemies":"Orb Walker","floor":36,"turns":2},{"damage":0,"enemies":"downfall:FleeingMerchant","floor":38,"turns":1},{"damage":1,"enemies":"3 Shapes","floor":39,"turns":4},{"damage":0,"enemies":"2 Orb Walkers","floor":40,"turns":5},{"damage":6,"enemies":"Reptomancer","floor":43,"turns":5},{"damage":0,"enemies":"3 Darklings","floor":45,"turns":3},{"damage":0,"enemies":"Jaw Worm Horde","floor":49,"turns":2},{"damage":60,"enemies":"SI_POISON_ARCHETYPE","floor":50,"turns":10},{"damage":44,"enemies":"downfall:CharBossMerchant","floor":52,"turns":10},{"damage":0,"enemies":"downfall:NeowBoss","floor":55,"turns":13},{"damage":78,"enemies":"downfall:NeowBossFinal","floor":56,"turns":13}],"seed_played":"4206025735739335004","potions_obtained":[{"floor":8.0,"key":"bronze:CleanCodePotion"},{"floor":9.0,"key":"GamblersBrew"},{"floor":10.0,"key":"bronze:BurnAndBuffPotion"},{"floor":12.0,"key":"Regen Potion"},{"floor":15.0,"key":"bronze:BuildAFunctionPotion"},{"floor":27,"key":"ColorlessPotion"},{"floor":36,"key":"bronze:FreeFunctionsPotion"},{"floor":40,"key":"DuplicationPotion"}],"is_trial":false,"path_per_floor":["R","M","M","?","M","R","T","E","M","E","M","M","?","E","M","B",null,"R","$","M","M","T","E","T","$","E","M","M","?","R","T","M","B",null,"R","M","T","$","M","?","T","?","E","R","M","R","$","T","M","B",null,"E","$","R","B","B",null],"character_chosen":"THE_AUTOMATON","items_purchased":["expansioncontent:DashGenerateEvil","Oddly Smooth Stone","bronze:ClassDefault+1","bronze:Repulsor+1"],"campfire_rested":1,"item_purchase_floors":[19,38,47,53],"current_hp_per_floor":[70,67,66,66,65,65,65,57,57,57,55,55,55,50,50,18,70,70,70,70,70,70,65,65,65,61,61,61,61,61,61,61,36,70,80,80,80,80,79,79,79,79,73,73,73,73,73,73,73,13,80,36,36,75,75,12],"gold":88,"neow_bonus":"UPGRADE_CARD","is_daily":false,"chose_seed":false,"campfire_upgraded":6,"win_rate":0.0,"timestamp":1611400201,"path_taken":["R","M","M","?","M","R","T","E","M","E","?","?","?","E","M","BOSS","R","$","M","M","?","E","T","$","E","?","M","?","R","?","M","BOSS","R","M","?","$","M","?","T","?","E","R","?","R","$","?","M","BOSS","E","$","R","BOSS","BOSS"],"items_purchased_type":["Card","Relic","Card","Card"],"build_version":"2020-12-22","purchased_purges":3,"victory":true,"max_hp_per_floor":[70,70,70,70,70,70,70,70,70,70,70,70,70,70,70,70,70,70,70,70,70,70,70,70,70,70,70,70,70,70,70,70,70,70,80,80,80,80,80,80,80,80,80,80,80,80,80,80,80,80,80,80,80,80,80,80],"card_choices":[{"not_picked":["bronze:Deprecate","bronze:BitShift"],"picked":"bronze:Iterate","floor":2.0},{"not_picked":["bronze:DelayedGuard","bronze:Shield"],"picked":"bronze:Iterate","floor":3.0},{"not_picked":["bronze:Deprecate","bronze:Return"],"picked":"bronze:DelayedGuard","floor":5.0},{"not_picked":["bronze:CleanCode","bronze:Constructor"],"picked":"bronze:DelayedSlice","floor":8.0},{"not_picked":["bronze:Fortify","bronze:DigitalCarnage","bronze:Invalidate"],"picked":"SKIP","floor":9.0},{"not_picked":["bronze:BuggyMess","bronze:BurnOut","bronze:Repulsor"],"picked":"SKIP","floor":10.0},{"not_picked":["bronze:Overheat","bronze:Iterate"],"picked":"bronze:Frontload","floor":11.0},{"not_picked":["bronze:WildBeam","bronze:NullPointer"],"picked":"bronze:Shield","floor":12.0},{"not_picked":["bronze:Shield","bronze:OilSpill"],"picked":"bronze:FineTuning","floor":14.0},{"not_picked":["bronze:BitShift","bronze:BronzeOrb"],"picked":"bronze:Assembly","floor":15.0},{"not_picked":["bronze:ThunderWave","bronze:Mutator"],"picked":"bronze:Virus","floor":16.0},{"not_picked":["bronze:Overheat","bronze:Invalidate+1"],"picked":"bronze:Shield+1","floor":19.0},{"not_picked":["bronze:Turbo","bronze:CutThrough"],"picked":"bronze:ChildClass+1","floor":20.0},{"not_picked":["bronze:Allocate","bronze:Safeguard"],"picked":"bronze:ItsAFeature","floor":21.0},{"not_picked":["bronze:Frontload+1","bronze:Turbo"],"picked":"bronze:FindAndReplace","floor":23},{"not_picked":["bronze:WildBeam","bronze:Boost"],"picked":"bronze:WhirlingStrike","floor":25},{"not_picked":["bronze:Philosophize","bronze:WhirlingStrike"],"picked":"bronze:FollowUp+1","floor":26},{"not_picked":["bronze:Shell","bronze:Frontload+1"],"picked":"bronze:Branch+1","floor":27},{"not_picked":["bronze:Fortify","bronze:Shield+1","bronze:BuggyMess"],"picked":"SKIP","floor":28},{"not_picked":["bronze:BitShift","bronze:Mutator","bronze:Constructor"],"picked":"SKIP","floor":32},{"not_picked":["bronze:Frontload+1","bronze:Backtrace","bronze:Shield+1"],"picked":"SKIP","floor":36},{"not_picked":["bronze:ItsAFeature","bronze:DelayedSlice","bronze:Fortify"],"picked":"SKIP","floor":38},{"not_picked":["bronze:WhirlingStrike","bronze:OilSpill+1","bronze:Constructor"],"picked":"SKIP","floor":39},{"not_picked":["bronze:Repair+1","bronze:Fortify","bronze:DelayedGuard"],"picked":"SKIP","floor":43},{"not_picked":["bronze:DelayedSlice+1","bronze:OilSpill"],"picked":"bronze:AlphaBuild","floor":45},{"not_picked":["bronze:WhirlingStrike","bronze:Iterate","bronze:DelayedSlice+1"],"picked":"SKIP","floor":49},{"not_picked":["bronze:ForceShield","bronze:Overheat","bronze:Philosophize"],"picked":"SKIP","floor":52}],"player_experience":2750441,"relics_obtained":[{"floor":7.0,"key":"Happy Flower"},{"floor":8.0,"key":"Tiny Chest"},{"floor":10.0,"key":"Whetstone"},{"floor":14.0,"key":"hexamod:BolsterEngine"},{"floor":23,"key":"Nunchaku"},{"floor":24,"key":"Bag of Preparation"},{"floor":26,"key":"Pocketwatch"},{"floor":31,"key":"Slimebound:PreparedRelic"},{"floor":37,"key":"War Paint"},{"floor":40,"key":"Ice Cream"},{"floor":41,"key":"Frozen Egg 2"},{"floor":43,"key":"Regal Pillow"},{"floor":48,"key":"PreservedInsect"},{"floor":52,"key":"Vajra"}],"event_choices":[{"damage_healed":0,"gold_gain":0,"player_choice":"Fight","damage_taken":0,"max_hp_gain":0,"max_hp_loss":0,"event_name":"Mysterious Sphere","floor":40,"gold_loss":0}],"is_beta":false,"boss_relics":[{"not_picked":["Tiny House","Runic Dome"],"picked":"bronze:PlatinumCore"},{"not_picked":["Runic Pyramid","Astrolabe"],"picked":"SlaversCollar"}],"items_purged_floors":[19,38,47],"is_endless":false,"potions_floor_spawned":[8,9,10,11,12,15,20,27,28,32,33,36,40,43,49,52],"ascension_level":1}}