{"host":"7fyy23rucerupe6i","time":1611397521,"event":{"mods":["BaseMod","Downfall","Minty Spire (QoL Compilation)","StSLib","The Administrix","The Animator"],"gold_per_floor":[116,41,41,53,53,53,82,82,107,107,118,38,38,59,59,155,155,169,84,84,102,152,152,168,187,187,187,187,287,297,308,308,408,408,424,437,452,466,484,484,484,188,211,211,228,228,228,243,243,243],"floor_reached":51,"language":"ZHS","playtime":4432,"items_purged":["AdministrixMod:Defend_Administrix"],"score":647,"play_id":"bd74eada-7dc5-4486-8a23-238a9da583c2","local_time":"20210123182521","is_ascension_mode":false,"campfire_choices":[{"data":"AdministrixMod:Convergence","floor":6.0,"key":"SMITH"},{"data":"AdministrixMod:Katabasis","floor":8.0,"key":"SMITH"},{"data":"AdministrixMod:RedCloak","floor":13.0,"key":"SMITH"},{"data":"AdministrixMod:NewWardrobe","floor":15.0,"key":"SMITH"},{"data":"AdministrixMod:BloodBargain","floor":23,"key":"SMITH"},{"data":"AdministrixMod:GirlsDoItBetter","floor":27,"key":"SMITH"},{"data":"AdministrixMod:ExtolVirtue","floor":32,"key":"SMITH"},{"data":"AdministrixMod:DeathByGlamour","floor":40,"key":"SMITH"},{"data":"AdministrixMod:CosmosControl","floor":47,"key":"SMITH"},{"data":"AdministrixMod:HarmonicReverence","floor":49,"key":"SMITH"}],"circlet_count":0,"master_deck":["AdministrixMod:RedCloak+1","AdministrixMod:BlueCloak+1","AdministrixMod:Convergence+1","AdministrixMod:Katabasis+1","AdministrixMod:NewWardrobe+1","AdministrixMod:GuanyinBlessing","AdministrixMod:CosmosControl+1","AdministrixMod:FiendishCrimson","AdministrixMod:FiendishCrimson","AdministrixMod:BloodlessSapphire","AdministrixMod:BloodlessSapphire","AdministrixMod:BloodlessSapphire","AdministrixMod:ExtolVirtue+1","AdministrixMod:BloodBargain+1","AdministrixMod:XianArts","AdministrixMod:GirlsDoItBetter+1","Writhe","AdministrixMod:GuanyinBlessing","AdministrixMod:RebukeDesires","AdministrixMod:DeathByGlamour+1","AdministrixMod:CastOffRegrets+1","AdministrixMod:GuanyinBlessing","Writhe","AdministrixMod:HarmonicReverence+1","Doubt"],"relics":["AdministrixMod:ConductorRitualBaton","NeowsBlessing","Anchor","Calipers","Juzu Bracelet","Odd Mushroom","AdministrixMod:BloodSoakedVeil","Blood Vial","Mercury Hourglass","Pocketwatch","Du-Vu Doll","Bottled Lightning","Snecko Eye","Ice Cream","Ancient Tea Set"],"acts_visited":["Exordium","TheCity","TheBeyond"],"potions_floor_usage":[24,29,50],"damage_taken":[{"damage":0.0,"enemies":"2 Louse","floor":1.0,"turns":1.0},{"damage":0.0,"enemies":"Jaw Worm","floor":4.0,"turns":1.0},{"damage":0.0,"enemies":"Gremlin Nob","floor":7.0,"turns":1.0},{"damage":0.0,"enemies":"Small Slimes","floor":11.0,"turns":5.0},{"damage":0.0,"enemies":"The Mushroom Lair","floor":14.0,"turns":3.0},{"damage":5.0,"enemies":"The Guardian","floor":16.0,"turns":9.0},{"damage":10.0,"enemies":"Spheric Guardian","floor":18.0,"turns":5.0},{"damage":1,"enemies":"3 Byrds","floor":21,"turns":3},{"damage":4,"enemies":"Shelled Parasite and Fungi","floor":24,"turns":5},{"damage":2,"enemies":"Snecko","floor":25,"turns":4},{"damage":1,"enemies":"Colosseum Slavers","floor":29,"turns":3},{"damage":0,"enemies":"Colosseum Nobs","floor":29,"turns":3},{"damage":12,"enemies":"Snake Plant","floor":30,"turns":4},{"damage":2,"enemies":"Cultist and Chosen","floor":31,"turns":4},{"damage":24,"enemies":"Champ","floor":33,"turns":8},{"damage":6,"enemies":"3 Darklings","floor":35,"turns":5},{"damage":4,"enemies":"3 Shapes","floor":36,"turns":2},{"damage":0,"enemies":"Sphere and 2 Shapes","floor":37,"turns":2},{"damage":7,"enemies":"Spire Growth","floor":38,"turns":4},{"damage":14,"enemies":"4 Shapes","floor":39,"turns":4},{"damage":26,"enemies":"Writhing Mass","floor":45,"turns":4},{"damage":0,"enemies":"Maw","floor":48,"turns":5},{"damage":25,"enemies":"Time Eater","floor":50,"turns":7}],"seed_played":"2256289025413939269","potions_obtained":[{"floor":4.0,"key":"champ:CounterPotion"},{"floor":7.0,"key":"SneckoOil"},{"floor":14.0,"key":"Fire Potion"},{"floor":30,"key":"Regen Potion"},{"floor":31,"key":"Energy Potion"},{"floor":38,"key":"PowerPotion"}],"is_trial":false,"path_per_floor":["M","$","?","M","?","R","E","R","T","?","M","$","R","?","R","B",null,"M","?","?","M","?","R","M","M","T","R","?","?","M","M","R","B",null,"M","M","M","M","M","R","?","$","T","?","M","?","R","M","R","B",null],"character_chosen":"TheAdministrix","items_purchased":["AdministrixMod:GuanyinBlessing","Ice Cream"],"campfire_rested":0,"item_purchase_floors":[12,42],"current_hp_per_floor":[65,65,70,70,67,67,67,67,67,53,53,53,53,53,53,48,70,68,68,68,70,70,70,69,69,69,69,69,70,66,68,68,58,70,68,66,70,67,56,56,56,56,56,70,58,70,70,70,70,57],"gold":243,"neow_bonus":"THREE_ENEMY_KILL","is_daily":false,"chose_seed":false,"campfire_upgraded":10,"win_rate":0.0,"timestamp":1611397521,"path_taken":["M","$","?","M","?","R","E","R","T","?","M","?","R","?","R","BOSS","M","?","?","M","?","R","M","M","T","R","?","?","M","M","R","BOSS","M","M","M","M","M","R","?","?","T","?","M","?","R","M","R","BOSS"],"items_purchased_type":["Card","Relic"],"build_version":"2020-12-22","purchased_purges":1,"victory":true,"max_hp_per_floor":[65,65,70,70,70,70,70,70,70,70,70,70,70,70,70,70,70,70,70,70,70,70,70,70,70,70,70,70,70,70,70,70,70,70,70,70,70,70,70,70,70,70,70,70,70,70,70,70,70,70],"card_choices":[{"not_picked":["AdministrixMod:ShadowPlay","AdministrixMod:BloodBargain"],"picked":"AdministrixMod:ReachToHeaven","floor":1.0},{"not_picked":["AdministrixMod:FeastOfDew","AdministrixMod:TouchOfCinnabar"],"picked":"AdministrixMod:Convergence","floor":4.0},{"not_picked":["AdministrixMod:SyncreticPlunge","AdministrixMod:CrackingPangu"],"picked":"AdministrixMod:Katabasis","floor":7.0},{"not_picked":["AdministrixMod:FiendishCrimson","AdministrixMod:RebukeDesires"],"picked":"AdministrixMod:NewWardrobe","floor":11.0},{"not_picked":["AdministrixMod:BattleforgedBonds","AdministrixMod:FaithfulFlames"],"picked":"AdministrixMod:CosmosControl","floor":16.0},{"not_picked":["AdministrixMod:QuietConspiracy","AdministrixMod:BloodBargain","AdministrixMod:SipOfSparks+1"],"picked":"SKIP","floor":18},{"not_picked":["AdministrixMod:CrackingPangu+1","AdministrixMod:BishamonBlessing"],"picked":"AdministrixMod:XianArts","floor":21},{"not_picked":["AdministrixMod:TrickOfTheLight+1","AdministrixMod:SipOfSparks","AdministrixMod:FuneraryRites+1"],"picked":"SKIP","floor":24},{"not_picked":["AdministrixMod:CrackingPangu","AdministrixMod:CenturiesAscent+1"],"picked":"AdministrixMod:GirlsDoItBetter","floor":25},{"not_picked":["AdministrixMod:CrackingPangu","AdministrixMod:CenturiesAscent+1"],"picked":"AdministrixMod:GuanyinBlessing","floor":30},{"not_picked":["AdministrixMod:ShadowPlay+1","AdministrixMod:SeventeenArticleLaser+1"],"picked":"AdministrixMod:RebukeDesires","floor":31},{"not_picked":["AdministrixMod:FalseDeath","AdministrixMod:ImmortalClarity"],"picked":"AdministrixMod:DeathByGlamour","floor":33},{"not_picked":["AdministrixMod:ImmortalGrace","AdministrixMod:DiversionaryTactic+1","AdministrixMod:TrickOfTheLight"],"picked":"SKIP","floor":35},{"not_picked":["AdministrixMod:FuneraryRites","AdministrixMod:Convergence+1","AdministrixMod:Transition"],"picked":"SKIP","floor":36},{"not_picked":["AdministrixMod:GuanyinBlessing+1","AdministrixMod:NoblePath+1"],"picked":"AdministrixMod:CastOffRegrets+1","floor":37},{"not_picked":["AdministrixMod:ReachToHeaven","AdministrixMod:CrackingPangu","AdministrixMod:SyncreticPlunge"],"picked":"SKIP","floor":38},{"not_picked":["AdministrixMod:RebukeDesires+1","AdministrixMod:ShadowPlay","AdministrixMod:SyncreticPlunge+1"],"picked":"SKIP","floor":39},{"not_picked":["AdministrixMod:Wuji","AdministrixMod:QuietConspiracy+1"],"picked":"AdministrixMod:HarmonicReverence","floor":45},{"not_picked":["AdministrixMod:XianArts+1","AdministrixMod:Transcension+1","AdministrixMod:Untouchable"],"picked":"SKIP","floor":48}],"player_experience":423153,"relics_obtained":[{"floor":7.0,"key":"Calipers"},{"floor":9.0,"key":"Juzu Bracelet"},{"floor":14.0,"key":"Odd Mushroom"},{"floor":26,"key":"Mercury Hourglass"},{"floor":29,"key":"Du-Vu Doll"},{"floor":29,"key":"Bottled Lightning"},{"floor":43,"key":"Ancient Tea Set"}],"event_choices":[{"damage_healed":0.0,"max_hp_gain":5.0,"max_hp_loss":0.0,"gold_gain":0.0,"event_name":"Big Fish","player_choice":"Donut","floor":3.0,"gold_loss":0.0,"damage_taken":0.0},{"damage_healed":0.0,"max_hp_gain":0.0,"max_hp_loss":0.0,"gold_gain":0.0,"event_name":"Scrap Ooze","player_choice":"Success","floor":5.0,"gold_loss":0.0,"damage_taken":3.0,"relics_obtained":["Anchor"]},{"damage_healed":0.0,"max_hp_gain":0.0,"max_hp_loss":0.0,"gold_gain":0.0,"event_name":"Shining Light","player_choice":"Entered Light","floor":10.0,"gold_loss":0.0,"damage_taken":14.0,"cards_upgraded":["AdministrixMod:Defend_Administrix","AdministrixMod:BlueCloak"]},{"damage_healed":0.0,"max_hp_gain":0.0,"max_hp_loss":0.0,"gold_gain":0.0,"event_name":"Mushrooms","player_choice":"Fought Mushrooms","floor":14.0,"gold_loss":0.0,"damage_taken":0.0},{"damage_healed":0,"gold_gain":0,"player_choice":"Obtained Relic","damage_taken":0,"relics_obtained":["Blood Vial"],"max_hp_gain":0,"max_hp_loss":0,"event_name":"Addict","floor":19,"gold_loss":85},{"damage_healed":0,"gold_gain":0,"cards_transformed":["AdministrixMod:ReachToHeaven","AdministrixMod:FiendishCrimson"],"player_choice":"Became Test Subject","damage_taken":0,"max_hp_gain":0,"max_hp_loss":0,"event_name":"Drug Dealer","floor":20,"gold_loss":0,"cards_obtained":["AdministrixMod:ExtolVirtue","AdministrixMod:BloodBargain"]},{"damage_healed":0,"gold_gain":100,"player_choice":"Bet on Murderer","damage_taken":0,"max_hp_gain":0,"max_hp_loss":0,"event_name":"The Joust","floor":22,"gold_loss":50},{"damage_healed":0,"gold_gain":0,"player_choice":"Opened","damage_taken":0,"relics_obtained":["Pocketwatch"],"max_hp_gain":0,"max_hp_loss":0,"event_name":"The Mausoleum","floor":28,"gold_loss":0,"cards_obtained":["Writhe"]},{"damage_healed":0,"gold_gain":0,"player_choice":"Fight","damage_taken":0,"max_hp_gain":0,"max_hp_loss":0,"event_name":"Colosseum","floor":29,"gold_loss":0},{"damage_healed":0,"gold_gain":0,"player_choice":"Fought Nobs","damage_taken":0,"max_hp_gain":0,"max_hp_loss":0,"event_name":"Colosseum","floor":29,"gold_loss":0},{"damage_healed":0,"gold_gain":0,"player_choice":"1 cards matched","damage_taken":0,"max_hp_gain":0,"max_hp_loss":0,"event_name":"Match and Keep!","floor":41,"gold_loss":0,"cards_obtained":["AdministrixMod:GuanyinBlessing"]},{"damage_healed":18,"gold_gain":0,"player_choice":"Writhe","damage_taken":0,"max_hp_gain":0,"max_hp_loss":0,"event_name":"Winding Halls","floor":44,"gold_loss":0,"cards_obtained":["Writhe"]},{"damage_healed":12,"gold_gain":0,"player_choice":"Heal","damage_taken":0,"max_hp_gain":0,"max_hp_loss":0,"event_name":"MindBloom","floor":46,"gold_loss":0,"cards_obtained":["Doubt"]}],"is_beta":false,"boss_relics":[{"not_picked":["Empty Cage","Runic Dome"],"picked":"AdministrixMod:BloodSoakedVeil"},{"not_picked":["bronze:MakeshiftBattery","Fusion Hammer"],"picked":"Snecko Eye"}],"items_purged_floors":[2],"is_endless":false,"potions_floor_spawned":[4,7,14,18,29,30,31,35,37,38],"ascension_level":0}}