{"host":"o6j8h35axmoodbwy","time":1611413872,"event":{"mods":["2.2 Compatiblity","BaseMod","Colored Map","Colored Powertips","MarisaÅiñ∂âJÅ@ñÇóùçπÅj","Minty Spire (QoL Compilation)","Prisma Mod","Quick Restart","Shop Mod","StSLib","SuperFastMode","Td1madao Mod"],"gold_per_floor":[116,135,135,146,162,193,193,206,206,216,232,13,13,45,45,147,147,157,257,80,96,113,113,144,144,144,154,164,193,68,168,168,263,263,281,294,294,139,186,96,96,121,170,195,215,226,236,264,264,264],"floor_reached":51,"language":"JPN","playtime":4728,"items_purged":["PrismaMod:MiyuCommonAttack","PrismaMod:MiyuCommonAttack","PrismaMod:MiyuCommonAttack"],"score":1064,"play_id":"64c22c62-02b6-4d1b-bb44-3cfbba3b3c15","local_time":"20210123235752","is_ascension_mode":false,"campfire_choices":[{"data":"PrismaMod:MiyuCheapChannelDefend","floor":13,"key":"SMITH"},{"data":"PrismaMod:MiyuCarnivalAttack","floor":15,"key":"SMITH"},{"data":"PrismaMod:MiyuUncommonDexBuff","floor":23,"key":"SMITH"},{"data":"PrismaMod:MiyuCheapChannelAttack","floor":25,"key":"SMITH"},{"data":"PrismaMod:MiyuEvokeAllAttack","floor":32,"key":"SMITH"},{"data":"PrismaMod:MiyuUncommonDexBuff","floor":41,"key":"SMITH"},{"data":"PrismaMod:MiyuEvokeAllDefend","floor":49,"key":"SMITH"}],"circlet_count":0,"master_deck":["PrismaMod:MiyuCommonDefend","PrismaMod:MiyuCommonDefend+1","PrismaMod:MiyuCommonDefend+1","PrismaMod:MiyuCommonDefend","PrismaMod:MiyuCommonDefend","PrismaMod:MiyuCheapChannelAttack+1","PrismaMod:MiyuCheapChannelDefend+1","Panacea","PrismaMod:MiyuUncommonDexBuff+1","PrismaMod:MiyuEvokeCheapAttack","PrismaMod:MiyuAttackChannelVul","PrismaMod:MiyuCarnivalAttack+1","PrismaMod:MiyuCheapPlate","PrismaMod:MiyuAttackChannelWeak","PrismaMod:MiyuEvokeAllDefend+1","PrismaMod:MiyuCheapAttack2+1","PrismaMod:MiyuCheapDefend1+1","PrismaMod:MiyuCheapDefend2+1","PrismaMod:MiyuChannelDefendEvoke+1","PrismaMod:MiyuUncommonAOEAttack+1","PrismaMod:MiyuOrbIncreasePerm+1","PrismaMod:MiyuCheapPlate+1","PrismaMod:MiyuCheapChannelDefend+1","PrismaMod:MiyuDefenseRemoval+1","PrismaMod:MiyuUncommonDefend+1","PrismaMod:MiyuUncommonDexBuff+1","PrismaMod:MiyuEvokeAllAttack+1","PrismaMod:MiyuEvokeAllDefend+1","PrismaMod:MiyuEvokeCheapDefend+1","PrismaMod:MiyuCheapStrBuff+1","PrismaMod:MiyuDefendChannelDefend+1","Parasite","PrismaMod:MiyuEvokeBuffDex+1"],"relics":["PrismaMod:PrismaSapphire","Calipers","Eternal Feather","Toxic Egg 2","PreservedInsect","Bottled Tornado","Snecko Eye","Ornamental Fan","Shuriken","Boot","Incense Burner","Meat on the Bone","Philosopher\u0027s Stone","War Paint","CatCart","Anchor","Lantern","HornCleat","Mercury Hourglass"],"acts_visited":["Exordium","TheCity","TheBeyond"],"potions_floor_usage":[16,16,33,50],"damage_taken":[{"damage":3,"enemies":"Small Slimes","floor":1,"turns":5},{"damage":0,"enemies":"Cultist","floor":2,"turns":3},{"damage":11,"enemies":"Jaw Worm","floor":4,"turns":4},{"damage":16,"enemies":"Gremlin Gang","floor":5,"turns":6},{"damage":1,"enemies":"Lagavulin","floor":6,"turns":7},{"damage":14,"enemies":"Exordium Thugs","floor":8,"turns":4},{"damage":9,"enemies":"3 Louse","floor":10,"turns":4},{"damage":6,"enemies":"2 Fungi Beasts","floor":11,"turns":4},{"damage":5,"enemies":"3 Sentries","floor":14,"turns":8},{"damage":0,"enemies":"Hexaghost","floor":16,"turns":11},{"damage":7,"enemies":"Shell Parasite","floor":18,"turns":4},{"damage":0,"enemies":"Chosen","floor":21,"turns":4},{"damage":8,"enemies":"3 Cultists","floor":22,"turns":4},{"damage":0,"enemies":"Slavers","floor":24,"turns":5},{"damage":8,"enemies":"Snake Plant","floor":27,"turns":4},{"damage":0,"enemies":"Snecko","floor":28,"turns":4},{"damage":0,"enemies":"Gremlin Leader","floor":29,"turns":8},{"damage":19,"enemies":"Colosseum Slavers","floor":31,"turns":5},{"damage":4,"enemies":"Colosseum Nobs","floor":31,"turns":3},{"damage":0,"enemies":"Champ","floor":33,"turns":15},{"damage":21,"enemies":"3 Darklings","floor":35,"turns":4},{"damage":0,"enemies":"Orb Walker","floor":36,"turns":4},{"damage":21,"enemies":"Orin","floor":39,"turns":10},{"damage":0,"enemies":"Reptomancer","floor":42,"turns":6},{"damage":0,"enemies":"Giant Head","floor":44,"turns":7},{"damage":0,"enemies":"Transient","floor":45,"turns":5},{"damage":0,"enemies":"Writhing Mass","floor":46,"turns":6},{"damage":0,"enemies":"Jaw Worm Horde","floor":47,"turns":4},{"damage":0,"enemies":"Nemesis","floor":48,"turns":5},{"damage":0,"enemies":"Time Eater","floor":50,"turns":11}],"seed_played":"-794859922580897131","potions_obtained":[{"floor":5,"key":"Ancient Potion"},{"floor":6,"key":"Regen Potion"},{"floor":10,"key":"Dexterity Potion"},{"floor":21,"key":"Fire Potion"},{"floor":22,"key":"AttackPotion"},{"floor":27,"key":"Regen Potion"},{"floor":31,"key":"Regen Potion"},{"floor":33,"key":"SpeedPotion"},{"floor":42,"key":"LiquidBronze"}],"is_trial":false,"path_per_floor":["M","M","?","M","M","E","?","M","T","M","M","$","R","E","R","B",null,"M","?","$","M","M","R","E","R","T","M","M","E","$","?","R","B",null,"M","M","?","$","?","?","R","E","T","E","M","M","M","E","R","B",null],"character_chosen":"MIYU","items_purchased":["PreservedInsect","PrismaMod:MiyuOrbIncreasePerm+1","War Paint"],"campfire_rested":0,"item_purchase_floors":[12,20,38],"current_hp_per_floor":[72,72,69,58,42,41,41,27,27,18,12,12,24,19,31,46,75,68,68,68,68,60,75,75,75,75,67,67,67,67,44,59,59,75,54,54,54,54,45,45,63,63,63,63,63,63,63,63,75,75],"gold":264,"neow_bonus":"RANDOM_COLORLESS","is_daily":false,"chose_seed":false,"campfire_upgraded":7,"win_rate":0.0,"timestamp":1611413872,"path_taken":["M","M","?","M","M","E","?","M","T","M","?","$","R","E","R","BOSS","M","?","$","M","?","R","E","R","T","M","M","E","$","?","R","BOSS","M","M","?","$","?","?","R","E","T","E","M","?","M","E","R","BOSS"],"items_purchased_type":["Relic","Card","Relic"],"build_version":"2020-12-22","purchased_purges":3,"victory":true,"max_hp_per_floor":[75,75,75,75,75,75,75,75,75,75,75,75,75,75,75,75,75,75,75,75,75,75,75,75,75,75,75,75,75,75,75,75,75,75,75,75,75,75,75,75,75,75,75,75,75,75,75,75,75,75],"card_choices":[{"not_picked":["Purity","PanicButton"],"picked":"Panacea","floor":0},{"not_picked":["PrismaMod:MiyuEvokeBuffDex","PrismaMod:MiyuCheapAttack2"],"picked":"PrismaMod:MiyuUncommonDexBuff","floor":1},{"not_picked":["PrismaMod:MiyuDefenseExplosion","PrismaMod:MiyuUberAttack"],"picked":"PrismaMod:MiyuEvokeCheapAttack","floor":2},{"not_picked":["PrismaMod:MiyuCheapDexBuff","PrismaMod:MiyuCheapEvoke"],"picked":"PrismaMod:MiyuAttackChannelVul","floor":4},{"not_picked":["PrismaMod:MiyuEvokeCheapAttack","PrismaMod:MiyuUncommonAttack"],"picked":"PrismaMod:MiyuCarnivalAttack","floor":5},{"not_picked":["PrismaMod:MiyuCheapChannelWeak","PrismaMod:MiyuUncommonAOEAttack"],"picked":"PrismaMod:MiyuCheapPlate","floor":6},{"not_picked":["PrismaMod:MiyuUncommonDexBuff","PrismaMod:MiyuCarnivalAttack"],"picked":"PrismaMod:MiyuEvokeAllDefend","floor":8},{"not_picked":["PrismaMod:MiyuEvokeCheapAttack","PrismaMod:MiyuDefenseExplosion"],"picked":"PrismaMod:MiyuCheapAttack2","floor":10},{"not_picked":["PrismaMod:MiyuUncommonAOEAttack","PrismaMod:MiyuEvokeBuffStr+1"],"picked":"PrismaMod:MiyuCheapDefend1+1","floor":11},{"not_picked":["PrismaMod:MiyuAttackChannelVul","PrismaMod:MiyuAttackChannelWeak"],"picked":"PrismaMod:MiyuCheapDefend2+1","floor":14},{"not_picked":["PrismaMod:MiyuBride+1","PrismaMod:MiyuChannelAttackEvoke"],"picked":"PrismaMod:MiyuChannelDefendEvoke+1","floor":16},{"not_picked":["PrismaMod:MiyuAttackChannelAttack","PrismaMod:MiyuUncommonAttack"],"picked":"PrismaMod:MiyuUncommonAOEAttack+1","floor":18},{"not_picked":["PrismaMod:MiyuCheapDefend1+1","PrismaMod:MiyuDefenseExplosion"],"picked":"PrismaMod:MiyuCheapPlate+1","floor":21},{"not_picked":["PrismaMod:MiyuDefenseExplosion","PrismaMod:MiyuCheapDexBuff"],"picked":"PrismaMod:MiyuCheapChannelDefend+1","floor":22},{"not_picked":["PrismaMod:MiyuCheapDefend2+1","PrismaMod:MiyuDevil+1"],"picked":"PrismaMod:MiyuDefenseRemoval+1","floor":24},{"not_picked":["PrismaMod:MiyuChristmas+1","PrismaMod:MiyuCheapStrBuff","PrismaMod:MiyuCheapChannelWeak+1"],"picked":"SKIP","floor":27},{"not_picked":["PrismaMod:MiyuCheapChannelWeak+1","PrismaMod:MiyuCheapChannelVul+1"],"picked":"PrismaMod:MiyuUncommonDefend+1","floor":28},{"not_picked":["PrismaMod:MiyuCommonAOEAttack","PrismaMod:MiyuCheapAttack1"],"picked":"PrismaMod:MiyuUncommonDexBuff","floor":29},{"not_picked":["PrismaMod:MiyuDefenseRemoval+1","PrismaMod:MiyuCheapEvoke+1"],"picked":"PrismaMod:MiyuEvokeAllAttack","floor":31},{"not_picked":["PrismaMod:MiyuChannelDefendEvoke+1","PrismaMod:MiyuEvokeAllAttack"],"picked":"PrismaMod:MiyuEvokeAllDefend+1","floor":33},{"not_picked":["PrismaMod:MiyuCommonAOEAttack","PrismaMod:MiyuEvokeCheapAttack","PrismaMod:MiyuCheapChannelWeak+1"],"picked":"SKIP","floor":35},{"not_picked":["PrismaMod:MiyuAttackChannelWeak+1","PrismaMod:MiyuUncommonPlate+1"],"picked":"PrismaMod:MiyuEvokeCheapDefend+1","floor":36},{"not_picked":["PrismaMod:MiyuCheapAttack2","PrismaMod:MiyuCheapEvoke+1"],"picked":"PrismaMod:MiyuCheapStrBuff+1","floor":39},{"not_picked":["PrismaMod:MiyuCheapChannelRandom+1","PrismaMod:MiyuCheapDefend1+1"],"picked":"PrismaMod:MiyuDefendChannelDefend+1","floor":42},{"not_picked":["PrismaMod:MiyuAttackChannelVul+1","PrismaMod:MiyuChristmas+1","PrismaMod:MiyuCheapEvoke+1"],"picked":"SKIP","floor":44},{"not_picked":["PrismaMod:MiyuUberAOEAttack","PrismaMod:MiyuUncommonAOEAttack","PrismaMod:MiyuEvokeAll+1"],"picked":"SKIP","floor":45},{"not_picked":["PrismaMod:MiyuCheapChannelVul+1","PrismaMod:MiyuCheapChannelAttack+1"],"picked":"PrismaMod:MiyuEvokeBuffDex+1","floor":46},{"not_picked":["PrismaMod:MiyuChristmas+1","PrismaMod:MiyuEvokeBuffStr+1","PrismaMod:MiyuCheapAttack1+1"],"picked":"SKIP","floor":47},{"not_picked":["PrismaMod:MiyuCheapChannelHeal+1","PrismaMod:MiyuAttackChannelWeak+1","PrismaMod:MiyuCheapChannelRandom+1"],"picked":"SKIP","floor":48}],"player_experience":571525,"relics_obtained":[{"floor":6,"key":"Eternal Feather"},{"floor":9,"key":"Toxic Egg 2"},{"floor":14,"key":"Bottled Tornado"},{"floor":24,"key":"Ornamental Fan"},{"floor":26,"key":"Shuriken"},{"floor":29,"key":"Boot"},{"floor":31,"key":"Incense Burner"},{"floor":31,"key":"Meat on the Bone"},{"floor":39,"key":"CatCart"},{"floor":42,"key":"Anchor"},{"floor":43,"key":"Lantern"},{"floor":44,"key":"HornCleat"},{"floor":48,"key":"Mercury Hourglass"}],"event_choices":[{"damage_healed":0,"gold_gain":0,"player_choice":"Success","damage_taken":3,"relics_obtained":["Calipers"],"max_hp_gain":0,"max_hp_loss":0,"event_name":"Scrap Ooze","floor":3,"gold_loss":0},{"damage_healed":0,"gold_gain":0,"cards_transformed":["PrismaMod:MiyuCommonAttack"],"player_choice":"Transformed","damage_taken":0,"max_hp_gain":0,"max_hp_loss":0,"event_name":"Transmorgrifier","floor":7,"gold_loss":0,"cards_obtained":["PrismaMod:MiyuAttackChannelWeak"]},{"damage_healed":0,"gold_gain":100,"player_choice":"Pray","damage_taken":0,"max_hp_gain":0,"max_hp_loss":0,"event_name":"Golden Shrine","floor":19,"gold_loss":0},{"damage_healed":0,"gold_gain":0,"player_choice":"Fight","damage_taken":0,"max_hp_gain":0,"max_hp_loss":0,"event_name":"Colosseum","floor":31,"gold_loss":0},{"damage_healed":0,"gold_gain":0,"player_choice":"Fought Nobs","damage_taken":0,"max_hp_gain":0,"max_hp_loss":0,"event_name":"Colosseum","floor":31,"gold_loss":0},{"damage_healed":0,"gold_gain":0,"player_choice":"Ignored","damage_taken":0,"max_hp_gain":0,"max_hp_loss":0,"event_name":"Tomb of Lord Red Mask","floor":37,"gold_loss":0},{"damage_healed":0,"gold_gain":0,"player_choice":"Fight","damage_taken":0,"max_hp_gain":0,"max_hp_loss":0,"event_name":"OrinTheCat","floor":39,"gold_loss":0},{"cards_removed":["PrismaMod:MiyuCommonAttack"],"damage_healed":0,"gold_gain":0,"player_choice":"Upgrade and Remove","damage_taken":0,"max_hp_gain":0,"max_hp_loss":0,"event_name":"Designer","floor":40,"gold_loss":90,"cards_upgraded":["PrismaMod:MiyuCheapAttack2"]}],"is_beta":false,"boss_relics":[{"not_picked":["Cursed Key","Pandora\u0027s Box"],"picked":"Snecko Eye"},{"not_picked":["Astrolabe","Empty Cage"],"picked":"Philosopher\u0027s Stone"}],"items_purged_floors":[12,20,30],"is_endless":false,"potions_floor_spawned":[5,6,10,21,22,27,31,33,42,45,47],"ascension_level":0}}