{"host":"ggy1mjjy92c62u6a","time":1611402207,"event":{"mods":["10 clothes from DAL","ATMod(阿瑾Mod)","Act Like it!","BaseMod","Colored Powertips","Downfall","GifTheSpireLib","Minty Spire (QoL Compilation)","Quick Restart","Relic Stats","RumiaBox-露米娅的神秘盒子","Shop Mod","Spicy Shops","StSLib","TestMod","Waifu the Spire","Warlord Emblem","【功能Mod】混沌之环修复补丁","【遗物Mod】死灵法师NEW","【遗物卡牌】REMEMod"],"gold_per_floor":[99,119,184,184,202,202,249,268,303,140,140,140,140],"floor_reached":11,"language":"ZHS","playtime":694,"items_purged":["Guardian:Defend_Guardian"],"score":96,"play_id":"3b4d5fa0-6622-45c8-8ee0-97476506dfd4","local_time":"20210123194327","is_ascension_mode":false,"campfire_choices":[{"floor":1,"key":"RECALL"},{"data":"Guardian:Suspension","floor":6,"key":"SMITH"}],"circlet_count":0,"master_deck":["Guardian:Strike_Guardian","Guardian:Strike_Guardian","Guardian:Strike_Guardian","Guardian:Strike_Guardian","Guardian:Defend_Guardian","Guardian:Defend_Guardian","Guardian:Defend_Guardian","Guardian:CurlUp","Guardian:TwinSlam","WarlordEmblem:DeathWither","Guardian:Suspension+1","Guardian:Recover","Guardian:Gem_Lightblue","Guardian:Incinerate"],"relics":["Guardian:ModeShifter","REME_ComplimentaryCards","AT_ATBox","testmod-TestBox","testmod-DreamHouse","Happy Flower","Lantern","LastBattle","Guardian:PickAxe","Nunchaku","Strawberry"],"acts_visited":["Exordium"],"potions_floor_usage":[9],"damage_taken":[{"damage":0,"enemies":"Cultist","floor":2,"turns":3},{"damage":42,"enemies":"Lagavulin Event","floor":3,"turns":9},{"damage":7,"enemies":"Lagavulin Event","floor":4,"turns":2},{"damage":2,"enemies":"2 Louse","floor":5,"turns":4},{"damage":1,"enemies":"Jaw Worm","floor":8,"turns":3},{"damage":31,"enemies":"Lagavulin","floor":9,"turns":6},{"damage":0,"enemies":"downfall:FleeingMerchant","floor":10,"turns":4},{"damage":13,"enemies":"Gremlin Nob","floor":11,"turns":2}],"seed_played":"-5646189527664477025","potions_obtained":[{"floor":8,"key":"FearPotion"},{"floor":9,"key":"EssenceOfSteel"}],"is_trial":false,"path_per_floor":["R","M","?","?","M","R","T","M","E","$","E"],"character_chosen":"GUARDIAN","items_purchased":["Strawberry"],"campfire_rested":0,"item_purchase_floors":[10],"current_hp_per_floor":[88,88,46,39,37,37,37,36,5,12,0,0,0],"gold":140,"neow_bonus":"TEN_PERCENT_HP_BONUS","is_daily":false,"chose_seed":false,"campfire_upgraded":1,"win_rate":0.0,"timestamp":1611402207,"path_taken":["R","M","?","?","M","R","T","M","E","?","E"],"items_purchased_type":["Relic"],"build_version":"2020-12-22","purchased_purges":1,"victory":false,"max_hp_per_floor":[88,88,88,88,88,88,88,88,88,95,95,95,95],"relic_stats":{"Nunchaku":[1],"Happy Flower":[11],"counters":[8,33],"obtain_stats":[{"Guardian:PickAxe":4,"Lantern":0,"Nunchaku":9,"AT_ATBox":0,"testmod-TestBox":0,"Happy Flower":0,"Strawberry":10,"Guardian:ModeShifter":0,"testmod-DreamHouse":0,"LastBattle":3,"REME_ComplimentaryCards":0},{"Guardian:PickAxe":3,"Lantern":0,"Nunchaku":6,"AT_ATBox":0,"testmod-TestBox":0,"Happy Flower":0,"Strawberry":7,"Guardian:ModeShifter":0,"testmod-DreamHouse":0,"LastBattle":2,"REME_ComplimentaryCards":0},{"Guardian:PickAxe":14,"Lantern":0,"Nunchaku":27,"AT_ATBox":0,"testmod-TestBox":0,"Happy Flower":0,"Strawberry":31,"Guardian:ModeShifter":0,"testmod-DreamHouse":0,"LastBattle":12,"REME_ComplimentaryCards":0}]},"card_choices":[{"not_picked":["Guardian:Gem_Blue","Guardian:PiercingHide"],"picked":"Guardian:Suspension","floor":2},{"not_picked":["Guardian:CrystalBeam","Guardian:Gem_Cyan"],"picked":"Guardian:Recover","floor":3},{"not_picked":["Guardian:TemporalShield","Guardian:Gem_Cyan"],"picked":"Guardian:EvasiveProtocol","floor":5},{"not_picked":["Guardian:BronzeArmor","Guardian:ArmoredProtocol"],"picked":"Guardian:Gem_Lightblue","floor":8},{"not_picked":["Guardian:StasisStrike","Guardian:Preprogram"],"picked":"Guardian:Incinerate","floor":9},{"not_picked":["Guardian:ArmoredProtocol","Guardian:Harden","Guardian:PiercingHide"],"picked":"SKIP","floor":10}],"player_experience":92773,"relics_obtained":[{"floor":3,"key":"LastBattle"},{"floor":9,"key":"Nunchaku"}],"event_choices":[],"is_beta":false,"boss_relics":[],"items_purged_floors":[10],"is_endless":false,"potions_floor_spawned":[4,8,9],"killed_by":"Gremlin Nob","ascension_level":0}}