{"host":"yt8tirjpas3zupuf","time":1611416867,"event":{"mods":["Act Like it!","Arknights The Spire","BaseMod","Colored Powertips","Duelist Mod","Gensokyo","Googly Eyes","Lobotomy","Marisa£®ÏF”Í°°ƒß¿Ì…≥£©","Minty Spire (QoL Compilation)","Remilia£®¿Ÿ√◊¿Ú—«£©","Replay The Spire","StSLib","The Bug Knight","The Servant 0.9.4"],"gold_per_floor":[117,192,202,202,216,245,245,255,309,17,34,34,34,48,48,65,65,65,65],"floor_reached":18,"language":"ZHS","playtime":920,"items_purged":[],"score":239,"play_id":"da4975e7-e9d2-44c8-a781-1a16d4d758a7","local_time":"20210123234747","is_ascension_mode":false,"campfire_choices":[{"data":"ats:Apocalypse","floor":7,"key":"SMITH"},{"floor":15,"key":"REST"}],"circlet_count":0,"master_deck":["ats:Strike C","ats:Strike G","ats:Strike S","ats:Strike V","ats:Armor Crushing Shot","ats:Defend","ats:Defend","ats:Defend","ats:Defend","ats:Emotion Absorption","WhitesApple","ats:Powerful Strike","Parasite","SpiderBud","ats:Sunburst","Scorched","ats:Apocalypse+1","Parasite","Scarecrow","ats:Counter Healing Mode","Parasite","SingingMachine","ats:Support Order+1","ats:Disruption Kick","Parasite","Alriune","ats:Childhood Dance","Parasite","CherryBlossoms","ats:Sword Rain","ShyLook","Parasite"],"relics":["ats:Sanity","CogitoBucket","ats:Originium","White Beast Statue","Replay:Baseball","Blue Doll","AdjustmentMirror"],"acts_visited":["Exordium"],"potions_floor_usage":[],"damage_taken":[{"damage":6,"enemies":"Cultist","floor":1,"turns":5},{"damage":0,"enemies":"Small Slimes","floor":3,"turns":3},{"damage":4,"enemies":"2 Louse","floor":5,"turns":2},{"damage":31,"enemies":"Lagavulin","floor":6,"turns":5},{"damage":19,"enemies":"Blue Slaver","floor":8,"turns":3},{"damage":4,"enemies":"3 Louse","floor":11,"turns":2},{"damage":30,"enemies":"Large Slime","floor":14,"turns":6},{"damage":4,"enemies":"Looter","floor":16,"turns":2},{"damage":77,"enemies":"Fading Forest","floor":18,"turns":9}],"seed_played":"-221080962043580329","potions_obtained":[{"floor":1,"key":"DistilledChaos"},{"floor":5,"key":"LiquidBronze"},{"floor":6,"key":"Block Potion"},{"floor":16,"key":"Explosive Potion"}],"is_trial":false,"path_per_floor":["M","?","M","?","M","E","R","M","T","$","M","PTL","PTL","M","R","M","R","B"],"character_chosen":"DOCTOR_CLASS","items_purchased":["Blue Doll","ats:Disruption Kick"],"campfire_rested":1,"item_purchase_floors":[10,10],"current_hp_per_floor":[66,55,55,55,51,25,25,17,17,17,24,24,24,12,33,33,54,0,0],"gold":65,"neow_bonus":"","is_daily":false,"chose_seed":false,"campfire_upgraded":1,"win_rate":0.0,"timestamp":1611416867,"path_taken":["M","?","M","?","?","E","R","?","T","?","M","PTL","PTL","M","R","M","R","BOSS"],"items_purchased_type":["Relic","Card"],"build_version":"2020-12-22","purchased_purges":0,"victory":false,"max_hp_per_floor":[72,72,72,72,72,72,72,72,72,72,72,72,72,72,72,72,72,72,72],"card_choices":[{"not_picked":["UniverseFragment","OldLady"],"picked":"WhitesApple","floor":1},{"not_picked":["ats:Burning Ground","ats:Steam Pump"],"picked":"ats:Powerful Strike","floor":1},{"not_picked":["CrumblingArmor","FairyFestival","SpiderBud"],"picked":"Singing Bowl","floor":3},{"not_picked":["Funeral","UniverseFragment"],"picked":"SpiderBud","floor":3},{"not_picked":["ats:Demon Strength","ats:Ignite"],"picked":"ats:Sunburst","floor":3},{"not_picked":["UniverseFragment","OldLady"],"picked":"Scorched","floor":5},{"not_picked":["ats:Magnetic Hammer","ats:Poison Spread"],"picked":"ats:Apocalypse","floor":5},{"not_picked":["CrumblingArmor","MHz","Wellcheers"],"picked":"Singing Bowl","floor":6},{"not_picked":["WallGazer","UniverseFragment"],"picked":"Scarecrow","floor":6},{"not_picked":["ats:Ignite","ats:Flexible Camouflage"],"picked":"ats:Counter Healing Mode","floor":6},{"not_picked":["OSAHOGD","DespairKnight","RedShoes"],"picked":"Singing Bowl","floor":8},{"not_picked":["HeroicMonk","VoidDream"],"picked":"SingingMachine","floor":8},{"not_picked":["ats:LN2 Cannon","ats:Shell Defense"],"picked":"ats:Support Order","floor":8},{"not_picked":["BigBird","LittleHelper","Yin"],"picked":"Singing Bowl","floor":11},{"not_picked":["VoidDream","FairyFestival"],"picked":"Alriune","floor":11},{"not_picked":["ats:Poison Spread","ats:Consecutive Shot Auto"],"picked":"ats:Childhood Dance","floor":11},{"not_picked":["FairyFestival","CherryBlossoms","FieryBird"],"picked":"Singing Bowl","floor":14},{"not_picked":["MHz","WallGazer"],"picked":"CherryBlossoms","floor":14},{"not_picked":["ats:Leaping Hammer","ats:Counter Healing Mode"],"picked":"ats:Sword Rain","floor":14},{"not_picked":["LaLuna","BlackArmy"],"picked":"ShyLook","floor":16},{"not_picked":["ats:Guardian Obelisk","ats:Childhood Dance","ats:Cat Scratch"],"picked":"SKIP","floor":16}],"player_experience":118452,"relics_obtained":[{"floor":6,"key":"ats:Originium"},{"floor":6,"key":"White Beast Statue"},{"floor":9,"key":"Replay:Baseball"}],"event_choices":[{"damage_healed":0,"gold_gain":75,"player_choice":"Gather Gold","damage_taken":11,"max_hp_gain":0,"max_hp_loss":0,"event_name":"World of Goop","floor":2,"gold_loss":0},{"damage_healed":0,"gold_gain":0,"player_choice":"Ignored","damage_taken":0,"max_hp_gain":0,"max_hp_loss":0,"event_name":"NoteForYourself","floor":4,"gold_loss":0}],"is_beta":false,"boss_relics":[],"items_purged_floors":[],"is_endless":false,"potions_floor_spawned":[1,5,6,8,11,14,16],"killed_by":"Fading Forest","ascension_level":0}}