{"host":"5v9rfzf5qju8k9wy","time":1611418345,"event":{"mods":["Act Like it!","BaseMod","Gensokyo","Hermit","Marisa£®ÏF”Í°°ƒß¿Ì…≥£©","Minty Spire (QoL Compilation)","StSLib"],"gold_per_floor":[119,119,69,69,89,120,295,342,342,342,45,45,21,59,59,181,181,225,225,31,90,1,1,57,77,77,77,185,197,197,248,248,296,296],"floor_reached":33,"language":"ZHS","playtime":1858,"items_purged":["Strike_MRS"],"score":323,"play_id":"25d027e8-93bc-4458-a94e-33bbc3fc2b3a","local_time":"20210124001225","is_ascension_mode":false,"campfire_choices":[{"data":"WitchOfGreed","floor":10.0,"key":"SMITH"},{"data":"CollectingQuirk","floor":12.0,"key":"SMITH"},{"data":"EarthLightRay","floor":15.0,"key":"SMITH"},{"data":"UpSweep","floor":27,"key":"SMITH"},{"data":"MagicAbsorber","floor":30,"key":"SMITH"},{"floor":32,"key":"REST"}],"circlet_count":0,"master_deck":["Strike_MRS","Defend_MRS","Defend_MRS","Defend_MRS","MasterSpark","UpSweep+1","MysteriousBeam","CollectingQuirk+1","WitchOfGreed+1","GrandCross+1","SporeBomb","Doubt","OrrerysSun","SuperPerseids","DC+1","EarthLightRay+1","JA+1","PowerUp","MagicAbsorber+1","Robbery+1","BlazeAway+1","DoubleSpark+1","Singularity","StarlightTyphoon","NonDirectionalLaser+1","Acceleration"],"relics":["MiniHakkero","NeowsBlessing","Molten Egg 2","Bottled Tornado","Strawberry","Pen Nib","Sling","Empty Cage","Vajra","Ancient Tea Set","Darkstone Periapt","HandmadeGrimoire","Juzu Bracelet"],"acts_visited":["Exordium","Gensokyo:Gensokyoer"],"potions_floor_usage":[24,24,29,31,33,33],"damage_taken":[{"damage":0.0,"enemies":"Jaw Worm","floor":1.0,"turns":1.0},{"damage":0.0,"enemies":"Cultist","floor":5.0,"turns":1.0},{"damage":0.0,"enemies":"3 Sentries","floor":6.0,"turns":1.0},{"damage":11.0,"enemies":"Lagavulin","floor":8.0,"turns":5.0},{"damage":0.0,"enemies":"Small Slimes","floor":14.0,"turns":1.0},{"damage":50.0,"enemies":"The Guardian","floor":16.0,"turns":7.0},{"damage":0.0,"enemies":"Gensokyo:Chomper","floor":18.0,"turns":2.0},{"damage":10.0,"enemies":"Gensokyo:AngelMirror","floor":21.0,"turns":2.0},{"damage":46,"enemies":"Gensokyo:Slime_Group","floor":24,"turns":4},{"damage":30,"enemies":"Gensokyo:3_Gloops","floor":25,"turns":5},{"damage":10,"enemies":"Gensokyo:Chomper_and_Gloop","floor":28,"turns":5},{"damage":0,"enemies":"Gensokyo:Slime_Group","floor":29,"turns":1},{"damage":0,"enemies":"Gensokyo:Tenshi","floor":31,"turns":1},{"damage":58,"enemies":"Gensokyo:Eternal_Rivals","floor":33,"turns":6}],"seed_played":"6502660983003554857","potions_obtained":[{"floor":1.0,"key":"LiquidBronze"},{"floor":5.0,"key":"SmokeBomb"},{"floor":6.0,"key":"Dexterity Potion"},{"floor":8.0,"key":"Fire Potion"},{"floor":14.0,"key":"ShroomBrew"},{"floor":16.0,"key":"SteroidPotion"},{"floor":16.0,"key":"LiquidMemories"},{"floor":18.0,"key":"Regen Potion"},{"floor":18.0,"key":"DuplicationPotion"},{"floor":28,"key":"Swift Potion"},{"floor":28,"key":"Explosive Potion"},{"floor":29,"key":"Fire Potion"},{"floor":31,"key":"BottledSpark"}],"is_trial":false,"path_per_floor":["M","?","$","T","M","E","?","E","T","R","$","R","$","M","R","B",null,"M","?","$","M","COS","?","M","M","T","R","M","M","R","E","R","B"],"character_chosen":"MARISA","items_purchased":["WitchOfGreed","Sling","SuperPerseids","DC+1","Vajra","Robbery+1"],"campfire_rested":1,"item_purchase_floors":[3,11,11,13,20,20],"current_hp_per_floor":[75,75,75,75,75,75,75,71,71,71,71,71,71,71,71,27,82,82,82,82,78,78,78,49,25,25,25,21,21,21,21,45,0,0],"gold":296,"neow_bonus":"THREE_ENEMY_KILL","is_daily":false,"chose_seed":false,"campfire_upgraded":5,"win_rate":0.0,"timestamp":1611418345,"path_taken":["M","?","$","?","M","E","?","E","T","R","$","R","?","M","R","BOSS","M","?","?","M","COS","?","?","M","T","R","M","?","R","E","R","BOSS"],"items_purchased_type":["Card","Relic","Card","Card","Relic","Card"],"build_version":"2020-12-22","purchased_purges":1,"victory":false,"max_hp_per_floor":[75,75,75,75,75,75,75,82,82,82,82,82,82,82,82,82,82,82,82,82,82,82,82,82,82,82,82,82,82,82,82,82,82,82],"card_choices":[{"not_picked":["RefractionSpark","MilkyWay"],"picked":"MysteriousBeam","floor":1.0},{"not_picked":["DragonMeteor+1","UnstableBomb+1"],"picked":"GrandCross+1","floor":5.0},{"not_picked":["WitchLeyline+1","GrandCross+1"],"picked":"SporeBomb","floor":6.0},{"not_picked":["WitchOfGreed","EscapeVelocity"],"picked":"OrrerysSun","floor":8.0},{"not_picked":["IllusionStar","DeepEcoloBomb+1"],"picked":"EarthLightRay","floor":14.0},{"not_picked":["CollectingQuirk+1","CasketOfStar"],"picked":"JA+1","floor":16.0},{"not_picked":["DeepEcoloBomb+1","IllusionStar"],"picked":"PowerUp","floor":18.0},{"not_picked":["MysteriousBeam+1","NonDirectionalLaser+1"],"picked":"BlazeAway+1","floor":21.0},{"not_picked":["SporeBomb+1","DarkMatter+1"],"picked":"DoubleSpark+1","floor":24},{"not_picked":["DarkSpark+1","LuminesStrike+1"],"picked":"Singularity","floor":25},{"not_picked":["SporeBomb","IllusionStar"],"picked":"StarlightTyphoon","floor":28},{"not_picked":["UnstableBomb+1","GrandCross+1"],"picked":"NonDirectionalLaser+1","floor":29},{"not_picked":["CollectingQuirk+1","EventHorizon"],"picked":"Acceleration","floor":31}],"player_experience":96396,"relics_obtained":[{"floor":4.0,"key":"Molten Egg 2"},{"floor":6.0,"key":"Bottled Tornado"},{"floor":8.0,"key":"Strawberry"},{"floor":9.0,"key":"Pen Nib"},{"floor":26,"key":"Darkstone Periapt"},{"floor":31,"key":"Juzu Bracelet"}],"event_choices":[{"damage_healed":0.0,"max_hp_gain":0.0,"max_hp_loss":0.0,"gold_gain":0.0,"cards_transformed":["Strike_MRS"],"event_name":"Transmorgrifier","player_choice":"Transformed","floor":2.0,"gold_loss":0.0,"damage_taken":0.0,"cards_obtained":["CollectingQuirk"]},{"damage_healed":0.0,"max_hp_gain":0.0,"max_hp_loss":0.0,"gold_gain":175.0,"event_name":"Liars Game","player_choice":"AGREE","floor":7.0,"gold_loss":0.0,"damage_taken":0.0,"cards_obtained":["Doubt"]}],"is_beta":false,"boss_relics":[{"not_picked":["Philosopher\u0027s Stone","Pandora\u0027s Box"],"picked":"Empty Cage"}],"items_purged_floors":[11],"is_endless":false,"potions_floor_spawned":[1,5,6,16,18,28,29],"killed_by":"Gensokyo:Eternal_Rivals","ascension_level":0}}