{"host":"mykjnfgvckiyjptv","time":1611442662,"event":{"mods":["2.2 Compatiblity","Act Like it!","Aspiration","BaseMod","Better Altar","Better Third Choice","BetterRewards","Card Forge","Custom Start","Dio Mod","Energized Spire","GifTheSpireLib","Gold Saver","Halation","Hermit","Hubris","Hyrulean Relics","Jedi Mod","Minty Spire (QoL Compilation)","Pale of the Ancients","Practice Mode","Replay The Spire","Robot Space Explorer","Shade Mod","Small Relic Pack","Spicy Shops","Spikes Relics","StSLib","Stuff the Spire","vexMod","??????REMEMod"],"gold_per_floor":[2348,2361,2436,2446,2458,2458,2486,1105,1105,207,220,233,243,260,260,336,336,350,62,62,62,76,76,76],"floor_reached":23,"language":"ENG","playtime":1650,"items_purged":[],"score":490,"play_id":"674c5e87-5e93-4231-97b2-7fce38bd2c45","local_time":"20210123165742","is_ascension_mode":true,"campfire_choices":[{"floor":6,"key":"REST"},{"floor":15,"key":"REST"}],"circlet_count":0,"master_deck":["AscendersBane","Strike_G+1","Strike_G+1","Strike_G+1","Strike_G+1","Strike_G+1","Defend_G+1","Defend_G+1","Defend_G+1","Defend_G+1","Defend_G+1","Survivor+1","Neutralize+1","Slice+1","Blade Dance+1","REME_CopyPotion+1","Blur+1","REME_BattleFury+1","Terror+1","Panache+1","Riddle With Holes+1","ReplayTheSpireMod:Scrap Shanks+1","Phantasmal Killer+1","Choke+1"],"relics":["Ring of the Snake","Hammer of Thor","Seething Fire","Anvil of the Gods","REME_ComplimentaryCards","aspiration:DSix","hubris:ToyBattleship","Singing Bowl","jedi:shrinkray","StuffTheSpire:HeavyRock","vexMod:Cooldron","vexMod:Spyglass","aspiration:RandomNobGenerator","hubris:Metronome","StuffTheSpire:GrapeVine"],"acts_visited":["Exordium","TheCity"],"potions_floor_usage":[10,10,16,16,23,23,23],"damage_taken":[{"damage":1,"enemies":"Cultist","floor":1,"turns":4},{"damage":1,"enemies":"Small Slimes","floor":2,"turns":3},{"damage":0,"enemies":"2 Louse","floor":4,"turns":4},{"damage":18,"enemies":"Exordium Thugs","floor":5,"turns":5},{"damage":37,"enemies":"3 Sentries","floor":7,"turns":17},{"damage":0,"enemies":"Large Slime","floor":11,"turns":1},{"damage":0,"enemies":"3 Louse","floor":12,"turns":3},{"damage":0,"enemies":"Red Slaver","floor":13,"turns":2},{"damage":0,"enemies":"Large Slime","floor":14,"turns":3},{"damage":0,"enemies":"Fading Forest","floor":16,"turns":12},{"damage":0,"enemies":"Shell Parasite","floor":18,"turns":1},{"damage":0,"enemies":"Spheric Guardian","floor":22,"turns":2},{"damage":79,"enemies":"Slavers","floor":23,"turns":3}],"seed_played":"-6836094709814905610","potions_obtained":[{"floor":2,"key":"BlessingOfTheForge"},{"floor":5,"key":"jedi:wingpotion"},{"floor":11,"key":"EntropicBrew"},{"floor":22,"key":"EntropicBrew"}],"is_trial":false,"path_per_floor":["M","M","?","M","M","R","E","$","T","$","M","M","M","M","R","B",null,"M","$","?","?","M","E"],"character_chosen":"THE_SILENT","items_purchased":["REME_BattleFury","Singing Bowl","jedi:shrinkray","StuffTheSpire:HeavyRock","vexMod:Cooldron","vexMod:Spyglass","EntropicBrew","EntropicBrew","Terror","Panache","Riddle With Holes","hubris:Metronome"],"campfire_rested":2,"item_purchase_floors":[8,8,8,8,8,10,10,10,10,10,10,19],"current_hp_per_floor":[58,57,46,46,28,47,10,10,10,10,10,12,14,16,37,45,65,65,65,65,65,67,0,0],"gold":76,"neow_bonus":"DSIX","is_daily":false,"chose_seed":false,"campfire_upgraded":0,"win_rate":0.0,"timestamp":1611442662,"path_taken":["M","?","?","M","M","R","E","$","T","$","M","M","M","M","R","BOSS","M","$","?","?","M","E"],"items_purchased_type":["Card","Relic","Relic","Relic","Relic","Relic","Potion","Potion","Card","Card","Card","Relic"],"build_version":"2020-12-22","purchased_purges":0,"victory":false,"max_hp_per_floor":[66,66,66,66,66,66,66,66,66,66,66,68,70,72,72,72,72,72,72,72,72,74,74,74],"card_choices":[{"not_picked":["hubris:SlightOfHand","Crippling Poison"],"picked":"Slice","floor":1},{"not_picked":["Prepared","Dodge and Roll"],"picked":"Blade Dance","floor":2},{"not_picked":["jedi:pocketpoison","Fluid Movement"],"picked":"REME_CopyPotion","floor":4},{"not_picked":["Outmaneuver","jedi:pocketpoison","Endless Agony"],"picked":"SKIP","floor":5},{"not_picked":["Catalyst","Poisoned Stab"],"picked":"Blur","floor":7},{"not_picked":["Riddle With Holes","Backflip"],"picked":"ReplayTheSpireMod:Scrap Shanks","floor":11},{"not_picked":["PiercingWail","Deadly Poison","Dagger Spray"],"picked":"Singing Bowl","floor":12},{"not_picked":["Bane","Acrobatics","Atom Bomb"],"picked":"Singing Bowl","floor":13},{"not_picked":["StuffTheSpire:Python","jedi:pocketpoison","Caltrops"],"picked":"Singing Bowl","floor":14},{"not_picked":["jedi:studypoison","Atom Bomb"],"picked":"Phantasmal Killer","floor":16},{"not_picked":["Deadly Poison+1","PiercingWail"],"picked":"Choke","floor":18},{"not_picked":["hubris:SlightOfHand","Endless Agony+1","StuffTheSpire:BumpUp"],"picked":"Singing Bowl","floor":22}],"player_experience":452069,"relics_obtained":[{"floor":7,"key":"hubris:ToyBattleship"}],"event_choices":[{"damage_healed":0,"gold_gain":75,"player_choice":"Gold","damage_taken":11,"max_hp_gain":0,"max_hp_loss":0,"event_name":"betterThird:BetterGoop","floor":3,"gold_loss":0},{"damage_healed":0,"gold_gain":0,"player_choice":"Ignored","damage_taken":0,"max_hp_gain":0,"max_hp_loss":0,"event_name":"Upgrade Shrine","floor":21,"gold_loss":0}],"is_beta":false,"boss_relics":[{"not_picked":["Ectoplasm","Coffee Dripper"],"picked":"aspiration:RandomNobGenerator"}],"items_purged_floors":[],"is_endless":false,"potions_floor_spawned":[2,5,11,12,22],"killed_by":"Slavers","ascension_level":20}}