{"host":"Rich","time":1611423569,"event":{"mods":["AchievementEnabler","BaseMod","Highlight Path","Minty Spire (QoL Compilation)","Relic Stats"],"gold_per_floor":[117,117,192,19,38,38,63,63,63,93,106,119,36,47,47,124,124,144,157,157,57,76,76,91,91,91],"floor_reached":25,"language":"ENG","playtime":772,"items_purged":["Strike_B","Strike_B"],"score":476,"play_id":"e8c04971-25ac-4bd8-8635-be98899edb1e","local_time":"20210123123929","is_ascension_mode":true,"campfire_choices":[{"data":"Tempest","floor":6.0,"key":"SMITH"},{"data":"Zap","floor":8.0,"key":"SMITH"},{"data":"Loop","floor":15.0,"key":"SMITH"},{"floor":23,"key":"REST"}],"circlet_count":0,"master_deck":["AscendersBane","Strike_B","Strike_B","Defend_B","Defend_B","Defend_B","Defend_B","Zap+1","Dualcast","Hologram","Cold Snap","Consume","Tempest+1","Turbo","Core Surge","Reinforced Body","Ball Lightning","Loop+1","Biased Cognition","Redo+1","Machine Learning","Cold Snap"],"relics":["FrozenCore","NeowsBlessing","Peace Pipe","Akabeko","White Beast Statue"],"acts_visited":["Exordium","TheCity"],"potions_floor_usage":[16,19,22,25,25],"damage_taken":[{"damage":0.0,"enemies":"Cultist","floor":1.0,"turns":1.0},{"damage":0.0,"enemies":"2 Louse","floor":5.0,"turns":1.0},{"damage":0.0,"enemies":"3 Sentries","floor":7.0,"turns":1.0},{"damage":8.0,"enemies":"Lagavulin","floor":10.0,"turns":4.0},{"damage":5.0,"enemies":"Jaw Worm","floor":11.0,"turns":2.0},{"damage":0.0,"enemies":"3 Louse","floor":12.0,"turns":2.0},{"damage":7.0,"enemies":"Red Slaver","floor":14.0,"turns":3.0},{"damage":20,"enemies":"Slime Boss","floor":16,"turns":8},{"damage":0,"enemies":"Spheric Guardian","floor":18,"turns":4},{"damage":9,"enemies":"Chosen","floor":19,"turns":4},{"damage":17,"enemies":"Shelled Parasite and Fungi","floor":22,"turns":6},{"damage":11,"enemies":"Cultist and Chosen","floor":24,"turns":6},{"damage":46,"enemies":"Slavers","floor":25,"turns":3}],"seed_played":"9134411982700359420","potions_obtained":[{"floor":5.0,"key":"SkillPotion"},{"floor":12.0,"key":"FearPotion"},{"floor":14.0,"key":"LiquidMemories"},{"floor":16,"key":"Weak Potion"},{"floor":18,"key":"GamblersBrew"},{"floor":19,"key":"Fire Potion"},{"floor":22,"key":"Dexterity Potion"},{"floor":24,"key":"Weak Potion"}],"is_trial":false,"path_per_floor":["M","?","?","$","M","R","E","R","T","E","M","M","?","M","R","B",null,"M","M","?","$","M","R","M","E"],"character_chosen":"DEFECT","items_purchased":["Cold Snap","Consume"],"campfire_rested":1,"item_purchase_floors":[4,4],"current_hp_per_floor":[64,64,53,53,53,53,53,53,53,45,40,40,40,33,33,13,57,57,48,48,48,31,52,41,0,0],"gold":91,"neow_bonus":"THREE_ENEMY_KILL","is_daily":false,"chose_seed":false,"campfire_upgraded":3,"win_rate":0.0,"timestamp":1611423569,"path_taken":["M","?","?","$","M","R","E","R","T","E","?","M","?","?","R","BOSS","M","M","?","$","M","R","M","E"],"items_purchased_type":["Card","Card"],"build_version":"2020-12-18","purchased_purges":2,"victory":false,"max_hp_per_floor":[71,71,71,71,71,71,71,71,71,71,71,71,71,71,71,71,71,71,71,71,71,71,71,71,71,71],"relic_stats":{"Peace Pipe":0,"counters":[13,44],"obtain_stats":[{"Peace Pipe":7,"NeowsBlessing":0,"Cracked Core":0,"Akabeko":10,"White Beast Statue":13,"FrozenCore":17},{"Peace Pipe":3,"NeowsBlessing":0,"Cracked Core":0,"Akabeko":4,"White Beast Statue":6,"FrozenCore":8},{"Peace Pipe":3,"NeowsBlessing":0,"Cracked Core":0,"Akabeko":7,"White Beast Statue":11,"FrozenCore":22}],"FrozenCore":[7]},"card_choices":[{"not_picked":["Steam","Compile Driver"],"picked":"Hologram","floor":1.0},{"not_picked":["Redo","Go for the Eyes"],"picked":"Tempest","floor":5.0},{"not_picked":["Reinforced Body","Streamline"],"picked":"Turbo","floor":7.0},{"not_picked":["Heatsinks","Aggregate"],"picked":"Core Surge","floor":10.0},{"not_picked":["Conserve Battery","Melter"],"picked":"Reinforced Body","floor":11.0},{"not_picked":["Heatsinks","Cold Snap"],"picked":"Ball Lightning","floor":12.0},{"not_picked":["Ball Lightning","Redo"],"picked":"Loop","floor":14.0},{"not_picked":["Fission","Amplify"],"picked":"Biased Cognition","floor":16},{"not_picked":["Go for the Eyes","Leap"],"picked":"Redo+1","floor":18},{"not_picked":["Heatsinks","Ball Lightning"],"picked":"Machine Learning","floor":19},{"not_picked":["Genetic Algorithm","Gash","Steam"],"picked":"SKIP","floor":22},{"not_picked":["Barrage","Auto Shields"],"picked":"Cold Snap","floor":24}],"player_experience":2009876,"relics_obtained":[{"floor":7.0,"key":"Peace Pipe"},{"floor":10.0,"key":"Akabeko"}],"event_choices":[{"damage_healed":0.0,"max_hp_gain":0.0,"max_hp_loss":0.0,"gold_gain":0.0,"event_name":"The Cleric","player_choice":"Leave","floor":2.0,"gold_loss":0.0,"damage_taken":0.0},{"damage_healed":0.0,"max_hp_gain":0.0,"max_hp_loss":0.0,"gold_gain":75.0,"event_name":"World of Goop","player_choice":"Gather Gold","floor":3.0,"gold_loss":0.0,"damage_taken":11.0},{"damage_healed":0.0,"max_hp_gain":0.0,"max_hp_loss":0.0,"gold_gain":0.0,"event_name":"WeMeetAgain","player_choice":"Paid Gold","floor":13.0,"gold_loss":83.0,"damage_taken":0.0,"relics_obtained":["White Beast Statue"]},{"damage_healed":0,"gold_gain":0,"player_choice":"Ignored","damage_taken":0,"max_hp_gain":0,"max_hp_loss":0,"event_name":"Vampires","floor":20,"gold_loss":0}],"is_beta":true,"boss_relics":[{"not_picked":["Empty Cage","Runic Dome"],"picked":"FrozenCore"}],"items_purged_floors":[4,21],"is_endless":false,"potions_floor_spawned":[5,12,14,16,18,19,22,24],"killed_by":"Slavers","ascension_level":20}}