{"host":"p7cjtxxrilhp4dw7","time":1611380661,"event":{"mods":["BaseMod","Block Reminder","Colored Map","Highlight Path","Minty Spire (QoL Compilation)","Replay The Spire","StSLib","The Hierophant"],"gold_per_floor":[119,136,136,211,211,211,226,253,253,253,265,265,301,321,321,321,321],"floor_reached":16,"language":"ENG","playtime":1005,"items_purged":[],"score":148,"play_id":"c475ea8b-91d7-4c87-8d31-c59826770a4c","local_time":"20210122224421","is_ascension_mode":true,"campfire_choices":[{"floor":6,"key":"REST"},{"floor":10,"key":"REST"},{"floor":15,"key":"REST"}],"circlet_count":0,"master_deck":["Strike_B","Strike_B","Strike_B","Strike_B","Defend_B","Defend_B","Defend_B","Zap","Dualcast+1","White Noise","Sunder","Chill","Panic Button","Crystallizer","Glacier","Leap"],"relics":["Cracked Core","Thread and Needle","The Courier"],"acts_visited":["Exordium"],"potions_floor_usage":[2,8,13,16,16,16],"damage_taken":[{"damage":7,"enemies":"Jaw Worm","floor":1,"turns":4},{"damage":4,"enemies":"Small Slimes","floor":2,"turns":3},{"damage":0,"enemies":"Cultist","floor":7,"turns":3},{"damage":48,"enemies":"Lagavulin","floor":8,"turns":7},{"damage":9,"enemies":"Blue Slaver","floor":11,"turns":2},{"damage":0,"enemies":"Red Slaver","floor":13,"turns":1},{"damage":4,"enemies":"Exordium Wildlife","floor":14,"turns":2},{"damage":64,"enemies":"Hexaghost","floor":16,"turns":16}],"seed_played":"-7609189943985364817","potions_obtained":[{"floor":1,"key":"ColorlessPotion"},{"floor":5,"key":"FearPotion"},{"floor":5,"key":"GamblersBrew"},{"floor":5,"key":"Milkshake"},{"floor":8,"key":"ColorlessPotion"},{"floor":11,"key":"PowerPotion"},{"floor":14,"key":"Block Potion"}],"is_trial":false,"path_per_floor":["M","M","?","?","?","R","M","E","T","R","M","?","M","M","R","B"],"character_chosen":"DEFECT","items_purchased":[],"campfire_rested":3,"item_purchase_floors":[],"current_hp_per_floor":[68,64,64,53,53,77,77,29,29,53,44,44,44,40,64,0,0],"gold":321,"neow_bonus":"TEN_PERCENT_HP_BONUS","is_daily":false,"chose_seed":false,"campfire_upgraded":0,"win_rate":0.0,"timestamp":1611380661,"path_taken":["M","M","?","?","?","R","M","E","T","R","?","?","M","M","R","BOSS"],"items_purchased_type":[],"build_version":"2020-12-22","purchased_purges":0,"victory":false,"max_hp_per_floor":[82,82,82,82,82,82,82,82,82,82,82,82,82,82,82,82,82],"card_choices":[{"not_picked":["Consume","Darkness"],"picked":"White Noise","floor":1},{"not_picked":["Rebound","Stack","ReplayTheSpireMod:Reroute Power"],"picked":"SKIP","floor":2},{"not_picked":["Stack","Hologram"],"picked":"Sunder","floor":7},{"not_picked":["Static Discharge","Panic Button"],"picked":"Chill","floor":8},{"not_picked":["ReplayTheSpireMod:Omega Cannon","Hologram"],"picked":"Panic Button","floor":11},{"not_picked":["Fusion","Gash"],"picked":"Glacier","floor":13},{"not_picked":["Capacitor","Gash"],"picked":"Leap","floor":14}],"player_experience":565340,"relics_obtained":[{"floor":8,"key":"Thread and Needle"},{"floor":9,"key":"The Courier"}],"event_choices":[{"damage_healed":0,"gold_gain":75,"player_choice":"Gather Gold","damage_taken":11,"max_hp_gain":0,"max_hp_loss":0,"event_name":"World of Goop","floor":4,"gold_loss":0},{"damage_healed":0,"gold_gain":0,"player_choice":"Got Potions","damage_taken":0,"max_hp_gain":0,"max_hp_loss":0,"event_name":"Lab","floor":5,"gold_loss":0},{"damage_healed":0,"gold_gain":0,"cards_transformed":["Defend_B"],"player_choice":"Transformed","damage_taken":0,"max_hp_gain":0,"max_hp_loss":0,"event_name":"Transmorgrifier","floor":12,"gold_loss":0,"cards_obtained":["Crystallizer"]}],"is_beta":false,"boss_relics":[],"items_purged_floors":[],"is_endless":false,"potions_floor_spawned":[1,8,11,14],"killed_by":"Hexaghost","ascension_level":9}}