{"host":"c3lc60y5x60jlt1y","time":1611442894,"event":{"mods":["AchievementEnabler","BaseMod","Bestiary","Colored Map","Minty Spire (QoL Compilation)","Quick Restart","StSLib","ojb\u0027s Info Mod"],"gold_per_floor":[112,130,130,130,130,158,208,219,219,55,80,80,80,111,111,189,189,209,185,201,212,212,212,212],"floor_reached":23,"language":"ENG","playtime":2047,"items_purged":["Regret"],"score":445,"play_id":"da82d757-717e-4fce-a655-4baafc16e086","local_time":"20210124010134","is_ascension_mode":true,"campfire_choices":[{"data":"Discovery","floor":12.0,"key":"SMITH"},{"data":"Zap","floor":13.0,"key":"SMITH"},{"floor":15.0,"key":"REST"}],"circlet_count":0,"master_deck":["AscendersBane","Strike_B","Strike_B","Strike_B","Strike_B","Defend_B","Defend_B","Defend_B","Defend_B","Zap+1","Dualcast","Conserve Battery","BootSequence","Compile Driver","Hello World","Discovery+1","Static Discharge","Echo Form","Go for the Eyes","Buffer","Turbo","Force Field","Defragment","FTL","Pain"],"relics":["Cracked Core","NeowsBlessing","Regal Pillow","Centennial Puzzle","Dream Catcher","Mummified Hand","Orichalcum","WingedGreaves","Symbiotic Virus","Cursed Key","WarpedTongs"],"acts_visited":["Exordium","TheCity"],"potions_floor_usage":[19,19,21],"damage_taken":[{"damage":0.0,"enemies":"Cultist","floor":1.0,"turns":1.0},{"damage":0.0,"enemies":"Jaw Worm","floor":2.0,"turns":1.0},{"damage":0.0,"enemies":"Lagavulin","floor":6.0,"turns":2.0},{"damage":3.0,"enemies":"Small Slimes","floor":8.0,"turns":4.0},{"damage":30.0,"enemies":"3 Sentries","floor":11.0,"turns":8.0},{"damage":15.0,"enemies":"Lagavulin","floor":14.0,"turns":6.0},{"damage":5.0,"enemies":"Hexaghost","floor":16.0,"turns":8.0},{"damage":11.0,"enemies":"3 Byrds","floor":18.0,"turns":3.0},{"damage":1,"enemies":"2 Thieves","floor":19,"turns":4},{"damage":8,"enemies":"Snecko","floor":20,"turns":5},{"damage":7,"enemies":"3 Cultists","floor":21,"turns":4},{"damage":39,"enemies":"Book of Stabbing","floor":23,"turns":5}],"seed_played":"5497121026155160595","potions_obtained":[{"floor":6.0,"key":"PowerPotion"},{"floor":8.0,"key":"Weak Potion"},{"floor":14.0,"key":"FocusPotion"},{"floor":16.0,"key":"SkillPotion"},{"floor":18.0,"key":"AttackPotion"},{"floor":20,"key":"Explosive Potion"},{"floor":21,"key":"Strength Potion"}],"is_trial":false,"path_per_floor":["M","M","?","?","T","E","?","M","T","$","E","R","R","E","R","B",null,"M","M","M","M","?","E"],"character_chosen":"DEFECT","items_purchased":["Discovery"],"campfire_rested":1,"item_purchase_floors":[10],"current_hp_per_floor":[64,64,64,53,53,53,53,50,50,50,20,20,20,5,41,36,62,51,50,42,35,35,0,0],"gold":212,"neow_bonus":"THREE_ENEMY_KILL","is_daily":false,"chose_seed":false,"campfire_upgraded":2,"win_rate":0.0,"timestamp":1611442894,"path_taken":["M","?","?","?","?","E","?","M","T","$","E","R","R","E","R","BOSS","M","?","M","M","?","E"],"items_purchased_type":["Card"],"build_version":"2020-12-22","purchased_purges":1,"victory":false,"max_hp_per_floor":[71,71,71,71,71,71,71,71,71,71,71,71,71,71,71,71,71,71,71,71,71,71,71,71],"card_choices":[{"not_picked":["Reprogram","Steam"],"picked":"Conserve Battery","floor":1.0},{"not_picked":["Sweeping Beam","Leap"],"picked":"BootSequence","floor":2.0},{"not_picked":["Lockon","Hologram"],"picked":"Compile Driver","floor":6.0},{"not_picked":["Darkness","Conserve Battery"],"picked":"Hello World","floor":8.0},{"not_picked":["Barrage","Streamline"],"picked":"Static Discharge","floor":11.0},{"not_picked":["Hello World","Undo"],"picked":"Echo Form","floor":14.0},{"not_picked":["Rip and Tear","Leap"],"picked":"Go for the Eyes","floor":15.0},{"not_picked":["Core Surge","Fission"],"picked":"Buffer","floor":16.0},{"not_picked":["Hello World","Ball Lightning"],"picked":"Turbo","floor":18.0},{"not_picked":["Rebound","Leap"],"picked":"Force Field","floor":19},{"not_picked":["Sweeping Beam","Hello World"],"picked":"Defragment","floor":20},{"not_picked":["Gash","Doom and Gloom+1"],"picked":"FTL","floor":21}],"player_experience":8442461,"relics_obtained":[{"floor":5.0,"key":"Dream Catcher"},{"floor":6.0,"key":"Mummified Hand"},{"floor":9.0,"key":"Orichalcum"},{"floor":11.0,"key":"WingedGreaves"},{"floor":14.0,"key":"Symbiotic Virus"}],"event_choices":[{"damage_healed":0.0,"max_hp_gain":0.0,"max_hp_loss":0.0,"gold_gain":0.0,"event_name":"Big Fish","player_choice":"Box","floor":3.0,"gold_loss":0.0,"damage_taken":0.0,"relics_obtained":["Regal Pillow"],"cards_obtained":["Regret"]},{"damage_healed":0.0,"max_hp_gain":0.0,"max_hp_loss":0.0,"gold_gain":0.0,"event_name":"Scrap Ooze","player_choice":"Success","floor":4.0,"gold_loss":0.0,"damage_taken":11.0,"relics_obtained":["Centennial Puzzle"]},{"damage_healed":0.0,"max_hp_gain":0.0,"max_hp_loss":0.0,"gold_gain":50.0,"event_name":"Golden Shrine","player_choice":"Pray","floor":7.0,"gold_loss":0.0,"damage_taken":0.0},{"damage_healed":0,"gold_gain":0,"player_choice":"Rummage","damage_taken":0,"relics_obtained":["WarpedTongs"],"max_hp_gain":0,"max_hp_loss":0,"event_name":"Accursed Blacksmith","floor":22,"gold_loss":0,"cards_obtained":["Pain"]}],"is_beta":false,"boss_relics":[{"not_picked":["Astrolabe","Velvet Choker"],"picked":"Cursed Key"}],"items_purged_floors":[10],"is_endless":false,"potions_floor_spawned":[6,8,14,16,18,20,21],"killed_by":"Book of Stabbing","ascension_level":18}}