{"host":"7k2a2omxz3voj5ax","time":1611382255,"event":{"mods":["BaseMod","Marisa£¨ìFÓê¡¡Ä§ÀíÉ³£©","Minty Spire (QoL Compilation)","Quick Restart","Spicy Shops","StSLib","Starting Relic: Pandora\u0027s Box","¡¾ÒÅÎï¿¨ÅÆ¡¿REMEMod","óô»ðÖ¸ÄÏ"],"gold_per_floor":[113,125,142,1921,1921,1921,1946,1946,1946,1976,1992,2009,2023,2358,2245,2318,2318,2330,2330,2342,2353,2353,2353,2353],"floor_reached":23,"language":"ZHS","playtime":1056,"items_purged":["Poisoned Stab","Slice","Bane"],"score":476,"play_id":"d125e822-67db-456d-ba5b-ff1a5a7626a2","local_time":"20210123151055","is_ascension_mode":true,"campfire_choices":[{"data":"Apotheosis","floor":6.0,"key":"SMITH"}],"circlet_count":0,"master_deck":["AscendersBane","Survivor","Neutralize","Bane","Masterful Stab","REME_ShadowStrike","Dodge and Roll","Calculated Gamble","Dodge and Roll","Crippling Poison","Double Tap","Apotheosis+1","Acrobatics","Noxious Fumes","REME_ShadowStrike","Acrobatics","REME_LeechingPoison","Calculated Gamble","Adrenaline","Reflex+1"],"relics":["Pandora\u0027s Box","REME_ComplimentaryCards","Membership Card","Sundial","Nunchaku","Old Coin","Fusion Hammer","MutagenicStrength"],"acts_visited":["Exordium","TheCity"],"potions_floor_usage":[20],"damage_taken":[{"damage":0.0,"enemies":"Cultist","floor":1.0,"turns":3.0},{"damage":0.0,"enemies":"2 Louse","floor":2.0,"turns":1.0},{"damage":0.0,"enemies":"Small Slimes","floor":3.0,"turns":2.0},{"damage":18.0,"enemies":"3 Sentries","floor":7.0,"turns":5.0},{"damage":0.0,"enemies":"Gremlin Nob","floor":10.0,"turns":2.0},{"damage":3.0,"enemies":"Looter","floor":11.0,"turns":2.0},{"damage":0.0,"enemies":"Large Slime","floor":12.0,"turns":4.0},{"damage":0.0,"enemies":"Red Slaver","floor":13.0,"turns":1.0},{"damage":22.0,"enemies":"3 Sentries","floor":14.0,"turns":5.0},{"damage":6.0,"enemies":"Hexaghost","floor":16.0,"turns":4.0},{"damage":4.0,"enemies":"Shell Parasite","floor":18.0,"turns":2.0},{"damage":5,"enemies":"2 Thieves","floor":20,"turns":2},{"damage":32,"enemies":"Chosen and Byrds","floor":21,"turns":6},{"damage":56,"enemies":"Slavers","floor":23,"turns":2}],"seed_played":"7544729169719524937","potions_obtained":[{"floor":7.0,"key":"Swift Potion"},{"floor":10.0,"key":"Regen Potion"},{"floor":11.0,"key":"GamblersBrew"},{"floor":13.0,"key":"Strength Potion"},{"floor":16.0,"key":"REME_GoldPotion"},{"floor":18.0,"key":"SkillPotion"}],"is_trial":false,"path_per_floor":["M","M","M","$","?","R","E","?","T","E","M","M","M","E","R","B",null,"M","?","M","M","?","E"],"character_chosen":"THE_SILENT","items_purchased":["Membership Card","Sundial"],"campfire_rested":0,"item_purchase_floors":[4,4],"current_hp_per_floor":[44,44,44,44,44,44,26,26,26,26,28,34,34,24,24,32,58,66,66,66,44,44,0,0],"gold":2353,"neow_bonus":"RANDOM_COLORLESS_2","is_daily":false,"chose_seed":false,"campfire_upgraded":1,"win_rate":0.0,"timestamp":1611382255,"path_taken":["M","M","M","$","?","R","E","?","T","E","M","M","?","E","R","BOSS","M","?","M","M","?","E"],"items_purchased_type":["Relic","Relic"],"build_version":"2020-12-22","purchased_purges":3,"victory":false,"max_hp_per_floor":[66,66,66,66,66,66,66,66,66,66,66,66,66,66,66,66,66,66,66,66,66,66,66,66],"card_choices":[{"not_picked":["Mayhem","REME_MawOfCthun"],"picked":"Apotheosis","floor":0.0},{"not_picked":["Blade Dance","Poisoned Stab"],"picked":"Acrobatics","floor":1.0},{"not_picked":["Dagger Spray","Finisher","Infinite Blades"],"picked":"SKIP","floor":2.0},{"not_picked":["Cloak And Dagger","Dagger Spray"],"picked":"Noxious Fumes","floor":3.0},{"not_picked":["Sucker Punch","Dagger Throw","Slice"],"picked":"SKIP","floor":7.0},{"not_picked":["Poisoned Stab","Leg Sweep"],"picked":"REME_LeechingPoison","floor":10.0},{"not_picked":["Backflip","Noxious Fumes","Caltrops"],"picked":"SKIP","floor":11.0},{"not_picked":["Poisoned Stab","Well Laid Plans"],"picked":"Calculated Gamble","floor":12.0},{"not_picked":["Eviscerate","Poisoned Stab","REME_ShadowStrike"],"picked":"SKIP","floor":13.0},{"not_picked":["Flechettes","Cloak And Dagger","Poisoned Stab"],"picked":"SKIP","floor":14.0},{"not_picked":["A Thousand Cuts","Venomology"],"picked":"Adrenaline","floor":16.0},{"not_picked":["Setup","Underhanded Strike"],"picked":"Reflex+1","floor":18.0},{"not_picked":["Flechettes","Skewer+1","Footwork"],"picked":"SKIP","floor":20},{"not_picked":["Slice","Blur+1","Deadly Poison"],"picked":"SKIP","floor":21}],"player_experience":483164,"relics_obtained":[{"floor":10.0,"key":"Nunchaku"},{"floor":14.0,"key":"Old Coin"}],"event_choices":[{"damage_healed":0.0,"max_hp_gain":0.0,"max_hp_loss":0.0,"gold_gain":0.0,"event_name":"Scrap Ooze","player_choice":"Fled","floor":5.0,"gold_loss":0.0,"damage_taken":0.0},{"damage_healed":0.0,"max_hp_gain":0.0,"max_hp_loss":0.0,"gold_gain":0.0,"event_name":"Match and Keep!","player_choice":"2 cards matched","floor":8.0,"gold_loss":0.0,"damage_taken":0.0,"cards_obtained":["REME_ShadowStrike","Acrobatics"]},{"damage_healed":0,"gold_gain":0,"player_choice":"Inject Mutagens","damage_taken":0,"relics_obtained":["MutagenicStrength"],"max_hp_gain":0,"max_hp_loss":0,"event_name":"Drug Dealer","floor":19,"gold_loss":0},{"damage_healed":0,"gold_gain":0,"player_choice":"Ignored","damage_taken":0,"max_hp_gain":0,"max_hp_loss":0,"event_name":"Ghosts","floor":22,"gold_loss":0}],"is_beta":false,"boss_relics":[{"not_picked":["REME_LowDesire","WristBlade"],"picked":"Fusion Hammer"}],"items_purged_floors":[4,15,15],"is_endless":false,"potions_floor_spawned":[7,10,11,13,16,18],"killed_by":"Slavers","ascension_level":20}}