{"host":"l60rmjjsfi0fipmi","time":1611370337,"event":{"mods":["BaseMod","Colored Map","DeckTracker","Highlight Path","Minty Spire (QoL Compilation)","StSLib","The Cursed","The Servant 0.9.4"],"gold_per_floor":[115,45,45,60,73,73,105,105,132,132,152,8,22,22,22,122,122,138,138,156,156,170,170,170,170],"floor_reached":24,"language":"ENG","playtime":974,"items_purged":[],"score":235,"play_id":"dbdaf755-5e7e-41c2-bdcb-66a6b4f35a3b","local_time":"20210122215217","is_ascension_mode":true,"campfire_choices":[{"data":"Whirlwind","floor":6,"key":"SMITH"},{"data":"Shrug It Off","floor":8,"key":"SMITH"},{"data":"Pommel Strike","floor":10,"key":"SMITH"},{"floor":15,"key":"REST"},{"data":"Pommel Strike","floor":23,"key":"SMITH"}],"circlet_count":0,"master_deck":["Strike_R","Strike_R","Strike_R","Defend_R","Defend_R","Defend_R","Bash","Headbutt","Shrug It Off+1","Whirlwind+1","Disarm","Sword Boomerang","Pommel Strike+1","Spot Weakness","Seeing Red","Exhume","CurseOfTheBell","Shockwave","Pommel Strike+1"],"relics":["Burning Blood","Smiling Mask","Oddly Smooth Stone","Red Skull","Calling Bell","Nunchaku","Self Forming Clay","Ice Cream"],"acts_visited":["Exordium","TheCity"],"potions_floor_usage":[7,16,24,24],"damage_taken":[{"damage":0,"enemies":"Small Slimes","floor":1,"turns":3},{"damage":1,"enemies":"Cultist","floor":4,"turns":5},{"damage":0,"enemies":"2 Louse","floor":5,"turns":2},{"damage":44,"enemies":"3 Sentries","floor":7,"turns":8},{"damage":7,"enemies":"Blue Slaver","floor":11,"turns":3},{"damage":0,"enemies":"Exordium Thugs","floor":13,"turns":4},{"damage":39,"enemies":"The Guardian","floor":16,"turns":12},{"damage":22,"enemies":"Spheric Guardian","floor":18,"turns":4},{"damage":16,"enemies":"Chosen","floor":20,"turns":5},{"damage":11,"enemies":"Snake Plant","floor":22,"turns":5},{"damage":59,"enemies":"Gremlin Leader","floor":24,"turns":4}],"seed_played":"-6639932098012643751","potions_obtained":[{"floor":1,"key":"PowerPotion"},{"floor":4,"key":"Energy Potion"},{"floor":5,"key":"CultistPotion"},{"floor":16,"key":"ElixirPotion"},{"floor":20,"key":"SkillPotion"}],"is_trial":false,"path_per_floor":["M","$","?","M","M","R","E","R","T","R","M","$","M","$","R","B",null,"M","?","M","?","M","R","E"],"character_chosen":"IRONCLAD","items_purchased":["Whirlwind","Red Skull"],"campfire_rested":1,"item_purchase_floors":[2,12],"current_hp_per_floor":[80,80,80,80,80,80,42,42,42,42,41,41,47,47,71,38,80,64,64,54,54,49,49,0,0],"gold":170,"neow_bonus":"TRANSFORM_CARD","is_daily":false,"chose_seed":false,"campfire_upgraded":4,"win_rate":0.0,"timestamp":1611370337,"path_taken":["M","$","?","M","M","R","E","R","T","R","M","?","M","$","R","BOSS","M","?","M","?","M","R","E"],"items_purchased_type":["Card","Relic"],"build_version":"2020-12-22","purchased_purges":0,"victory":false,"max_hp_per_floor":[80,80,80,80,80,80,80,80,80,80,80,80,80,80,80,80,80,80,80,80,80,80,80,80,80],"card_choices":[{"not_picked":["Rage","Seeing Red"],"picked":"Shrug It Off","floor":1},{"not_picked":["Dual Wield","Ghostly Armor"],"picked":"Disarm","floor":4},{"not_picked":["Rupture","Second Wind"],"picked":"Sword Boomerang","floor":5},{"not_picked":["True Grit","Perfected Strike"],"picked":"Pommel Strike","floor":7},{"not_picked":["Metallicize","Reckless Charge"],"picked":"Spot Weakness","floor":11},{"not_picked":["Pummel","Juggernaut"],"picked":"Seeing Red","floor":13},{"not_picked":["Feed","Berserk"],"picked":"Exhume","floor":16},{"not_picked":["Anger","Wild Strike+1","Double Tap"],"picked":"SKIP","floor":18},{"not_picked":["Shrug It Off","Flex+1","Perfected Strike+1"],"picked":"SKIP","floor":20},{"not_picked":["Iron Wave","Clothesline+1"],"picked":"Pommel Strike","floor":22}],"player_experience":559326,"relics_obtained":[{"floor":7,"key":"Smiling Mask"},{"floor":9,"key":"Oddly Smooth Stone"},{"floor":17,"key":"Nunchaku"},{"floor":17,"key":"Self Forming Clay"},{"floor":17,"key":"Ice Cream"}],"event_choices":[{"cards_removed":["Defend_R"],"damage_healed":0,"gold_gain":0,"player_choice":"Purged","damage_taken":0,"max_hp_gain":0,"max_hp_loss":0,"event_name":"Purifier","floor":3,"gold_loss":0},{"damage_healed":0,"gold_gain":0,"player_choice":"Ignored","damage_taken":0,"max_hp_gain":0,"max_hp_loss":0,"event_name":"Vampires","floor":19,"gold_loss":0},{"damage_healed":0,"gold_gain":0,"cards_transformed":["Strike_R"],"player_choice":"Transformed","damage_taken":0,"max_hp_gain":0,"max_hp_loss":0,"event_name":"Transmorgrifier","floor":21,"gold_loss":0,"cards_obtained":["Shockwave"]}],"is_beta":false,"boss_relics":[{"not_picked":["Runic Cube","Coffee Dripper"],"picked":"Calling Bell"}],"items_purged_floors":[],"is_endless":false,"potions_floor_spawned":[1,4,5,16,20],"killed_by":"Gremlin Leader","ascension_level":4}}