{"host":"6a92uynocv4elkyp","time":1611444342,"event":{"mods":["AchievementEnabler","BaseMod","Hubris","Infinite Spire","Minty Spire (QoL Compilation)","Quick Restart","Replay The Spire","StSLib"],"gold_per_floor":[132,168,204,252,300,402,507,567,567,642,720,720,804,897,897,1113,1113,1155,1155,902,817,462,549,630,729,756,756,843,930,592,649,649,883,883,937,937,937,1030,1105,1213,1297,1381,1381,1555,1288,1459,1653,1823,1823,2184,2184,2184],"floor_reached":51,"language":"ENG","playtime":3763,"items_purged":["Self Repair"],"score":3565,"play_id":"129ad689-a5d3-4d86-8c72-642157d2a7aa","local_time":"20210124002542","daily_mods":["SealedDeck","Blue Cards","Heirloom","Flight","DeadlyEvents","Elite Swarm","Midas"],"is_ascension_mode":true,"campfire_choices":[{"floor":15,"key":"REST"},{"floor":32,"key":"DIG"},{"data":"ReplayGash+1","floor":49,"key":"PURGE"}],"circlet_count":0,"master_deck":["AscendersBane","Underhanded Strike","Dagger Throw","Conserve Battery","Dagger Throw+1","PiercingWail","Calculated Gamble","All Out Attack","Scrape","ReplayTheSpireMod:Scrap Shanks","Tactician","Self Repair","Deflect","Ball Lightning","Accuracy","Replay:Bag of Tricks","Buffer","ReplayTheSpireMod:Shiv Toss","Envenom+1","After Image","Machine Learning+1","Creative AI","Seek","CurseOfTheBell","Blade Dance","Storm","Static Discharge","Fission","Tools of the Trade","Creative AI","infinitespire:Collect","infinitespire:DeathsTouch","Electrodynamics","Core Surge","Echo Form","A Thousand Cuts","Machine Learning","A Thousand Cuts","Crystallizer","ReplayTheSpireMod:Private Reserves","Reboot","Cold Snap+1","Gash+1","infinitespire:Execution"],"relics":["Ring of the Snake","replay:Trail_Library","hubris:BundleOfHerbs","Replay:Rubber Ducky","Thread and Needle","Replay:Towering Pillar of Hats","Sundial","hubris:PeanutButter","infinitespire:Beetle Shell","ReplayTheSpireMod:Shallot","Calling Bell","Shuriken","Du-Vu Doll","Guide Book","Gremlin Food","Ninja Scroll","InkBottle","Bag of Marbles","Ancient Tea Set","Singing Bowl","Vampiric Spirits","Smiling Mask","Membership Card","CeramicFish","Strawberry","Darkstone Periapt","Prayer Wheel","Ring of Chaos","hubris:Towel","Ice Cream","Gambling Chip","Ginger","Pondfish Scales","Prayer Wheel","hubris:Reverence","infinitespire:EvilPickle","TungstenRod","Whetstone","Pen Nib","hubris:TenFootPole","Tingsha","Matryoshka","Prayer Wheel"],"acts_visited":["Exordium","TheCity","TheBeyond"],"potions_floor_usage":[28,39,50,50,51],"damage_taken":[{"damage":0,"enemies":"Jaw Worm","floor":1,"turns":2},{"damage":0,"enemies":"Cultist","floor":2,"turns":2},{"damage":0,"enemies":"2 Louse","floor":3,"turns":1},{"damage":2,"enemies":"Exordium Thugs","floor":4,"turns":3},{"damage":5,"enemies":"3 Louse","floor":5,"turns":2},{"damage":16,"enemies":"3 Sentries","floor":6,"turns":3},{"damage":8,"enemies":"Lagavulin","floor":7,"turns":3},{"damage":0,"enemies":"Looter","floor":8,"turns":2},{"damage":0,"enemies":"Replay:BlueRogue","floor":10,"turns":4},{"damage":0,"enemies":"Lagavulin","floor":11,"turns":3},{"damage":0,"enemies":"3 Sentries","floor":13,"turns":7},{"damage":0,"enemies":"Gremlin Nob","floor":14,"turns":4},{"damage":0,"enemies":"Slime Boss","floor":16,"turns":6},{"damage":0,"enemies":"3 Byrds","floor":18,"turns":4},{"damage":0,"enemies":"Nightmare","floor":23,"turns":6},{"damage":0,"enemies":"Gremlin Leader","floor":24,"turns":4},{"damage":0,"enemies":"Book of Stabbing","floor":25,"turns":3},{"damage":0,"enemies":"Slavers","floor":28,"turns":3},{"damage":0,"enemies":"Gremlin Leader","floor":29,"turns":4},{"damage":0,"enemies":"Shell Parasite","floor":31,"turns":2},{"damage":0,"enemies":"Pondfish","floor":33,"turns":6},{"damage":0,"enemies":"3 Shapes","floor":35,"turns":4},{"damage":0,"enemies":"Reptomancer","floor":38,"turns":5},{"damage":14,"enemies":"Mind Bloom Boss Battle","floor":39,"turns":5},{"damage":1,"enemies":"Giant Head","floor":40,"turns":6},{"damage":48,"enemies":"Nightmare","floor":41,"turns":6},{"damage":1,"enemies":"Giant Head","floor":42,"turns":6},{"damage":35,"enemies":"Reptomancer","floor":44,"turns":5},{"damage":0,"enemies":"R_Hoarder","floor":46,"turns":7},{"damage":0,"enemies":"Nemesis","floor":47,"turns":4},{"damage":0,"enemies":"Orb Walker","floor":48,"turns":2},{"damage":0,"enemies":"LordOfAnnihilation","floor":50,"turns":11},{"damage":108,"enemies":"Awakened One","floor":51,"turns":7}],"seed_played":"4021860668076915873","potions_obtained":[{"floor":3,"key":"FearPotion"},{"floor":7,"key":"Dexterity Potion"},{"floor":8,"key":"Strength Potion"},{"floor":16,"key":"Fire Potion"},{"floor":38,"key":"BlessingOfTheForge"},{"floor":46,"key":"infinitespire:BlackPotion"},{"floor":50,"key":"Weak Potion"}],"is_trial":true,"path_per_floor":["M","M","M","M","M","E","E","M","T","E","E","?","E","E","R","B",null,"M","?","$","?","$","NM","E","E","T","AVR","E","E","$","M","R","B",null,"M","?","?","E","?","E","NM","E","T","E","$","E","E","M","R","B","B"],"character_chosen":"THE_SILENT","items_purchased":["Storm","Guide Book","Static Discharge","Ninja Scroll","Membership Card","CeramicFish","Strawberry","Crystallizer","Pen Nib","hubris:TenFootPole","Energy Potion","ReplayTheSpireMod:Private Reserves"],"campfire_rested":1,"item_purchase_floors":[20,20,22,22,30,30,30,45,45,45,45,45],"current_hp_per_floor":[59,59,59,64,59,50,49,56,56,56,56,59,66,66,69,69,69,69,69,69,69,69,69,69,69,69,69,69,69,76,78,78,78,78,82,82,82,82,77,84,46,71,71,50,50,83,86,88,88,88,0,0],"gold":2184,"neow_bonus":"","is_daily":false,"chose_seed":false,"campfire_upgraded":0,"win_rate":0.0,"timestamp":1611444342,"path_taken":["?","M","M","M","M","E","E","M","T","E","E","?","E","E","R","BOSS","M","?","$","?","$","NM","E","E","T","AVR","E","E","?","?","R","BOSS","M","?","?","?","?","E","NM","E","T","E","?","E","E","?","R","BOSS","BOSS"],"items_purchased_type":["Card","Relic","Card","Relic","Relic","Relic","Relic","Card","Relic","Relic","Potion","Card"],"build_version":"2020-12-22","purchased_purges":1,"victory":false,"max_hp_per_floor":[66,66,66,66,66,66,66,66,66,66,66,69,69,69,69,69,69,69,69,69,69,69,69,69,69,69,69,69,69,76,78,78,78,78,82,82,82,82,84,84,84,84,84,84,84,86,86,88,88,88,88,88],"card_choices":[{"not_picked":["Compile Driver","ReplayTheSpireMod:System Scan"],"picked":"Tactician","floor":1},{"not_picked":["Barrage","Quick Slash"],"picked":"Self Repair","floor":2},{"not_picked":["Barrage","Dagger Spray"],"picked":"Deflect","floor":3},{"not_picked":["Hello World","Barrage"],"picked":"Ball Lightning","floor":4},{"not_picked":["Replay:Poison Smokescreen","Caltrops"],"picked":"Accuracy","floor":5},{"not_picked":["Malaise","Thunder Strike"],"picked":"Replay:Bag of Tricks","floor":6},{"not_picked":["Night Terror","All For One"],"picked":"Buffer","floor":7},{"not_picked":["ReplayTheSpireMod:System Scan","Coolheaded"],"picked":"ReplayTheSpireMod:Shiv Toss","floor":8},{"not_picked":["Amplify","Reboot"],"picked":"Envenom","floor":10},{"not_picked":["Tools of the Trade","Amplify"],"picked":"After Image","floor":11},{"not_picked":["Malaise","ReplayTheSpireMod:Omega Cannon"],"picked":"Machine Learning","floor":13},{"not_picked":["Burst","Unload"],"picked":"Creative AI","floor":14},{"not_picked":["Bullet Time","Poison Darts"],"picked":"Seek","floor":16},{"not_picked":["Gash","Steam"],"picked":"Blade Dance","floor":18},{"not_picked":["Burst","Thunder Strike"],"picked":"Fission","floor":23},{"not_picked":["Die Die Die","Thunder Strike"],"picked":"Tools of the Trade","floor":24},{"not_picked":["Wraith Form v2","Multi-Cast"],"picked":"Creative AI","floor":25},{"not_picked":["Hyperbeam","Atom Bomb"],"picked":"Electrodynamics","floor":28},{"not_picked":["Envenom","Bullet Time"],"picked":"ReplayTheSpireMod:Fabricate Wheel","floor":29},{"not_picked":["Coolheaded+1","Choke","Tactician"],"picked":"Singing Bowl","floor":31},{"not_picked":["Amplify","Poison Darts"],"picked":"Echo Form","floor":33},{"not_picked":["Dagger Spray","Go for the Eyes","Lockon"],"picked":"Singing Bowl","floor":35},{"not_picked":["Endless Agony","Panic Button+1","Leap"],"picked":"Singing Bowl","floor":35},{"not_picked":["Doppelganger","Bullet Time"],"picked":"A Thousand Cuts","floor":38},{"not_picked":["Tactician","Acrobatics+1","Auto Shields"],"picked":"Singing Bowl","floor":39},{"not_picked":["Hyperbeam","Tools of the Trade"],"picked":"ReplayTheSpireMod:Fabricate Wheel","floor":40},{"not_picked":["Malaise","Corpse Explosion"],"picked":"Machine Learning","floor":41},{"not_picked":["Die Die Die","Thunder Strike"],"picked":"A Thousand Cuts","floor":42},{"not_picked":["Poison Darts","Burst"],"picked":"ReplayTheSpireMod:Fabricate Wheel","floor":44},{"not_picked":["Mirror Shield","ReplayTheSpireMod:Necrosis","Unload"],"picked":"Singing Bowl","floor":46},{"not_picked":["Burst","A Thousand Cuts"],"picked":"Reboot","floor":47},{"not_picked":["Hologram","Chaos+1","Stack"],"picked":"Singing Bowl","floor":48},{"not_picked":["Leap","Hologram"],"picked":"Cold Snap+1","floor":48},{"not_picked":["Eviscerate","Seek"],"picked":"Gash+1","floor":48},{"not_picked":["hubris:Rewind","ReplayTheSpireMod:??????????????????????"],"picked":"infinitespire:Execution","floor":50}],"player_experience":150392,"relics_obtained":[{"floor":6,"key":"Replay:Rubber Ducky"},{"floor":7,"key":"Thread and Needle"},{"floor":9,"key":"Replay:Towering Pillar of Hats"},{"floor":10,"key":"Sundial"},{"floor":11,"key":"hubris:PeanutButter"},{"floor":13,"key":"infinitespire:Beetle Shell"},{"floor":14,"key":"ReplayTheSpireMod:Shallot"},{"floor":17,"key":"Shuriken"},{"floor":17,"key":"Du-Vu Doll"},{"floor":24,"key":"InkBottle"},{"floor":25,"key":"Bag of Marbles"},{"floor":26,"key":"Ancient Tea Set"},{"floor":28,"key":"Vampiric Spirits"},{"floor":29,"key":"Smiling Mask"},{"floor":32,"key":"Darkstone Periapt"},{"floor":38,"key":"Ice Cream"},{"floor":39,"key":"Gambling Chip"},{"floor":40,"key":"Ginger"},{"floor":41,"key":"Pondfish Scales"},{"floor":42,"key":"hubris:Reverence"},{"floor":43,"key":"TungstenRod"},{"floor":44,"key":"Whetstone"},{"floor":46,"key":"Tingsha"},{"floor":47,"key":"Matryoshka"}],"event_choices":[{"damage_healed":0,"gold_gain":0,"player_choice":"Obtained Relic","damage_taken":0,"relics_obtained":["Gremlin Food"],"max_hp_gain":0,"max_hp_loss":0,"event_name":"Addict","floor":21,"gold_loss":85},{"damage_healed":0,"gold_gain":0,"player_choice":"Ignored","damage_taken":0,"max_hp_gain":0,"max_hp_loss":0,"event_name":"SecretPortal","floor":37,"gold_loss":0},{"damage_healed":0,"gold_gain":0,"player_choice":"Fight","damage_taken":0,"max_hp_gain":0,"max_hp_loss":0,"event_name":"MindBloom","floor":39,"gold_loss":0}],"is_beta":false,"boss_relics":[{"not_picked":["Empty Cage","Coffee Dripper"],"picked":"Calling Bell"},{"not_picked":["Replay:Drink Me","Kintsugi"],"picked":"Ring of Chaos"}],"items_purged_floors":[27],"is_endless":true,"potions_floor_spawned":[3,7,8,10,14,16,18,25,28,38,46,48,50],"killed_by":"Awakened One","ascension_level":20}}