{"host":"08t08ld674si40tv","time":1611377670,"event":{"mods":["AchievementEnabler","BaseMod","Colored Map","Minty Spire (QoL Compilation)","StSLib","SuperFastMode"],"gold_per_floor":[115,115,115,133,143,143,68,78,78,78,88,106,106,106,106,183,183,202,202,202,33,49,49,49,49],"floor_reached":24,"language":"KOR","playtime":482,"items_purged":["Defend_B"],"score":353,"play_id":"6fc7ed64-1138-4a22-8c6d-f0218bcdc798","local_time":"20210123135430","is_ascension_mode":true,"campfire_choices":[{"floor":6,"key":"DIG"},{"floor":10,"key":"DIG"},{"floor":13,"key":"DIG"},{"floor":15,"key":"DIG"},{"data":"Defragment","floor":23,"key":"SMITH"}],"circlet_count":0,"master_deck":["AscendersBane","Strike_B","Strike_B","Strike_B","Defend_B","Defend_B+1","Defend_B+1","Zap+1","Dualcast","Defragment+1","Reinforced Body+1","Undo","Loop","Creative AI","Turbo","Defragment"],"relics":["Cracked Core","Shovel","NeowsBlessing","Bag of Marbles","Bottled Tornado","Nunchaku","Strawberry","War Paint","Nuclear Battery","WingedGreaves","Chemical X"],"acts_visited":["Exordium","TheCity"],"potions_floor_usage":[16,18],"damage_taken":[{"damage":0,"enemies":"Small Slimes","floor":1,"turns":1},{"damage":0,"enemies":"Jaw Worm","floor":4,"turns":1},{"damage":0,"enemies":"Cultist","floor":5,"turns":1},{"damage":0,"enemies":"Blue Slaver","floor":8,"turns":4},{"damage":5,"enemies":"2 Fungi Beasts","floor":11,"turns":4},{"damage":0,"enemies":"Looter","floor":12,"turns":4},{"damage":35,"enemies":"Slime Boss","floor":16,"turns":8},{"damage":7,"enemies":"Spheric Guardian","floor":18,"turns":5},{"damage":30,"enemies":"3 Byrds","floor":22,"turns":7},{"damage":32,"enemies":"Gremlin Leader","floor":24,"turns":3}],"seed_played":"6176939336022816044","potions_obtained":[{"floor":1,"key":"FearPotion"},{"floor":4,"key":"FocusPotion"},{"floor":11,"key":"PowerPotion"},{"floor":16,"key":"Ancient Potion"},{"floor":18,"key":"SteroidPotion"}],"is_trial":false,"path_per_floor":["M","?","?","M","M","R","$","M","T","R","M","M","R","?","R","B",null,"M","?","?","$","M","R","E"],"character_chosen":"DEFECT","items_purchased":["Chemical X"],"campfire_rested":0,"item_purchase_floors":[21],"current_hp_per_floor":[64,43,43,43,43,43,43,43,43,43,38,38,45,50,50,15,66,59,59,59,59,29,29,0,0],"gold":49,"neow_bonus":"THREE_ENEMY_KILL","is_daily":false,"chose_seed":false,"campfire_upgraded":1,"win_rate":0.0,"timestamp":1611377670,"path_taken":["M","?","?","M","?","R","$","M","T","R","M","M","R","?","R","BOSS","M","?","?","?","M","R","E"],"items_purchased_type":["Relic"],"build_version":"2020-12-22","purchased_purges":1,"victory":false,"max_hp_per_floor":[71,71,71,71,71,71,71,71,71,71,71,71,78,83,83,83,83,83,83,83,83,83,83,83,83],"card_choices":[{"not_picked":["Redo","Cold Snap"],"picked":"Defragment","floor":1},{"not_picked":["Aggregate","Chaos"],"picked":"Reinforced Body","floor":4},{"not_picked":["Redo","Hello World","Leap"],"picked":"SKIP","floor":5},{"not_picked":["Turbo","Compile Driver"],"picked":"Undo","floor":8},{"not_picked":["Consume","Barrage"],"picked":"Loop","floor":11},{"not_picked":["Ball Lightning","Leap","Stack"],"picked":"SKIP","floor":12},{"not_picked":["Meteor Strike","Thunder Strike"],"picked":"Creative AI","floor":16},{"not_picked":["Coolheaded","Redo"],"picked":"Turbo","floor":18},{"not_picked":["Turbo","Conserve Battery","Hologram"],"picked":"SKIP","floor":22}],"player_experience":256433,"relics_obtained":[{"floor":6,"key":"Bag of Marbles"},{"floor":9,"key":"Bottled Tornado"},{"floor":10,"key":"Nunchaku"},{"floor":13,"key":"Strawberry"},{"floor":15,"key":"War Paint"}],"event_choices":[{"damage_healed":0,"gold_gain":0,"player_choice":"Entered Light","damage_taken":21,"max_hp_gain":0,"max_hp_loss":0,"event_name":"Shining Light","floor":2,"gold_loss":0,"cards_upgraded":["Defend_B","Defend_B"]},{"cards_removed":["Strike_B"],"damage_healed":0,"gold_gain":0,"player_choice":"Purged","damage_taken":0,"max_hp_gain":0,"max_hp_loss":0,"event_name":"Purifier","floor":3,"gold_loss":0},{"damage_healed":0,"gold_gain":0,"player_choice":"Donut","damage_taken":0,"max_hp_gain":5,"max_hp_loss":0,"event_name":"Big Fish","floor":14,"gold_loss":0},{"damage_healed":0,"gold_gain":0,"player_choice":"Ignored","damage_taken":0,"max_hp_gain":0,"max_hp_loss":0,"event_name":"Ghosts","floor":19,"gold_loss":0},{"damage_healed":0,"gold_gain":0,"player_choice":"Read","damage_taken":0,"max_hp_gain":0,"max_hp_loss":0,"event_name":"The Library","floor":20,"gold_loss":0,"cards_obtained":["Defragment"]}],"is_beta":false,"boss_relics":[{"not_picked":["Sozu","Velvet Choker"],"picked":"Nuclear Battery"}],"items_purged_floors":[7],"is_endless":false,"potions_floor_spawned":[1,4,11,16,18],"killed_by":"Gremlin Leader","ascension_level":18}}