{"host":"ux8r2oyej5019q8x","time":1611442988,"event":{"mods":["AchievementEnabler","BaseMod","Colored Map","Colored Powertips","GifTheSpireLib","HexUI Lib","Highlight Path","Minty Spire (QoL Compilation)","Rare Cards Sparkle","Relic Stats","StSLib","everything is the same but u backflip on backflip"],"gold_per_floor":[18,30,45,62,81,81,116,127,127,52,86,96,96,123,123,224,224,240,259,272,272,282,282,23,50,50,50,50,67,100,114,114,210,210,229,248,298,318,331,363,363,363,363],"floor_reached":42,"language":"ENG","playtime":5228,"items_purged":["Decay"],"score":618,"play_id":"8ebd83ef-3fe8-4fed-b847-8829b7d8c7eb","local_time":"20210124000308","is_ascension_mode":true,"campfire_choices":[{"data":"Fiend Fire","floor":6,"key":"SMITH"},{"data":"Limit Break","floor":13,"key":"SMITH"},{"data":"Shockwave","floor":15,"key":"SMITH"},{"data":"True Grit","floor":23,"key":"SMITH"},{"floor":28,"key":"REST"},{"data":"Apotheosis","floor":32,"key":"SMITH"},{"floor":41,"key":"REST"}],"circlet_count":0,"master_deck":["Strike_R","Strike_R+1","Strike_R+1","Strike_R","Defend_R","Defend_R","Defend_R","Bash","Intimidate","Limit Break+1","Metallicize","Flex","Ghostly Armor","Sword Boomerang","Fiend Fire+1","Pummel","Shrug It Off","Feel No Pain","Reaper","Shockwave+1","Disarm","Impervious","Anger+1","True Grit+1","Whirlwind+1","Sentinel","Apotheosis+1","Fiend Fire","RitualDagger","Limit Break","Evolve+1","Dark Embrace+1","Spot Weakness"],"relics":["Black Blood","Juzu Bracelet","Mango","Pen Nib","Runic Pyramid","Singing Bowl","Letter Opener","Frozen Egg 2","TungstenRod","Whetstone"],"acts_visited":["Exordium","TheCity","TheBeyond"],"potions_floor_usage":[7,11,14,16,20,30,31,33,37,40,42],"damage_taken":[{"damage":8,"enemies":"Small Slimes","floor":1,"turns":4},{"damage":9,"enemies":"2 Louse","floor":2,"turns":5},{"damage":4,"enemies":"Jaw Worm","floor":3,"turns":5},{"damage":4,"enemies":"Looter","floor":4,"turns":4},{"damage":4,"enemies":"Exordium Thugs","floor":5,"turns":5},{"damage":16,"enemies":"3 Sentries","floor":7,"turns":6},{"damage":0,"enemies":"Large Slime","floor":8,"turns":4},{"damage":18,"enemies":"Lagavulin","floor":11,"turns":7},{"damage":11,"enemies":"Blue Slaver","floor":12,"turns":4},{"damage":26,"enemies":"Gremlin Nob","floor":14,"turns":5},{"damage":41,"enemies":"The Guardian","floor":16,"turns":11},{"damage":10,"enemies":"Spheric Guardian","floor":18,"turns":4},{"damage":0,"enemies":"3 Byrds","floor":19,"turns":5},{"damage":23,"enemies":"Centurion and Healer","floor":20,"turns":5},{"damage":25,"enemies":"Cultist and Chosen","floor":22,"turns":5},{"damage":42,"enemies":"Gremlin Leader","floor":25,"turns":3},{"damage":5,"enemies":"3 Cultists","floor":29,"turns":5},{"damage":12,"enemies":"Book of Stabbing","floor":30,"turns":5},{"damage":17,"enemies":"Snecko","floor":31,"turns":5},{"damage":49,"enemies":"Automaton","floor":33,"turns":7},{"damage":33,"enemies":"3 Darklings","floor":35,"turns":7},{"damage":34,"enemies":"3 Shapes","floor":36,"turns":4},{"damage":16,"enemies":"Mind Bloom Boss Battle","floor":37,"turns":9},{"damage":10,"enemies":"Maw","floor":38,"turns":9},{"damage":7,"enemies":"Transient","floor":39,"turns":5},{"damage":49,"enemies":"Nemesis","floor":40,"turns":5},{"damage":89,"enemies":"Giant Head","floor":42,"turns":9}],"seed_played":"-3704385272549602990","potions_obtained":[{"floor":1,"key":"Energy Potion"},{"floor":3,"key":"AttackPotion"},{"floor":4,"key":"Ancient Potion"},{"floor":11,"key":"AttackPotion"},{"floor":16,"key":"FearPotion"},{"floor":19,"key":"Energy Potion"},{"floor":25,"key":"FairyPotion"},{"floor":29,"key":"ColorlessPotion"},{"floor":30,"key":"GamblersBrew"},{"floor":35,"key":"GamblersBrew"},{"floor":37,"key":"DistilledChaos"},{"floor":40,"key":"BlessingOfTheForge"}],"is_trial":false,"path_per_floor":["M","M","M","M","M","R","E","M","T","$","E","M","R","E","R","B",null,"M","M","M","?","M","R","$","E","T","?","R","M","E","M","R","B",null,"M","M","?","M","M","E","R","E"],"character_chosen":"IRONCLAD","items_purchased":["Feel No Pain","Apotheosis"],"campfire_rested":2,"item_purchase_floors":[10,24],"current_hp_per_floor":[78,75,77,79,80,80,70,76,76,76,78,77,77,61,61,26,94,90,94,86,86,75,75,75,39,39,33,61,62,58,49,49,35,98,94,72,70,72,79,42,73,0,0],"gold":363,"neow_bonus":"TRANSFORM_TWO_CARDS","is_daily":false,"chose_seed":false,"campfire_upgraded":5,"win_rate":0.0,"timestamp":1611442988,"path_taken":["M","M","M","M","M","R","E","M","T","$","E","M","R","E","R","BOSS","M","M","M","?","M","R","$","E","T","?","R","M","E","M","R","BOSS","M","M","?","M","M","E","R","E"],"items_purchased_type":["Card","Card"],"build_version":"2020-12-22","purchased_purges":1,"victory":false,"max_hp_per_floor":[80,80,80,80,80,80,80,80,80,80,94,94,94,94,94,94,94,94,94,94,94,94,94,94,94,94,94,94,94,96,98,98,98,98,100,100,102,102,104,104,104,104,104],"relic_stats":{"Singing Bowl":10,"counters":[27,152],"Black Blood":189,"Pen Nib":[12],"Juzu Bracelet":0,"Letter Opener":[56],"Whetstone":["Strike_R","Strike_R"],"obtain_stats":[{"Singing Bowl":25,"Black Blood":34,"Mango":11,"Pen Nib":14,"Juzu Bracelet":7,"Letter Opener":26,"Whetstone":40,"Frozen Egg 2":30,"Burning Blood":0,"TungstenRod":37,"Runic Pyramid":17},{"Singing Bowl":16,"Black Blood":20,"Mango":8,"Pen Nib":10,"Juzu Bracelet":6,"Letter Opener":16,"Whetstone":26,"Frozen Egg 2":18,"Burning Blood":0,"TungstenRod":23,"Runic Pyramid":11},{"Singing Bowl":82,"Black Blood":104,"Mango":40,"Pen Nib":49,"Juzu Bracelet":29,"Letter Opener":82,"Whetstone":143,"Frozen Egg 2":92,"Burning Blood":0,"TungstenRod":124,"Runic Pyramid":60}],"TungstenRod":12},"card_choices":[{"not_picked":["Burning Pact","True Grit"],"picked":"Metallicize","floor":1},{"not_picked":["Heavy Blade","Clothesline"],"picked":"Flex","floor":2},{"not_picked":["Cleave","Combust"],"picked":"Ghostly Armor","floor":3},{"not_picked":["Intimidate","Iron Wave"],"picked":"Sword Boomerang","floor":4},{"not_picked":["Perfected Strike","True Grit"],"picked":"Fiend Fire","floor":5},{"not_picked":["Flex","Iron Wave"],"picked":"Pummel","floor":7},{"not_picked":["Wild Strike","Power Through"],"picked":"Shrug It Off","floor":8},{"not_picked":["Pommel Strike","Headbutt"],"picked":"Reaper","floor":11},{"not_picked":["Sword Boomerang","Twin Strike"],"picked":"Shockwave","floor":12},{"not_picked":["Thunderclap","Infernal Blade"],"picked":"Disarm","floor":14},{"not_picked":["Demon Form","Double Tap"],"picked":"Impervious","floor":16},{"not_picked":["Cleave","Wild Strike"],"picked":"Anger+1","floor":18},{"not_picked":["Clash","Body Slam"],"picked":"True Grit","floor":19},{"not_picked":["Rupture","Flex"],"picked":"Whirlwind+1","floor":20},{"not_picked":["Twin Strike+1","Perfected Strike"],"picked":"Sentinel","floor":22},{"not_picked":["Hemokinesis","Headbutt"],"picked":"Fiend Fire","floor":25},{"not_picked":["True Grit","Clash+1","Cleave"],"picked":"SKIP","floor":29},{"not_picked":["Headbutt+1","Sword Boomerang","Body Slam"],"picked":"Singing Bowl","floor":30},{"not_picked":["Twin Strike+1","True Grit","Body Slam"],"picked":"Singing Bowl","floor":31},{"not_picked":["Double Tap","Feed"],"picked":"Limit Break","floor":33},{"not_picked":["Armaments","Rupture+1","Entrench"],"picked":"Singing Bowl","floor":35},{"not_picked":["Flex","Combust+1"],"picked":"Evolve+1","floor":36},{"not_picked":["Armaments","Iron Wave","Anger"],"picked":"Singing Bowl","floor":37},{"not_picked":["Bloodletting+1","Iron Wave+1"],"picked":"Dark Embrace+1","floor":38},{"not_picked":["Metallicize+1","Fire Breathing+1","Carnage"],"picked":"Singing Bowl","floor":39},{"not_picked":["Combust+1","Pummel"],"picked":"Spot Weakness","floor":40}],"player_experience":196736,"relics_obtained":[{"floor":7,"key":"Juzu Bracelet"},{"floor":11,"key":"Mango"},{"floor":14,"key":"Pen Nib"},{"floor":25,"key":"Singing Bowl"},{"floor":26,"key":"Letter Opener"},{"floor":30,"key":"Frozen Egg 2"},{"floor":37,"key":"TungstenRod"},{"floor":40,"key":"Whetstone"}],"event_choices":[{"damage_healed":0,"gold_gain":0,"player_choice":"Smashed Altar","damage_taken":0,"max_hp_gain":0,"max_hp_loss":0,"event_name":"Forgotten Altar","floor":21,"gold_loss":0,"cards_obtained":["Decay"]},{"damage_healed":0,"gold_gain":0,"player_choice":"Joined the Cult","damage_taken":6,"max_hp_gain":0,"max_hp_loss":0,"event_name":"Nest","floor":27,"gold_loss":0,"cards_obtained":["RitualDagger"]},{"damage_healed":0,"gold_gain":0,"player_choice":"Fight","damage_taken":0,"max_hp_gain":0,"max_hp_loss":0,"event_name":"MindBloom","floor":37,"gold_loss":0}],"is_beta":false,"boss_relics":[{"not_picked":["Empty Cage","Runic Cube"],"picked":"Runic Pyramid"},{"not_picked":["Coffee Dripper","Snecko Eye"],"picked":"Black Blood"}],"items_purged_floors":[24],"is_endless":false,"potions_floor_spawned":[1,3,4,11,16,19,25,29,30,35,37,40],"killed_by":"Giant Head","ascension_level":4}}