{"host":"mydft8i2zzydgggw","time":1611439972,"event":{"mods":["AchievementEnabler","BaseMod","BetterRewards","Colored Map","Colored Powertips","DeckTracker","Keyboard Shortcuts","Minty Spire (QoL Compilation)","Rare Cards Sparkle","StSLib","SuperFastMode","everything is the same but u backflip on backflip"],"gold_per_floor":[119,130,7,22,40,55,88,88,122,122,197,197,197,217,233,233,233,233],"floor_reached":17,"language":"KOR","playtime":373,"items_purged":[],"score":184,"play_id":"61627742-6a88-41ca-8d6b-f915ac689800","local_time":"20210124071252","is_ascension_mode":true,"campfire_choices":[{"floor":8,"key":"REST"},{"floor":12,"key":"REST"},{"data":"Coolheaded","floor":13,"key":"SMITH"},{"data":"Recycle","floor":16,"key":"SMITH"}],"circlet_count":0,"master_deck":["AscendersBane","Strike_B","Strike_B","Strike_B","Strike_B","Defend_B","Defend_B","Defend_B","Defend_B","Zap","Dualcast","Coolheaded+1","Go for the Eyes","Doom and Gloom","Leap","Cold Snap","Recycle+1","Conserve Battery","Multi-Cast"],"relics":["Cracked Core","Lantern","Art of War","Matryoshka","Bottled Flame","Cables","WingedGreaves"],"acts_visited":["Exordium"],"potions_floor_usage":[7,17,17],"damage_taken":[{"damage":0,"enemies":"Cultist","floor":1,"turns":3},{"damage":0,"enemies":"2 Louse","floor":2,"turns":2},{"damage":4,"enemies":"Jaw Worm","floor":4,"turns":3},{"damage":7,"enemies":"2 Fungi Beasts","floor":5,"turns":3},{"damage":1,"enemies":"Exordium Thugs","floor":6,"turns":4},{"damage":25,"enemies":"Gremlin Nob","floor":7,"turns":5},{"damage":25,"enemies":"3 Sentries","floor":9,"turns":8},{"damage":10,"enemies":"3 Louse","floor":14,"turns":2},{"damage":2,"enemies":"Large Slime","floor":15,"turns":6},{"damage":34,"enemies":"Slime Boss","floor":17,"turns":5}],"seed_played":"3887119596904785129","potions_obtained":[{"floor":6,"key":"SpeedPotion"},{"floor":9,"key":"BlessingOfTheForge"},{"floor":15,"key":"PowerPotion"}],"is_trial":false,"path_per_floor":["M","M","?","M","M","M","E","R","E","T","?","R","R","M","M","R","B"],"character_chosen":"DEFECT","items_purchased":[],"campfire_rested":2,"item_purchase_floors":[],"current_hp_per_floor":[68,68,68,64,57,56,31,53,28,28,17,39,39,29,27,27,0,0],"gold":233,"neow_bonus":"RANDOM_COMMON_RELIC","is_daily":false,"chose_seed":false,"campfire_upgraded":2,"win_rate":0.0,"timestamp":1611439972,"path_taken":["M","M","?","?","M","M","E","R","E","T","?","R","R","M","M","R","BOSS"],"items_purchased_type":[],"build_version":"2020-12-22","purchased_purges":0,"victory":false,"max_hp_per_floor":[75,75,75,75,75,75,75,75,75,75,75,75,75,75,75,75,75,75],"card_choices":[{"not_picked":["Leap","White Noise"],"picked":"Coolheaded","floor":1},{"not_picked":["BootSequence","Streamline"],"picked":"Go for the Eyes","floor":2},{"not_picked":["BootSequence","Sunder"],"picked":"Doom and Gloom","floor":4},{"not_picked":["Sweeping Beam","Static Discharge"],"picked":"Leap","floor":5},{"not_picked":["Scrape","Force Field"],"picked":"Cold Snap","floor":6},{"not_picked":["Cold Snap","Consume"],"picked":"Recycle","floor":7},{"not_picked":["Gash","Steam","Stack"],"picked":"SKIP","floor":9},{"not_picked":["Beam Cell","Stack"],"picked":"Conserve Battery","floor":14},{"not_picked":["Gash","Steam"],"picked":"Multi-Cast","floor":15}],"player_experience":195278,"relics_obtained":[{"floor":7,"key":"Matryoshka"},{"floor":9,"key":"Bottled Flame"},{"floor":10,"key":"Cables"},{"floor":10,"key":"WingedGreaves"}],"event_choices":[{"damage_healed":0,"gold_gain":0,"player_choice":"Paid Gold","damage_taken":0,"relics_obtained":["Art of War"],"max_hp_gain":0,"max_hp_loss":0,"event_name":"WeMeetAgain","floor":3,"gold_loss":123},{"damage_healed":0,"gold_gain":75,"player_choice":"Gather Gold","damage_taken":11,"max_hp_gain":0,"max_hp_loss":0,"event_name":"World of Goop","floor":11,"gold_loss":0}],"is_beta":false,"boss_relics":[],"items_purged_floors":[],"is_endless":false,"potions_floor_spawned":[6,9,15],"killed_by":"Slime Boss","ascension_level":11}}