{"host":"mrbysa4e9ifdif8d","time":1611441440,"event":{"mods":["BaseMod","Bestiary","Colored Map","Colored Powertips","Filter the Spire","Minty Spire (QoL Compilation)","Relic Stats","StSLib","Waifu the Spire","ojb\u0027s Better Paths Mod","ojb\u0027s Info Mod"],"gold_per_floor":[113,113,125,125,143,143,172,172,172,172,49,68,68,78,78,182,182,194,208,225,244,30,61,61,61,61,61,61],"floor_reached":27,"language":"ENG","playtime":2295,"items_purged":["Strike_R"],"score":233,"play_id":"2d4d776a-dd99-4839-ba52-0188e47dad15","local_time":"20210123173720","is_ascension_mode":false,"campfire_choices":[{"data":"Uppercut","floor":6,"key":"SMITH"},{"data":"Bash","floor":8,"key":"SMITH"},{"data":"Sword Boomerang","floor":10,"key":"SMITH"},{"data":"Armaments","floor":13,"key":"SMITH"},{"data":"Ghostly Armor","floor":15,"key":"SMITH"},{"data":"Feed","floor":24,"key":"SMITH"}],"circlet_count":0,"master_deck":["Strike_R","Strike_R","Strike_R","Strike_R","Defend_R","Defend_R","Defend_R","Defend_R","Bash+1","Double Tap+1","Sword Boomerang+1","Cleave","Uppercut+1","Thunderclap","Armaments+1","Ghostly Armor+1","Feed+1","CurseOfTheBell","Shrug It Off","Entrench","Metallicize+1","Flash of Steel","Juggernaut+1"],"relics":["Burning Blood","Frozen Egg 2","Ginger","Meat on the Bone","Calling Bell","Red Skull","Sundial","Incense Burner","Question Card","MutagenicStrength","Mercury Hourglass"],"acts_visited":["Exordium","TheCity"],"potions_floor_usage":[5,14,20,21,23],"damage_taken":[{"damage":0,"enemies":"Small Slimes","floor":1,"turns":3},{"damage":0,"enemies":"Cultist","floor":3,"turns":3},{"damage":0,"enemies":"Jaw Worm","floor":5,"turns":3},{"damage":4,"enemies":"Gremlin Nob","floor":7,"turns":3},{"damage":30,"enemies":"Large Slime","floor":12,"turns":5},{"damage":0,"enemies":"Exordium Thugs","floor":14,"turns":5},{"damage":58,"enemies":"The Guardian","floor":16,"turns":21},{"damage":63,"enemies":"3 Byrds","floor":18,"turns":8},{"damage":3,"enemies":"Shell Parasite","floor":19,"turns":3},{"damage":3,"enemies":"Snake Plant","floor":20,"turns":4},{"damage":22,"enemies":"Chosen and Byrds","floor":21,"turns":8},{"damage":27,"enemies":"Book of Stabbing","floor":23,"turns":8},{"damage":51,"enemies":"Slavers","floor":27,"turns":3}],"seed_played":"-2937090117549014546","potions_obtained":[{"floor":3,"key":"Block Potion"},{"floor":12,"key":"AttackPotion"},{"floor":19,"key":"SkillPotion"},{"floor":20,"key":"Swift Potion"}],"is_trial":false,"path_per_floor":["M","?","M","?","M","R","E","R","T","R","$","M","R","M","R","B",null,"M","M","M","M","$","E","R","?","T","E"],"character_chosen":"IRONCLAD","items_purchased":["Armaments","Metallicize+1","HeartOfIron","Flash of Steel"],"campfire_rested":0,"item_purchase_floors":[11,22,22,22],"current_hp_per_floor":[80,73,79,79,80,80,80,80,80,80,80,56,56,62,62,22,80,38,53,60,56,56,50,50,50,50,0,0],"gold":61,"neow_bonus":"ONE_RANDOM_RARE_CARD","is_daily":false,"chose_seed":false,"campfire_upgraded":6,"win_rate":0.0,"timestamp":1611441440,"path_taken":["M","?","M","?","M","R","E","R","T","R","$","M","R","M","R","BOSS","M","M","M","M","$","E","R","?","T","E"],"items_purchased_type":["Card","Card","Potion","Card"],"build_version":"2020-12-22","purchased_purges":1,"victory":false,"max_hp_per_floor":[80,80,80,80,80,80,80,80,80,80,80,80,80,80,80,80,80,83,83,87,87,87,90,90,90,90,90,90],"relic_stats":{"counters":[13,77],"Sundial":[4],"Ginger":[9],"Question Card":0,"obtain_stats":[{"Calling Bell":17,"Sundial":17,"MutagenicStrength":25,"Incense Burner":17,"Ginger":7,"Frozen Egg 2":2,"Question Card":23,"Burning Blood":0,"Red Skull":17,"Meat on the Bone":9,"Mercury Hourglass":26},{"Calling Bell":7,"Sundial":7,"MutagenicStrength":12,"Incense Burner":7,"Ginger":4,"Frozen Egg 2":1,"Question Card":12,"Burning Blood":0,"Red Skull":7,"Meat on the Bone":4,"Mercury Hourglass":12},{"Calling Bell":43,"Sundial":43,"MutagenicStrength":74,"Incense Burner":43,"Ginger":12,"Frozen Egg 2":3,"Question Card":74,"Burning Blood":0,"Red Skull":43,"Meat on the Bone":12,"Mercury Hourglass":74}],"Burning Blood":59,"Meat on the Bone":60,"Mercury Hourglass":[27]},"card_choices":[{"not_picked":["Iron Wave","Warcry"],"picked":"Sword Boomerang","floor":1},{"not_picked":["Rampage","Sword Boomerang"],"picked":"Cleave","floor":3},{"not_picked":["Fire Breathing+1","Sword Boomerang"],"picked":"Uppercut","floor":5},{"not_picked":["Reckless Charge","Double Tap"],"picked":"Thunderclap","floor":7},{"not_picked":["Dark Embrace+1","Pommel Strike","Reckless Charge"],"picked":"SKIP","floor":12},{"not_picked":["Pommel Strike","Burning Pact"],"picked":"Ghostly Armor","floor":14},{"not_picked":["Bludgeon","Double Tap"],"picked":"Feed","floor":16},{"not_picked":["Thunderclap+1","Cleave"],"picked":"Shrug It Off","floor":18},{"not_picked":["Feel No Pain+1","Pommel Strike"],"picked":"Entrench","floor":19},{"not_picked":["Headbutt","Armaments","Power Through"],"picked":"SKIP","floor":20},{"not_picked":["Warcry","Power Through","Flex"],"picked":"SKIP","floor":21},{"not_picked":["Body Slam","Iron Wave"],"picked":"Juggernaut+1","floor":23}],"player_experience":0,"relics_obtained":[{"floor":7,"key":"Ginger"},{"floor":9,"key":"Meat on the Bone"},{"floor":17,"key":"Red Skull"},{"floor":17,"key":"Sundial"},{"floor":17,"key":"Incense Burner"},{"floor":23,"key":"Question Card"},{"floor":26,"key":"Mercury Hourglass"}],"event_choices":[{"damage_healed":0,"gold_gain":0,"player_choice":"Success","damage_taken":7,"relics_obtained":["Frozen Egg 2"],"max_hp_gain":0,"max_hp_loss":0,"event_name":"Scrap Ooze","floor":2,"gold_loss":0},{"damage_healed":0,"gold_gain":0,"player_choice":"Upgraded","damage_taken":0,"max_hp_gain":0,"max_hp_loss":0,"event_name":"Upgrade Shrine","floor":4,"gold_loss":0,"cards_upgraded":["Double Tap"]},{"damage_healed":0,"gold_gain":0,"player_choice":"Inject Mutagens","damage_taken":0,"relics_obtained":["MutagenicStrength"],"max_hp_gain":0,"max_hp_loss":0,"event_name":"Drug Dealer","floor":25,"gold_loss":0}],"is_beta":false,"boss_relics":[{"not_picked":["Fusion Hammer","Busted Crown"],"picked":"Calling Bell"}],"items_purged_floors":[11],"is_endless":false,"potions_floor_spawned":[3,12,19,20],"killed_by":"Slavers","ascension_level":0}}