{"host":"roto7j7840a50pxh","time":1611392662,"event":{"mods":["Act Like it!","BaseMod","Better Altar","Better Note","Better Sensory Stone","Better Skull","Better Third Choice","BetterRewards","Colored Map","Colored Powertips","Downfall","Hermit","Highlight Path","Hubris","Infinite Spire","Minty Spire (QoL Compilation)","Robot Space Explorer","Shade Mod","Spicy Shops","StSLib","The Cursed","The Dragon Tamer","The Hierophant","The Necromancer","The Runesmith","The Servant 0.9.4","TheVacant"],"gold_per_floor":[111,124,124,139,154,185,185,201,225,235,31,31,64,0,0,105,105,121,138,138,150,110,110,120,150,219,219,254,254,289,309,309,414,414,518,478,579,579,21,21,136,136,136,136,145,163,163,281,281,281],"floor_reached":51,"language":"ENG","playtime":4909,"items_purged":["DTMod:Strike"],"score":1253,"play_id":"a423264b-3448-457c-94e1-57efec3188c5","local_time":"20210123040422","is_ascension_mode":true,"metric_token":1747,"campfire_choices":[{"floor":7.0,"key":"REST"},{"data":"DTMod:CleansingStrike","floor":12.0,"key":"SMITH"},{"data":"DTMod:EchoTactic","floor":15.0,"key":"SMITH"},{"data":"DTMod:SwitchingTactic","floor":23.0,"key":"SMITH"},{"data":"DTMod:Safeguard","floor":27.0,"key":"SMITH"},{"floor":29.0,"key":"REST"},{"data":"DTMod:HeatWave","floor":32.0,"key":"SMITH"},{"data":"Apotheosis","floor":40,"key":"SMITH"},{"data":"DTMod:CleansingStrike","floor":42,"key":"SMITH"},{"data":"DTMod:Dissolve","floor":44,"key":"SMITH"},{"data":"infinitespire:TheBestDefense","floor":47,"key":"SMITH"},{"floor":49,"key":"REST"}],"dtmod_dragon_data":[12,50,1,4,13,3],"circlet_count":0,"master_deck":["DTMod:Strike","DTMod:Strike","DTMod:TargetDefense","DTMod:TargetDefense","DTMod:TargetDefense","DTMod:TargetDefense","DTMod:SwitchingTactic+1","DTMod:QuickFly","DTMod:CalculatedDefense","DTMod:Shift","DTMod:BalancedStrike","DTMod:ComboAttack","DTMod:PurifyingFlame","DTMod:FlameSlash","DTMod:QuickFly","DTMod:BreakAttack","DTMod:ComboAttack","DTMod:Dissolve","DTMod:CleansingStrike+1","DTMod:BlazingStrike","DTMod:DragonDance","DTMod:BizarreTactic","DTMod:EchoTactic+1","Enlightenment","DTMod:Prediction+1","DTMod:ComboAttack+1","DTMod:CleansingStrike+1","DTMod:HeatWave+1","DTMod:Weaken+1","DTMod:Safeguard+1","DTMod:PurifyingFlame+1","DTMod:HeatWave+1","DTMod:BizarreTactic+1","DTMod:LightShield","DTMod:QuickFly","DTMod:FlameSlash+1","DTMod:FlameSlash","DTMod:Dissolve","Apotheosis+1","DTMod:Inferno","DTMod:Dissolve+1","DTMod:InvisibleFlame+1","DTMod:ShieldDrain","infinitespire:TheBestDefense+1","infinitespire:Fortify","DTMod:RunningTactic+1"],"relics":["DTMod:PactStone","DTMod:MindBender","DTMod:BasicTextbook","HandDrill","hubris:ToyBattleship","Juzu Bracelet","Bag of Marbles","expansioncontent:StudyCardRelic","Meat on the Bone","The Courier","CeramicFish","Omamori","hubris:TerracottaHorce","Matryoshka","Turnip","Bottled Flame","infinitespire:WardingShard","hubris:DisguiseKit","Toy Ornithopter"],"acts_visited":["Exordium","TheCity","TheBeyond"],"potions_floor_usage":[50,50,50],"damage_taken":[{"damage":0.0,"enemies":"2 Louse","floor":1.0,"turns":1.0},{"damage":0.0,"enemies":"Cultist","floor":2.0,"turns":3.0},{"damage":0.0,"enemies":"Jaw Worm","floor":4.0,"turns":2.0},{"damage":0.0,"enemies":"Blue Slaver","floor":5.0,"turns":3.0},{"damage":0.0,"enemies":"Gremlin Nob","floor":6.0,"turns":4.0},{"damage":0.0,"enemies":"Gremlin Gang","floor":8.0,"turns":3.0},{"damage":0.0,"enemies":"Exordium Thugs","floor":10.0,"turns":4.0},{"damage":0.0,"enemies":"Lagavulin","floor":13.0,"turns":4.0},{"damage":3.0,"enemies":"Slime Boss","floor":16.0,"turns":8.0},{"damage":0.0,"enemies":"Shell Parasite","floor":18.0,"turns":2.0},{"damage":9.0,"enemies":"2 Thieves","floor":19.0,"turns":3.0},{"damage":0.0,"enemies":"Snake Plant","floor":21.0,"turns":1.0},{"damage":1.0,"enemies":"Centurion and Healer","floor":24.0,"turns":3.0},{"damage":4.0,"enemies":"Gremlin Leader","floor":25.0,"turns":4.0},{"damage":14.0,"enemies":"Book of Stabbing","floor":28.0,"turns":6.0},{"damage":0.0,"enemies":"Slavers","floor":30.0,"turns":3.0},{"damage":0.0,"enemies":"Cultist and Chosen","floor":31.0,"turns":4.0},{"damage":12.0,"enemies":"Collector","floor":33.0,"turns":12.0},{"damage":0.0,"enemies":"3 Shapes","floor":35.0,"turns":4.0},{"damage":24.0,"enemies":"3 Darklings","floor":37.0,"turns":5.0},{"damage":0,"enemies":"Giant Head","floor":41,"turns":8},{"damage":0,"enemies":"Nemesis","floor":48,"turns":4},{"damage":41,"enemies":"hubris:GrandSnecko","floor":50,"turns":13}],"seed_played":"5260477939155758062","potions_obtained":[{"floor":3.0,"key":"CultistPotion"},{"floor":3.0,"key":"PowerPotion"},{"floor":3.0,"key":"SkillPotion"},{"floor":16.0,"key":"Swift Potion"},{"floor":19.0,"key":"DistilledChaos"},{"floor":28.0,"key":"Energy Potion"},{"floor":30.0,"key":"Regen Potion"},{"floor":31.0,"key":"Regen Potion"},{"floor":36.0,"key":"Energy Potion"},{"floor":36.0,"key":"GamblersBrew"},{"floor":36.0,"key":"DuplicationPotion"},{"floor":41,"key":"DuplicationPotion"}],"is_trial":false,"path_per_floor":["M","M","?","M","M","E","R","M","T","M","$","R","E","?","R","B",null,"M","M","?","M","?","R","M","E","T","R","E","R","E","M","R","B",null,"M","?","M","?","$","R","E","R","T","R","?","AVR","R","E","R","B",null],"character_chosen":"THE_DT","items_purchased":["DTMod:QuickFly","DTMod:CalculatedDefense","DTMod:MindBender","DTMod:Shift","DTMod:BalancedStrike","DTMod:BasicTextbook","HandDrill","DTMod:CleansingStrike","DTMod:BlazingStrike","DTMod:DragonDance","DTMod:BizarreTactic","DTMod:FlameSlash","DTMod:Dissolve","Apotheosis","DTMod:Inferno","DTMod:Dissolve","Matryoshka"],"campfire_rested":3,"item_purchase_floors":[0,0,0,0,0,0,0,11,11,11,11,39,39,39,39,39,39],"current_hp_per_floor":[24,24,24,24,24,24,37,37,37,37,37,37,37,43,43,40,51,51,42,42,42,42,42,41,37,37,37,35,50,50,50,50,38,48,48,48,36,36,36,36,36,36,36,36,36,36,36,36,51,22],"gold":281,"neow_bonus":"","is_daily":false,"chose_seed":false,"campfire_upgraded":9,"win_rate":0.0,"timestamp":1611392662,"path_taken":["M","M","?","M","M","E","R","M","T","M","?","R","E","?","R","BOSS","M","M","?","M","?","R","M","E","T","R","E","R","E","M","R","BOSS","M","?","M","?","$","R","E","R","T","R","?","AVR","R","E","R","BOSS"],"items_purchased_type":["Card","Card","Relic","Card","Card","Relic","Relic","Card","Card","Card","Card","Card","Card","Card","Card","Card","Relic"],"build_version":"2020-12-22","purchased_purges":1,"victory":true,"max_hp_per_floor":[45,45,45,45,45,45,45,45,45,45,45,45,45,51,51,51,51,51,51,51,51,51,51,51,51,51,51,51,51,51,51,51,51,51,51,51,51,51,51,51,51,51,51,51,51,51,51,51,51,51],"card_choices":[{"not_picked":["DTMod:BreakAttack","DTMod:DarkBreath"],"picked":"DTMod:ComboAttack","floor":1.0},{"not_picked":["DTMod:BuildUp","DTMod:Training"],"picked":"DTMod:PurifyingFlame","floor":2.0},{"not_picked":["DTMod:Cover","DTMod:MagicField"],"picked":"DTMod:FlameSlash","floor":4.0},{"not_picked":["DTMod:LastStand","DTMod:BurningEnergy"],"picked":"DTMod:QuickFly","floor":5.0},{"not_picked":["DTMod:ExcessFootwork","DTMod:BuildUp"],"picked":"DTMod:BreakAttack","floor":6.0},{"not_picked":["DTMod:BreakAttack","DTMod:StarRain"],"picked":"DTMod:ComboAttack","floor":8.0},{"not_picked":["DTMod:SneakAttack","DTMod:BizarreTactic"],"picked":"DTMod:Dissolve","floor":10.0},{"not_picked":["DTMod:BreakAttack","DTMod:Adaptation"],"picked":"DTMod:EchoTactic","floor":13.0},{"not_picked":["DTMod:EchoTactic","DTMod:FierySynthesis"],"picked":"DTMod:Prediction","floor":16.0},{"not_picked":["DTMod:FlameSlash","DTMod:MasterPlan"],"picked":"DTMod:ComboAttack+1","floor":18.0},{"not_picked":["DTMod:Threaten","DTMod:CalculatedDefense"],"picked":"DTMod:CleansingStrike","floor":19.0},{"not_picked":["DTMod:Cover","DTMod:ComboAttack"],"picked":"DTMod:HeatWave","floor":21.0},{"not_picked":["DTMod:MagicField","DTMod:HeatWave"],"picked":"DTMod:Weaken+1","floor":24.0},{"not_picked":["DTMod:Feint","DTMod:Punisher"],"picked":"DTMod:Safeguard","floor":25.0},{"not_picked":["DTMod:FlameSlash","DTMod:Hide+1"],"picked":"DTMod:PurifyingFlame+1","floor":28.0},{"not_picked":["DTMod:BurningEnergy+1","DTMod:FlameSlash"],"picked":"DTMod:HeatWave","floor":30.0},{"not_picked":["DTMod:Feint","DTMod:CalculatedDefense"],"picked":"DTMod:BizarreTactic+1","floor":31.0},{"not_picked":["DTMod:Prediction","DTMod:Inferno"],"picked":"DTMod:LightShield","floor":33.0},{"not_picked":["DTMod:Threaten+1","DTMod:Punisher+1"],"picked":"DTMod:QuickFly","floor":35.0},{"not_picked":["DTMod:TauntingStrike","DTMod:BalancedStrike"],"picked":"DTMod:FlameSlash+1","floor":37.0},{"not_picked":["DTMod:SealedStrike","DTMod:Cover"],"picked":"DTMod:InvisibleFlame+1","floor":41},{"not_picked":["DTMod:TriAttack","DTMod:ForkedFire","Guardian:DecasProtection"],"picked":"DTMod:RunningTactic+1","floor":48}],"player_experience":1610709,"relics_obtained":[{"floor":6.0,"key":"hubris:ToyBattleship"},{"floor":9.0,"key":"Juzu Bracelet"},{"floor":13.0,"key":"Bag of Marbles"},{"floor":25.0,"key":"Meat on the Bone"},{"floor":26.0,"key":"The Courier"},{"floor":28.0,"key":"CeramicFish"},{"floor":30.0,"key":"Omamori"},{"floor":41,"key":"Turnip"},{"floor":43,"key":"Bottled Flame"},{"floor":43,"key":"infinitespire:WardingShard"},{"floor":48,"key":"Toy Ornithopter"}],"event_choices":[{"damage_healed":0.0,"max_hp_gain":0.0,"max_hp_loss":0.0,"gold_gain":0.0,"event_name":"Lab","player_choice":"Got Potions","floor":3.0,"gold_loss":0.0,"damage_taken":0.0},{"damage_healed":0.0,"max_hp_gain":0.0,"max_hp_loss":0.0,"gold_gain":0.0,"event_name":"betterThird:BetterSerpent","player_choice":"RENOUNCE","floor":14.0,"gold_loss":64.0,"damage_taken":64.0,"cards_obtained":["Enlightenment"]},{"damage_healed":0.0,"max_hp_gain":0.0,"max_hp_loss":0.0,"gold_gain":0.0,"event_name":"Upgrade Shrine","player_choice":"Upgraded","floor":20.0,"gold_loss":0.0,"damage_taken":0.0,"cards_upgraded":["DTMod:Prediction"]},{"damage_healed":0.0,"max_hp_gain":0.0,"max_hp_loss":0.0,"gold_gain":0.0,"event_name":"Designer","player_choice":"Upgrade","floor":22.0,"gold_loss":40.0,"damage_taken":0.0,"cards_upgraded":["DTMod:HeatWave"]},{"damage_healed":0.0,"max_hp_gain":0.0,"max_hp_loss":0.0,"gold_gain":0.0,"event_name":"The Woman in Blue","player_choice":"Bought 3 Potions","floor":36.0,"gold_loss":0.0,"damage_taken":0.0}],"is_beta":false,"boss_relics":[{"not_picked":["DTMod:TheChair","Philosopher\u0027s Stone"],"picked":"expansioncontent:StudyCardRelic"},{"not_picked":["hubris:BlackHole","Velvet Choker"],"picked":"hubris:TerracottaHorce"}],"items_purged_floors":[46],"is_endless":false,"potions_floor_spawned":[4,5,16,19,28,30,31,41,48],"ascension_level":3}}