{"host":"gbop6m4qugddaz18","time":1611390253,"event":{"mods":["2.2 Compatiblity","BaseMod","Better Third Choice","Block Reminder","Downfall","GifTheSpireLib","Highlight Path","Minty Spire (QoL Compilation)","Replay The Spire","StSLib"],"gold_per_floor":[115,90,90,126,45,75,75,92,142,155,188,206,237,247,247,349,349,338,354,129,129,129,162,162,189,214,214,244,244,46,71,71,168,168,180,192,192,202,221,254,254,289,289,289,14,30,60,77,77,77,77],"floor_reached":50,"language":"ENG","playtime":5844,"items_purged":[],"score":1076,"play_id":"5b606d42-8a62-4bd4-b0cb-59023632ea8a","local_time":"20210123032413","is_ascension_mode":true,"campfire_choices":[{"data":"Blade Dance","floor":7,"key":"SMITH"},{"floor":15,"key":"REST"},{"floor":24,"key":"REST"},{"floor":27,"key":"REST"},{"floor":29,"key":"REST"},{"floor":32,"key":"DIG"},{"floor":41,"key":"REST"},{"floor":44,"key":"REST"},{"floor":49,"key":"REST"}],"circlet_count":0,"master_deck":["Strike_G","Strike_G","Strike_G","Strike_G","Strike_G","Defend_G","Defend_G","Defend_G","Defend_G","Defend_G+1","Survivor","Neutralize","Blade Dance+1","Blade Dance","Blade Dance","Noxious Fumes","Sucker Punch","Flying Knee","Blade Dance+1","Escape Plan","Flying Knee","Quick Slash","Prepared","After Image","Flying Knee","Sucker Punch+1","Infinite Blades+1","Pot Of Greed","Pot Of Greed","Pot Of Greed","Acrobatics+1","Burst","Acrobatics","Footwork","Masterful Stab","Madness","Flying Knee","Unload","Accuracy","Pot Of Greed","Blade Dance+1","Choke+1","Poisoned Stab","Corpse Explosion","Blade Dance","Noxious Fumes","PiercingWail","PiercingWail","Bane+1","Underhanded Strike","ReplayTheSpireMod:Private Reserves","Transmutation","Pot Of Greed","Choke","Distraction+1"],"relics":["Ring of the Snake","NeowsBlessing","Ornamental Fan","Nunchaku","Strawberry","Kunai","Black Star","Grinning Jar","Tiny Chest","Incense Burner","Vajra","Replay:Towering Pillar of Hats","Replay:Rubber Ducky","ReplayTheSpireMod:Shallot","Replay:Wax Seal","Blue Doll","Ancient Tea Set","Garlic","ChewingGum","War Paint","Bronze Scales","Anchor","Pet Ghost","BargainBundle","Singing Bowl","Boot"],"acts_visited":["Exordium","TheCity","TheBeyond"],"potions_floor_usage":[25,40,40,40,40,48,50],"damage_taken":[{"damage":0,"enemies":"Cultist","floor":1,"turns":1},{"damage":0,"enemies":"3 Sentries","floor":6,"turns":1},{"damage":0,"enemies":"Small Slimes","floor":8,"turns":1},{"damage":0,"enemies":"2 Louse","floor":10,"turns":2},{"damage":21,"enemies":"Lagavulin","floor":11,"turns":6},{"damage":0,"enemies":"Exordium Wildlife","floor":12,"turns":2},{"damage":8,"enemies":"Replay:BlueRogue","floor":13,"turns":4},{"damage":0,"enemies":"2 Fungi Beasts","floor":14,"turns":3},{"damage":11,"enemies":"Fading Forest","floor":16,"turns":11},{"damage":7,"enemies":"2 Thieves","floor":18,"turns":4},{"damage":12,"enemies":"Shell Parasite","floor":19,"turns":5},{"damage":48,"enemies":"Slavers","floor":23,"turns":8},{"damage":14,"enemies":"Gremlin Leader","floor":25,"turns":7},{"damage":19,"enemies":"Slavers","floor":28,"turns":6},{"damage":4,"enemies":"Book of Stabbing","floor":31,"turns":5},{"damage":0,"enemies":"Automaton","floor":33,"turns":8},{"damage":0,"enemies":"3 Darklings","floor":35,"turns":5},{"damage":28,"enemies":"3 Shapes","floor":36,"turns":7},{"damage":19,"enemies":"Transient","floor":38,"turns":5},{"damage":0,"enemies":"Sphere and 2 Shapes","floor":39,"turns":5},{"damage":11,"enemies":"Reptomancer","floor":40,"turns":5},{"damage":0,"enemies":"R_Hoarder","floor":42,"turns":5},{"damage":0,"enemies":"4 Shapes","floor":46,"turns":4},{"damage":40,"enemies":"Reptomancer","floor":47,"turns":6},{"damage":0,"enemies":"Transient","floor":48,"turns":5},{"damage":74,"enemies":"Time Eater","floor":50,"turns":10}],"seed_played":"-1519636215891369225","potions_obtained":[{"floor":4,"key":"SkillPotion"},{"floor":4,"key":"PowerPotion"},{"floor":4,"key":"Swift Potion"},{"floor":11,"key":"EntropicBrew"},{"floor":14,"key":"PowerPotion"},{"floor":25,"key":"champ:CounterPotion"},{"floor":33,"key":"AttackPotion"},{"floor":42,"key":"CunningPotion"}],"is_trial":false,"path_per_floor":["M","$","$","?","$","E","R","M","T","M","E","M","E","M","R","B",null,"M","M","$","?","?","E","R","E","T","R","E","R","$","E","R","B",null,"M","M","?","M","M","E","R","E","T","R","$","M","E","M","R","B"],"character_chosen":"THE_SILENT","items_purchased":["Blade Dance","Noxious Fumes","Infinite Blades","Grinning Jar","Footwork","Masterful Stab","Madness","BargainBundle","Noxious Fumes","PiercingWail","Bane+1","Underhanded Strike","ReplayTheSpireMod:Private Reserves","Transmutation"],"campfire_rested":7,"item_purchase_floors":[2,5,20,20,30,30,30,45,45,45,45,45,45,45],"current_hp_per_floor":[70,70,70,70,70,70,70,70,70,70,56,56,48,48,71,68,77,70,58,58,58,58,10,33,19,19,42,23,46,46,42,42,42,77,77,49,42,23,23,12,35,35,35,58,58,58,20,20,43,0,0],"gold":77,"neow_bonus":"THREE_ENEMY_KILL","is_daily":false,"chose_seed":false,"campfire_upgraded":1,"win_rate":0.0,"timestamp":1611390253,"path_taken":["M","?","$","?","$","E","R","M","T","M","E","?","E","M","R","BOSS","M","M","$","?","?","E","R","E","T","R","E","R","$","E","R","BOSS","M","?","?","?","M","E","R","E","T","R","$","M","E","M","R","BOSS"],"items_purchased_type":["Card","Card","Card","Relic","Card","Card","Card","Relic","Card","Card","Card","Card","Card","Card"],"build_version":"2020-12-22","purchased_purges":0,"victory":false,"max_hp_per_floor":[70,70,70,70,70,70,70,70,70,70,77,77,77,77,77,77,77,77,77,77,77,77,77,77,77,77,77,77,77,77,77,77,77,77,77,77,77,77,77,77,77,77,77,77,77,77,79,79,79,79,79],"card_choices":[{"not_picked":["Deflect","Choke"],"picked":"Blade Dance","floor":1},{"not_picked":["Poisoned Stab","Deadly Poison"],"picked":"Blade Dance","floor":4},{"not_picked":["Expertise","Deadly Poison"],"picked":"Sucker Punch","floor":6},{"not_picked":["Terror","Sucker Punch"],"picked":"Flying Knee","floor":8},{"not_picked":["Heel Hook","ReplayTheSpireMod:Exploit Weakness"],"picked":"Blade Dance","floor":10},{"not_picked":["Deadly Poison","Night Terror"],"picked":"Escape Plan","floor":11},{"not_picked":["Draining Mist","Dagger Throw"],"picked":"Flying Knee","floor":12},{"not_picked":["Dash","Outmaneuver"],"picked":"Quick Slash","floor":13},{"not_picked":["Bane","Terror"],"picked":"Prepared","floor":14},{"not_picked":["ReplayTheSpireMod:From All Sides","Venomology"],"picked":"After Image","floor":16},{"not_picked":["Calculated Gamble","Deadly Poison"],"picked":"Flying Knee","floor":18},{"not_picked":["Deadly Poison+1","Prepared"],"picked":"Sucker Punch+1","floor":19},{"not_picked":["Draining Mist","Setup+1"],"picked":"Acrobatics+1","floor":23},{"not_picked":["Grand Finale","PiercingWail"],"picked":"Burst","floor":25},{"not_picked":["Crippling Poison","Poisoned Stab"],"picked":"Acrobatics","floor":28},{"not_picked":["Poisoned Stab","Storm of Steel"],"picked":"Flying Knee","floor":31},{"not_picked":["Grand Finale","Doppelganger"],"picked":"Unload","floor":33},{"not_picked":["Hidden Blade","Bane+1"],"picked":"Accuracy","floor":35},{"not_picked":["Hidden Blade+1","Backstab"],"picked":"Blade Dance+1","floor":36},{"not_picked":["Prepared+1","Acrobatics"],"picked":"Choke+1","floor":38},{"not_picked":["Catalyst+1","Quick Slash"],"picked":"Poisoned Stab","floor":39},{"not_picked":["Deflect","Backflip"],"picked":"Corpse Explosion","floor":40},{"not_picked":["ReplayTheSpireMod:Speed Training+1","Sucker Punch+1"],"picked":"Blade Dance","floor":42},{"not_picked":["PiercingWail","Dodge and Roll+1"],"picked":"Choke","floor":46},{"not_picked":["Die Die Die","Catalyst+1","Prepared+1"],"picked":"Singing Bowl","floor":47},{"not_picked":["Masterful Stab","Backstab+1"],"picked":"Distraction+1","floor":48}],"player_experience":598044,"relics_obtained":[{"floor":6,"key":"Ornamental Fan"},{"floor":9,"key":"Nunchaku"},{"floor":11,"key":"Strawberry"},{"floor":13,"key":"Kunai"},{"floor":23,"key":"Tiny Chest"},{"floor":23,"key":"Incense Burner"},{"floor":25,"key":"Vajra"},{"floor":25,"key":"Replay:Towering Pillar of Hats"},{"floor":26,"key":"Replay:Rubber Ducky"},{"floor":28,"key":"ReplayTheSpireMod:Shallot"},{"floor":28,"key":"Replay:Wax Seal"},{"floor":31,"key":"Blue Doll"},{"floor":31,"key":"Ancient Tea Set"},{"floor":32,"key":"Garlic"},{"floor":40,"key":"War Paint"},{"floor":40,"key":"Bronze Scales"},{"floor":42,"key":"Anchor"},{"floor":42,"key":"Pet Ghost"},{"floor":47,"key":"Singing Bowl"},{"floor":47,"key":"Boot"}],"event_choices":[{"damage_healed":0,"gold_gain":0,"player_choice":"Ignored","damage_taken":0,"max_hp_gain":0,"max_hp_loss":0,"event_name":"Ghosts","floor":21,"gold_loss":0},{"damage_healed":0,"gold_gain":0,"player_choice":"Upgraded","damage_taken":0,"max_hp_gain":0,"max_hp_loss":0,"event_name":"Upgrade Shrine","floor":22,"gold_loss":0,"cards_upgraded":["Infinite Blades"]},{"damage_healed":0,"gold_gain":0,"player_choice":"Damaged","damage_taken":7,"max_hp_gain":0,"max_hp_loss":0,"event_name":"Wheel of Change","floor":37,"gold_loss":0}],"is_beta":false,"boss_relics":[{"not_picked":["Coffee Dripper","Replay:Drink Me"],"picked":"Black Star"},{"not_picked":["Fusion Hammer","Honey Jar"],"picked":"ChewingGum"}],"items_purged_floors":[],"is_endless":false,"potions_floor_spawned":[8,11,12,13,14,18,25,31,33,35,36,39,42,47],"killed_by":"Time Eater","ascension_level":4}}