{"host":"o6rpelx2jpc8yies","time":1611432188,"event":{"mods":["BaseMod","Downfall","Minty Spire (QoL Compilation)","StSLib"],"gold_per_floor":[99,274,37,71,71,105,128,28,41,83,113,130,185,185,227,323,323,323,337,351,361,371,414,440,469,513,540,440,478,162,193,210,210,210,210],"floor_reached":33,"language":"ENG","playtime":2441,"items_purged":["Doubt","Decay"],"score":537,"play_id":"3def09c5-5550-4de6-ab28-447ac32a215b","local_time":"20210123130308","is_ascension_mode":true,"campfire_choices":[{"floor":1.0,"key":"RECALL"},{"data":"HandOfGreed","floor":8.0,"key":"SMITH"},{"data":"Guardian:DonusPower","floor":18.0,"key":"SMITH"},{"data":"Guardian:BodySlam","floor":28,"key":"SMITH"}],"circlet_count":0,"master_deck":["Guardian:Strike_Guardian","Guardian:Strike_Guardian+1","Guardian:Strike_Guardian+1","Guardian:Strike_Guardian","Guardian:Defend_Guardian","Guardian:Defend_Guardian","Guardian:Defend_Guardian","Guardian:Defend_Guardian","Guardian:CurlUp","Guardian:TwinSlam","HandOfGreed+1","Guardian:FloatingOrbs","Guardian:PiercingHide","Guardian:PiercingHide","Guardian:SentryBeam","Guardian:SpikerProtocol","Guardian:ChargeCore","Guardian:DonusPower+1","Guardian:AncientConstruct","Guardian:Gem_Red","Guardian:Gem_Cyan","Guardian:Gem_Purple","Guardian:Gem_Lightblue","Guardian:BodySlam+1","Guardian:WalkerClaw+1","Guardian:TemporalShield+1"],"relics":["Guardian:ModeShifter","Bronze Scales","Whetstone","downfall:HeartBlessingRed","Dream Catcher","Guardian:StasisCodex","bronze:MakeshiftBattery","Letter Opener","PreservedInsect","downfall:HeartBlessingBlue","Toolbox","Gambling Chip"],"acts_visited":["Exordium","TheCity"],"potions_floor_usage":[27,31,31],"damage_taken":[{"damage":0.0,"enemies":"downfall:FleeingMerchant","floor":3.0,"turns":4.0},{"damage":2.0,"enemies":"Jaw Worm","floor":4.0,"turns":3.0},{"damage":0.0,"enemies":"Cultist","floor":6.0,"turns":3.0},{"damage":11.0,"enemies":"2 Louse","floor":9.0,"turns":2.0},{"damage":8.0,"enemies":"Lots of Slimes","floor":10.0,"turns":3.0},{"damage":0.0,"enemies":"Gremlin Nob","floor":11.0,"turns":3.0},{"damage":6.0,"enemies":"Exordium Wildlife","floor":12.0,"turns":5.0},{"damage":0.0,"enemies":"3 Sentries","floor":13.0,"turns":6.0},{"damage":0.0,"enemies":"2 Fungi Beasts","floor":15.0,"turns":2.0},{"damage":11.0,"enemies":"DF_ARCHETYPE_STREAMLINE","floor":16.0,"turns":9.0},{"damage":0.0,"enemies":"Spheric Guardian","floor":19.0,"turns":3.0},{"damage":0.0,"enemies":"3 Byrds","floor":20.0,"turns":2.0},{"damage":7.0,"enemies":"3 Cultists","floor":21.0,"turns":4.0},{"damage":9.0,"enemies":"Shelled Parasite and Fungi","floor":22.0,"turns":4.0},{"damage":12.0,"enemies":"Sentry and Sphere","floor":23.0,"turns":5.0},{"damage":15.0,"enemies":"Book of Stabbing","floor":25.0,"turns":4.0},{"damage":2.0,"enemies":"Centurion and Healer","floor":26.0,"turns":7.0},{"damage":13,"enemies":"Gremlin Leader","floor":27,"turns":7},{"damage":1,"enemies":"Shelled Parasite and Fungi","floor":29,"turns":3},{"damage":0,"enemies":"downfall:FleeingMerchant","floor":30,"turns":4},{"damage":0,"enemies":"Book of Stabbing","floor":31,"turns":3},{"damage":0,"enemies":"Snake Plant","floor":32,"turns":3},{"damage":14,"enemies":"WA_ARCHETYPE_CALM","floor":33,"turns":8}],"seed_played":"6013717541820503244","potions_obtained":[{"floor":6.0,"key":"champ:CounterPotion"},{"floor":9.0,"key":"SkillPotion"},{"floor":10.0,"key":"Explosive Potion"},{"floor":15.0,"key":"Guardian:BlockOnCardUsePotion"},{"floor":16.0,"key":"Fire Potion"},{"floor":21.0,"key":"LiquidMemories"},{"floor":25.0,"key":"SkillPotion"},{"floor":27,"key":"Slimebound:ThreeZeroPotion"},{"floor":32,"key":"Dexterity Potion"}],"is_trial":false,"path_per_floor":["R","?","$","M","?","M","T","R","M","M","E","M","E","?","M","B",null,"R","M","M","M","M","M","T","E","M","E","R","M","$","E","M","B"],"character_chosen":"GUARDIAN","items_purchased":["Bronze Scales","SkillPotion","Toolbox"],"campfire_rested":0,"item_purchase_floors":[3,30,30],"current_hp_per_floor":[51,51,51,49,49,49,49,49,38,30,30,24,24,24,24,13,63,63,63,63,56,47,35,35,20,18,5,15,14,14,14,14,0,0,0],"gold":210,"neow_bonus":"RANDOM_COLORLESS_2","is_daily":false,"chose_seed":false,"campfire_upgraded":3,"win_rate":0.0,"timestamp":1611432188,"path_taken":["R","?","$","M","?","M","T","R","M","?","E","M","E","?","M","BOSS","R","M","?","M","M","M","T","E","M","E","R","M","$","E","M","BOSS"],"items_purchased_type":["Relic","Potion","Relic"],"build_version":"2020-12-22","purchased_purges":2,"victory":false,"max_hp_per_floor":[80,80,80,80,80,80,80,80,80,80,80,80,80,80,80,80,80,80,80,80,80,80,80,80,80,80,80,90,90,90,90,90,90,90,90],"card_choices":[{"not_picked":["Thinking Ahead","Sadistic Nature"],"picked":"HandOfGreed","floor":0.0},{"not_picked":["Guardian:Suspension","Guardian:CrystalBeam"],"picked":"Guardian:FloatingOrbs","floor":3.0},{"not_picked":["Guardian:GuardianWhirl","Guardian:PrismaticBeam"],"picked":"Guardian:PiercingHide","floor":4.0},{"not_picked":["Guardian:ChargeCore","Guardian:Recover"],"picked":"Guardian:Gem_Lightblue","floor":6.0},{"not_picked":["Guardian:CrystalBeam","Guardian:Repulse"],"picked":"Guardian:SentryBeam","floor":9.0},{"not_picked":["Guardian:Incinerate","Guardian:FloatingOrbs"],"picked":"Guardian:SpikerProtocol","floor":10.0},{"not_picked":["Guardian:SentryBeam","Guardian:TemporalStrike"],"picked":"Guardian:Gem_Cyan","floor":11.0},{"not_picked":["Guardian:CrystalBeam","Guardian:PiercingHide"],"picked":"Guardian:ChargeCore","floor":12.0},{"not_picked":["Guardian:Repulse","Guardian:ChargeCore"],"picked":"Guardian:DonusPower","floor":13.0},{"not_picked":["Guardian:TemporalShield","Guardian:SentryBeam"],"picked":"Guardian:Gem_Crimson","floor":15.0},{"not_picked":["Guardian:StasisField","Guardian:ExploitGems"],"picked":"Guardian:AncientConstruct","floor":16.0},{"not_picked":["Guardian:ShieldCharger","Guardian:ChargeCore+1","Guardian:Planning+1"],"picked":"SKIP","floor":19.0},{"not_picked":["Guardian:RollAttack","Guardian:Reroute"],"picked":"Guardian:Gem_Blue","floor":20.0},{"not_picked":["Guardian:PrismaticBeam","Guardian:EvasiveProtocol"],"picked":"Guardian:Gem_Red","floor":21.0},{"not_picked":["Guardian:TemporalStrike","Guardian:ChargeCore+1"],"picked":"Guardian:Gem_Cyan","floor":22.0},{"not_picked":["Guardian:Suspension","Guardian:Gem_Crimson"],"picked":"Guardian:Gem_Purple","floor":23.0},{"not_picked":["Guardian:PrimingBeam","Guardian:FastForward"],"picked":"Guardian:Gem_Lightblue","floor":25.0},{"not_picked":["Guardian:Preprogram","Guardian:PrismaticBeam","Guardian:TemporalStrike"],"picked":"SKIP","floor":26.0},{"not_picked":["Guardian:Orbwalk","Guardian:Gem_Cyan"],"picked":"Guardian:BodySlam","floor":27},{"not_picked":["Guardian:EvasiveProtocol","Guardian:ChargeCore+1","Guardian:Recover"],"picked":"SKIP","floor":29},{"not_picked":["Guardian:ShieldCharger","Guardian:Gem_Crimson"],"picked":"Guardian:WalkerClaw+1","floor":30},{"not_picked":["Guardian:Gem_Red","Guardian:Gem_Cyan"],"picked":"Guardian:TemporalShield+1","floor":31},{"not_picked":["Guardian:DonusPower+1","Guardian:ChargeCore","Guardian:Gem_Green"],"picked":"SKIP","floor":32}],"player_experience":1823912,"relics_obtained":[{"floor":7.0,"key":"Whetstone"},{"floor":11.0,"key":"Dream Catcher"},{"floor":13.0,"key":"Guardian:StasisCodex"},{"floor":25.0,"key":"Letter Opener"},{"floor":27,"key":"PreservedInsect"},{"floor":31,"key":"Gambling Chip"}],"event_choices":[{"damage_healed":0.0,"max_hp_gain":0.0,"max_hp_loss":0.0,"gold_gain":0.0,"event_name":"Wheel of Change","player_choice":"Cursed","floor":14.0,"gold_loss":0.0,"damage_taken":0.0,"cards_obtained":["Decay"]}],"is_beta":false,"boss_relics":[{"not_picked":["Empty Cage","Astrolabe"],"picked":"bronze:MakeshiftBattery"}],"items_purged_floors":[3,30],"is_endless":false,"potions_floor_spawned":[6,9,10,12,15,16,21,22,25,27,32],"killed_by":"WA_ARCHETYPE_CALM","ascension_level":7}}