{"host":"uu8qcv8llpcbwyus","time":1611392274,"event":{"mods":["100% Spire Juice","BaseMod","CapriCore","Conspire","Downfall","HololiveMod","Hubris","Marisa（霧雨　魔理沙）","Minty Spire (QoL Compilation)","Reimu（博??梦）","Remilia（蕾米莉?）","Replay The Spire","StSLib","The Administrix","The Animator","The Gatherer","The Immortal","The Servant 0.9.4","TheSwordswoman","WarShipGirlsR/??少女R mod","Yakumo Yukari mod"],"gold_per_floor":[84,84,84,98,113,113,129,129,129,162,162,191,210,230,230,338,338,361,321,66,86,109,145,145,162,186,220,135,135,153,170,170,287,287,298,298,298,308,308,308,350,350,374,374,374,408,408,262,262,266,266,266,109,151,157],"floor_reached":56,"language":"ENG","playtime":2461,"items_purged":["Hololive_Trident+1"],"score":1763,"play_id":"53bf108d-38ae-4676-9352-2151484e789f","local_time":"20210123005754","is_ascension_mode":true,"campfire_choices":[{"data":"Hololive_CallYozoraMel","floor":6,"key":"SMITH"},{"data":"Hololive_CallAkiRosenthal","floor":11,"key":"SMITH"},{"data":"Hololive_CallManoAloe","floor":15,"key":"SMITH"},{"data":"Hololive_CallRoboco","floor":24,"key":"SMITH"},{"data":"Hololive_SummonFox","floor":32,"key":"SMITH"},{"data":"Hololive_StrengthChampion+2","floor":40,"key":"SMITH"},{"floor":42,"key":"RECALL"},{"data":"Hololive_StrengthChampion+3","floor":44,"key":"SMITH"},{"data":"Hololive_StrengthChampion+5","floor":49,"key":"SMITH"},{"data":"Hololive_StrengthChampion+6","floor":52,"key":"SMITH"}],"circlet_count":0,"master_deck":["Hololive_Strike+1","Hololive_Strike+1","Hololive_Defend+1","Hololive_Defend+1","Hololive_Sequa+1","Hololive_CallAyundaRisu+1","Hololive_CallRoboco+1","Hololive_StrengthChampion+1","Hololive_CallYozoraMel+1","Hololive_CallManoAloe+1","Hololive_CocoNews+1","Hololive_StarCraft+1","Hololive_CocoNews+1","Hololive_StrengthChampion+7","Hololive_CocoNews+1","Hololive_DDD+1","Hololive_CocoNews+1","hubris:DuctTapeCard","Hololive_CocoNews+1","Hololive_FlyingPonyTail+1","Hololive_SummonFox+1","Hololive_FlyingPonyTail+1","Hololive_CandyCastle+1","Hololive_FlareMind+1","Hololive_CallYozoraMel+1","Hololive_Spy+1"],"relics":["Hololive_TheStar","Tiny Chest","Mastiff:ReiMu","Prayer Wheel","conspire:SeveredTorchhead","ZunR:ReiMu","hubris:DuctTape","hubris:SphereOfDissonance","Hololive_LightStick","Mirror","Centennial Puzzle","Replay:WaspNest","Hololive_TopUpMoneyS","Toxic Egg 2","Orichalcum","DollysMirror","hubris:MedicalManual"],"acts_visited":["Exordium","TheCity","TheBeyond","TheEnding"],"potions_floor_usage":[],"damage_taken":[{"damage":0,"enemies":"conspire:RoseBush","floor":1,"turns":2},{"damage":0,"enemies":"2 Louse","floor":4,"turns":3},{"damage":0,"enemies":"Jaw Worm","floor":5,"turns":2},{"damage":0,"enemies":"conspire:2 RoseBushes","floor":7,"turns":4},{"damage":0,"enemies":"Replay:BlueRogue","floor":10,"turns":4},{"damage":0,"enemies":"Gremlin Nob","floor":12,"turns":4},{"damage":0,"enemies":"3 Louse","floor":13,"turns":3},{"damage":0,"enemies":"Exordium Wildlife","floor":14,"turns":3},{"damage":0,"enemies":"Hexaghost","floor":16,"turns":6},{"damage":0,"enemies":"3 Byrds","floor":18,"turns":5},{"damage":0,"enemies":"Shell Parasite","floor":21,"turns":3},{"damage":0,"enemies":"Centurion and Healer","floor":22,"turns":4},{"damage":14,"enemies":"Gremlin Leader","floor":23,"turns":5},{"damage":18,"enemies":"3 Cultists","floor":25,"turns":4},{"damage":0,"enemies":"conspire:SneckoGhost","floor":27,"turns":3},{"damage":0,"enemies":"Snake Plant","floor":30,"turns":2},{"damage":0,"enemies":"Cultist and Chosen","floor":31,"turns":3},{"damage":0,"enemies":"Pondfish","floor":33,"turns":5},{"damage":0,"enemies":"3 Shapes","floor":35,"turns":4},{"damage":0,"enemies":"3 Shapes","floor":36,"turns":6},{"damage":0,"enemies":"3 Darklings","floor":38,"turns":3},{"damage":0,"enemies":"Reptomancer","floor":41,"turns":3},{"damage":0,"enemies":"Transient","floor":46,"turns":4},{"damage":0,"enemies":"Time Eater","floor":50,"turns":6},{"damage":0,"enemies":"Shield and Spear","floor":54,"turns":3},{"damage":0,"enemies":"The Heart","floor":55,"turns":6}],"seed_played":"-2112575961398095226","potions_obtained":[{"floor":5,"key":"conspire:TimeTravelPotion"},{"floor":10,"key":"FearPotion"},{"floor":14,"key":"PowerPotion"}],"is_trial":false,"path_per_floor":["M","?","?","M","M","R","M","?","T","E","R","E","M","M","R","B",null,"M","?","$","M","M","E","R","M","T","E","?","T","M","M","R","B",null,"M","?","?","M","T","R","E","R","T","R","?","M","?","$","R","B",null,"R","$","E","B",null],"character_chosen":"Hololive_HololiveCharacter","items_purchased":["hubris:DuctTape","DollysMirror","Hololive_Spy+1"],"campfire_rested":0,"item_purchase_floors":[20,48,53],"current_hp_per_floor":[35,35,32,32,32,32,35,28,28,35,35,35,35,35,35,35,35,35,35,35,35,35,35,35,35,35,35,35,35,35,35,35,35,35,35,35,35,35,35,35,35,35,35,35,35,35,35,35,35,35,35,35,35,35,35],"gold":157,"neow_bonus":"THREE_CARDS","is_daily":false,"chose_seed":false,"campfire_upgraded":9,"win_rate":0.0,"timestamp":1611392274,"path_taken":["M","?","?","M","M","R","M","?","T","E","R","E","?","M","R","BOSS","M","?","$","M","M","E","R","M","T","E","?","?","M","M","R","BOSS","M","?","?","?","?","R","E","R","T","R","?","M","?","$","R","BOSS","R","$","E","BOSS"],"items_purchased_type":["Relic","Relic","Card"],"build_version":"2020-12-22","purchased_purges":1,"victory":true,"max_hp_per_floor":[35,35,35,35,35,35,35,35,35,35,35,35,35,35,35,35,35,35,35,35,35,35,35,35,35,35,35,35,35,35,35,35,35,35,35,35,35,35,35,35,35,35,35,35,35,35,35,35,35,35,35,35,35,35,35],"card_choices":[{"not_picked":["Hololive_CallAiraniIofifteen","Hololive_CallAyundaRisu"],"picked":"Hololive_Trident","floor":0},{"not_picked":["Hololive_OvertimeWork","Hololive_Trident","Hololive_CallAiraniIofifteen"],"picked":"Hololive_StrengthChampion","floor":1},{"not_picked":["Hololive_Breathe","Hololive_Trident","Hololive_RevenueBasedLive"],"picked":"Hololive_CallYozoraMel","floor":4},{"not_picked":["Hololive_Psychosis","Hololive_Rebound","Hololive_Drill"],"picked":"Hololive_CallManoAloe","floor":5},{"not_picked":["Hololive_Psychosis","Hololive_Drill","Hololive_FlyingPonyTail"],"picked":"Hololive_CallAkiRosenthal","floor":7},{"not_picked":["Hololive_CallCivia","Hololive_CallHoushouMarine","Hololive_LuckPotion"],"picked":"Hololive_CocoNews","floor":10},{"not_picked":["Hololive_CallSpadeEcho","Hololive_Psychosis","Hololive_CallHimemoriLuna"],"picked":"Hololive_StarCraft","floor":12},{"not_picked":["Hololive_RevenueBasedLive","Hololive_Teleport","Hololive_CallArtia"],"picked":"Hololive_CocoNews","floor":13},{"not_picked":["Hololive_CallShirakamiFubuki","Hololive_RevenueBasedLive","Hololive_Breathe"],"picked":"Hololive_StrengthChampion","floor":13},{"not_picked":["Hololive_Yoholoon","Hololive_FlyingPonyTail","Hololive_CallMoonaHoshinova"],"picked":"Hololive_CocoNews","floor":14},{"not_picked":["Hololive_LuckPotion","Hololive_OvertimeWork","Hololive_Drill","Hololive_CallDoris"],"picked":"SKIP","floor":14},{"not_picked":["Hololive_OpenUp","Hololive_FlareMind","Hololive_Rebirth"],"picked":"Hololive_DDD","floor":16},{"not_picked":["Hololive_Trident","Hololive_RevenueBasedLive+1","Hololive_Rebound+1"],"picked":"Hololive_CocoNews+1","floor":18},{"not_picked":["Hololive_CallOmaruPolka","Hololive_LuckPotion","Hololive_Trident","Hololive_OvertimeWork+1"],"picked":"SKIP","floor":18},{"not_picked":["Hololive_CallMinatoAqua+1","Hololive_RevenueBasedLive+1","Hololive_CallOzoraSubaru"],"picked":"Hololive_CocoNews+1","floor":21},{"not_picked":["Hololive_RevenueBasedLive","Hololive_Rebound","Hololive_CallDoris","Hololive_LuckPotion"],"picked":"SKIP","floor":21},{"not_picked":["Hololive_CallUruhaRushia","Hololive_Breathe+1","Hololive_CallRosalyn"],"picked":"Hololive_FlyingPonyTail","floor":22},{"not_picked":["Hololive_LuckPotion+1","Hololive_Breathe","Hololive_CallYogiri+1","Hololive_Sequa"],"picked":"SKIP","floor":22},{"not_picked":["Hololive_Recruit","Hololive_Trident","Hololive_CallAkaiHaato","Hololive_HuntDinosaur"],"picked":"SKIP","floor":23},{"not_picked":["Hololive_CallMomosuzuNene+1","Hololive_Yoholoon","Hololive_Trident+1","Hololive_OvertimeWork+1"],"picked":"SKIP","floor":25},{"not_picked":["Hololive_CocoNews","Hololive_Rebound","Hololive_Drill","Hololive_CallOzoraSubaru"],"picked":"SKIP","floor":25},{"not_picked":["Hololive_StrengthChampion","Hololive_Breathe","Hololive_Rebound","Hololive_HuntDinosaur"],"picked":"SKIP","floor":27},{"not_picked":["Hololive_RevenueBasedLive","Hololive_OvertimeWork","Hololive_StrengthChampion"],"picked":"Hololive_SummonFox","floor":30},{"not_picked":["Hololive_OvertimeWork","Hololive_StrengthChampion","Hololive_CocoNews","Hololive_CallYuzukiChoco"],"picked":"SKIP","floor":30},{"not_picked":["Hololive_CallNekomataOkayu","Hololive_Breathe+1","Hololive_WolfAndLamb"],"picked":"Hololive_FlyingPonyTail+1","floor":31},{"not_picked":["Hololive_CallYukihanaLamy","Hololive_CallMinatoAqua","Hololive_Trident+1"],"picked":"Hololive_CandyCastle","floor":31},{"not_picked":["Hololive_IdolExercise","Hololive_BeCareful","Hololive_WolfAndLamb"],"picked":"Hololive_FlareMind","floor":33}],"player_experience":1136957,"relics_obtained":[{"floor":9,"key":"Tiny Chest"},{"floor":10,"key":"Mastiff:ReiMu"},{"floor":12,"key":"Prayer Wheel"},{"floor":23,"key":"hubris:SphereOfDissonance"},{"floor":26,"key":"Hololive_LightStick"},{"floor":27,"key":"Mirror"},{"floor":29,"key":"Replay:WaspNest"},{"floor":39,"key":"Toxic Egg 2"},{"floor":41,"key":"Orichalcum"},{"floor":54,"key":"hubris:MedicalManual"}],"event_choices":[{"cards_removed":["Hololive_CallFriendA"],"damage_healed":0,"gold_gain":0,"player_choice":"Card Removal","damage_taken":7,"max_hp_gain":0,"max_hp_loss":0,"event_name":"Golden Wing","floor":8,"gold_loss":0},{"damage_healed":0,"gold_gain":0,"player_choice":"Keep O-miki","damage_taken":0,"relics_obtained":["ZunR:ReiMu"],"max_hp_gain":0,"max_hp_loss":0,"event_name":"ZunEvent","floor":19,"gold_loss":40},{"damage_healed":0,"gold_gain":0,"player_choice":"Obtained Relic","damage_taken":0,"relics_obtained":["Centennial Puzzle"],"max_hp_gain":0,"max_hp_loss":0,"event_name":"Addict","floor":28,"gold_loss":85},{"damage_healed":0,"gold_gain":0,"player_choice":"Upgraded","damage_taken":0,"max_hp_gain":0,"max_hp_loss":0,"event_name":"Upgrade Shrine","floor":37,"gold_loss":0,"cards_upgraded":["Hololive_StrengthChampion"]},{"damage_healed":0,"gold_gain":0,"player_choice":"Memory 1","damage_taken":0,"max_hp_gain":0,"max_hp_loss":0,"event_name":"SensoryStone","floor":45,"gold_loss":0}],"is_beta":false,"boss_relics":[{"not_picked":["SlaversCollar","hubris:GrandSneckoEye"],"picked":"conspire:SeveredTorchhead"},{"not_picked":["hubris:HollowSoul","Honey Jar"],"picked":"Hololive_TopUpMoneyS"}],"items_purged_floors":[53],"is_endless":false,"potions_floor_spawned":[5,10,13,14,16,18,21,22,33,38,41],"ascension_level":3}}