{"host":"92ge7uk92o4z80va","time":1611434798,"event":{"mods":["AchievementEnabler","Act Like it!","BaseMod","Better Third Choice","BetterRewards","Conspire","Curses Come First","Dota2Spire","Duelist Mod","Evolution","Friendly Minions","Hallownest","Hubris","Infinite Spire","Lobotomy","LobotomyExtend","Marisa????????","Mimic Mod","Minty Spire (QoL Compilation)","Rare Cards Sparkle","Replay The Spire","Robot Space Explorer","Spicy Shops","Spire Arcade","StSLib","The Blue Laboratory","The Bug Knight","The Exalted","The Runesmith","The Servant 0.9.4","Uncapped"],"gold_per_floor":[360,372,71,269,289,321,321,351,377,409,409,409,425,444,444,540,540,558,571,571,571,589,589,615,615,641,641,690,735,755,795,795,795,795],"floor_reached":33,"language":"ENG","playtime":2308,"items_purged":[],"score":289,"play_id":"5e2ff011-88ca-49b9-b115-1f3d7f00eecd","local_time":"20210123154638","is_ascension_mode":false,"campfire_choices":[{"data":"RobotSpaceExplorer:PlasmaMissile","floor":7,"key":"SMITH"},{"floor":12,"key":"REST"},{"data":"RobotSpaceExplorer:ToxicBomb","floor":15,"key":"SMITH"},{"data":"RobotSpaceExplorer:ChargingLaser","floor":23,"key":"SMITH"},{"data":"RobotSpaceExplorer:MiniLasers","floor":27,"key":"SMITH"}],"circlet_count":0,"master_deck":["RobotSpaceExplorer:Strike","RobotSpaceExplorer:Strike","RobotSpaceExplorer:Strike","RobotSpaceExplorer:Strike","RobotSpaceExplorer:Defend","RobotSpaceExplorer:Defend","RobotSpaceExplorer:Defend","RobotSpaceExplorer:Defend","RobotSpaceExplorer:Scan","RobotSpaceExplorer:MiniLasers+1","RobotSpaceExplorer:StunGrenade","RobotSpaceExplorer:Reload","RobotSpaceExplorer:ToxicBomb+1","RobotSpaceExplorer:PlasmaMissile+1","RobotSpaceExplorer:FranticSearch","RobotSpaceExplorer:Calculate","RobotSpaceExplorer:StarLightning","RobotSpaceExplorer:Pulsar","RobotSpaceExplorer:Jetpack+1","RobotSpaceExplorer:FreezingShield","RobotSpaceExplorer:ChargingLaser+1","RobotSpaceExplorer:ImprovisedAttack+1","RobotSpaceExplorer:Fix+1","RobotSpaceExplorer:MetalStrike","RobotSpaceExplorer:FreezingShield+1","RobotSpaceExplorer:LaserBurst","RobotSpaceExplorer:SurgingShield","RobotSpaceExplorer:FrostMissile","RobotSpaceExplorer:Blitz"],"relics":["RobotSpaceExplorer:RoboCore","EVO:Axolotl","LetterFromLob","Vajra","Bromod:ArcaneDeflection","Blue Doll","HollowMod:PaleOreRelic","infinitespire:Satchel","Peace Pipe","conspire:SpecialSausage","MutagenicStrength","Counterbalance","Dota2Spire:HandOfMidas"],"acts_visited":["Exordium","TheCity"],"potions_floor_usage":[16,16,24,24,30,31,33,33],"damage_taken":[{"damage":1,"enemies":"Small Slimes","floor":1,"turns":3},{"damage":1,"enemies":"2 Louse","floor":2,"turns":3},{"damage":0,"enemies":"Cultist","floor":5,"turns":3},{"damage":4,"enemies":"Gremlin Nob","floor":6,"turns":3},{"damage":21,"enemies":"Lagavulin","floor":8,"turns":5},{"damage":29,"enemies":"Gremlin Nob","floor":10,"turns":5},{"damage":7,"enemies":"3 Louse","floor":13,"turns":2},{"damage":12,"enemies":"Large Slime","floor":14,"turns":4},{"damage":9,"enemies":"The Guardian","floor":16,"turns":11},{"damage":8,"enemies":"Shell Parasite","floor":18,"turns":2},{"damage":1,"enemies":"Spheric Guardian","floor":19,"turns":3},{"damage":17,"enemies":"Shelled Parasite and Fungi","floor":22,"turns":5},{"damage":42,"enemies":"Gremlin Leader","floor":24,"turns":6},{"damage":8,"enemies":"Centurion and Healer","floor":28,"turns":5},{"damage":7,"enemies":"Sentry and Sphere","floor":29,"turns":4},{"damage":0,"enemies":"3 Cultists","floor":30,"turns":4},{"damage":6,"enemies":"Snecko","floor":31,"turns":3},{"damage":42,"enemies":"hubris:MusketHawk","floor":33,"turns":8}],"seed_played":"-22364987308812025","potions_obtained":[{"floor":5,"key":"blueLaboratory:RememoryPotion"},{"floor":6,"key":"blueLaboratory:ArtificerPotion"},{"floor":8,"key":"Adrenaline Potion"},{"floor":14,"key":"Dota2Spire:HealingSalve"},{"floor":19,"key":"DuplicationPotion"},{"floor":22,"key":"BlessingOfTheForge"},{"floor":28,"key":"ColorlessPotion"},{"floor":30,"key":"blueLaboratory:NullPotion"},{"floor":31,"key":"Adrenaline Potion"}],"is_trial":false,"path_per_floor":["M","M","$","?","M","E","R","E","T","E","?","R","M","M","R","B",null,"M","M","?","?","M","R","E","?","T","R","M","M","M","M","R","B"],"character_chosen":"RobotSpaceExplorer","items_purchased":["Vajra","RobotSpaceExplorer:ToxicBomb"],"campfire_rested":1,"item_purchase_floors":[3,3],"current_hp_per_floor":[67,66,66,66,66,62,62,41,41,12,12,32,25,13,13,22,68,60,59,59,59,48,48,12,12,12,12,10,9,15,15,35,0,0],"gold":795,"neow_bonus":"TWO_FIFTY_GOLD","is_daily":false,"chose_seed":false,"campfire_upgraded":4,"win_rate":0.0,"timestamp":1611434798,"path_taken":["M","M","$","?","M","E","R","E","T","E","?","R","M","M","R","BOSS","M","M","?","?","M","R","E","?","T","R","M","?","M","M","R","BOSS"],"items_purchased_type":["Relic","Card"],"build_version":"2020-12-22","purchased_purges":0,"victory":false,"max_hp_per_floor":[68,68,68,68,68,68,68,68,68,68,68,68,68,68,68,68,68,68,68,68,68,68,68,68,68,68,68,68,68,68,68,68,68,68],"card_choices":[{"not_picked":["RobotSpaceExplorer:Jetpack","RobotSpaceExplorer:GlueShot"],"picked":"RobotSpaceExplorer:StunGrenade","floor":1},{"not_picked":["RobotSpaceExplorer:StarDust","RobotSpaceExplorer:Counterblock"],"picked":"RobotSpaceExplorer:Reload","floor":2},{"not_picked":["RobotSpaceExplorer:SwiftStep","RobotSpaceExplorer:DoubleBlock"],"picked":"RobotSpaceExplorer:PlasmaMissile","floor":4},{"not_picked":["RobotSpaceExplorer:SwiftStep","RobotSpaceExplorer:Counterblock"],"picked":"RobotSpaceExplorer:FranticSearch","floor":5},{"not_picked":["RobotSpaceExplorer:SurgingShield","RobotSpaceExplorer:StunGrenade"],"picked":"RobotSpaceExplorer:Calculate","floor":6},{"not_picked":["RobotSpaceExplorer:Blitz","RobotSpaceExplorer:SurgingShield"],"picked":"RobotSpaceExplorer:StarLightning","floor":8},{"not_picked":["RobotSpaceExplorer:PowerGlove","RobotSpaceExplorer:FrostMissile"],"picked":"RobotSpaceExplorer:Pulsar","floor":10},{"not_picked":["RobotSpaceExplorer:FrostMissile","RobotSpaceExplorer:MetalStrike"],"picked":"RobotSpaceExplorer:Jetpack","floor":13},{"not_picked":["RobotSpaceExplorer:ScrapShield","RobotSpaceExplorer:FrostMissile"],"picked":"RobotSpaceExplorer:FreezingShield","floor":14},{"not_picked":["RobotSpaceExplorer:HighVoltage","RobotSpaceExplorer:DroneSwarm"],"picked":"RobotSpaceExplorer:ChargingLaser","floor":16},{"not_picked":["RobotSpaceExplorer:SlimeMissile+1","RobotSpaceExplorer:FrostMissile+1"],"picked":"RobotSpaceExplorer:ImprovisedAttack+1","floor":18},{"not_picked":["RobotSpaceExplorer:ShovelStrike","RobotSpaceExplorer:SwiftStep"],"picked":"RobotSpaceExplorer:Fix+1","floor":19},{"not_picked":["RobotSpaceExplorer:Counterblock","RobotSpaceExplorer:Calculate"],"picked":"RobotSpaceExplorer:MetalStrike","floor":22},{"not_picked":["RobotSpaceExplorer:ImprovisedAttack","RobotSpaceExplorer:SlimeMissile"],"picked":"RobotSpaceExplorer:FreezingShield+1","floor":24},{"not_picked":["RobotSpaceExplorer:Scanner","RobotSpaceExplorer:IronShell"],"picked":"RobotSpaceExplorer:LaserBurst","floor":28},{"not_picked":["RobotSpaceExplorer:MetalStrike+1","RobotSpaceExplorer:Pulsar"],"picked":"RobotSpaceExplorer:SurgingShield","floor":29},{"not_picked":["RobotSpaceExplorer:Electropulse","RobotSpaceExplorer:ShockKick"],"picked":"RobotSpaceExplorer:FrostMissile","floor":30},{"not_picked":["RobotSpaceExplorer:ScrapMissile","RobotSpaceExplorer:Calculate"],"picked":"RobotSpaceExplorer:Blitz","floor":31}],"player_experience":40914,"relics_obtained":[{"floor":1,"key":"LetterFromLob"},{"floor":6,"key":"Bromod:ArcaneDeflection"},{"floor":8,"key":"Blue Doll"},{"floor":9,"key":"HollowMod:PaleOreRelic"},{"floor":10,"key":"infinitespire:Satchel"},{"floor":24,"key":"Counterbalance"},{"floor":26,"key":"Dota2Spire:HandOfMidas"}],"event_choices":[{"damage_healed":0,"gold_gain":0,"player_choice":"Gave Potion","damage_taken":0,"relics_obtained":["Peace Pipe"],"max_hp_gain":0,"max_hp_loss":0,"event_name":"WeMeetAgain","floor":11,"gold_loss":0},{"damage_healed":0,"gold_gain":0,"player_choice":"Inject Mutagens","damage_taken":0,"relics_obtained":["MutagenicStrength"],"max_hp_gain":0,"max_hp_loss":0,"event_name":"Drug Dealer","floor":20,"gold_loss":0},{"damage_healed":0,"gold_gain":0,"player_choice":"Leave","damage_taken":0,"max_hp_gain":0,"max_hp_loss":0,"event_name":"conspire:Investor","floor":21,"gold_loss":0},{"damage_healed":0,"gold_gain":0,"player_choice":"Ignored","damage_taken":0,"max_hp_gain":0,"max_hp_loss":0,"event_name":"NoteForYourself","floor":25,"gold_loss":0}],"is_beta":false,"boss_relics":[{"not_picked":["Bromod:ArcaneGrace","hubris:VirtuousBlindfold"],"picked":"conspire:SpecialSausage"}],"items_purged_floors":[],"is_endless":false,"potions_floor_spawned":[5,6,8,14,19,22,28,30,31],"killed_by":"hubris:MusketHawk","ascension_level":0}}