{"host":"h1r1piu2tr2sbwkd","time":1611403701,"event":{"mods":["2.2 Compatiblity","AchievementEnabler","BaseMod","Colored Map","Colored Powertips","Energized Spire","GifTheSpireLib","Hermit","Marisa????????","Minty Spire (QoL Compilation)","Quick Restart","Rare Cards Sparkle","Relic Stats","StSLib","The Cursed","The Disciple","The Hierophant","The Marked","The Runesmith","The Servant 0.9.4"],"gold_per_floor":[119,134,134,134,146,146,146,146,146,146,166,179,212,222,222,317,317,331,96,11,27,102,102,122,122,167,167,181,199,212,212,212],"floor_reached":31,"language":"ENG","playtime":1458,"items_purged":[],"score":239,"play_id":"7b211f17-1452-4466-95aa-a693c6b26905","local_time":"20210123060821","is_ascension_mode":false,"campfire_choices":[{"floor":6,"key":"RECALL"},{"data":"hermit:HighCaliber","floor":8,"key":"SMITH"},{"data":"hermit:Adapt","floor":10,"key":"SMITH"},{"floor":15,"key":"REST"},{"floor":23,"key":"REST"},{"data":"hermit:TakeAim","floor":25,"key":"SMITH"},{"data":"hermit:Dive","floor":27,"key":"SMITH"}],"circlet_count":0,"master_deck":["hermit:Strike_Hermit+1","hermit:Strike_Hermit","hermit:Strike_Hermit","hermit:Defend_Hermit","hermit:Defend_Hermit+1","hermit:Defend_Hermit","hermit:Snapshot","hermit:Adapt+1","hermit:Dissolve","hermit:Desperado","hermit:CursedWeapon","hermit:HighCaliber+1","hermit:Spite","hermit:Quickdraw","hermit:Dive+1","hermit:Grudge","hermit:EternalForm","hermit:TakeAim+1","hermit:Ricochet","hermit:Malice+1","hermit:DeadMansHand","hermit:Desperado+1","hermit:Malice+1","hermit:FlashPowder","hermit:Snipe"],"relics":["hermit:Momento","Blood Vial","Dream Catcher","energizedSpire:SpiderWeb","Oddly Smooth Stone","Lantern","Happy Flower"],"acts_visited":["Exordium","TheCity"],"potions_floor_usage":[12,13,14,14,21,21,30,31],"damage_taken":[{"damage":6,"enemies":"Jaw Worm","floor":1,"turns":6},{"damage":1,"enemies":"2 Louse","floor":2,"turns":2},{"damage":0,"enemies":"Small Slimes","floor":5,"turns":2},{"damage":5,"enemies":"Red Slaver","floor":11,"turns":3},{"damage":9,"enemies":"Gremlin Gang","floor":12,"turns":2},{"damage":20,"enemies":"Lagavulin","floor":13,"turns":5},{"damage":2,"enemies":"Exordium Thugs","floor":14,"turns":4},{"damage":25,"enemies":"Slime Boss","floor":16,"turns":13},{"damage":5,"enemies":"Chosen","floor":18,"turns":6},{"damage":36,"enemies":"2 Thieves","floor":21,"turns":5},{"damage":0,"enemies":"Snake Plant","floor":24,"turns":6},{"damage":22,"enemies":"Centurion and Healer","floor":28,"turns":5},{"damage":18,"enemies":"Cultist and Chosen","floor":29,"turns":5},{"damage":30,"enemies":"Snake Plant","floor":30,"turns":6},{"damage":0,"enemies":"Centurion and Healer","floor":31,"turns":2}],"seed_played":"-5433106209710908424","potions_obtained":[{"floor":5,"key":"Explosive Potion"},{"floor":11,"key":"BlessingOfTheForge"},{"floor":12,"key":"SpeedPotion"},{"floor":13,"key":"SneckoOil"},{"floor":16,"key":"Swift Potion"},{"floor":18,"key":"SteroidPotion"},{"floor":21,"key":"FairyPotion"},{"floor":29,"key":"AttackPotion"},{"floor":30,"key":"Swift Potion"}],"is_trial":false,"path_per_floor":["M","M","?","?","M","R","?","R","T","R","M","M","E","M","R","B",null,"M","$","?","M","?","R","M","R","T","R","M","M","M","M"],"character_chosen":"HERMIT","items_purchased":["hermit:TakeAim","Oddly Smooth Stone","hermit:Ricochet"],"campfire_rested":2,"item_purchase_floors":[19,19,19],"current_hp_per_floor":[62,61,54,40,42,42,35,35,35,35,32,25,7,7,27,4,68,63,63,63,29,23,43,45,45,45,45,25,9,4,6,6],"gold":212,"neow_bonus":"TRANSFORM_TWO_CARDS","is_daily":false,"chose_seed":false,"campfire_upgraded":4,"win_rate":0.0,"timestamp":1611403701,"path_taken":["M","M","?","?","M","R","?","R","T","R","?","M","E","M","R","BOSS","M","$","?","M","?","R","?","R","T","R","M","M","M","M"],"items_purchased_type":["Card","Relic","Card"],"build_version":"2020-12-22","purchased_purges":0,"victory":false,"max_hp_per_floor":[68,68,68,68,68,68,68,68,68,68,68,68,68,68,68,68,68,68,68,68,68,68,68,68,68,68,68,68,68,68,68,68],"relic_stats":{"Blood Vial":24,"Dream Catcher":2,"Happy Flower":[6],"counters":[15,72],"obtain_stats":[{"Blood Vial":3,"Dream Catcher":13,"Lantern":20,"Happy Flower":26,"Oddly Smooth Stone":19,"energizedSpire:SpiderWeb":17,"hermit:Momento":0},{"Blood Vial":2,"Dream Catcher":6,"Lantern":9,"Happy Flower":11,"Oddly Smooth Stone":9,"energizedSpire:SpiderWeb":8,"hermit:Momento":0},{"Blood Vial":8,"Dream Catcher":20,"Lantern":43,"Happy Flower":54,"Oddly Smooth Stone":43,"energizedSpire:SpiderWeb":37,"hermit:Momento":0}]},"card_choices":[{"not_picked":["hermit:Roulette","hermit:FlashPowder"],"picked":"hermit:Desperado","floor":1},{"not_picked":["hermit:TakeCover","hermit:HoleUp"],"picked":"hermit:CursedWeapon","floor":2},{"not_picked":["hermit:Headshot","hermit:FullyLoaded"],"picked":"hermit:HighCaliber","floor":5},{"not_picked":["hermit:CalledShot","hermit:BodyArmor"],"picked":"hermit:Spite","floor":11},{"not_picked":["hermit:Manifest","hermit:Determination"],"picked":"hermit:Quickdraw","floor":12},{"not_picked":["hermit:TrackingShot","hermit:HighCaliber"],"picked":"hermit:Dive","floor":13},{"not_picked":["hermit:TrackingShot","hermit:Manifest"],"picked":"hermit:Grudge","floor":14},{"not_picked":["hermit:OverwhelmingPower","hermit:Roughhouse"],"picked":"hermit:EternalForm","floor":16},{"not_picked":["hermit:LowProfile","hermit:Desperado","hermit:HighCaliber"],"picked":"SKIP","floor":18},{"not_picked":["hermit:Cheat","hermit:Determination"],"picked":"hermit:Malice+1","floor":21},{"not_picked":["hermit:EyeOfTheStorm","hermit:ItchyTrigger"],"picked":"hermit:DeadMansHand","floor":23},{"not_picked":["hermit:ItchyTrigger","hermit:LowProfile"],"picked":"hermit:Desperado+1","floor":24},{"not_picked":["hermit:WideOpen","hermit:Horror"],"picked":"hermit:Malice+1","floor":28},{"not_picked":["hermit:Enervate","hermit:Dive"],"picked":"hermit:FlashPowder","floor":29},{"not_picked":["hermit:BodyArmor","hermit:Feint"],"picked":"hermit:Snipe","floor":30}],"player_experience":195583,"relics_obtained":[{"floor":13,"key":"Dream Catcher"},{"floor":26,"key":"Happy Flower"}],"event_choices":[{"damage_healed":0,"gold_gain":0,"player_choice":"Success","damage_taken":7,"relics_obtained":["Blood Vial"],"max_hp_gain":0,"max_hp_loss":0,"event_name":"Scrap Ooze","floor":3,"gold_loss":0},{"damage_healed":0,"gold_gain":0,"player_choice":"Entered Light","damage_taken":14,"max_hp_gain":0,"max_hp_loss":0,"event_name":"Shining Light","floor":4,"gold_loss":0,"cards_upgraded":["hermit:Strike_Hermit","hermit:Defend_Hermit"]},{"cards_removed":["hermit:Defend_Hermit"],"damage_healed":0,"gold_gain":0,"player_choice":"Card Removal","damage_taken":7,"max_hp_gain":0,"max_hp_loss":0,"event_name":"Golden Wing","floor":7,"gold_loss":0},{"damage_healed":0,"gold_gain":0,"player_choice":"Obtained Relic","damage_taken":0,"relics_obtained":["Lantern"],"max_hp_gain":0,"max_hp_loss":0,"event_name":"Addict","floor":20,"gold_loss":85},{"damage_healed":0,"gold_gain":75,"player_choice":"Touch","damage_taken":6,"max_hp_gain":0,"max_hp_loss":0,"event_name":"FaceTrader","floor":22,"gold_loss":0}],"is_beta":false,"boss_relics":[{"not_picked":["energizedSpire:CursedPentagram","energizedSpire:EnergizedDie"],"picked":"energizedSpire:SpiderWeb"}],"items_purged_floors":[],"is_endless":false,"potions_floor_spawned":[5,11,12,13,16,18,21,29,30],"killed_by":"Centurion and Healer","ascension_level":0}}