{"host":"ry21fnlne667yo65","time":1611411527,"event":{"mods":["BaseMod","Downfall","Lobotomy","Marisa£®ÏF”Í°°ƒß¿Ì…≥£©","Minty Spire (QoL Compilation)","Shop Mod","StSLib","[IsaacMod]“‘»ˆº‚À˛"],"gold_per_floor":[99,116,116,33,133,146,146,161,177,177,209,209,228,91,102,203,203,203,219,231,231,231,244,271,466,483,498,498,516,516,533,552,653,653,653,670,721,736,755,755,755,755,262,282,294,304,354,371,386,386],"floor_reached":51,"language":"ZHS","playtime":3117,"items_purged":["bronze:Defend","bronze:Strike","bronze:Defend"],"score":784,"play_id":"21b5c0e7-0e6f-48b0-8a3d-906e0dd0eb7c","local_time":"20210123221847","is_ascension_mode":false,"campfire_choices":[{"data":"bronze:Goto","floor":1,"key":"SMITH"},{"data":"bronze:Return","floor":10,"key":"SMITH"},{"data":"bronze:Mutator","floor":18,"key":"SMITH"},{"data":"bronze:Boost","floor":28,"key":"SMITH"},{"data":"bronze:Shell","floor":30,"key":"SMITH"},{"floor":35,"key":"RECALL"}],"circlet_count":0,"master_deck":["bronze:Strike","bronze:Defend+1","bronze:Defend+1","bronze:Replicate","bronze:Goto+1","bronze:BronzeOrb","bronze:DelayedSlice","bronze:DelayedGuard","bronze:BronzeOrb","bronze:GetLatest","bronze:Return+1","bronze:Mutator+1","bronze:Spike","bronze:Boost+1","bronze:OilSpill","bronze:Shield","bronze:ChosenStrike","bronze:Format","bronze:Optimize","bronze:Repair","bronze:Shell+1","bronze:Iterate+1","bronze:GetLatest+1","bronze:BitShift+1","bronze:BronzeOrb+1","Parasite"],"relics":["bronze:BronzeCore","HushsDoor","YumHeart","Bottled Lightning","Lizard Tail","Sozu","downfall:KnowingSkull","TheBean","Fusion Hammer","GuppysHead","CatCart","Molten Egg 2","MealTicket","BFFS","War Paint","Leech"],"acts_visited":["Exordium","TheCity","TheBeyond"],"potions_floor_usage":[23,26,27],"damage_taken":[{"damage":11,"enemies":"Jaw Worm","floor":2,"turns":4},{"damage":0,"enemies":"downfall:FleeingMerchant","floor":4,"turns":4},{"damage":0,"enemies":"downfall:Heads","floor":5,"turns":1},{"damage":0,"enemies":"Small Slimes","floor":6,"turns":3},{"damage":0,"enemies":"Cultist","floor":8,"turns":3},{"damage":0,"enemies":"Blue Slaver","floor":9,"turns":2},{"damage":0,"enemies":"3 Sentries","floor":11,"turns":2},{"damage":19,"enemies":"3 Sentries","floor":12,"turns":4},{"damage":0,"enemies":"2 Fungi Beasts","floor":13,"turns":3},{"damage":5,"enemies":"downfall:FleeingMerchant","floor":14,"turns":4},{"damage":0,"enemies":"Blue Slaver","floor":15,"turns":2},{"damage":21,"enemies":"WA_ARCHETYPE_RETAIN","floor":16,"turns":6},{"damage":0,"enemies":"Shell Parasite","floor":19,"turns":4},{"damage":5,"enemies":"Snake Plant","floor":20,"turns":4},{"damage":1,"enemies":"Snecko","floor":23,"turns":4},{"damage":1,"enemies":"downfall:FleeingMerchant","floor":25,"turns":3},{"damage":2,"enemies":"Shelled Parasite and Fungi","floor":26,"turns":2},{"damage":18,"enemies":"Cultist and Chosen","floor":27,"turns":7},{"damage":9,"enemies":"Centurion and Healer","floor":29,"turns":5},{"damage":16,"enemies":"Shelled Parasite and Fungi","floor":31,"turns":3},{"damage":4,"enemies":"Snake Plant","floor":32,"turns":3},{"damage":30,"enemies":"IC_MUSHROOM_ARCHETYPE","floor":33,"turns":6},{"damage":16,"enemies":"3 Darklings","floor":36,"turns":3},{"damage":39,"enemies":"Orin","floor":37,"turns":8},{"damage":1,"enemies":"3 Shapes","floor":38,"turns":3},{"damage":1,"enemies":"Sphere and 2 Shapes","floor":39,"turns":3},{"damage":1,"enemies":"Writhing Mass","floor":44,"turns":4},{"damage":0,"enemies":"Transient","floor":45,"turns":5},{"damage":0,"enemies":"Spire Growth","floor":46,"turns":3},{"damage":1,"enemies":"Spire Growth","floor":47,"turns":3},{"damage":0,"enemies":"Sphere and 2 Shapes","floor":48,"turns":3},{"damage":1,"enemies":"Jaw Worm Horde","floor":49,"turns":2},{"damage":7,"enemies":"SI_POISON_ARCHETYPE","floor":50,"turns":8}],"seed_played":"-2404442515474974993","potions_obtained":[{"floor":5,"key":"Weak Potion"},{"floor":8,"key":"SkillPotion"},{"floor":9,"key":"Fire Potion"},{"floor":11,"key":"Block Potion"}],"is_trial":false,"path_per_floor":["R","M","?","$","?","M","T","M","M","R","E","?","M","$","M","B",null,"R","M","M","?","?","M","T","$","M","M","R","M","R","M","M","B",null,"R","M","?","M","M","?","T","?","$","M","M","M","?","M","M","B",null],"character_chosen":"THE_AUTOMATON","items_purchased":["bronze:BronzeOrb","bronze:Shield","bronze:Shell","GuppysHead","bronze:BronzeOrb+1","BFFS","War Paint"],"campfire_rested":0,"item_purchase_floors":[4,14,25,34,43,43,43],"current_hp_per_floor":[77,66,71,71,71,71,71,71,71,71,71,52,52,47,72,49,70,70,70,65,58,70,69,69,74,72,53,69,69,69,54,50,27,56,56,40,11,42,48,60,60,45,60,59,60,60,60,60,60,56],"gold":386,"neow_bonus":"TEN_PERCENT_HP_BONUS","is_daily":false,"chose_seed":false,"campfire_upgraded":5,"win_rate":0.0,"timestamp":1611411527,"path_taken":["R","M","?","?","?","M","T","M","M","R","E","?","?","$","M","BOSS","R","M","?","?","?","M","T","$","M","?","R","M","R","M","M","BOSS","R","M","?","?","M","?","T","?","$","M","?","M","?","?","M","BOSS"],"items_purchased_type":["Card","Card","Card","Relic","Card","Relic","Relic"],"build_version":"2020-12-22","purchased_purges":3,"victory":true,"max_hp_per_floor":[77,77,82,79,76,76,76,76,76,76,76,76,76,73,73,70,70,70,70,70,70,75,75,75,75,72,69,69,69,69,69,69,66,56,56,53,50,50,50,60,60,60,60,60,60,60,60,60,60,60],"card_choices":[{"not_picked":[],"picked":"BloodyBrimstone","floor":0},{"not_picked":["bronze:OilSpill","bronze:Iterate"],"picked":"Bomb","floor":2},{"not_picked":["bronze:Allocate","bronze:Iterate"],"picked":"Bomb","floor":4},{"not_picked":["bronze:WildBeam","bronze:FollowUp"],"picked":"bronze:DelayedGuard","floor":5},{"not_picked":["bronze:BuggyMess","bronze:NullPointer"],"picked":"bronze:BronzeOrb","floor":6},{"not_picked":["bronze:CutThrough","bronze:NullPointer"],"picked":"bronze:GetLatest","floor":8},{"not_picked":["bronze:GetLatest","bronze:Philosophize"],"picked":"bronze:Return","floor":9},{"not_picked":["bronze:DarkDash","bronze:BuggyMess"],"picked":"bronze:Mutator","floor":11},{"not_picked":[],"picked":"bronze:Spike","floor":12},{"not_picked":["bronze:WhirlingStrike","bronze:FineTuning"],"picked":"bronze:Boost","floor":12},{"not_picked":["bronze:Deprecate","bronze:ItsAFeature"],"picked":"bronze:OilSpill","floor":13},{"not_picked":["bronze:Repulsor","bronze:BugBarrage","bronze:DelayedSlice"],"picked":"SKIP","floor":14},{"not_picked":["bronze:BuggyMess","bronze:WildBeam"],"picked":"bronze:ChosenStrike","floor":15},{"not_picked":["bronze:FindAndReplace","bronze:ThunderWave"],"picked":"bronze:Format","floor":16},{"not_picked":["bronze:Frontload+1","bronze:Allocate"],"picked":"bronze:Optimize","floor":19},{"not_picked":["bronze:BugBarrage","bronze:ForLoop","bronze:ItsAFeature+1"],"picked":"SKIP","floor":20},{"not_picked":["bronze:Deprecate+1","bronze:Allocate"],"picked":"bronze:Repair","floor":23},{"not_picked":["bronze:BuggyMess","bronze:FineTuning","bronze:CutThrough"],"picked":"SKIP","floor":25},{"not_picked":["bronze:Overheat","bronze:Safeguard","bronze:ThunderWave"],"picked":"SKIP","floor":26},{"not_picked":["bronze:FollowUp+1","bronze:CutThrough"],"picked":"bronze:Iterate+1","floor":27},{"not_picked":["bronze:Turbo","bronze:OilSpill","bronze:WildBeam"],"picked":"SKIP","floor":29},{"not_picked":["bronze:Repair","bronze:Iterate","bronze:WhirlingStrike"],"picked":"SKIP","floor":31},{"not_picked":["bronze:BugBarrage","bronze:MaxOutput+1"],"picked":"bronze:GetLatest+1","floor":32},{"not_picked":["bronze:BuggyMess","bronze:WildBeam+1","bronze:Overheat"],"picked":"SKIP","floor":36},{"not_picked":["bronze:Turbo+1","bronze:Frontload+1"],"picked":"bronze:BitShift+1","floor":37},{"not_picked":["bronze:BuggyMess","bronze:Turbo","bronze:Overheat"],"picked":"SKIP","floor":38},{"not_picked":["bronze:BronzeArmor","bronze:CloningBeam","bronze:DelayedSlice+1"],"picked":"SKIP","floor":39},{"not_picked":["bronze:Return","bronze:Shell","bronze:Overheat+1"],"picked":"SKIP","floor":44},{"not_picked":["bronze:FineTuning","bronze:ForLoop","bronze:Optimize+1"],"picked":"SKIP","floor":45},{"not_picked":["bronze:Shield+1","bronze:Return+1","bronze:Frontload+1"],"picked":"SKIP","floor":46},{"not_picked":["bronze:Branch+1","bronze:BuggyMess+1","bronze:Optimize"],"picked":"SKIP","floor":48},{"not_picked":["bronze:OilSpill+1","bronze:FineTuning","bronze:Philosophize"],"picked":"SKIP","floor":49}],"player_experience":750650,"relics_obtained":[{"floor":7,"key":"Bottled Lightning"},{"floor":11,"key":"Lizard Tail"},{"floor":24,"key":"TheBean"},{"floor":37,"key":"CatCart"},{"floor":41,"key":"Molten Egg 2"},{"floor":47,"key":"Leech"}],"event_choices":[{"damage_healed":0,"gold_gain":0,"player_choice":"Donut","damage_taken":0,"max_hp_gain":5,"max_hp_loss":0,"event_name":"Big Fish","floor":3,"gold_loss":0},{"damage_healed":0,"gold_gain":0,"player_choice":"Fight","damage_taken":0,"max_hp_gain":0,"max_hp_loss":0,"event_name":"OrinTheCat","floor":37,"gold_loss":0}],"is_beta":false,"boss_relics":[{"not_picked":["Velvet Choker","SlaversCollar"],"picked":"Sozu"},{"not_picked":[]},{"not_picked":["Runic Pyramid","sneckomod:SneckoTalon"],"picked":"Fusion Hammer"},{"not_picked":[]}],"items_purged_floors":[14,25,43],"is_endless":false,"potions_floor_spawned":[5,8,9,11,15,23,26,27,32,37,38,46,49],"ascension_level":0}}