{"host":"zomwe5n2owcqokh9","time":1611437499,"event":{"mods":["2.2 Compatiblity","Act Like it!","BaseMod","BetterRewards","Colored Map","Colored Powertips","Highlight Path","Hubris","Minty Spire (QoL Compilation)","Quick Restart","Rare Cards Sparkle","Replay The Spire","Shop Mod","StSLib","SuperFastMode"],"gold_per_floor":[119,119,136,136,155,155,175,186,209,234,43,43,62,2,2,2,2],"floor_reached":16,"language":"ENG","playtime":472,"items_purged":["Strike_B"],"score":102,"play_id":"3e47882a-3aee-419c-b006-422e5e3f960c","local_time":"20210123153139","is_ascension_mode":false,"campfire_choices":[{"data":"ReplayTheSpireMod:Calculation Training","floor":6,"key":"SMITH"},{"data":"Redo","floor":12,"key":"SMITH"},{"data":"Redo","floor":15,"key":"SMITH"}],"circlet_count":0,"master_deck":["Strike_B","Strike_B","Defend_B","Defend_B","Defend_B","Defend_B","Zap","Dualcast","Conserve Battery","Time Bomb","Zap","ReplayTheSpireMod:Calculation Training+1","ReplayTheSpireMod:Private Reserves","Redo+1","Sweeping Beam","FTL","Redo+1","Heatsinks","BasicCrystalCard","Compile Driver","Turbo","Self Repair+1"],"relics":["Cracked Core","NeowsBlessing","Smiling Mask","hubris:BallOfYels","BargainBundle"],"acts_visited":["Exordium"],"potions_floor_usage":[16,16],"damage_taken":[{"damage":0,"enemies":"Small Slimes","floor":1,"turns":1},{"damage":0,"enemies":"Cultist","floor":3,"turns":1},{"damage":0,"enemies":"Jaw Worm","floor":5,"turns":1},{"damage":17,"enemies":"Gremlin Gang","floor":7,"turns":4},{"damage":6,"enemies":"Red Slaver","floor":8,"turns":3},{"damage":19,"enemies":"Lagavulin","floor":10,"turns":4},{"damage":5,"enemies":"Looter","floor":13,"turns":3},{"damage":28,"enemies":"Fading Forest","floor":16,"turns":7}],"seed_played":"-1330484545135098401","potions_obtained":[{"floor":1,"key":"Weak Potion"},{"floor":7,"key":"Energy Potion"},{"floor":10,"key":"LiquidMemories"}],"is_trial":false,"path_per_floor":["M","?","M","?","M","R","M","M","T","E","$","R","M","$","R","B"],"character_chosen":"DEFECT","items_purchased":["BargainBundle","Heatsinks","BasicCrystalCard","Compile Driver","Self Repair+1"],"campfire_rested":0,"item_purchase_floors":[11,11,11,11,14],"current_hp_per_floor":[75,75,75,75,75,75,58,52,52,33,33,33,28,28,28,0,0],"gold":2,"neow_bonus":"THREE_ENEMY_KILL","is_daily":false,"chose_seed":false,"campfire_upgraded":3,"win_rate":0.0,"timestamp":1611437499,"path_taken":["M","?","?","?","M","R","M","M","T","E","$","R","?","?","R","BOSS"],"items_purchased_type":["Relic","Card","Card","Card","Card"],"build_version":"2020-12-22","purchased_purges":1,"victory":false,"max_hp_per_floor":[75,75,75,75,75,75,75,75,75,75,75,75,75,75,75,75,75],"card_choices":[{"not_picked":["Lockon","Gash"],"picked":"Conserve Battery","floor":1},{"not_picked":["Redo","Turbo"],"picked":"Time Bomb","floor":3},{"not_picked":["Genetic Algorithm","Hologram"],"picked":"Redo","floor":5},{"not_picked":["Hologram","Streamline"],"picked":"Sweeping Beam","floor":7},{"not_picked":["Redo","Beam Cell"],"picked":"FTL","floor":8},{"not_picked":["Lockon","Cold Snap"],"picked":"Redo","floor":10},{"not_picked":["Reinforced Body","Rebound"],"picked":"Turbo","floor":13}],"player_experience":56126,"relics_obtained":[{"floor":9,"key":"Smiling Mask"},{"floor":10,"key":"hubris:BallOfYels"}],"event_choices":[{"cards_removed":["Strike_B"],"damage_healed":0,"gold_gain":0,"player_choice":"Purged","damage_taken":0,"max_hp_gain":0,"max_hp_loss":0,"event_name":"Purifier","floor":2,"gold_loss":0},{"damage_healed":0,"gold_gain":0,"player_choice":"3 cards matched","damage_taken":0,"max_hp_gain":0,"max_hp_loss":0,"event_name":"Match and Keep!","floor":4,"gold_loss":0,"cards_obtained":["Zap","ReplayTheSpireMod:Calculation Training","ReplayTheSpireMod:Private Reserves"]}],"is_beta":false,"boss_relics":[],"items_purged_floors":[11],"is_endless":false,"potions_floor_spawned":[1,7,10,13],"killed_by":"Fading Forest","ascension_level":0}}