{"host":"f0gpob8hq9vgebej","time":1611398864,"event":{"mods":["AchievementEnabler","BaseMod","Minty Spire (QoL Compilation)","Quick Restart","SuperFastMode"],"gold_per_floor":[19,32,47,59,134,134,84,84,110,143,158,158,175,185,185,185,185],"floor_reached":16,"language":"KOR","playtime":289,"items_purged":[],"score":161,"play_id":"f1ed535b-cf56-41b9-adbc-1b7bb7e7d6e1","local_time":"20210123194744","is_ascension_mode":true,"campfire_choices":[{"data":"Calculated Gamble","floor":6,"key":"SMITH"},{"data":"Deadly Poison","floor":8,"key":"SMITH"},{"data":"Footwork","floor":12,"key":"SMITH"},{"data":"Deadly Poison","floor":15,"key":"SMITH"}],"circlet_count":0,"master_deck":["AscendersBane","Strike_G","Strike_G","Strike_G","Strike_G","Defend_G","Defend_G","Defend_G","Defend_G","Defend_G","Survivor","Neutralize","Die Die Die","Deadly Poison+1","Prepared","Well Laid Plans","Calculated Gamble+1","Acrobatics","Footwork+1","Deadly Poison+1","Crippling Poison"],"relics":["Ring of the Snake","Dream Catcher","Akabeko"],"acts_visited":["Exordium"],"potions_floor_usage":[16,16],"damage_taken":[{"damage":0,"enemies":"2 Louse","floor":1,"turns":2},{"damage":0,"enemies":"Jaw Worm","floor":2,"turns":4},{"damage":0,"enemies":"Cultist","floor":3,"turns":4},{"damage":6,"enemies":"Looter","floor":4,"turns":3},{"damage":27,"enemies":"Gremlin Nob","floor":10,"turns":4},{"damage":0,"enemies":"2 Fungi Beasts","floor":11,"turns":2},{"damage":2,"enemies":"Blue Slaver","floor":13,"turns":3},{"damage":0,"enemies":"3 Louse","floor":14,"turns":2},{"damage":18,"enemies":"The Guardian","floor":16,"turns":8}],"seed_played":"-9081968666666398040","potions_obtained":[{"floor":3,"key":"Strength Potion"},{"floor":10,"key":"CultistPotion"}],"is_trial":false,"path_per_floor":["M","M","M","M","?","R","?","R","T","E","M","R","M","M","R","B"],"character_chosen":"THE_SILENT","items_purchased":[],"campfire_rested":0,"item_purchase_floors":[],"current_hp_per_floor":[63,63,63,57,46,46,46,46,46,19,19,19,17,17,17,0,0],"gold":185,"neow_bonus":"THREE_RARE_CARDS","is_daily":false,"chose_seed":false,"campfire_upgraded":4,"win_rate":0.0,"timestamp":1611398864,"path_taken":["M","M","M","M","?","R","?","R","T","E","M","R","?","M","R","BOSS"],"items_purchased_type":[],"build_version":"2020-12-22","purchased_purges":0,"victory":false,"max_hp_per_floor":[70,70,70,70,70,70,70,70,70,70,70,70,70,70,70,70,70],"card_choices":[{"not_picked":["Wraith Form v2","A Thousand Cuts"],"picked":"Die Die Die","floor":0},{"not_picked":["Prepared","Bouncing Flask"],"picked":"Deadly Poison","floor":1},{"not_picked":["Heel Hook","Dagger Throw"],"picked":"Prepared","floor":2},{"not_picked":["Setup","Dagger Spray"],"picked":"Well Laid Plans","floor":3},{"not_picked":["Concentrate","Quick Slash"],"picked":"Calculated Gamble","floor":4},{"not_picked":["Leg Sweep","Eviscerate"],"picked":"Acrobatics","floor":10},{"not_picked":["Night Terror","Terror"],"picked":"Footwork","floor":11},{"not_picked":["Dagger Spray","Expertise"],"picked":"Deadly Poison","floor":13},{"not_picked":["Underhanded Strike","Escape Plan"],"picked":"Crippling Poison","floor":14}],"player_experience":236421,"relics_obtained":[{"floor":9,"key":"Dream Catcher"},{"floor":10,"key":"Akabeko"}],"event_choices":[{"damage_healed":0,"gold_gain":75,"player_choice":"Gather Gold","damage_taken":11,"max_hp_gain":0,"max_hp_loss":0,"event_name":"World of Goop","floor":5,"gold_loss":0},{"cards_removed":["Strike_G"],"damage_healed":0,"gold_gain":0,"player_choice":"Card Removal","damage_taken":0,"max_hp_gain":0,"max_hp_loss":0,"event_name":"The Cleric","floor":7,"gold_loss":50}],"is_beta":false,"boss_relics":[],"items_purged_floors":[],"is_endless":false,"potions_floor_spawned":[3,10,13],"killed_by":"The Guardian","ascension_level":11}}