{"host":"tm3ghj8mno6gwywm","time":1611422330,"event":{"mods":["2.2 Compatiblity","AchievementEnabler","Bard","BaseMod","Beaked The Cultist","Better Third Choice","Colored Map","Colored Powertips","Conspire","Downfall","Glutton Mod","GungeonMod","Halation","Hermit","Hubris","Infinite Spire","Jorbs\u0027s Wanderer Trilogy","Mad Scientist","Marisa????????","Marked Mod","Mimic Mod","Minty Spire (QoL Compilation)","Potionbrewer","Quick Restart","Replay The Spire","Shade Mod","Shop Mod","Somnambulant","Spicy Shops","StSLib","SuperFastMode","The Bug Knight","The Construct","The Cursed","The Disciple","The Hierophant","The IronCluck","The Judge","The Jungle","The Necromancer","The Runesmith","The Servant 0.9.4","egg"],"gold_per_floor":[110,122,56,56,56,70,86,35,113,113,138,151,477,493,493,597,597,614,646,664,682,694,719,513,533,558,590,56,68,68,86,86,188,188,203,203,43,57,67,67,80,80,105,105,105,138,138,138,138,138,138,138,102,132,132],"floor_reached":56,"language":"ENG","playtime":1596,"items_purged":[],"score":1329,"play_id":"b76e5af0-ec5f-49fc-9e5e-ce7859406886","local_time":"20210123121850","is_ascension_mode":false,"campfire_choices":[{"floor":15,"key":"RECALL"},{"floor":40,"key":"REST"},{"floor":42,"key":"REST"},{"data":"Dualcast","floor":44,"key":"SMITH"},{"floor":49,"key":"REST"}],"circlet_count":0,"master_deck":["Zap","Dualcast+1","Amplify+1","Self Repair+1","BasicCrystalCard+1","Mayhem+1","Capacitor+1","Turbo+1","Steam+1","BasicCrystalCard+1","Self Repair+1","Conserve Battery+1","Storm+1","Crystallizer+1","Seek+1","CurseOfTheBell","BasicCrystalCard+1","Conserve Battery+1","Force Field+1","Conserve Battery+1","Ball Lightning+1","Doom and Gloom+1","Heatsinks+1","Cold Snap+1","Seek+1","Glacier+1","ReplayUltimateDefense+1","Mayhem+1","Conserve Battery+1","Fusion+1","Electrodynamics+1","Leap+1","Fission+1","Crystallizer+1","FIFO Queue+1","Fission+1","Heatsinks+1","Madness+1","Madness+1","Blizzard+1","Hello World+1","Coolheaded+1","Redo+1","Creative AI+1","Conserve Battery+1","Compile Driver+1","infinitespire:Execution+1","Seek+1","Beam Cell+1"],"relics":["Cracked Core","Membership Card","Quantum Egg","Frozen Egg 2","Toxic Egg 2","Molten Egg 2","Black Star","Mummified Hand","Lizard Tail","WingedGreaves","Old Coin","Replay:Antivirus Software","Du-Vu Doll","Replay:Bottled Eggs","Old Coin","White Beast Statue","Calling Bell","halation:PromiseList","hexamod:CandleOfCauterizing","hexamod:Sixitude","infinitespire:Satchel","ReplayTheSpireMod:TigerMarble","infinitespire:SolderingIron","Pear","Ancient Tea Set","halation:Trompette","DemoMod:JetPack","Raider\u0027s Mask","Frozen Egg 2","Chameleon Ring","Bronze Scales","DollysMirror","Pandora\u0027s Box","Blue Doll","halation:EternalFortune","Mercury Hourglass","potionbrewer:MortarAndPestle","Replay:Bronze Core","StrikeDummy","hubris:Towel","Cauldron","Prayer Wheel","halation:BottledLove","potionbrewer:WarMedal"],"acts_visited":["Exordium","TheCity","TheBeyond","TheEnding"],"potions_floor_usage":[16,16,31,33,50,55,55,55],"damage_taken":[{"damage":2,"enemies":"2 Louse","floor":1,"turns":2},{"damage":5,"enemies":"Small Slimes","floor":2,"turns":3},{"damage":10,"enemies":"Jaw Worm","floor":6,"turns":3},{"damage":17,"enemies":"Gremlin Gang","floor":7,"turns":4},{"damage":32,"enemies":"3 Sentries","floor":11,"turns":10},{"damage":8,"enemies":"conspire:2 RoseBushes","floor":12,"turns":4},{"damage":20,"enemies":"Lagavulin","floor":13,"turns":6},{"damage":2,"enemies":"Red Slaver","floor":14,"turns":3},{"damage":0,"enemies":"The Guardian","floor":16,"turns":5},{"damage":15,"enemies":"Shell Parasite","floor":18,"turns":3},{"damage":28,"enemies":"conspire:MimicChest","floor":19,"turns":7},{"damage":0,"enemies":"Spheric Guardian","floor":20,"turns":1},{"damage":5,"enemies":"Cultist and Chosen","floor":21,"turns":4},{"damage":6,"enemies":"Snake Plant","floor":22,"turns":3},{"damage":0,"enemies":"conspire:Head Lice","floor":23,"turns":5},{"damage":0,"enemies":"3 Cultists","floor":25,"turns":2},{"damage":32,"enemies":"Slavers","floor":27,"turns":2},{"damage":0,"enemies":"Snecko","floor":29,"turns":3},{"damage":0,"enemies":"Shelled Parasite and Fungi","floor":31,"turns":3},{"damage":0,"enemies":"Automaton","floor":33,"turns":5},{"damage":0,"enemies":"3 Darklings","floor":35,"turns":2},{"damage":9,"enemies":"3 Shapes","floor":38,"turns":2},{"damage":9,"enemies":"Writhing Mass","floor":39,"turns":3},{"damage":19,"enemies":"4 Shapes","floor":41,"turns":2},{"damage":30,"enemies":"Reptomancer","floor":46,"turns":4},{"damage":7,"enemies":"Replay:Hell Engine","floor":50,"turns":3},{"damage":36,"enemies":"Shield and Spear","floor":54,"turns":3},{"damage":52,"enemies":"The Heart","floor":55,"turns":5}],"seed_played":"-8179540573926112461","potions_obtained":[{"floor":1,"key":"SteroidPotion"},{"floor":13,"key":"potionbrewer:AcidPotion"},{"floor":16,"key":"Languid Potion"},{"floor":19,"key":"ColorlessPotion"},{"floor":23,"key":"ColorlessPotion"},{"floor":31,"key":"potionbrewer:InfectionPotion"},{"floor":32,"key":"Adrenaline Potion"},{"floor":33,"key":"potionbrewer:DiscountPotion"},{"floor":35,"key":"ColorlessPotion"},{"floor":52,"key":"Ancient Potion"},{"floor":53,"key":"EssenceOfSteel"},{"floor":54,"key":"Dexterity Potion"}],"is_trial":false,"path_per_floor":["M","M","$","?","?","M","M","$","T","?","E","M","E","M","R","B",null,"M","?","M","M","M","E","$","M","T","E","$","M","?","M","R","B",null,"M","?","$","M","M","R","M","R","T","R","?","E","AVR","?","R","B",null,"R","$","E","B",null],"character_chosen":"DEFECT","items_purchased":["Mayhem+1","Replay:Antivirus Software","Capacitor+1","PowerPotion","Heatsinks+1","Pear","Cold Snap+1","Raider\u0027s Mask","Frozen Egg 2","Chameleon Ring","ReplayUltimateDefense+1","Bronze Scales","DollysMirror","Blizzard+1","Hello World+1","Coolheaded+1","Cauldron"],"campfire_rested":3,"item_purchase_floors":[3,3,3,8,24,24,24,28,28,28,28,28,28,37,37,37,53],"current_hp_per_floor":[73,68,68,68,68,68,71,71,71,71,49,61,61,59,59,75,75,75,67,67,75,75,75,85,85,85,73,73,83,83,85,85,85,85,87,76,76,77,68,87,68,87,87,87,90,60,60,60,87,90,90,90,90,79,47],"gold":132,"neow_bonus":"ONE_RANDOM_RARE_CARD","is_daily":false,"chose_seed":false,"campfire_upgraded":1,"win_rate":0.0,"timestamp":1611422330,"path_taken":["M","M","$","?","?","M","M","$","T","?","E","M","E","M","R","BOSS","M","?","?","M","M","E","$","M","T","E","$","M","?","?","R","BOSS","M","?","$","M","M","R","M","R","T","R","?","E","AVR","?","R","BOSS","R","$","E","BOSS"],"items_purchased_type":["Card","Relic","Card","Potion","Card","Relic","Card","Relic","Relic","Relic","Card","Relic","Relic","Card","Card","Card","Relic"],"build_version":"2020-12-22","purchased_purges":0,"victory":true,"max_hp_per_floor":[75,75,75,75,75,75,75,75,75,75,75,75,75,75,75,75,75,75,75,75,75,75,75,85,85,85,85,85,85,85,85,85,85,85,87,87,87,87,87,87,87,87,87,87,90,90,90,90,90,90,90,90,90,90,90],"card_choices":[{"not_picked":["Beam Cell+1","Panic Button+1"],"picked":"Self Repair+1","floor":1},{"not_picked":["Hologram+1","Leap+1"],"picked":"BasicCrystalCard+1","floor":2},{"not_picked":["Stack+1","Ball Lightning+1"],"picked":"Turbo+1","floor":6},{"not_picked":["ReplaySort+1","Reprogram+1"],"picked":"Steam+1","floor":7},{"not_picked":["Panic Button+1","Seek+1"],"picked":"Self Repair+1","floor":11},{"not_picked":["Barrage+1","Go for the Eyes+1"],"picked":"Conserve Battery+1","floor":12},{"not_picked":["ReplayTheSpireMod:Omega Cannon+1","ReplayTheSpireMod:Calculation Training+1"],"picked":"Storm+1","floor":13},{"not_picked":["Consume+1","BasicCrystalCard+1"],"picked":"Crystallizer+1","floor":14},{"not_picked":["Biased Cognition+1","Machine Learning+1"],"picked":"Seek+1","floor":16},{"not_picked":["Conserve Battery+1","Panic Button+1"],"picked":"BasicCrystalCard+1","floor":18},{"not_picked":["Gash+1","Turbo+1"],"picked":"Conserve Battery+1","floor":19},{"not_picked":["Sunder+1","Capacitor+1"],"picked":"Force Field+1","floor":20},{"not_picked":["Turbo+1","Gash+1"],"picked":"Conserve Battery+1","floor":21},{"not_picked":["ReplaySort+1","Hologram+1"],"picked":"Ball Lightning+1","floor":22},{"not_picked":["Turbo+1","Barrage+1"],"picked":"Doom and Gloom+1","floor":23},{"not_picked":["Rip and Tear+1","Streamline+1"],"picked":"Seek+1","floor":25},{"not_picked":["Panic Button+1","Ball Lightning+1"],"picked":"Glacier+1","floor":27},{"not_picked":["Barrage+1","BasicCrystalCard+1"],"picked":"Conserve Battery+1","floor":29},{"not_picked":["Streamline+1","Leap+1"],"picked":"Fusion+1","floor":31},{"not_picked":["Rebound+1","Sweeping Beam+1","Hologram+1"],"picked":"SKIP","floor":35},{"not_picked":["Steam Power+1","Barrage+1"],"picked":"Redo+1","floor":38},{"not_picked":["Hologram+1","Glacier+1"],"picked":"Creative AI+1","floor":39},{"not_picked":["BasicCrystalCard+1","Turbo+1"],"picked":"Conserve Battery+1","floor":41},{"not_picked":["Barrage+1","Conserve Battery+1"],"picked":"Compile Driver+1","floor":46},{"not_picked":["Hologram+1","Auto Shields+1"],"picked":"Beam Cell+1","floor":54}],"player_experience":834423,"relics_obtained":[{"floor":11,"key":"Du-Vu Doll"},{"floor":11,"key":"Replay:Bottled Eggs"},{"floor":13,"key":"Old Coin"},{"floor":13,"key":"White Beast Statue"},{"floor":17,"key":"halation:PromiseList"},{"floor":17,"key":"hexamod:CandleOfCauterizing"},{"floor":17,"key":"hexamod:Sixitude"},{"floor":19,"key":"infinitespire:Satchel"},{"floor":23,"key":"ReplayTheSpireMod:TigerMarble"},{"floor":23,"key":"infinitespire:SolderingIron"},{"floor":26,"key":"Ancient Tea Set"},{"floor":27,"key":"halation:Trompette"},{"floor":27,"key":"DemoMod:JetPack"},{"floor":43,"key":"Blue Doll"},{"floor":46,"key":"Mercury Hourglass"},{"floor":46,"key":"potionbrewer:MortarAndPestle"},{"floor":54,"key":"halation:BottledLove"},{"floor":54,"key":"potionbrewer:WarMedal"}],"event_choices":[{"damage_healed":0,"gold_gain":0,"player_choice":"Disagree","damage_taken":0,"max_hp_gain":0,"max_hp_loss":0,"event_name":"conspire:LoneGhost","floor":5,"gold_loss":0},{"damage_healed":0,"gold_gain":0,"player_choice":"Ignored","damage_taken":0,"max_hp_gain":0,"max_hp_loss":0,"event_name":"Purifier","floor":30,"gold_loss":0},{"damage_healed":0,"gold_gain":0,"player_choice":"Embrace Madness","damage_taken":11,"max_hp_gain":0,"max_hp_loss":0,"event_name":"Winding Halls","floor":36,"gold_loss":0,"cards_obtained":["Madness","Madness"]}],"is_beta":false,"boss_relics":[{"not_picked":["halation:HeavySnake","ReplayTheSpireMod:DimensionalGlitch"],"picked":"Calling Bell"},{"not_picked":["hubris:GrandSneckoEye","conspire:RunicOctahedron"],"picked":"Pandora\u0027s Box"}],"items_purged_floors":[],"is_endless":false,"potions_floor_spawned":[1,13,14,16,18,19,20,21,22,23,25,27,29,31,33,35,38,39,41,46,54],"ascension_level":0}}