{"host":"sian7qp8a9pc9xwd","time":1611384306,"event":{"mods":["BaseMod","Minty Spire (QoL Compilation)","StSLib","SuperFastMode"],"gold_per_floor":[116,126,126,126,51,51,70,70,93,93,93,124,138,138,138,264,264,253,276,90,110,133,30,45,45,92,92,126,126,225,135,135,135,135],"floor_reached":33,"language":"ENG","playtime":1561,"items_purged":["Defend_R","Strike_R","Strike_R","Defend_R"],"score":406,"play_id":"dbabe525-42f7-4cad-9b49-258b79bf495a","local_time":"20210123014506","is_ascension_mode":true,"campfire_choices":[{"data":"Inflame","floor":6.0,"key":"SMITH"},{"data":"Shrug It Off","floor":8.0,"key":"SMITH"},{"data":"Bash","floor":11.0,"key":"SMITH"},{"data":"Berserk","floor":15.0,"key":"SMITH"},{"data":"Offering","floor":27.0,"key":"SMITH"},{"floor":32.0,"key":"REST"}],"circlet_count":0,"master_deck":["Strike_R","Strike_R","Strike_R","Defend_R","Defend_R","Bash+1","Reaper","Inflame+1","Shrug It Off+1","Twin Strike+1","Offering+1","Uppercut","Berserk+1","Feed","CurseOfTheBell","Metallicize+1","Exhume","Shrug It Off","Shrug It Off","Seeing Red","Rage"],"relics":["Burning Blood","Bloody Idol","Strawberry","Potion Belt","TungstenRod","Calling Bell","Smiling Mask","Blue Candle","Calipers","Juzu Bracelet","Orichalcum"],"acts_visited":["Exordium","TheCity"],"potions_floor_usage":[33],"damage_taken":[{"damage":9.0,"enemies":"2 Louse","floor":1.0,"turns":3.0},{"damage":12.0,"enemies":"Small Slimes","floor":2.0,"turns":4.0},{"damage":6.0,"enemies":"Cultist","floor":7.0,"turns":3.0},{"damage":8.0,"enemies":"Gremlin Nob","floor":12.0,"turns":3.0},{"damage":9.0,"enemies":"2 Fungi Beasts","floor":13.0,"turns":3.0},{"damage":33.0,"enemies":"Hexaghost","floor":16.0,"turns":8.0},{"damage":30.0,"enemies":"2 Thieves","floor":18.0,"turns":4.0},{"damage":5.0,"enemies":"3 Byrds","floor":19.0,"turns":6.0},{"damage":22.0,"enemies":"Centurion and Healer","floor":21.0,"turns":6.0},{"damage":34.0,"enemies":"Snake Plant","floor":22.0,"turns":5.0},{"damage":33.0,"enemies":"Shelled Parasite and Fungi","floor":24.0,"turns":7.0},{"damage":46.0,"enemies":"Slavers","floor":28.0,"turns":10.0},{"damage":81,"enemies":"Collector","floor":33,"turns":17}],"seed_played":"-76029108055149004","potions_obtained":[{"floor":1.0,"key":"Energy Potion"},{"floor":12.0,"key":"SkillPotion"},{"floor":13.0,"key":"Block Potion"},{"floor":16.0,"key":"BlessingOfTheForge"},{"floor":21.0,"key":"Ancient Potion"},{"floor":24.0,"key":"SkillPotion"},{"floor":28.0,"key":"EssenceOfSteel"}],"is_trial":false,"path_per_floor":["M","M","?","?","$","R","M","R","T","?","R","E","M","?","R","B",null,"M","M","$","M","M","$","M","$","T","R","E","?","?","$","R","B"],"character_chosen":"IRONCLAD","items_purchased":["Exhume","Shrug It Off","Rage"],"campfire_rested":1,"item_purchase_floors":[20,23,31],"current_hp_per_floor":[73,74,54,58,58,58,65,65,65,65,65,67,81,81,81,64,81,67,77,77,74,52,52,35,35,35,35,19,19,24,24,55,0,0],"gold":135,"neow_bonus":"ONE_RANDOM_RARE_CARD","is_daily":false,"chose_seed":false,"campfire_upgraded":5,"win_rate":0.0,"timestamp":1611384306,"path_taken":["M","M","?","?","$","R","M","R","T","?","R","E","?","?","R","BOSS","M","M","$","M","M","?","M","$","T","R","E","?","?","$","R","BOSS"],"items_purchased_type":["Card","Card","Card"],"build_version":"2020-12-22","purchased_purges":4,"victory":false,"max_hp_per_floor":[80,80,80,87,87,87,87,87,87,87,87,87,87,87,87,87,87,91,94,94,97,100,100,103,103,103,103,106,106,106,106,106,106,106],"card_choices":[{"not_picked":["True Grit","Flex"],"picked":"Inflame","floor":1.0},{"not_picked":["Feel No Pain","Twin Strike"],"picked":"Shrug It Off","floor":2.0},{"not_picked":["Warcry","Combust"],"picked":"Twin Strike","floor":7.0},{"not_picked":["Headbutt","Thunderclap"],"picked":"Offering","floor":12.0},{"not_picked":["Intimidate","Battle Trance"],"picked":"Uppercut","floor":13.0},{"not_picked":["Juggernaut","Double Tap"],"picked":"Feed","floor":16.0},{"not_picked":["Sentinel","Pommel Strike"],"picked":"Metallicize+1","floor":18.0},{"not_picked":["Havoc","Warcry","Headbutt"],"picked":"SKIP","floor":19.0},{"not_picked":["Headbutt","Iron Wave","Anger"],"picked":"SKIP","floor":21.0},{"not_picked":["Headbutt+1","Sword Boomerang","Limit Break"],"picked":"SKIP","floor":22.0},{"not_picked":["Sentinel+1","Bloodletting"],"picked":"Shrug It Off","floor":24.0},{"not_picked":["Infernal Blade","Whirlwind"],"picked":"Seeing Red","floor":28.0}],"player_experience":738223,"relics_obtained":[{"floor":9.0,"key":"Potion Belt"},{"floor":12.0,"key":"TungstenRod"},{"floor":17.0,"key":"Smiling Mask"},{"floor":17.0,"key":"Blue Candle"},{"floor":17.0,"key":"Calipers"},{"floor":26.0,"key":"Juzu Bracelet"},{"floor":28.0,"key":"Orichalcum"}],"event_choices":[{"damage_healed":0.0,"max_hp_gain":0.0,"max_hp_loss":0.0,"gold_gain":0.0,"event_name":"Golden Idol","player_choice":"Take Damage","floor":3.0,"gold_loss":0.0,"damage_taken":20.0,"relics_obtained":["Golden Idol"]},{"damage_healed":0.0,"max_hp_gain":0.0,"max_hp_loss":0.0,"gold_gain":0.0,"event_name":"Scrap Ooze","player_choice":"Success","floor":4.0,"gold_loss":0.0,"damage_taken":3.0,"relics_obtained":["Strawberry"]},{"damage_healed":0.0,"max_hp_gain":0.0,"max_hp_loss":0.0,"gold_gain":0.0,"event_name":"Upgrade Shrine","player_choice":"Upgraded","floor":10.0,"gold_loss":0.0,"damage_taken":0.0,"cards_upgraded":["Twin Strike"]},{"damage_healed":0.0,"max_hp_gain":0.0,"max_hp_loss":0.0,"gold_gain":0.0,"event_name":"Match and Keep!","player_choice":"1 cards matched","floor":14.0,"gold_loss":0.0,"damage_taken":0.0,"cards_obtained":["Berserk"]},{"damage_healed":0.0,"max_hp_gain":0.0,"max_hp_loss":0.0,"gold_gain":0.0,"event_name":"Forgotten Altar","player_choice":"Gave Idol","floor":29.0,"relics_lost":["Golden Idol"],"gold_loss":0.0,"damage_taken":0.0,"relics_obtained":["Bloody Idol"]},{"damage_healed":0.0,"max_hp_gain":0.0,"max_hp_loss":0.0,"gold_gain":99.0,"event_name":"Nest","player_choice":"Stole From Cult","floor":30.0,"gold_loss":0.0,"damage_taken":0.0}],"is_beta":false,"boss_relics":[{"not_picked":["Empty Cage","Tiny House"],"picked":"Calling Bell"}],"items_purged_floors":[5,20,23,31],"is_endless":false,"potions_floor_spawned":[1,12,13,16,21,24,28],"killed_by":"Collector","ascension_level":9}}