{"host":"kg61lsvem4dxoat8","time":1611414007,"event":{"mods":["BaseMod","Colored Powertips","Minty Spire (QoL Compilation)","Quick Restart","Rare Cards Sparkle","Relic Stats","slay the spire mod where everything is the same but ironclad has a cowboy hat"],"gold_per_floor":[113,126,201,39,4,30,30,30,30],"floor_reached":8,"language":"ENG","playtime":121,"items_purged":[],"score":142,"play_id":"b1ce7797-0faa-438e-bdf7-dcbe154a879d","local_time":"20210123230007","is_ascension_mode":true,"campfire_choices":[],"circlet_count":0,"master_deck":["AscendersBane","Strike_G","Strike_G","Strike_G","Strike_G","Strike_G","Defend_G+1","Defend_G","Defend_G","Defend_G","Defend_G","Survivor","Neutralize","Cloak And Dagger","Adrenaline+1","Cloak And Dagger","Backstab","Backstab"],"relics":["Ring of the Snake","NeowsBlessing","Orrery","Happy Flower"],"acts_visited":["Exordium"],"potions_floor_usage":[],"damage_taken":[{"damage":0,"enemies":"Jaw Worm","floor":1,"turns":1},{"damage":0,"enemies":"2 Louse","floor":2,"turns":1},{"damage":0,"enemies":"3 Sentries","floor":6,"turns":1},{"damage":52,"enemies":"Gremlin Nob","floor":8,"turns":4}],"seed_played":"-6948719493417132030","potions_obtained":[{"floor":2,"key":"Strength Potion"},{"floor":6,"key":"LiquidBronze"}],"is_trial":false,"path_per_floor":["M","M","?","$","?","E","?","E"],"character_chosen":"THE_SILENT","items_purchased":["Orrery"],"campfire_rested":0,"item_purchase_floors":[4],"current_hp_per_floor":[59,59,48,48,64,64,44,0,0],"gold":30,"neow_bonus":"THREE_ENEMY_KILL","is_daily":false,"chose_seed":false,"campfire_upgraded":0,"win_rate":0.0,"timestamp":1611414007,"path_taken":["M","M","?","$","?","E","?","E"],"items_purchased_type":["Relic"],"build_version":"2020-12-22","purchased_purges":0,"victory":false,"max_hp_per_floor":[66,66,66,66,66,66,66,66,66],"relic_stats":{"Happy Flower":[1],"counters":[4,7],"obtain_stats":[{"NeowsBlessing":0,"Happy Flower":6,"Orrery":4,"Ring of the Snake":0},{"NeowsBlessing":0,"Happy Flower":3,"Orrery":2,"Ring of the Snake":0},{"NeowsBlessing":0,"Happy Flower":3,"Orrery":2,"Ring of the Snake":0}],"Ring of the Snake":[8]},"card_choices":[{"not_picked":["Quick Slash","Dodge and Roll","Leg Sweep"],"picked":"SKIP","floor":1},{"not_picked":["Distraction","Tactician","Terror"],"picked":"SKIP","floor":2},{"not_picked":["Tactician","Quick Slash"],"picked":"Cloak And Dagger","floor":4},{"not_picked":["Dagger Throw","Caltrops"],"picked":"Adrenaline","floor":4},{"not_picked":["Bane","Dodge and Roll"],"picked":"Cloak And Dagger","floor":4},{"not_picked":["Expertise","Tactician"],"picked":"Backstab","floor":4},{"not_picked":["Dash","Phantasmal Killer"],"picked":"Backstab","floor":6}],"player_experience":1386758,"relics_obtained":[{"floor":6,"key":"Happy Flower"}],"event_choices":[{"damage_healed":0,"gold_gain":75,"player_choice":"Gather Gold","damage_taken":11,"max_hp_gain":0,"max_hp_loss":0,"event_name":"World of Goop","floor":3,"gold_loss":0},{"damage_healed":16,"gold_gain":0,"player_choice":"Healed","damage_taken":0,"max_hp_gain":0,"max_hp_loss":0,"event_name":"The Cleric","floor":5,"gold_loss":35},{"damage_healed":0,"gold_gain":0,"player_choice":"Entered Light","damage_taken":20,"max_hp_gain":0,"max_hp_loss":0,"event_name":"Shining Light","floor":7,"gold_loss":0,"cards_upgraded":["Adrenaline","Defend_G"]}],"is_beta":false,"boss_relics":[],"items_purged_floors":[],"is_endless":false,"potions_floor_spawned":[2,6],"killed_by":"Gremlin Nob","ascension_level":16}}