{"host":"j0d4nq897em8strr","time":1611387343,"event":{"mods":["AchievementEnabler","BaseMod","Colored Map","Colored Powertips","Hero for Fun","Highlight Path","Marisa????????","Minty Spire (QoL Compilation)","StSLib","SuperFastMode","The Runesmith","slay the spire mod where everything is the same but ironclad has a cowboy hat"],"gold_per_floor":[115,142,142,107,12,12,43,43,68,243,262,262,262,282,282,412,412,432,432,432,432,457,457,457,481,535,553,553,553],"floor_reached":28,"language":"ENG","playtime":1231,"items_purged":[],"score":214,"play_id":"05c8eb7b-9741-4c53-9d62-83d5a21c49a1","local_time":"20210123073543","is_ascension_mode":false,"campfire_choices":[{"data":"MysteriousBeam","floor":6.0,"key":"SMITH"},{"floor":8.0,"key":"REST"},{"floor":15.0,"key":"REST"},{"floor":24,"key":"REST"}],"circlet_count":0,"master_deck":["Strike_MRS+1","Strike_MRS+1","Strike_MRS+1","Strike_MRS+1","Defend_MRS+1","Defend_MRS+1","Defend_MRS+1","Defend_MRS+1","MasterSpark","UpSweep","ShootingEcho+1","ShootingEcho","MysteriousBeam+1","PowerUp","ShootTheMoon","Doubt","PowerUp","MilkyWay","CasketOfStar","DarkMatter","Singularity","6A","EarthLightRay"],"relics":["MiniHakkero","Oddly Smooth Stone","Potion Belt","Toy Ornithopter","Golden Idol","ExperimentalFamiliar"],"acts_visited":["Exordium","TheCity"],"potions_floor_usage":[],"damage_taken":[{"damage":1.0,"enemies":"Cultist","floor":1.0,"turns":3.0},{"damage":15.0,"enemies":"Lagavulin","floor":7.0,"turns":4.0},{"damage":0.0,"enemies":"Small Slimes","floor":11.0,"turns":2.0},{"damage":11.0,"enemies":"Jaw Worm","floor":14.0,"turns":2.0},{"damage":43.0,"enemies":"Hexaghost","floor":16.0,"turns":8.0},{"damage":20.0,"enemies":"3 Byrds","floor":18.0,"turns":4.0},{"damage":21,"enemies":"2 Thieves","floor":22,"turns":3},{"damage":42,"enemies":"Snake Plant","floor":25,"turns":4},{"damage":0,"enemies":"Cultist and Chosen","floor":27,"turns":4},{"damage":42,"enemies":"Chosen and Byrds","floor":28,"turns":4}],"seed_played":"61737849526583835","potions_obtained":[{"floor":7.0,"key":"Swift Potion"},{"floor":14.0,"key":"BottledSpark"},{"floor":16.0,"key":"Fruit Juice"},{"floor":22,"key":"Regen Potion"}],"is_trial":false,"path_per_floor":["M","T","?","?","$","R","E","R","T","?","M","?","?","M","R","B",null,"M","?","?","?","M","?","R","M","T","M","M"],"character_chosen":"MARISA","items_purchased":["MysteriousBeam","PowerUp"],"campfire_rested":3,"item_purchase_floors":[5,5],"current_hp_per_floor":[74,74,59,75,75,75,60,75,75,75,75,57,57,46,68,35,80,60,60,60,60,39,39,63,21,21,21,0,0],"gold":553,"neow_bonus":"THREE_CARDS","is_daily":false,"chose_seed":false,"campfire_upgraded":1,"win_rate":0.0,"timestamp":1611387343,"path_taken":["M","?","?","?","$","R","E","R","T","?","?","?","?","M","R","BOSS","M","?","?","?","M","?","R","?","T","M","M"],"items_purchased_type":["Card","Card"],"build_version":"2020-12-22","purchased_purges":0,"victory":false,"max_hp_per_floor":[75,75,75,75,75,75,75,75,75,75,75,75,75,75,75,80,80,80,80,80,80,80,80,80,80,80,80,80,80],"card_choices":[{"not_picked":["GalacticHalo","6A"],"picked":"ShootingEcho","floor":0.0},{"not_picked":["OneTimeOff","DarkSpark"],"picked":"ShootingEcho","floor":1.0},{"not_picked":["AlicesGift","ChargeUpSpray"],"picked":"ShootTheMoon","floor":7.0},{"not_picked":["Acceleration","6A"],"picked":"PowerUp","floor":11.0},{"not_picked":["FairyDestructionRay","SporeBomb"],"picked":"MilkyWay","floor":14.0},{"not_picked":["CollectingQuirk","BinaryStars"],"picked":"CasketOfStar","floor":16.0},{"not_picked":["PowerUp","Robbery"],"picked":"DarkMatter","floor":18.0},{"not_picked":["6A","UnstableBomb"],"picked":"EventHorizon","floor":22},{"not_picked":["ShootTheMoon","LuminesStrike"],"picked":"6A","floor":25},{"not_picked":["MeteoricShower","6A"],"picked":"EarthLightRay","floor":27}],"player_experience":173794,"relics_obtained":[{"floor":2.0,"key":"Oddly Smooth Stone"},{"floor":7.0,"key":"Potion Belt"},{"floor":9.0,"key":"Toy Ornithopter"}],"event_choices":[{"damage_healed":0.0,"max_hp_gain":0.0,"max_hp_loss":0.0,"gold_gain":0.0,"event_name":"Shining Light","player_choice":"Entered Light","floor":3.0,"gold_loss":0.0,"damage_taken":15.0,"cards_upgraded":["Defend_MRS","ShootingEcho"]},{"damage_healed":18.0,"max_hp_gain":0.0,"max_hp_loss":0.0,"gold_gain":0.0,"event_name":"The Cleric","player_choice":"Healed","floor":4.0,"gold_loss":35.0,"damage_taken":0.0},{"damage_healed":0.0,"max_hp_gain":0.0,"max_hp_loss":0.0,"gold_gain":175.0,"event_name":"Liars Game","player_choice":"AGREE","floor":10.0,"gold_loss":0.0,"damage_taken":0.0,"cards_obtained":["Doubt"]},{"damage_healed":0.0,"max_hp_gain":0.0,"max_hp_loss":0.0,"gold_gain":0.0,"event_name":"Golden Idol","player_choice":"Take Damage","floor":12.0,"gold_loss":0.0,"damage_taken":18.0,"relics_obtained":["Golden Idol"]},{"damage_healed":0.0,"max_hp_gain":0.0,"max_hp_loss":0.0,"gold_gain":0.0,"event_name":"Scrap Ooze","player_choice":"Fled","floor":13.0,"gold_loss":0.0,"damage_taken":0.0},{"damage_healed":0,"gold_gain":0,"player_choice":"Ignored","damage_taken":0,"max_hp_gain":0,"max_hp_loss":0,"event_name":"The Mausoleum","floor":19,"gold_loss":0},{"damage_healed":0,"gold_gain":0,"player_choice":"Ignored","damage_taken":0,"max_hp_gain":0,"max_hp_loss":0,"event_name":"Ghosts","floor":20,"gold_loss":0},{"damage_healed":0,"gold_gain":0,"player_choice":"Simplicity","damage_taken":0,"max_hp_gain":0,"max_hp_loss":0,"event_name":"Back to Basics","floor":21,"gold_loss":0,"cards_upgraded":["Strike_MRS","Strike_MRS","Strike_MRS","Strike_MRS","Defend_MRS","Defend_MRS","Defend_MRS"]},{"damage_healed":0,"gold_gain":0,"cards_transformed":["EventHorizon"],"player_choice":"Transformed","damage_taken":0,"max_hp_gain":0,"max_hp_loss":0,"event_name":"Transmorgrifier","floor":23,"gold_loss":0,"cards_obtained":["Singularity"]}],"is_beta":false,"boss_relics":[{"not_picked":["Black Star","RampagingMagicTools"],"picked":"ExperimentalFamiliar"}],"items_purged_floors":[],"is_endless":false,"potions_floor_spawned":[7,14,16,22],"killed_by":"Chosen and Byrds","ascension_level":0}}