{"host":"r6jigiblrojhp6xe","time":1611419236,"event":{"mods":["AchievementEnabler","BaseMod","DeckTracker","Hermit","Minty Spire (QoL Compilation)","Quick Restart","Rare Cards Sparkle","Relic Stats","StSLib","SuperFastMode","everything is the same but u backflip on backflip"],"gold_per_floor":[11,21,32,50,125,151,151,176,224,281,310,310,310,327,327,401,401,411,411,411,146,158,158,190,190,190,216,216,236,236,268,268,345,345,355,408,458,470,480,480,490,490,515,299,299,326,344,356,356,356,356,356,356,89,120,120,120],"floor_reached":56,"language":"KOR","playtime":1853,"items_purged":["Strike_G","Strike_G","Strike_G"],"score":2006,"play_id":"a0a43899-fda5-4dfb-aabe-60c0e9eda8b3","local_time":"20210124012716","is_ascension_mode":true,"campfire_choices":[{"floor":7.0,"key":"REST"},{"data":"Phantasmal Killer","floor":12.0,"key":"SMITH"},{"data":"Accuracy","floor":15.0,"key":"SMITH"},{"data":"Terror","floor":23,"key":"SMITH"},{"data":"Footwork","floor":25,"key":"SMITH"},{"data":"Cloak And Dagger","floor":30,"key":"SMITH"},{"data":"Blade Dance","floor":32,"key":"SMITH"},{"data":"Neutralize","floor":40,"key":"SMITH"},{"data":"Venomology","floor":42,"key":"SMITH"},{"data":"Survivor","floor":45,"key":"SMITH"},{"floor":49,"key":"RECALL"},{"data":"Concentrate","floor":53,"key":"SMITH"}],"circlet_count":0,"master_deck":["AscendersBane","Strike_G","Defend_G","Defend_G","Defend_G","Defend_G","Survivor+1","Neutralize+1","Blade Dance+1","Blade Dance","Phantasmal Killer+1","Accuracy+1","Terror+1","Cloak And Dagger+1","Venomology+1","PiercingWail","Footwork+1","Master of Strategy","Storm of Steel","After Image+1","Deflect+1","Concentrate+1","Backflip","Calculated Gamble+1"],"relics":["Ring of the Snake","Akabeko","Pantograph","Bronze Scales","Bag of Preparation","Matryoshka","WristBlade","Vajra","Smiling Mask","Frozen Egg 2","Ginger","Tiny Chest","Runic Pyramid","CaptainsWheel","Boot","Art of War","Omamori","Medical Kit"],"acts_visited":["Exordium","TheCity","TheBeyond","TheEnding"],"potions_floor_usage":[27,27,31,35,39,47,50,51,55,56,56,56],"damage_taken":[{"damage":1.0,"enemies":"Cultist","floor":1.0,"turns":5.0},{"damage":3.0,"enemies":"2 Louse","floor":2.0,"turns":3.0},{"damage":4.0,"enemies":"Small Slimes","floor":3.0,"turns":3.0},{"damage":0.0,"enemies":"Looter","floor":4.0,"turns":3.0},{"damage":24.0,"enemies":"3 Sentries","floor":6.0,"turns":8.0},{"damage":7.0,"enemies":"Lagavulin","floor":8.0,"turns":5.0},{"damage":12.0,"enemies":"3 Sentries","floor":10.0,"turns":6.0},{"damage":0.0,"enemies":"Gremlin Nob","floor":11.0,"turns":2.0},{"damage":0.0,"enemies":"Exordium Wildlife","floor":14.0,"turns":2.0},{"damage":20.0,"enemies":"Slime Boss","floor":16.0,"turns":4.0},{"damage":1.0,"enemies":"Spheric Guardian","floor":18.0,"turns":4.0},{"damage":0,"enemies":"Chosen","floor":22,"turns":2},{"damage":12,"enemies":"Slavers","floor":24,"turns":3},{"damage":7,"enemies":"Gremlin Leader","floor":27,"turns":3},{"damage":0,"enemies":"Snake Plant","floor":29,"turns":3},{"damage":1,"enemies":"Slavers","floor":31,"turns":2},{"damage":24,"enemies":"Champ","floor":33,"turns":6},{"damage":0,"enemies":"3 Darklings","floor":35,"turns":5},{"damage":0,"enemies":"2 Orb Walkers","floor":36,"turns":2},{"damage":0,"enemies":"Orb Walker","floor":38,"turns":2},{"damage":0,"enemies":"Maw","floor":39,"turns":5},{"damage":3,"enemies":"Jaw Worm Horde","floor":41,"turns":3},{"damage":15,"enemies":"Reptomancer","floor":46,"turns":3},{"damage":0,"enemies":"3 Darklings","floor":47,"turns":3},{"damage":0,"enemies":"Transient","floor":48,"turns":6},{"damage":30,"enemies":"Awakened One","floor":50,"turns":9},{"damage":42,"enemies":"Donu and Deca","floor":51,"turns":9},{"damage":0,"enemies":"Shield and Spear","floor":55,"turns":3},{"damage":70,"enemies":"The Heart","floor":56,"turns":6}],"seed_played":"7452506385442918810","potions_obtained":[{"floor":2.0,"key":"SneckoOil"},{"floor":4.0,"key":"GhostInAJar"},{"floor":6.0,"key":"LiquidMemories"},{"floor":8.0,"key":"GhostInAJar"},{"floor":27,"key":"Ancient Potion"},{"floor":35,"key":"Dexterity Potion"},{"floor":55,"key":"Swift Potion"}],"is_trial":false,"path_per_floor":["M","M","M","M","?","E","R","E","T","?","E","R","?","M","R","B",null,"M","?","?","$","M","R","E","R","T","E","?","M","R","E","R","B",null,"M","?","?","M","M","R","M","R","T","$","R","E","M","M","R","B","B",null,"R","$","E","B"],"character_chosen":"THE_SILENT","items_purchased":["Master of Strategy","Art of War","Medical Kit","Backflip"],"campfire_rested":1,"item_purchase_floors":[21,44,54,54],"current_hp_per_floor":[58,55,51,51,40,16,35,28,28,16,16,16,16,16,16,21,55,54,54,54,54,54,54,42,42,42,35,35,35,35,34,34,35,58,58,58,58,58,58,58,55,55,55,55,55,40,40,40,40,35,18,54,54,54,54,0,0],"gold":120,"neow_bonus":"REMOVE_TWO","is_daily":false,"chose_seed":false,"campfire_upgraded":10,"win_rate":0.0,"timestamp":1611419236,"path_taken":["M","M","M","?","?","E","R","E","T","?","E","R","?","?","R","BOSS","M","?","?","$","M","R","E","R","T","E","?","M","R","E","R","BOSS","M","?","?","?","M","R","M","R","T","$","R","E","M","M","R","BOSS","BOSS","R","$","E","BOSS"],"items_purchased_type":["Card","Relic","Relic","Card"],"build_version":"2020-12-22","purchased_purges":3,"victory":false,"max_hp_per_floor":[66,66,66,66,66,66,66,66,66,66,66,66,66,66,66,66,66,66,66,66,66,66,66,66,66,66,66,66,66,66,66,66,66,66,66,66,66,66,66,66,66,66,66,66,66,66,66,66,66,66,66,66,66,66,66,66,66],"relic_stats":{"counters":[29,120],"Pantograph":112,"Bronze Scales":[309],"Tiny Chest":0,"Bag of Preparation":[44],"Art of War":[4],"Ginger":[11],"Smiling Mask":125,"Boot":[0],"Medical Kit":[6],"obtain_stats":[{"Vajra":24,"Bag of Preparation":10,"Omamori":46,"Ginger":27,"Frozen Egg 2":26,"Smiling Mask":26,"Boot":43,"Medical Kit":54,"Akabeko":6,"CaptainsWheel":36,"Matryoshka":11,"WristBlade":17,"Pantograph":8,"Bronze Scales":9,"Tiny Chest":31,"Art of War":44,"Ring of the Snake":0,"Runic Pyramid":34},{"Vajra":13,"Bag of Preparation":7,"Omamori":23,"Ginger":14,"Frozen Egg 2":13,"Smiling Mask":13,"Boot":22,"Medical Kit":27,"Akabeko":5,"CaptainsWheel":19,"Matryoshka":8,"WristBlade":10,"Pantograph":6,"Bronze Scales":6,"Tiny Chest":16,"Art of War":22,"Ring of the Snake":0,"Runic Pyramid":17},{"Vajra":50,"Bag of Preparation":33,"Omamori":84,"Ginger":53,"Frozen Egg 2":50,"Smiling Mask":50,"Boot":81,"Medical Kit":111,"Akabeko":22,"CaptainsWheel":71,"Matryoshka":35,"WristBlade":41,"Pantograph":27,"Bronze Scales":27,"Tiny Chest":58,"Art of War":81,"Ring of the Snake":0,"Runic Pyramid":64}],"Ring of the Snake":[58]},"card_choices":[{"not_picked":["Acrobatics","Deflect","Accuracy"],"picked":"SKIP","floor":1.0},{"not_picked":["Deflect","Backflip"],"picked":"Blade Dance","floor":2.0},{"not_picked":["Calculated Gamble","Sucker Punch"],"picked":"Blade Dance","floor":3.0},{"not_picked":["Flying Knee","Predator"],"picked":"Phantasmal Killer","floor":4.0},{"not_picked":["Expertise","Concentrate","Slice"],"picked":"SKIP","floor":6.0},{"not_picked":["Well Laid Plans","Quick Slash"],"picked":"Accuracy","floor":8.0},{"not_picked":["Quick Slash","Poisoned Stab"],"picked":"Terror","floor":10.0},{"not_picked":["Dodge and Roll","Acrobatics","Slice"],"picked":"SKIP","floor":11.0},{"not_picked":["Wraith Form v2","Calculated Gamble"],"picked":"Cloak And Dagger","floor":14.0},{"not_picked":["Phantasmal Killer","Grand Finale"],"picked":"Venomology","floor":16.0},{"not_picked":["Deflect+1","Concentrate"],"picked":"PiercingWail","floor":18.0},{"not_picked":["Skewer","Deadly Poison","Acrobatics"],"picked":"SKIP","floor":22},{"not_picked":["Choke+1","All Out Attack","Poisoned Stab+1"],"picked":"SKIP","floor":24},{"not_picked":["Acrobatics","Prepared"],"picked":"Storm of Steel","floor":27},{"not_picked":["Deadly Poison","Slice","Blade Dance"],"picked":"SKIP","floor":29},{"not_picked":["Eviscerate","Bouncing Flask","Bullet Time"],"picked":"SKIP","floor":31},{"not_picked":["Adrenaline","Corpse Explosion"],"picked":"After Image+1","floor":33},{"not_picked":["PiercingWail","Slice","Leg Sweep"],"picked":"SKIP","floor":35},{"not_picked":["Reflex","Deadly Poison"],"picked":"Deflect+1","floor":36},{"not_picked":["Dagger Spray","Infinite Blades+1","Noxious Fumes+1"],"picked":"SKIP","floor":38},{"not_picked":["Noxious Fumes+1","All Out Attack","Poisoned Stab"],"picked":"SKIP","floor":39},{"not_picked":["Outmaneuver","Endless Agony","Deadly Poison"],"picked":"SKIP","floor":41},{"not_picked":["PiercingWail+1","Riddle With Holes"],"picked":"Concentrate","floor":46},{"not_picked":["Choke+1","Cloak And Dagger","Predator+1"],"picked":"SKIP","floor":47},{"not_picked":["Well Laid Plans+1","PiercingWail","Outmaneuver+1"],"picked":"SKIP","floor":48},{"not_picked":["Backstab","Choke"],"picked":"Calculated Gamble+1","floor":55}],"player_experience":586440,"relics_obtained":[{"floor":6.0,"key":"Akabeko"},{"floor":8.0,"key":"Pantograph"},{"floor":9.0,"key":"Bronze Scales"},{"floor":10.0,"key":"Bag of Preparation"},{"floor":11.0,"key":"Matryoshka"},{"floor":24,"key":"Vajra"},{"floor":26,"key":"Smiling Mask"},{"floor":26,"key":"Frozen Egg 2"},{"floor":27,"key":"Ginger"},{"floor":31,"key":"Tiny Chest"},{"floor":36,"key":"CaptainsWheel"},{"floor":43,"key":"Boot"},{"floor":46,"key":"Omamori"}],"event_choices":[{"damage_healed":0.0,"max_hp_gain":0.0,"max_hp_loss":0.0,"gold_gain":75.0,"event_name":"World of Goop","player_choice":"Gather Gold","floor":5.0,"gold_loss":0.0,"damage_taken":11.0},{"damage_healed":0.0,"max_hp_gain":0.0,"max_hp_loss":0.0,"gold_gain":0.0,"event_name":"Dead Adventurer","player_choice":"Searched \u00271\u0027 times","floor":10.0,"gold_loss":0.0,"damage_taken":0.0},{"damage_healed":0.0,"max_hp_gain":0.0,"max_hp_loss":0.0,"gold_gain":0.0,"event_name":"Shining Light","player_choice":"Ignored","floor":13.0,"gold_loss":0.0,"damage_taken":0.0},{"damage_healed":0.0,"max_hp_gain":0.0,"max_hp_loss":0.0,"gold_gain":0.0,"event_name":"The Library","player_choice":"Read","floor":19.0,"gold_loss":0.0,"damage_taken":0.0,"cards_obtained":["Footwork"]},{"damage_healed":0.0,"max_hp_gain":0.0,"max_hp_loss":0.0,"gold_gain":0.0,"event_name":"The Mausoleum","player_choice":"Ignored","floor":20.0,"gold_loss":0.0,"damage_taken":0.0},{"damage_healed":0,"gold_gain":0,"player_choice":"Ignored","damage_taken":0,"max_hp_gain":0,"max_hp_loss":0,"event_name":"Cursed Tome","floor":28,"gold_loss":0},{"damage_healed":0,"gold_gain":0,"player_choice":"Fight","damage_taken":0,"max_hp_gain":0,"max_hp_loss":0,"event_name":"Mysterious Sphere","floor":36,"gold_loss":0},{"damage_healed":0,"gold_gain":50,"player_choice":"Pray","damage_taken":0,"max_hp_gain":0,"max_hp_loss":0,"event_name":"Golden Shrine","floor":37,"gold_loss":0}],"is_beta":false,"boss_relics":[{"not_picked":["Fusion Hammer","SacredBark"],"picked":"WristBlade"},{"not_picked":["Snecko Eye","Calling Bell"],"picked":"Runic Pyramid"}],"items_purged_floors":[21,44,54],"is_endless":false,"potions_floor_spawned":[2,4,6,8,14,27,33,35,36,41,47,55],"killed_by":"The Heart","ascension_level":20}}