{"host":"skx52d3x4g37h2em","time":1611415542,"event":{"mods":["Act Like it!","BaseMod","Colored Map","Downfall","Highlight Path","Minty Spire (QoL Compilation)","Quick Restart","Relic Sorter","Replay The Spire","StSLib"],"gold_per_floor":[191,209,226,64,84,184,184,201,201,217,217,236,236,19,34,139,139,139,150,163,182,193,193,216,216,216,216],"floor_reached":25,"language":"ENG","playtime":1352,"items_purged":["Slimebound:Tackle"],"score":224,"play_id":"cfe02332-7b68-4739-8508-e560669023f1","local_time":"20210123182542","is_ascension_mode":false,"campfire_choices":[{"floor":9,"key":"REST"},{"data":"Slimebound:Split","floor":13,"key":"SMITH"},{"data":"Slimebound:MassRepurpose","floor":18,"key":"SMITH"},{"floor":23,"key":"REST"}],"circlet_count":0,"master_deck":["Slimebound:Strike_Slimebound","Slimebound:Strike_Slimebound","Slimebound:Strike_Slimebound","Slimebound:Defend_Slimebound","Slimebound:Defend_Slimebound","Slimebound:Defend_Slimebound","Slimebound:Defend_Slimebound","Slimebound:Split+1","Slimebound:CorrosiveSpit","Slimebound:ComboTackle","Slimebound:ViciousTackle","Slimebound:Schlurp","Slimebound:MassRepurpose+1","Slimebound:LeadByExample","Slimebound:Recollect","Slimebound:HauntingLick","Slimebound:SplitAcid","Slimebound:Repurpose","Slimebound:Schlurp","Slimebound:HauntingLick","Slimebound:SlimeSlap"],"relics":["Slimebound:AbsorbEndCombat","downfall:GremlinWheel","Letter Opener","Lantern","Replay:Grab Bag","Sozu","Replay:Bronze Core","Black Star","Potion Belt","Bronze Scales"],"acts_visited":["Exordium","TheCity"],"potions_floor_usage":[11,21],"damage_taken":[{"damage":0,"enemies":"Small Slimes","floor":2,"turns":3},{"damage":9,"enemies":"Cultist","floor":3,"turns":3},{"damage":11,"enemies":"downfall:FleeingMerchant","floor":4,"turns":4},{"damage":3,"enemies":"Jaw Worm","floor":5,"turns":3},{"damage":47,"enemies":"Jaw Worm","floor":6,"turns":5},{"damage":9,"enemies":"Blue Slaver","floor":8,"turns":4},{"damage":19,"enemies":"Exordium Thugs","floor":10,"turns":5},{"damage":0,"enemies":"Exordium Wildlife","floor":11,"turns":1},{"damage":1,"enemies":"Large Slime","floor":12,"turns":3},{"damage":9,"enemies":"downfall:FleeingMerchant","floor":14,"turns":4},{"damage":1,"enemies":"2 Fungi Beasts","floor":15,"turns":2},{"damage":14,"enemies":"WA_ARCHETYPE_RETAIN","floor":16,"turns":8},{"damage":44,"enemies":"Chosen","floor":19,"turns":6},{"damage":18,"enemies":"Cultist and Chosen","floor":20,"turns":6},{"damage":12,"enemies":"3 Cultists","floor":21,"turns":5},{"damage":7,"enemies":"Chosen and Byrds","floor":22,"turns":3},{"damage":42,"enemies":"Snecko","floor":25,"turns":6}],"seed_played":"-7430578024132838002","potions_obtained":[{"floor":2,"key":"SmokeBomb"},{"floor":5,"key":"CultistPotion"},{"floor":10,"key":"Elixir"},{"floor":12,"key":"SkillPotion"},{"floor":16,"key":"Energy Potion"}],"is_trial":false,"path_per_floor":["R_BF","M","M","$","M","?","T","M","R","M","M","M","R","$","M","B",null,"R","M","M","M","M","R","T","M"],"character_chosen":"SLIMEBOUND","items_purchased":["Slimebound:MassRepurpose","Lantern","Slimebound:Schlurp"],"campfire_rested":2,"item_purchase_floors":[4,14,14],"current_hp_per_floor":[71,71,66,63,64,23,23,18,39,24,24,25,25,22,25,15,71,71,31,21,13,12,33,33,0,0,0],"gold":216,"neow_bonus":"TEN_PERCENT_HP_BONUS","is_daily":false,"chose_seed":false,"campfire_upgraded":2,"win_rate":0.0,"timestamp":1611415542,"path_taken":["R_BF","M","M","$","M","?","T","?","R","M","M","M","R","?","M","BOSS","R","M","?","M","M","R","T","M"],"items_purchased_type":["Card","Relic","Card"],"build_version":"2020-12-22","purchased_purges":1,"victory":false,"max_hp_per_floor":[71,71,71,71,71,71,71,71,71,71,71,71,71,71,71,71,71,71,71,71,71,71,71,71,71,71,71],"card_choices":[{"not_picked":["Slimebound:SplitAcid","Slimebound:SplitBruiser"],"picked":"Slimebound:ComboTackle","floor":2},{"not_picked":["Slimebound:Schlurp","Slimebound:LeechEnergy"],"picked":"Slimebound:ViciousTackle","floor":3},{"not_picked":["Slimebound:LeechingTouch","Slimebound:HauntingLick"],"picked":"Slimebound:Schlurp","floor":4},{"not_picked":["Slimebound:ServeAndProtect","Slimebound:LeechEnergy"],"picked":"Slimebound:LeadByExample","floor":5},{"not_picked":["Slimebound:FormOfPuddle","Slimebound:GoopTackle"],"picked":"Slimebound:Recollect","floor":8},{"not_picked":["Slimebound:Replication","Slimebound:Schlurp"],"picked":"Slimebound:HauntingLick","floor":10},{"not_picked":["Slimebound:CheckThePlaybook","Slimebound:LeechingTouch"],"picked":"Slimebound:SplitAcid","floor":12},{"not_picked":["Slimebound:GrowthPunch","Slimebound:Prepare"],"picked":"Slimebound:Repurpose","floor":14},{"not_picked":["Slimebound:SplitMire","Slimebound:BestDefense"],"picked":"Slimebound:HauntingLick","floor":15},{"not_picked":["Slimebound:Overexert","Slimebound:MassRepurpose"],"picked":"Slimebound:SlimeSlap","floor":16},{"not_picked":["Slimebound:LeadByExample","Slimebound:SamplingLick","Slimebound:ComboTackle+1"],"picked":"SKIP","floor":19},{"not_picked":["Slimebound:LeechingTouch","Slimebound:LeechEnergy+1","Slimebound:Prepare"],"picked":"SKIP","floor":20},{"not_picked":["Slimebound:LeechEnergy","Slimebound:FlameTackle","Slimebound:SlimeTap"],"picked":"SKIP","floor":21},{"not_picked":["Slimebound:DouseInSlime","Slimebound:FlameTackle","Slimebound:FinishingTackle"],"picked":"SKIP","floor":22}],"player_experience":140658,"relics_obtained":[{"floor":6,"key":"downfall:GremlinWheel"},{"floor":7,"key":"Letter Opener"},{"floor":18,"key":"Potion Belt"},{"floor":24,"key":"Bronze Scales"}],"event_choices":[{"damage_healed":0,"gold_gain":0,"player_choice":"Relic","damage_taken":0,"max_hp_gain":0,"max_hp_loss":0,"event_name":"Wheel of Change","floor":18,"gold_loss":0}],"is_beta":false,"boss_relics":[{"not_picked":["ChewingGum","Replay:Wanted Poster"],"picked":"Replay:Grab Bag"},{"not_picked":["Runic Dome","ReplayTheSpireMod:DimensionalGlitch"],"picked":"Sozu"},{"not_picked":["bronze:MakeshiftBattery","Busted Crown"],"picked":"Replay:Bronze Core"},{"not_picked":["Ring of Chaos","SlaversCollar"],"picked":"Black Star"}],"items_purged_floors":[4],"is_endless":false,"potions_floor_spawned":[2,5,10,12,15,16,20,21,22],"killed_by":"Snecko","ascension_level":0}}