{"host":"824exx23qlyrdtjz","time":1611364592,"event":{"mods":["BaseMod","Colored Map","Downfall","Minty Spire (QoL Compilation)","StSLib"],"gold_per_floor":[99,110,126,126,143,74,74,74,93,103,103,128,155,155,172,172,172,172],"floor_reached":16,"language":"ENG","playtime":479,"items_purged":[],"score":102,"play_id":"cbdb2ef0-a46f-4c9c-89fc-1dccf9e442d3","local_time":"20210122201632","is_ascension_mode":false,"campfire_choices":[{"data":"bronze:Goto","floor":1,"key":"SMITH"},{"data":"bronze:FineTuning","floor":11,"key":"SMITH"}],"circlet_count":0,"master_deck":["bronze:Strike","bronze:Strike","bronze:Strike","bronze:Defend","bronze:Defend","bronze:Defend","bronze:Defend","bronze:Replicate+1","bronze:Goto+1","bronze:OilSpill+1","bronze:Iterate+1","bronze:BronzeOrb","bronze:WhirlingStrike","bronze:FineTuning+1","bronze:CloningBeam","bronze:FineTuning","bronze:BuggyMess","bronze:Flail"],"relics":["bronze:BronzeCore","Bottled Lightning","Happy Flower","Juzu Bracelet"],"acts_visited":["Exordium"],"potions_floor_usage":[12,16,16,16],"damage_taken":[{"damage":2,"enemies":"Small Slimes","floor":2,"turns":3},{"damage":1,"enemies":"Cultist","floor":3,"turns":3},{"damage":6,"enemies":"2 Louse","floor":5,"turns":2},{"damage":5,"enemies":"downfall:FleeingMerchant","floor":6,"turns":4},{"damage":7,"enemies":"Gremlin Gang","floor":9,"turns":3},{"damage":4,"enemies":"Exordium Thugs","floor":10,"turns":2},{"damage":16,"enemies":"3 Sentries","floor":12,"turns":4},{"damage":6,"enemies":"Gremlin Gang","floor":15,"turns":3},{"damage":26,"enemies":"IC_STATUS_ARCHETYPE","floor":16,"turns":4}],"seed_played":"7996090396288924680","potions_obtained":[{"floor":2,"key":"Fire Potion"},{"floor":3,"key":"SkillPotion"},{"floor":10,"key":"Strength Potion"},{"floor":12,"key":"AttackPotion"}],"is_trial":false,"path_per_floor":["R","M","M","?","M","$","T","?","M","M","R","E","T","?","M","B"],"character_chosen":"THE_AUTOMATON","items_purchased":["bronze:FineTuning"],"campfire_rested":0,"item_purchase_floors":[6],"current_hp_per_floor":[77,75,74,74,68,63,63,63,56,52,52,36,36,29,23,0,0,0],"gold":172,"neow_bonus":"TEN_PERCENT_HP_BONUS","is_daily":false,"chose_seed":false,"campfire_upgraded":2,"win_rate":0.0,"timestamp":1611364592,"path_taken":["R","M","M","?","?","?","T","?","?","M","R","E","?","?","M","BOSS"],"items_purchased_type":["Card"],"build_version":"2020-12-22","purchased_purges":0,"victory":false,"max_hp_per_floor":[77,77,77,77,77,77,77,77,77,77,77,77,77,77,77,77,77,77],"card_choices":[{"not_picked":["bronze:Overheat","bronze:WildBeam"],"picked":"bronze:OilSpill","floor":2},{"not_picked":["bronze:Philosophize","bronze:BugBarrage","bronze:Frontload"],"picked":"SKIP","floor":3},{"not_picked":["bronze:Turbo","bronze:BugBarrage"],"picked":"bronze:BronzeOrb","floor":5},{"not_picked":["bronze:Break","bronze:ClassDefault"],"picked":"bronze:WhirlingStrike","floor":6},{"not_picked":["bronze:Invalidate","bronze:DelayedSlice"],"picked":"bronze:CloningBeam","floor":9},{"not_picked":["bronze:ClassDefault","bronze:DelayedSlice"],"picked":"bronze:FineTuning","floor":10},{"not_picked":["bronze:GetLatest","bronze:Philosophize"],"picked":"bronze:BuggyMess","floor":12},{"not_picked":["bronze:Deprecate","bronze:Return"],"picked":"bronze:Flail","floor":15}],"player_experience":193128,"relics_obtained":[{"floor":7,"key":"Bottled Lightning"},{"floor":12,"key":"Happy Flower"},{"floor":13,"key":"Juzu Bracelet"}],"event_choices":[{"damage_healed":0,"gold_gain":0,"player_choice":"Damaged","damage_taken":7,"max_hp_gain":0,"max_hp_loss":0,"event_name":"Wheel of Change","floor":14,"gold_loss":0}],"is_beta":false,"boss_relics":[],"items_purged_floors":[],"is_endless":false,"potions_floor_spawned":[2,3,10,12],"killed_by":"IC_STATUS_ARCHETYPE","ascension_level":0}}