{"host":"9xv6exvwmlpefxuw","time":1611411007,"event":{"mods":["ATMod(阿瑾Mod)","AchievementEnabler","Act Like it!","Aspiration","BaseMod","Chen","Colored Powertips","Conspire","Downfall","Friendly Minions","Gensokyo","GifTheSpireLib","KinomotoSakuraMod(木之本樱)","Koishi","KomeijiMod","Marisa（F雨　魔理沙）","Minty Spire (QoL Compilation)","Pale of the Ancients","Rare Cards Sparkle","Reimu（博丽灵梦）","Remilia_Scarlet Moed（蕾米莉亚・斯卡雷特）3.3.5","Remilia（蕾米莉亚）","RumiaBox-露米娅的神秘盒子","StSLib","The Administrix","The Animator","The Blackbeard","The Mystic","The Servant 0.9.4","WarShipGirlsR/战舰少女R mod","Yakumo Yukari mod","Youmu（魂魄妖梦）","Yuyuko","[IsaacMod]以撒尖塔","[功能]功能增强和修复MOD","【功能Mod】混沌之环修复补丁","【功能Mod】聪明的最终Boss","【遗物卡牌】REMEMod"],"gold_per_floor":[126,150,256,188,227,227,275,319,345,388,395,441,144,190,190,350,350,391,551,579,579,579,625,664,186,186,186,277,277,312,11,11,182,182,198,240,265,165,206,249,191,191,272,326,326,358,358,545,545,623,623,623,285,403,620,620],"floor_reached":55,"language":"ZHS","playtime":3298,"items_purged":["REME_Cut+1","conspire:Purge","AT_ManFootWork","Sword Boomerang","Reckless Charge+1","Inflame","AT_IchimonjiDouble","Rage","Clothesline","REME_Scribble+1","Headbutt","Warcry+1","AT_IchimonjiDouble","Twin Strike","Shrug It Off","conspire:Charge","Pummel","Decay","True Grit+1","Impervious","Blood for Blood","AT_BodySlamDance","Thunderclap","Uppercut+1"],"score":1115,"play_id":"276f5400-3952-4446-8fea-aa3da5410c22","local_time":"20210123221007","is_ascension_mode":false,"campfire_choices":[{"data":"AT_LightSaberMaster","floor":6,"key":"SMITH"},{"floor":15,"key":"REST"},{"floor":27,"key":"REST"},{"floor":32,"key":"REST"},{"data":"Demon Form","floor":47,"key":"SMITH"},{"floor":49,"key":"RECALL"},{"data":"Metallicize","floor":52,"key":"SMITH"}],"circlet_count":0,"master_deck":["Strike_R+1","Strike_R+1","Strike_R+1","Strike_R+1","Defend_R+1","Defend_R+1","Defend_R+1","Defend_R+1","Bash+1","AT_ChampionKick+1","AT_LightSaberMaster+1","Cleave+1","Double Tap+1","Flex+1","Inflame+1","Anger+1","Armaments+1","Inflame+1","Anger+1","Inflame+1","Flex+1","Reaper+1","Evolve+1","Sword Boomerang+1","Heavy Blade+1","Twin Strike+1","REME_ACTH+1","Shrug It Off+1","REME_SingleHolding+1","Dark Embrace+1","Wild Strike+1","Metallicize+1","Rage+1","Iron Wave+1","Demon Form+1","Pommel Strike+1","Heavy Blade+1","Hemokinesis+1"],"relics":["Burning Blood","AT_ATBox","HushsDoor","REME_ComplimentaryCards","SalivaCoin","AT_GreenNoBalance","Ancient Tea Set","conspire:BottledYoYo","ShirouKen","Mercury Hourglass","GuppysHead","Boot","Black Star","Enchiridion","GodSword7","AT_BellDemon","MoreBug","Medical Kit","EdensBlessing","Ccalipers","AT_BellowingDragoncrestRing","AT_Manta","GuppysTail","ZombieArmy","REME_IWantAll","Sozu","MawBank","aspiration:ChemicalBlood","DeathBook","Ginger","Whetstone","conspire:Flyswatter","AT_MibuBalloonWealth","AT_SpeedBoots","BookofShadows","Charon\u0027s Ashes","ClockworkSouvenir","Strawberry","conspire:Dentures","GodSword3"],"acts_visited":["Exordium","TheCity","TheBeyond","TheEnding"],"potions_floor_usage":[14,14,16,28,28,28,54],"damage_taken":[{"damage":5,"enemies":"Small Slimes","floor":1,"turns":4},{"damage":5,"enemies":"Cultist","floor":2,"turns":4},{"damage":72,"enemies":"Hiden Room Battle","floor":3,"turns":7},{"damage":13,"enemies":"Jaw Worm","floor":5,"turns":4},{"damage":40,"enemies":"Gremlin Nob","floor":7,"turns":5},{"damage":18,"enemies":"Lots of Slimes","floor":8,"turns":3},{"damage":18,"enemies":"Lagavulin","floor":10,"turns":4},{"damage":15,"enemies":"3 Sentries","floor":12,"turns":3},{"damage":13,"enemies":"Gremlin Nob","floor":14,"turns":4},{"damage":34,"enemies":"Hexaghost","floor":16,"turns":6},{"damage":14,"enemies":"Chosen","floor":18,"turns":4},{"damage":40,"enemies":"3 Byrds","floor":19,"turns":4},{"damage":16,"enemies":"REME_1_Revenger","floor":23,"turns":4},{"damage":18,"enemies":"Shelled Parasite and Fungi","floor":24,"turns":4},{"damage":53,"enemies":"Book of Stabbing","floor":28,"turns":4},{"damage":1,"enemies":"conspire:Head Lice","floor":30,"turns":3},{"damage":61,"enemies":"Collector","floor":33,"turns":6},{"damage":0,"enemies":"3 Shapes","floor":35,"turns":1},{"damage":57,"enemies":"3 Shapes","floor":36,"turns":7},{"damage":11,"enemies":"3 Darklings","floor":37,"turns":2},{"damage":13,"enemies":"Sphere and 2 Shapes","floor":39,"turns":3},{"damage":4,"enemies":"Reptomancer","floor":40,"turns":3},{"damage":24,"enemies":"Giant Head","floor":44,"turns":3},{"damage":1,"enemies":"Nemesis","floor":46,"turns":5},{"damage":72,"enemies":"Reptomancer","floor":48,"turns":3},{"damage":24,"enemies":"Donu and Deca","floor":50,"turns":3},{"damage":49,"enemies":"Shield and Spear","floor":54,"turns":5},{"damage":119,"enemies":"The Heart","floor":55,"turns":5}],"seed_played":"4943100330017395058","potions_obtained":[{"floor":1,"key":"Weak Potion"},{"floor":3,"key":"PowerPotion"},{"floor":5,"key":"GrandPatriotsElixir:ReiMu"},{"floor":14,"key":"SteroidPotion"},{"floor":14,"key":"LiquidBronze"},{"floor":16,"key":"LiquidBronze"},{"floor":28,"key":"Energy Potion"},{"floor":28,"key":"Explosive Potion"},{"floor":30,"key":"LiquidMemories"}],"is_trial":false,"path_per_floor":["M","M","?","$","M","R","E","M","T","E","?","E","$","E","R","B",null,"M","M","?","$","?","E","M","$","T","R","E","T","E","$","R","B",null,"M","?","M","?","M","E","$","?","T","E","T","E","R","E","R","B",null,"R","$","E","B"],"character_chosen":"IRONCLAD","items_purchased":["Inflame","GuppysHead","Evolve","MoreBug","Medical Kit","Heavy Blade","REME_IWantAll","ClockworkSouvenir","Strawberry"],"campfire_rested":3,"item_purchase_floors":[4,13,17,25,25,25,31,53,53],"current_hp_per_floor":[88,88,7,7,37,37,10,32,32,32,26,17,17,10,36,8,85,84,50,34,34,34,24,12,12,12,37,37,37,45,45,70,65,85,88,91,91,100,102,109,109,109,109,105,105,115,115,71,71,53,118,118,125,90,0,0],"gold":620,"neow_bonus":"TEN_PERCENT_HP_BONUS","is_daily":false,"chose_seed":false,"campfire_upgraded":3,"win_rate":0.0,"timestamp":1611411007,"path_taken":["M","M","?","?","?","R","E","M","T","E","?","E","$","E","R","BOSS","M","M","?","?","?","E","?","$","T","R","E","?","E","$","R","BOSS","M","?","?","?","?","E","$","?","T","E","?","E","R","E","R","BOSS","R","$","E","BOSS"],"items_purchased_type":["Card","Relic","Card","Relic","Relic","Card","Relic","Relic","Relic"],"build_version":"2020-12-22","purchased_purges":24,"victory":false,"max_hp_per_floor":[88,88,88,88,88,88,88,88,88,88,88,88,88,88,88,88,85,85,85,85,85,85,85,85,85,85,85,85,85,85,85,85,85,85,88,91,94,103,106,109,109,109,109,112,112,115,115,118,118,118,118,118,125,125,125,125],"card_choices":[{"not_picked":[],"picked":"Bomb","floor":0},{"not_picked":["Body Slam","Wild Strike"],"picked":"Cleave","floor":1},{"not_picked":["Warcry","Entrench"],"picked":"Double Tap","floor":2},{"not_picked":["AT_BodySlamDance","True Grit"],"picked":"Flex","floor":3},{"not_picked":["True Grit","Clothesline"],"picked":"Anger","floor":5},{"not_picked":["Rupture","conspire:ExplosiveBarrier"],"picked":"Armaments","floor":7},{"not_picked":["Anger","Twin Strike"],"picked":"Inflame","floor":8},{"not_picked":["Sever Soul","Cleave"],"picked":"Anger","floor":10},{"not_picked":["Reckless Charge","Reaper"],"picked":"Inflame","floor":12},{"not_picked":["AT_BodySlamDance","conspire:ExplosiveBarrier"],"picked":"Flex","floor":14},{"not_picked":["Impervious","Juggernaut"],"picked":"Reaper","floor":16},{"not_picked":["Cleave","AT_ShrugMaster"],"picked":"REME_Cut+1","floor":18},{"not_picked":["Warcry+1","Blood for Blood","Flex"],"picked":"SKIP","floor":19},{"not_picked":["Warcry","Impervious"],"picked":"Sword Boomerang+1","floor":23},{"not_picked":["Spot Weakness","Wild Strike","Twin Strike"],"picked":"SKIP","floor":24},{"not_picked":["AT_DiedThrough","AT_BodySlamDance","Wild Strike+1"],"picked":"SKIP","floor":28},{"not_picked":["Impervious","Anger"],"picked":"Twin Strike+1","floor":30},{"not_picked":["Corruption","Impervious"],"picked":"REME_ACTH","floor":33},{"not_picked":["Shrug It Off","REME_SingleHolding+1","Dark Embrace"],"picked":"Singing Bowl","floor":35},{"not_picked":["Wild Strike+1","Metallicize","conspire:Purge"],"picked":"Singing Bowl","floor":36},{"not_picked":["AT_ManFootWork","Rage","Sword Boomerang"],"picked":"Singing Bowl","floor":37},{"not_picked":["Reckless Charge+1","Inflame","AT_IchimonjiDouble"],"picked":"Singing Bowl","floor":38},{"not_picked":["Rage+1","Clothesline","Iron Wave+1"],"picked":"Singing Bowl","floor":38},{"not_picked":["REME_Scribble+1","Headbutt","Demon Form"],"picked":"Singing Bowl","floor":38},{"not_picked":["Shrug It Off","Warcry+1","Pommel Strike"],"picked":"Singing Bowl","floor":39},{"not_picked":["AT_IchimonjiDouble","Heavy Blade+1","Twin Strike"],"picked":"Singing Bowl","floor":40},{"not_picked":["True Grit+1","Pummel","Impervious"],"picked":"Singing Bowl","floor":44},{"not_picked":["conspire:Charge","Blood for Blood","Hemokinesis+1"],"picked":"Singing Bowl","floor":46},{"not_picked":["Uppercut+1","AT_BodySlamDance","Thunderclap"],"picked":"Singing Bowl","floor":48},{"not_picked":["Anger+1","AT_ManFootWork","Spot Weakness"],"picked":"SKIP","floor":54}],"player_experience":20635,"relics_obtained":[{"floor":3,"key":"AT_SilverBalance"},{"floor":3,"key":"Ancient Tea Set"},{"floor":7,"key":"conspire:BottledYoYo"},{"floor":10,"key":"ShirouKen"},{"floor":12,"key":"Mercury Hourglass"},{"floor":14,"key":"Boot"},{"floor":20,"key":"Enchiridion"},{"floor":23,"key":"GodSword7"},{"floor":23,"key":"AT_BellDemon"},{"floor":26,"key":"EdensBlessing"},{"floor":28,"key":"Ccalipers"},{"floor":28,"key":"AT_BellowingDragoncrestRing"},{"floor":29,"key":"AT_Manta"},{"floor":30,"key":"GuppysTail"},{"floor":30,"key":"ZombieArmy"},{"floor":40,"key":"MawBank"},{"floor":40,"key":"aspiration:ChemicalBlood"},{"floor":43,"key":"DeathBook"},{"floor":44,"key":"Ginger"},{"floor":44,"key":"Whetstone"},{"floor":45,"key":"conspire:Flyswatter"},{"floor":46,"key":"AT_MibuBalloonWealth"},{"floor":46,"key":"AT_SpeedBoots"},{"floor":48,"key":"BookofShadows"},{"floor":48,"key":"Charon\u0027s Ashes"},{"floor":54,"key":"conspire:Dentures"},{"floor":54,"key":"GodSword3"}],"event_choices":[{"damage_healed":0,"gold_gain":0,"player_choice":"Fight","damage_taken":0,"max_hp_gain":0,"max_hp_loss":0,"event_name":"HidenRoomEvent","floor":3,"gold_loss":0},{"cards_removed":["Strike_R"],"damage_healed":0,"gold_gain":0,"player_choice":"Card Removal","damage_taken":7,"max_hp_gain":0,"max_hp_loss":0,"event_name":"Golden Wing","floor":11,"gold_loss":0},{"damage_healed":0,"gold_gain":0,"player_choice":"Obtained Book","damage_taken":16,"max_hp_gain":0,"max_hp_loss":0,"event_name":"Cursed Tome","floor":20,"gold_loss":0},{"damage_healed":0,"gold_gain":0,"player_choice":"Cursed","damage_taken":0,"max_hp_gain":0,"max_hp_loss":0,"event_name":"Wheel of Change","floor":42,"gold_loss":0,"cards_obtained":["Decay"]}],"is_beta":false,"boss_relics":[{"not_picked":["REME_ChargedStone","conspire:SeveredTorchhead"],"picked":"Black Star"},{"not_picked":[]},{"not_picked":["RedLine:ReiMu","conspire:SlowCooker"],"picked":"Sozu"},{"not_picked":[]}],"items_purged_floors":[25,41,41,41,41,41,41,41,41,41,41,41,41,41,41,53,53,53,53,53,53,53,53,53],"is_endless":false,"potions_floor_spawned":[1,3,5,10,10,14,14,16,18,19,28,28,30,33,35,37,39,40,44,44,48],"killed_by":"The Heart","ascension_level":0}}