{"host":"agbyy69nq62afhwx","time":1611415039,"event":{"mods":["BaseMod","Colored Map","DeckTracker","Highlight Path","Keyboard Shortcuts","Minty Spire (QoL Compilation)","Quick Restart","StSLib","SuperFastMode","everything is the same but u backflip on backflip"],"gold_per_floor":[116,86,46,56,74,74,109,109,109,136,167,21,21,36,36,140,140,153,153,180,32,59,84,84,97,149,149,6,6,22,33,33,135,135,148,148,166,66,66,66,97,97,143,193,204,24,24,24,24,24],"floor_reached":51,"language":"KOR","playtime":1561,"items_purged":["Strike_P","Defend_P"],"score":1191,"play_id":"bcd276d0-a3ab-4aa5-8944-3ac613eb4184","local_time":"20210124001719","is_ascension_mode":true,"campfire_choices":[{"data":"Eruption","floor":6.0,"key":"SMITH"},{"data":"Adaptation","floor":8.0,"key":"SMITH"},{"data":"Prostrate","floor":15.0,"key":"SMITH"},{"floor":24,"key":"REST"},{"floor":27,"key":"REST"},{"data":"Body Slam","floor":29,"key":"SMITH"},{"floor":32,"key":"REST"},{"data":"ForeignInfluence","floor":40,"key":"SMITH"},{"floor":42,"key":"REST"},{"floor":47,"key":"REST"},{"floor":49,"key":"REST"}],"circlet_count":0,"master_deck":["AscendersBane","Strike_P","Defend_P","Defend_P","Eruption+1","Vigilance+1","Sanctity+1","Adaptation+1","ReachHeaven","Prostrate","FollowUp","Evaluate","Prostrate+1","Dagger Spray","After Image","Pummel","BattleHymn","ForeignInfluence+1","Body Slam+1","Conserve Battery","Study","CurseOfTheBell","LikeWater+1","Dark Shackles","WaveOfTheHand+1","Reprogram","Flash of Steel"],"relics":["Philosopher\u0027s Stone","Pear","Nunchaku","WingedGreaves","Bronze Scales","PrismaticShard","Runic Pyramid","Red Mask","Medical Kit","War Paint","PreservedInsect","Centennial Puzzle","Calling Bell","Dream Catcher","Mummified Hand","Mango","Singing Bowl","Vajra","StoneCalendar"],"acts_visited":["Exordium","TheCity","TheBeyond"],"potions_floor_usage":[23,46,50],"damage_taken":[{"damage":3.0,"enemies":"Jaw Worm","floor":1.0,"turns":5.0},{"damage":0.0,"enemies":"Cultist","floor":4.0,"turns":3.0},{"damage":4.0,"enemies":"2 Louse","floor":5.0,"turns":4.0},{"damage":3.0,"enemies":"Gremlin Nob","floor":7.0,"turns":3.0},{"damage":8.0,"enemies":"Lagavulin","floor":10.0,"turns":4.0},{"damage":11.0,"enemies":"Gremlin Nob","floor":11.0,"turns":3.0},{"damage":3.0,"enemies":"2 Fungi Beasts","floor":14.0,"turns":3.0},{"damage":39.0,"enemies":"The Guardian","floor":16.0,"turns":9.0},{"damage":9.0,"enemies":"Shell Parasite","floor":18.0,"turns":4.0},{"damage":37.0,"enemies":"Masked Bandits","floor":20.0,"turns":4.0},{"damage":10,"enemies":"Slavers","floor":23,"turns":5},{"damage":5,"enemies":"Chosen","floor":25,"turns":3},{"damage":7,"enemies":"Shelled Parasite and Fungi","floor":30,"turns":3},{"damage":6,"enemies":"3 Cultists","floor":31,"turns":4},{"damage":24,"enemies":"Collector","floor":33,"turns":5},{"damage":4,"enemies":"3 Darklings","floor":35,"turns":3},{"damage":1,"enemies":"Orb Walker","floor":37,"turns":3},{"damage":28,"enemies":"Reptomancer","floor":41,"turns":5},{"damage":40,"enemies":"Mind Bloom Boss Battle","floor":44,"turns":4},{"damage":3,"enemies":"Sphere and 2 Shapes","floor":45,"turns":5},{"damage":48,"enemies":"Time Eater","floor":50,"turns":5}],"seed_played":"4366928786896669761","potions_obtained":[{"floor":1.0,"key":"LiquidBronze"},{"floor":2.0,"key":"DistilledChaos"},{"floor":16.0,"key":"ColorlessPotion"},{"floor":23,"key":"CultistPotion"}],"is_trial":false,"path_per_floor":["M","?","$","M","M","R","E","R","T","E","E","$","?","M","R","B",null,"M","?","?","$","T","E","R","M","T","R","$","R","M","M","R","B",null,"M","?","M","$","?","R","E","R","T","?","M","$","R","$","R","B",null],"character_chosen":"WATCHER","items_purchased":["Adaptation","PrismaticShard","Medical Kit","Study","Flash of Steel","Fruit Juice"],"campfire_rested":6,"item_purchase_floors":[3,12,21,28,46,46],"current_hp_per_floor":[62,62,62,62,58,58,65,65,65,57,46,46,46,43,43,4,63,54,54,17,17,17,7,31,26,26,50,50,50,43,37,61,37,85,81,71,70,70,70,70,44,73,73,33,30,35,67,67,99,51],"gold":24,"neow_bonus":"BOSS_RELIC","is_daily":false,"chose_seed":false,"campfire_upgraded":5,"win_rate":0.0,"timestamp":1611415039,"path_taken":["M","?","?","M","?","R","E","R","T","E","E","$","?","M","R","BOSS","M","?","?","$","?","E","R","M","T","R","$","R","M","?","R","BOSS","M","?","M","$","?","R","E","R","T","?","M","?","R","$","R","BOSS"],"items_purchased_type":["Card","Relic","Relic","Card","Card","Potion"],"build_version":"2020-12-22","purchased_purges":2,"victory":true,"max_hp_per_floor":[72,72,72,72,72,72,82,82,82,82,82,82,82,82,82,82,82,82,82,82,82,82,82,82,82,82,82,82,82,82,82,82,82,96,96,96,96,96,91,91,93,95,95,95,95,100,102,102,104,104],"card_choices":[{"not_picked":["CrushJoints","Vengeance"],"picked":"Sanctity","floor":1.0},{"not_picked":["EmptyFist","WreathOfFlame"],"picked":"ReachHeaven","floor":4.0},{"not_picked":["CutThroughFate","Worship"],"picked":"Prostrate","floor":5.0},{"not_picked":["SignatureMove","Perseverance"],"picked":"FollowUp","floor":7.0},{"not_picked":["Indignation","Consecrate"],"picked":"Evaluate","floor":10.0},{"not_picked":["Consecrate","SashWhip"],"picked":"Prostrate","floor":11.0},{"not_picked":["Dash","Genetic Algorithm"],"picked":"Dagger Spray","floor":14.0},{"not_picked":["Sadistic Nature","Core Surge"],"picked":"After Image","floor":16.0},{"not_picked":["Halt","Dagger Spray"],"picked":"Pummel","floor":18.0},{"not_picked":["Turbo","Acrobatics"],"picked":"Body Slam","floor":20.0},{"not_picked":["EmptyMind","Headbutt","Steam"],"picked":"SKIP","floor":23},{"not_picked":["Deflect","Havoc+1"],"picked":"Conserve Battery","floor":25},{"not_picked":["Reinforced Body","Infinite Blades","PanicButton"],"picked":"SKIP","floor":30},{"not_picked":["Pray","Self Repair","Mind Blast"],"picked":"SKIP","floor":31},{"not_picked":["JustLucky","Bane+1"],"picked":"LikeWater+1","floor":35},{"not_picked":["Discovery","HandOfGreed"],"picked":"Dark Shackles","floor":36},{"not_picked":["Rebound","Blade Dance","Jack Of All Trades+1"],"picked":"SKIP","floor":37},{"not_picked":["Crippling Poison","Burning Pact+1","Footwork"],"picked":"Singing Bowl","floor":41},{"not_picked":["ClearTheMind","WreathOfFlame","FTL+1"],"picked":"Singing Bowl","floor":42},{"not_picked":["Dodge and Roll","FlyingSleeves"],"picked":"WaveOfTheHand+1","floor":44},{"not_picked":["Madness","Hemokinesis"],"picked":"Reprogram","floor":45},{"not_picked":["Barrage+1","Wild Strike","Blade Dance"],"picked":"Singing Bowl","floor":47},{"not_picked":["Gash","PathToVictory","CrushJoints"],"picked":"Singing Bowl","floor":49}],"player_experience":450865,"relics_obtained":[{"floor":7.0,"key":"Pear"},{"floor":9.0,"key":"Nunchaku"},{"floor":10.0,"key":"WingedGreaves"},{"floor":11.0,"key":"Bronze Scales"},{"floor":20.0,"key":"Red Mask"},{"floor":22.0,"key":"War Paint"},{"floor":23,"key":"PreservedInsect"},{"floor":26,"key":"Centennial Puzzle"},{"floor":34,"key":"Dream Catcher"},{"floor":34,"key":"Mummified Hand"},{"floor":34,"key":"Mango"},{"floor":41,"key":"Singing Bowl"},{"floor":43,"key":"Vajra"},{"floor":44,"key":"StoneCalendar"}],"event_choices":[{"damage_healed":0.0,"max_hp_gain":0.0,"max_hp_loss":0.0,"gold_gain":0.0,"event_name":"The Woman in Blue","player_choice":"Bought 2 Potions","floor":2.0,"gold_loss":0.0,"damage_taken":0.0},{"cards_removed":["Strike_P"],"damage_healed":0.0,"max_hp_gain":0.0,"max_hp_loss":0.0,"gold_gain":0.0,"event_name":"Living Wall","player_choice":"Forget","floor":13.0,"gold_loss":0.0,"damage_taken":0.0},{"damage_healed":0.0,"max_hp_gain":0.0,"max_hp_loss":0.0,"gold_gain":0.0,"cards_transformed":["Strike_P","Defend_P"],"event_name":"Drug Dealer","player_choice":"Became Test Subject","floor":19.0,"gold_loss":0.0,"damage_taken":0.0,"cards_obtained":["BattleHymn","ForeignInfluence"]},{"damage_healed":0.0,"max_hp_gain":0.0,"max_hp_loss":0.0,"gold_gain":0.0,"event_name":"Masked Bandits","player_choice":"Fought Bandits","floor":20.0,"gold_loss":0.0,"damage_taken":0.0},{"damage_healed":0,"gold_gain":0,"player_choice":"Memory 3","damage_taken":10,"max_hp_gain":0,"max_hp_loss":0,"event_name":"SensoryStone","floor":36,"gold_loss":0},{"damage_healed":0,"gold_gain":0,"player_choice":"Max HP","damage_taken":0,"max_hp_gain":0,"max_hp_loss":5,"event_name":"Winding Halls","floor":39,"gold_loss":0},{"damage_healed":0,"gold_gain":0,"player_choice":"Fight","damage_taken":0,"max_hp_gain":0,"max_hp_loss":0,"event_name":"MindBloom","floor":44,"gold_loss":0}],"is_beta":false,"boss_relics":[{"not_picked":["SlaversCollar","Snecko Eye"],"picked":"Runic Pyramid"},{"not_picked":["Cursed Key","Astrolabe"],"picked":"Calling Bell"}],"items_purged_floors":[28,38],"is_endless":false,"potions_floor_spawned":[1,7,14,16,23,25,30,41,45],"ascension_level":12}}