{"host":"r6ixdbpnwahtqyu3","time":1611369892,"event":{"mods":["BaseMod","CapriCore","Colored Map","Friendly Minions","Koishi","Marisa（霧雨　魔理沙）","Minty Spire (QoL Compilation)","Remilia（蕾米莉?）","StSLib","The Immortal","The Servant 0.9.4"],"gold_per_floor":[111,125,140,150,150,150,150,150],"floor_reached":7,"language":"ENG","playtime":329,"items_purged":[],"score":60,"play_id":"9bbd024a-a6a7-45b2-aa2d-368f8dd8ccf4","local_time":"20210122214452","is_ascension_mode":true,"campfire_choices":[{"data":"Koishi:HauntingSlash","floor":6,"key":"SMITH"}],"circlet_count":0,"master_deck":["Koishi:BasicStrike","Koishi:BasicStrike","Koishi:BasicStrike","Koishi:BasicStrike","Koishi:BasicDefend","Koishi:BasicDefend","Koishi:BasicDefend","Koishi:BasicDefend","Koishi:Provoke","Koishi:HauntingSlash+1","Koishi:ParalyzingFear","Koishi:CatchAndRose"],"relics":["Koishi:ImaginaryFriend","Regal Pillow"],"acts_visited":["Exordium"],"potions_floor_usage":[],"damage_taken":[{"damage":11,"enemies":"Jaw Worm","floor":1,"turns":5},{"damage":0,"enemies":"Small Slimes","floor":2,"turns":5},{"damage":1,"enemies":"2 Louse","floor":3,"turns":3},{"damage":5,"enemies":"2 Fungi Beasts","floor":4,"turns":4},{"damage":43,"enemies":"3 Sentries","floor":7,"turns":9}],"seed_played":"-4227782600738928957","potions_obtained":[{"floor":3,"key":"Energy Potion"}],"is_trial":false,"path_per_floor":["M","M","M","M","?","R","E"],"character_chosen":"KOISHI","items_purchased":[],"campfire_rested":0,"item_purchase_floors":[],"current_hp_per_floor":[52,54,54,51,39,39,0,0],"gold":150,"neow_bonus":"TEN_PERCENT_HP_BONUS","is_daily":false,"chose_seed":false,"campfire_upgraded":1,"win_rate":0.0,"timestamp":1611369892,"path_taken":["M","M","M","M","?","R","E"],"items_purchased_type":[],"build_version":"2020-12-22","purchased_purges":0,"victory":false,"max_hp_per_floor":[66,66,66,66,66,66,66,66],"card_choices":[{"not_picked":["Koishi:PhantomStrike","Koishi:PhilosophyOfTheDespised","Koishi:DanmakuParanoia"],"picked":"SKIP","floor":1},{"not_picked":["Koishi:Jaunt","Koishi:StingingMind"],"picked":"Koishi:ParalyzingFear","floor":2},{"not_picked":["Koishi:FleetingPhantom","Koishi:FreudianInstinct","Koishi:ReflexRadar"],"picked":"SKIP","floor":3},{"not_picked":["Koishi:TremblingHands","Koishi:FourthEye"],"picked":"Koishi:CatchAndRose","floor":4}],"player_experience":390643,"relics_obtained":[],"event_choices":[{"damage_healed":0,"gold_gain":0,"player_choice":"Success","damage_taken":12,"relics_obtained":["Regal Pillow"],"max_hp_gain":0,"max_hp_loss":0,"event_name":"Scrap Ooze","floor":5,"gold_loss":0}],"is_beta":false,"boss_relics":[],"items_purged_floors":[],"is_endless":false,"potions_floor_spawned":[3],"killed_by":"3 Sentries","ascension_level":8}}