{"host":"haq22x9zdvtvc76a","time":1611436633,"event":{"mods":["BaseMod","Downfall","Minty Spire (QoL Compilation)","StSLib"],"gold_per_floor":[349,349,363,375,198,198,198,228,28,42,58,83,83,103,120,219,219,119,79,79,64,81,116,116,126,126,151,151,178,190,208,226,324,324,324,324,172,272,284,313,313,313,332,28,53,73,73,103,119,119,119,152,32,32,32,32,32,32],"floor_reached":56,"language":"ENG","playtime":9578,"items_purged":["bronze:Strike","bronze:Strike"],"score":974,"play_id":"04542811-1fcd-429c-925a-a00362514abb","local_time":"20210123161713","is_ascension_mode":true,"campfire_choices":[{"floor":1.0,"key":"RECALL"},{"data":"bronze:Hardcode","floor":9.0,"key":"SMITH"},{"data":"bronze:MaxOutput","floor":13.0,"key":"SMITH"},{"data":"bronze:MaxOutput","floor":18.0,"key":"SMITH"},{"floor":28.0,"key":"REST"},{"data":"bronze:Verify","floor":35.0,"key":"SMITH"},{"data":"bronze:AlphaBuild","floor":42.0,"key":"SMITH"},{"data":"bronze:Library","floor":47.0,"key":"SMITH"},{"data":"bronze:Repulsor","floor":54,"key":"SMITH"}],"circlet_count":0,"master_deck":["bronze:Strike","bronze:Defend","bronze:Defend","bronze:Defend","bronze:Defend","bronze:Replicate+1","bronze:Goto+1","bronze:MaxOutput+1","bronze:Refactor","bronze:MaxOutput+1","bronze:CutThrough","bronze:FunctionCard","bronze:Branch","bronze:BuggyMess","bronze:ChosenStrike","bronze:Allocate","bronze:Library+1","bronze:Turbo","bronze:Constructor","bronze:AlphaBuild+1","bronze:ForLoop+1","bronze:Shell+1","bronze:Repulsor+1","bronze:FunctionCard","bronze:Turbo+1","bronze:Repair+1","bronze:Verify+1","bronze:Separator+1","bronze:ForceShield+1","bronze:Verify","bronze:ItsAFeature+1","bronze:InfiniteLoop"],"relics":["bronze:PlatinumCore","Strawberry","Bottled Tornado","downfall:HeartBlessingRed","downfall:HeartBlessingBlue","Sundial","Sozu","downfall:HeartBlessingGreen","Mummified Hand","Omamori","Happy Flower","CaptainsWheel","Nunchaku","Bottled Lightning","downfall:GremlinWheel","Unceasing Top","HornCleat","Membership Card","Blood Vial","PreservedInsect","InkBottle","Letter Opener","Pear","bronze:CableSpool"],"acts_visited":["Exordium","TheCity","TheBeyond","TheEnding"],"potions_floor_usage":[],"damage_taken":[{"damage":0.0,"enemies":"Small Slimes","floor":3.0,"turns":4.0},{"damage":1.0,"enemies":"Cultist","floor":4.0,"turns":3.0},{"damage":0.0,"enemies":"downfall:FleeingMerchant","floor":5.0,"turns":4.0},{"damage":9.0,"enemies":"3 Sentries","floor":8.0,"turns":7.0},{"damage":6.0,"enemies":"Jaw Worm","floor":10.0,"turns":3.0},{"damage":4.0,"enemies":"Exordium Wildlife","floor":11.0,"turns":2.0},{"damage":21.0,"enemies":"Lagavulin","floor":12.0,"turns":6.0},{"damage":0.0,"enemies":"Exordium Thugs","floor":14.0,"turns":3.0},{"damage":0.0,"enemies":"3 Louse","floor":15.0,"turns":2.0},{"damage":7.0,"enemies":"DF_ARCHETYPE_STREAMLINE","floor":16.0,"turns":6.0},{"damage":0.0,"enemies":"downfall:FleeingMerchant","floor":19.0,"turns":4.0},{"damage":3.0,"enemies":"downfall:FleeingMerchant","floor":21.0,"turns":4.0},{"damage":0.0,"enemies":"3 Byrds","floor":22.0,"turns":3.0},{"damage":15.0,"enemies":"Gremlin Leader","floor":23.0,"turns":4.0},{"damage":12.0,"enemies":"Shelled Parasite and Fungi","floor":25.0,"turns":3.0},{"damage":14.0,"enemies":"Slavers","floor":27.0,"turns":3.0},{"damage":65.0,"enemies":"Gremlin Leader","floor":29.0,"turns":7.0},{"damage":6.0,"enemies":"Snake Plant","floor":30.0,"turns":2.0},{"damage":3.0,"enemies":"Snecko","floor":31.0,"turns":5.0},{"damage":0.0,"enemies":"Shelled Parasite and Fungi","floor":32.0,"turns":2.0},{"damage":10.0,"enemies":"IC_MUSHROOM_ARCHETYPE","floor":33.0,"turns":7.0},{"damage":0.0,"enemies":"downfall:FleeingMerchant","floor":37.0,"turns":2.0},{"damage":0.0,"enemies":"downfall:FleeingMerchant","floor":38.0,"turns":2.0},{"damage":0.0,"enemies":"Orb Walker","floor":39.0,"turns":2.0},{"damage":18.0,"enemies":"Nemesis","floor":40.0,"turns":9.0},{"damage":0.0,"enemies":"3 Darklings","floor":43.0,"turns":5.0},{"damage":0.0,"enemies":"Giant Head","floor":45.0,"turns":6.0},{"damage":0.0,"enemies":"4 Shapes","floor":46.0,"turns":4.0},{"damage":0.0,"enemies":"Reptomancer","floor":48.0,"turns":4.0},{"damage":0.0,"enemies":"Spire Growth","floor":49.0,"turns":2.0},{"damage":38.0,"enemies":"WA_ARCHETYPE_DIVINITY","floor":50.0,"turns":10.0},{"damage":0,"enemies":"downfall:CharBossMerchant","floor":52,"turns":7},{"damage":24,"enemies":"downfall:NeowBoss","floor":55,"turns":15},{"damage":84,"enemies":"downfall:NeowBossFinal","floor":56,"turns":5}],"seed_played":"7477651892647296478","potions_obtained":[{"floor":8.0,"key":"bronze:BuildAFunctionPotion"},{"floor":10.0,"key":"FairyPotion"},{"floor":12.0,"key":"Slimebound:ThreeZeroPotion"},{"floor":14.0,"key":"Block Potion"}],"is_trial":false,"path_per_floor":["R","?","M","M","$","T","T","E","R","M","M","E","R","M","M","B",null,"R","$","?","$","M","E","T","M","?","E","R","E","M","M","M","B",null,"R","?","$","?","M","E","T","R","M","$","E","M","R","E","M","B",null,"E","$","R","B","B"],"character_chosen":"THE_AUTOMATON","items_purchased":["bronze:MaxOutput","bronze:CutThrough","bronze:Constructor","Nunchaku","Bottled Lightning","Membership Card","Blood Vial","PreservedInsect","bronze:CableSpool"],"campfire_rested":1,"item_purchase_floors":[5,5,19,37,37,44,44,44,53],"current_hp_per_floor":[63,63,63,62,62,62,69,60,70,64,60,39,39,39,39,32,80,80,80,80,77,77,62,62,50,50,36,60,24,18,15,15,15,80,80,80,80,80,80,62,62,80,80,80,80,80,80,80,80,52,80,90,90,90,66,0,0,0],"gold":32,"neow_bonus":"TWO_FIFTY_GOLD","is_daily":false,"chose_seed":false,"campfire_upgraded":7,"win_rate":0.0,"timestamp":1611436633,"path_taken":["R","?","?","M","$","?","T","E","R","M","M","E","R","?","M","BOSS","R","$","?","$","M","E","T","M","?","E","R","E","M","?","M","BOSS","R","?","$","?","?","E","T","R","M","?","E","M","R","E","M","BOSS","E","$","R","BOSS","BOSS"],"items_purchased_type":["Card","Card","Card","Relic","Relic","Relic","Relic","Relic","Relic"],"build_version":"2020-12-22","purchased_purges":2,"victory":false,"max_hp_per_floor":[63,63,63,63,63,63,70,70,80,80,80,80,80,80,80,80,80,80,80,80,80,80,80,80,80,80,80,80,80,80,80,80,80,80,80,80,80,80,80,80,80,80,80,80,80,80,80,80,80,80,80,90,90,90,90,90,90,90],"card_choices":[{"not_picked":["bronze:Overheat","bronze:DigitalCarnage"],"picked":"bronze:MaxOutput","floor":3.0},{"not_picked":["bronze:Deprecate","bronze:OilSpill","bronze:Shield"],"picked":"SKIP","floor":4.0},{"not_picked":["bronze:ClassDefault","bronze:Overheat"],"picked":"bronze:Refactor","floor":5.0},{"not_picked":["bronze:MaxOutput","bronze:CloningBeam"],"picked":"bronze:Hardcode","floor":8.0},{"not_picked":["bronze:Flail","bronze:WildBeam"],"picked":"bronze:Branch","floor":10.0},{"not_picked":["bronze:Iterate","bronze:Overheat"],"picked":"bronze:BuggyMess","floor":11.0},{"not_picked":["bronze:WildBeam","bronze:Return"],"picked":"bronze:ChosenStrike","floor":12.0},{"not_picked":["bronze:Invalidate","bronze:OilSpill","bronze:DarkDash"],"picked":"SKIP","floor":14.0},{"not_picked":["bronze:ChildClass","bronze:BitShift"],"picked":"bronze:Allocate","floor":15.0},{"not_picked":["bronze:Assembly","bronze:InfiniteLoop"],"picked":"bronze:Library","floor":16.0},{"not_picked":["bronze:DelayedSlice","bronze:Branch"],"picked":"bronze:Turbo","floor":19.0},{"not_picked":["bronze:Separator","bronze:Flail+1","bronze:FineTuning"],"picked":"SKIP","floor":21.0},{"not_picked":["bronze:Branch","bronze:NullPointer","bronze:Invalidate+1"],"picked":"SKIP","floor":22.0},{"not_picked":["bronze:BronzeArmor","bronze:CutThrough"],"picked":"bronze:AlphaBuild","floor":23.0},{"not_picked":["bronze:Repair","bronze:Branch"],"picked":"bronze:ForLoop+1","floor":25.0},{"not_picked":["bronze:Overheat","bronze:BuggyMess"],"picked":"bronze:Shell+1","floor":27.0},{"not_picked":["bronze:Shield","bronze:Iterate"],"picked":"bronze:Repulsor","floor":29.0},{"not_picked":["bronze:FineTuning","bronze:Terminator"],"picked":"bronze:Hardcode","floor":30.0},{"not_picked":["bronze:ChosenStrike","bronze:Deprecate+1"],"picked":"bronze:Turbo+1","floor":31.0},{"not_picked":["bronze:Iterate","bronze:Overheat+1"],"picked":"bronze:Repair+1","floor":32.0},{"not_picked":["bronze:TinkerersToolbox","bronze:Virus"],"picked":"bronze:Verify","floor":33.0},{"not_picked":["bronze:DelayedSlice","bronze:CutThrough+1"],"picked":"bronze:Separator+1","floor":37.0},{"not_picked":["bronze:GetLatest","bronze:ForLoop"],"picked":"bronze:ForceShield+1","floor":39.0},{"not_picked":["bronze:FollowUp+1","bronze:Constructor+1"],"picked":"bronze:Verify","floor":40.0},{"not_picked":["bronze:Invalidate+1","bronze:BuggyMess","bronze:Separator+1"],"picked":"SKIP","floor":43.0},{"not_picked":["bronze:Invalidate","bronze:DigitalCarnage+1"],"picked":"bronze:ItsAFeature+1","floor":45.0},{"not_picked":["bronze:WhirlingStrike+1","bronze:Shield","bronze:BitShift+1"],"picked":"SKIP","floor":46.0},{"not_picked":["bronze:Turbo+1","bronze:FineTuning"],"picked":"bronze:InfiniteLoop","floor":48.0},{"not_picked":["bronze:OilSpill","bronze:BitShift","bronze:Iterate"],"picked":"SKIP","floor":49.0},{"not_picked":["bronze:DelayedSlice","bronze:Philosophize","bronze:DelayedGuard"],"picked":"SKIP","floor":52}],"player_experience":1652353,"relics_obtained":[{"floor":7.0,"key":"Strawberry"},{"floor":8.0,"key":"Bottled Tornado"},{"floor":12.0,"key":"Sundial"},{"floor":23.0,"key":"Mummified Hand"},{"floor":24.0,"key":"Omamori"},{"floor":27.0,"key":"Happy Flower"},{"floor":29.0,"key":"CaptainsWheel"},{"floor":38.0,"key":"downfall:GremlinWheel"},{"floor":40.0,"key":"Unceasing Top"},{"floor":41.0,"key":"HornCleat"},{"floor":45.0,"key":"InkBottle"},{"floor":48.0,"key":"Letter Opener"},{"floor":52,"key":"Pear"}],"event_choices":[{"damage_healed":0.0,"max_hp_gain":0.0,"max_hp_loss":0.0,"gold_gain":0.0,"event_name":"Vampires","player_choice":"Ignored","floor":20.0,"gold_loss":0.0,"damage_taken":0.0},{"damage_healed":18.0,"max_hp_gain":0.0,"max_hp_loss":0.0,"gold_gain":0.0,"event_name":"Wheel of Change","player_choice":"Full Heal","floor":42.0,"gold_loss":0.0,"damage_taken":0.0}],"is_beta":false,"boss_relics":[{"not_picked":["Busted Crown","Black Star"],"picked":"Sozu"},{"not_picked":["Calling Bell","Coffee Dripper"],"picked":"bronze:PlatinumCore"}],"items_purged_floors":[5,37],"is_endless":false,"potions_floor_spawned":[8,10,12,14,15,22,23,25,27,30,40,45,46,48,49],"killed_by":"downfall:NeowBossFinal","ascension_level":1}}