{"host":"qnw6fh3z6mhgqap2","time":1611445576,"event":{"mods":["BaseMod","Downfall","Minty Spire (QoL Compilation)","Quick Restart","Replay The Spire","StSLib","SuperFastMode"],"gold_per_floor":[184,201,201,201,201,201,201,201,32,51,78,95,109,120,131,226,226,226,246,246,246,156,189,189,89,100,100,113,130,130,163,177,272,272,272,284,337,1336,1348,1360,1383,1383,1383,1383],"floor_reached":42,"language":"ENG","playtime":3431,"items_purged":["hexamod:Defend"],"score":513,"play_id":"a8a0e32d-a8b4-4d6d-827e-64dad8ea07b5","local_time":"20210124004616","is_ascension_mode":false,"campfire_choices":[{"data":"hexamod:GhostflameBarrier","floor":6,"key":"SMITH"},{"floor":8,"key":"RECALL"},{"data":"hexamod:Float","floor":18,"key":"SMITH"},{"data":"hexamod:WildfireWeapon","floor":25,"key":"SMITH"},{"floor":30,"key":"REST"},{"floor":35,"key":"DIG"}],"circlet_count":0,"master_deck":["hexamod:Strike","hexamod:Strike","hexamod:Defend","hexamod:Defend","hexamod:Sear","hexamod:Float+1","hexamod:GhostflameBarrier+1","hexamod:ThermalTransfer","hexamod:GhostOfSpirePast+1","hexamod:Again+1","hexamod:WildfireWeapon+1","hexamod:ChargedBarrage+1","hexamod:StepThrough","hexamod:SkipABeat+1","hexamod:BurningTouch+1","hexamod:InspiringFlames+1","hexamod:SkipABeat+1","hexamod:UnlimitedPower+1","hexamod:SpectralAdrenaline+1","hexamod:RecurringNightmare+1","hexamod:NightmareGuise+1","hexamod:EtherealExpedition+1","hexamod:TimeOfNeed+1","hexamod:HeatShield+1","hexamod:ParanormalForm+1","hexamod:GhostOfSpirePast+1","hexamod:Again+1","hexamod:RecurringNightmare+1"],"relics":["hexamod:UnbrokenSoul","Toxic Egg 2","Bottled Lightning","Replay:Grab Bag","Sozu","hexamod:IceCube","Black Star","Simple Rune","Art of War","downfall:HeartBlessingGreen","Pet Ghost","Ancient Tea Set","Golden Egg","Garlic","Omamori","CeramicFish"],"acts_visited":["Exordium","TheCity","TheBeyond"],"potions_floor_usage":[23],"damage_taken":[{"damage":0,"enemies":"2 Louse","floor":2,"turns":4},{"damage":0,"enemies":"downfall:FleeingMerchant","floor":9,"turns":4},{"damage":2,"enemies":"Jaw Worm","floor":10,"turns":3},{"damage":29,"enemies":"3 Sentries","floor":11,"turns":14},{"damage":0,"enemies":"Small Slimes","floor":12,"turns":4},{"damage":0,"enemies":"Exordium Thugs","floor":13,"turns":3},{"damage":0,"enemies":"2 Fungi Beasts","floor":14,"turns":5},{"damage":0,"enemies":"Blue Slaver","floor":15,"turns":3},{"damage":34,"enemies":"DF_ARCHETYPE_STREAMLINE","floor":16,"turns":9},{"damage":0,"enemies":"Spheric Guardian","floor":19,"turns":3},{"damage":2,"enemies":"downfall:FleeingMerchant","floor":22,"turns":4},{"damage":15,"enemies":"Book of Stabbing","floor":23,"turns":4},{"damage":0,"enemies":"Shell Parasite","floor":26,"turns":3},{"damage":1,"enemies":"Cultist and Chosen","floor":28,"turns":4},{"damage":0,"enemies":"Snake Plant","floor":29,"turns":3},{"damage":0,"enemies":"Replay:Snechameleon","floor":31,"turns":4},{"damage":5,"enemies":"Centurion and Healer","floor":32,"turns":4},{"damage":47,"enemies":"SI_MIRROR_ARCHETYPE","floor":33,"turns":12},{"damage":7,"enemies":"3 Darklings","floor":36,"turns":5},{"damage":47,"enemies":"3 Shapes","floor":39,"turns":4},{"damage":22,"enemies":"Writhing Mass","floor":40,"turns":5}],"seed_played":"3196792045896466146","potions_obtained":[{"floor":10,"key":"Weak Potion"},{"floor":11,"key":"champ:CounterPotion"},{"floor":12,"key":"PowerPotion"}],"is_trial":false,"path_per_floor":["R","M","?","?","?","R","T","R","$","M","E","M","M","M","M","B",null,"R","M","?","?","$","E","T","R","M","T","M","M","R","E","M","B",null,"R","M","?","?","M","M","T","?"],"character_chosen":"THE_SPIRIT","items_purchased":["hexamod:WildfireWeapon"],"campfire_rested":1,"item_purchase_floors":[9],"current_hp_per_floor":[70,70,75,75,75,75,75,75,75,73,44,44,44,44,44,10,75,75,75,75,61,59,44,44,44,44,44,43,43,67,67,62,15,80,80,73,73,73,26,4,4,0,0,0],"gold":1383,"neow_bonus":"TRANSFORM_CARD","is_daily":false,"chose_seed":false,"campfire_upgraded":3,"win_rate":0.0,"timestamp":1611445576,"path_taken":["R","M","?","?","?","R","T","R","?","M","E","M","M","M","M","BOSS","R","M","?","?","$","E","T","R","M","?","M","M","R","E","M","BOSS","R","M","?","?","M","M","T","?"],"items_purchased_type":["Card"],"build_version":"2020-12-22","purchased_purges":1,"victory":false,"max_hp_per_floor":[70,70,75,75,75,75,75,75,75,75,75,75,75,75,75,75,75,75,75,75,80,80,80,80,80,80,80,80,80,80,80,80,80,80,80,80,80,80,80,80,80,80,80,80],"card_choices":[{"not_picked":["hexamod:BurningTouch","hexamod:AdvancingGuard"],"picked":"hexamod:ThermalTransfer","floor":2},{"not_picked":["hexamod:Firestarter","hexamod:HeatCrush"],"picked":"hexamod:Again+1","floor":9},{"not_picked":["hexamod:FifthSeal","hexamod:ThermalTransfer"],"picked":"hexamod:ChargedBarrage+1","floor":10},{"not_picked":["hexamod:HeatMetal","hexamod:Again+1"],"picked":"hexamod:StepThrough","floor":11},{"not_picked":["hexamod:InspiringFlames+1","hexamod:BurningTouch+1"],"picked":"hexamod:SkipABeat+1","floor":12},{"not_picked":["hexamod:GhostLash","hexamod:SwordOfDarkness"],"picked":"hexamod:BurningTouch+1","floor":13},{"not_picked":["hexamod:HauntingEcho","hexamod:RainOfEmbers"],"picked":"hexamod:InspiringFlames+1","floor":14},{"not_picked":["hexamod:RecurringNightmare+1","hexamod:SwordOfDarkness"],"picked":"hexamod:SkipABeat+1","floor":15},{"not_picked":["hexamod:ParanormalForm","hexamod:SearingWound+1"],"picked":"hexamod:UnlimitedPower+1","floor":16},{"not_picked":["hexamod:HauntingEcho+1","hexamod:Hexaguard+1"],"picked":"hexamod:SpectralAdrenaline+1","floor":19},{"not_picked":["hexamod:BacktrackSmack","hexamod:InspiringFlames+1"],"picked":"hexamod:RecurringNightmare+1","floor":22},{"not_picked":["hexamod:Firestarter","hexamod:GhostflameBarrier+1","hexamod:AdvancingGuard+1"],"picked":"SKIP","floor":23},{"not_picked":["hexamod:Incineration","hexamod:Haunt+1"],"picked":"hexamod:NightmareGuise+1","floor":26},{"not_picked":["hexamod:HauntingEcho","hexamod:ShieldOfDarkness+1","hexamod:GhostLash"],"picked":"SKIP","floor":28},{"not_picked":["hexamod:FifthSeal","hexamod:FirstSeal"],"picked":"hexamod:EtherealExpedition+1","floor":29},{"not_picked":["hexamod:FastForward+1","hexamod:ThirdSeal"],"picked":"hexamod:TimeOfNeed+1","floor":31},{"not_picked":["hexamod:NightmareStrike","hexamod:BacktrackSmack"],"picked":"hexamod:HeatShield+1","floor":32},{"not_picked":["hexamod:TimeWarp","hexamod:WildfireWeapon"],"picked":"hexamod:ParanormalForm","floor":33},{"not_picked":["hexamod:NightmareStrike","hexamod:RecurringNightmare+1"],"picked":"hexamod:GhostOfSpirePast+1","floor":36},{"not_picked":["hexamod:Firestarter","hexamod:HeatMetal"],"picked":"hexamod:Again+1","floor":39},{"not_picked":["hexamod:BurningTouch+1","hexamod:PhantomFireball"],"picked":"hexamod:RecurringNightmare+1","floor":40}],"player_experience":167309,"relics_obtained":[{"floor":7,"key":"Toxic Egg 2"},{"floor":11,"key":"Bottled Lightning"},{"floor":23,"key":"Simple Rune"},{"floor":23,"key":"Art of War"},{"floor":27,"key":"Pet Ghost"},{"floor":31,"key":"Ancient Tea Set"},{"floor":31,"key":"Golden Egg"},{"floor":35,"key":"Garlic"},{"floor":37,"key":"Omamori"},{"floor":41,"key":"CeramicFish"}],"event_choices":[{"damage_healed":0,"gold_gain":0,"player_choice":"Donut","damage_taken":0,"max_hp_gain":5,"max_hp_loss":0,"event_name":"Big Fish","floor":3,"gold_loss":0}],"is_beta":false,"boss_relics":[{"not_picked":["Philosopher\u0027s Stone","Velvet Choker"],"picked":"Replay:Grab Bag"},{"not_picked":["ChewingGum","ReplayTheSpireMod:Onyx Gauntlets"],"picked":"Sozu"},{"not_picked":["ReplayTheSpireMod:DimensionalGlitch","Painkiller Herb"],"picked":"hexamod:IceCube"},{"not_picked":["Astrolabe","Replay:Drink Me"],"picked":"Black Star"},{"not_picked":["Ring of Chaos","Tiny House"],"picked":"hexamod:UnbrokenSoul"}],"items_purged_floors":[22],"is_endless":false,"potions_floor_spawned":[10,11,12,14,16,23,26,39],"ascension_level":0}}