{"host":"344lv32hnei0mdhu","time":1611376103,"event":{"mods":["Act Like it!","BaseMod","Better Match","Better Sensory Stone","Better Skull","Better Third Choice","Better Vampires","Colored Powertips","Highlight Path","Minty Spire (QoL Compilation)","Quick Restart","Random Character Button","Rare Cards Sparkle","StSLib"],"gold_per_floor":[117,117,84,84,100,126,143,169,249,279,279,279,291,54,54,150,150,169,184,184,17,33,33,33],"floor_reached":23,"language":"ENG","playtime":817,"items_purged":[],"score":351,"play_id":"e41c7e8b-f6fc-4d27-9227-b986cb764467","local_time":"20210122222823","is_ascension_mode":true,"campfire_choices":[{"floor":11.0,"key":"REST"},{"data":"Noxious Fumes","floor":15.0,"key":"SMITH"}],"circlet_count":0,"master_deck":["AscendersBane","Strike_G","Strike_G","Strike_G","Strike_G","Strike_G","Defend_G","Defend_G","Defend_G","Defend_G","Defend_G","Survivor","Neutralize+1","Accuracy","Catalyst","Infinite Blades","Noxious Fumes+1","Terror","Cloak And Dagger","Envenom","Bullet Time","Masterful Stab+1","Infinite Blades+1","Noxious Fumes","Blade Dance"],"relics":["Ring of the Snake","NeowsBlessing","The Specimen","PreservedInsect","StoneCalendar","Meat on the Bone","Ancient Tea Set","Sundial","Lee\u0027s Waffle","WristBlade","Membership Card"],"acts_visited":["Exordium","TheCity"],"potions_floor_usage":[],"damage_taken":[{"damage":0.0,"enemies":"Cultist","floor":1.0,"turns":1.0},{"damage":0.0,"enemies":"Jaw Worm","floor":5.0,"turns":1.0},{"damage":0.0,"enemies":"Gremlin Nob","floor":6.0,"turns":1.0},{"damage":11.0,"enemies":"Small Slimes","floor":7.0,"turns":4.0},{"damage":17.0,"enemies":"3 Sentries","floor":8.0,"turns":7.0},{"damage":7.0,"enemies":"Lagavulin","floor":10.0,"turns":7.0},{"damage":19.0,"enemies":"Gremlin Gang","floor":13.0,"turns":4.0},{"damage":20.0,"enemies":"Slime Boss","floor":16.0,"turns":7.0},{"damage":25.0,"enemies":"2 Thieves","floor":18.0,"turns":4.0},{"damage":9.0,"enemies":"Spheric Guardian","floor":19.0,"turns":5.0},{"damage":32.0,"enemies":"3 Cultists","floor":22.0,"turns":5.0},{"damage":43,"enemies":"Book of Stabbing","floor":23,"turns":4}],"seed_played":"2763364029510524746","potions_obtained":[{"floor":6.0,"key":"FairyPotion"},{"floor":7.0,"key":"BlessingOfTheForge"},{"floor":10.0,"key":"Fire Potion"},{"floor":16.0,"key":"Block Potion"}],"is_trial":false,"path_per_floor":["M","?","$","?","M","E","M","E","T","E","R","?","M","$","R","B",null,"M","M","?","$","M","E"],"character_chosen":"THE_SILENT","items_purchased":["Accuracy","Lee\u0027s Waffle","Envenom","Membership Card","Noxious Fumes"],"campfire_rested":1,"item_purchase_floors":[3,14,14,21,21],"current_hp_per_floor":[63,63,63,51,51,51,40,23,23,28,49,49,42,77,77,57,72,47,50,75,75,43,0,0],"gold":33,"neow_bonus":"THREE_ENEMY_KILL","is_daily":false,"chose_seed":false,"campfire_upgraded":1,"win_rate":0.0,"timestamp":1611376103,"path_taken":["M","?","$","?","?","E","M","E","T","E","R","?","M","$","R","BOSS","M","?","?","?","M","E"],"items_purchased_type":["Card","Relic","Card","Relic","Card"],"build_version":"2020-12-22","purchased_purges":0,"victory":false,"max_hp_per_floor":[70,70,70,70,70,70,70,70,70,70,70,70,70,77,77,77,77,77,77,77,77,77,77,77],"card_choices":[{"not_picked":["Quick Slash","Poisoned Stab","Dash"],"picked":"SKIP","floor":1.0},{"not_picked":["Poisoned Stab","Flying Knee"],"picked":"Catalyst","floor":5.0},{"not_picked":["Backflip","Distraction"],"picked":"Infinite Blades","floor":6.0},{"not_picked":["Backstab","Predator"],"picked":"Noxious Fumes","floor":7.0},{"not_picked":["PiercingWail","Dash","Tools of the Trade"],"picked":"SKIP","floor":8.0},{"not_picked":["Quick Slash","Dagger Throw"],"picked":"Terror","floor":10.0},{"not_picked":["Sucker Punch","Outmaneuver"],"picked":"Cloak And Dagger","floor":13.0},{"not_picked":["Malaise","Phantasmal Killer"],"picked":"Bullet Time","floor":16.0},{"not_picked":["Dagger Throw+1","Predator"],"picked":"Masterful Stab+1","floor":18.0},{"not_picked":["Sucker Punch","Slice"],"picked":"Infinite Blades+1","floor":19.0},{"not_picked":["Flying Knee","Acrobatics+1"],"picked":"Blade Dance","floor":22.0}],"player_experience":372653,"relics_obtained":[{"floor":6.0,"key":"PreservedInsect"},{"floor":8.0,"key":"StoneCalendar"},{"floor":9.0,"key":"Meat on the Bone"},{"floor":10.0,"key":"Ancient Tea Set"}],"event_choices":[{"damage_healed":0.0,"max_hp_gain":0.0,"max_hp_loss":0.0,"gold_gain":0.0,"event_name":"Living Wall","player_choice":"Grow","floor":2.0,"gold_loss":0.0,"damage_taken":0.0,"cards_upgraded":["Neutralize"]},{"damage_healed":0.0,"max_hp_gain":0.0,"max_hp_loss":0.0,"gold_gain":0.0,"event_name":"betterThird:BetterScrap","player_choice":"Relic ","floor":4.0,"gold_loss":0.0,"damage_taken":12.0,"cards_obtained":["Fire Breathing"]},{"damage_healed":0.0,"max_hp_gain":0.0,"max_hp_loss":0.0,"gold_gain":0.0,"event_name":"WeMeetAgain","player_choice":"Gave Potion","floor":12.0,"gold_loss":0.0,"damage_taken":0.0,"relics_obtained":["Sundial"]},{"damage_healed":25.0,"max_hp_gain":0.0,"max_hp_loss":0.0,"gold_gain":0.0,"event_name":"The Library","player_choice":"Heal","floor":20.0,"gold_loss":0.0,"damage_taken":0.0}],"is_beta":false,"boss_relics":[{"not_picked":["Snecko Eye","Velvet Choker"],"picked":"WristBlade"}],"items_purged_floors":[],"is_endless":false,"potions_floor_spawned":[6,7,10,16],"killed_by":"Book of Stabbing","ascension_level":10}}