{"host":"mo324zvkdr1xwprd","time":1611407315,"event":{"mods":["BaseMod","Better Note","BetterRewards","Hermit","Highlight Path","Hubris","Minty Spire (QoL Compilation)","Quick Restart","Rare Cards Sparkle","Shop Mod","StSLib","The Cursed","The Hierophant"],"gold_per_floor":[113,127,141,157,174,207,382,396,423,451,451,486,451,475,475,608,608,687,782,291,441,588,588,588,588],"floor_reached":24,"language":"ENG","playtime":2590,"items_purged":[],"score":433,"play_id":"e5c689a9-8233-4cc1-b62e-9bd22f0d0173","local_time":"20210123130835","is_ascension_mode":true,"campfire_choices":[{"floor":15,"key":"RECALL"}],"circlet_count":0,"master_deck":["TheCursedMod:Strike_TheCursed","TheCursedMod:Strike_TheCursed","TheCursedMod:Strike_TheCursed","TheCursedMod:Strike_TheCursed","TheCursedMod:Defend_TheCursed","TheCursedMod:Defend_TheCursed","TheCursedMod:Defend_TheCursed","TheCursedMod:Defend_TheCursed","TheCursedMod:CursedWand","TheCursedMod:CleanUpWorkshop","TheCursedMod:Dregs","hubris:Disease","TheCursedMod:NeowsMight","TheCursedMod:AbyssShockwave","TheCursedMod:CircleOfBlood","TheCursedMod:HellfireBreathing","TheCursedMod:ManaBullet","TheCursedMod:CursedAmulet","TheCursedMod:CircleOfAmplification","Doubt","TheCursedMod:CursedMace","TheCursedMod:Torture","hubris:Greed","TheCursedMod:SurpriseAttack","hubris:Greed","TheCursedMod:CursedBlade","hubris:Greed","hubris:Greed","hubris:Greed","hubris:Greed","TheCursedMod:CircleOfAbyss","hubris:Greed","hubris:Greed","hubris:Greed","hubris:Greed","hubris:Greed","TheCursedMod:CursedSpellbook","hubris:Greed","hubris:Greed","hubris:Greed","hubris:Greed","hubris:Greed","hubris:Greed","hubris:Greed","hubris:Greed","hubris:Greed","TheCursedMod:SurpriseAttack+1","Metamorphosis","TheCursedMod:HellfireBreathing","TheCursedMod:CursedAmulet","TheCursedMod:RapidMovement","TheCursedMod:CursedBoomerang","hubris:Greed","hubris:Greed","hubris:Greed","hubris:Greed","hubris:Greed","TheCursedMod:ReleasedKnowledge","TheCursedMod:DarkBarrier","hubris:Greed","hubris:Greed","hubris:Greed","hubris:Greed","hubris:Greed"],"relics":["TheCursedMod:BlackMagic101","Gambling Chip","Art of War","hubris:Towel","hubris:SlimyHat","TheCursedMod:OminousMark","Membership Card","TheCursedMod:Tack","Nunchaku"],"acts_visited":["Exordium","TheCity"],"potions_floor_usage":[8,12,12,16,21,22],"damage_taken":[{"damage":0,"enemies":"2 Louse","floor":1,"turns":3},{"damage":0,"enemies":"Jaw Worm","floor":2,"turns":2},{"damage":0,"enemies":"Small Slimes","floor":3,"turns":2},{"damage":8,"enemies":"Red Slaver","floor":4,"turns":4},{"damage":0,"enemies":"Blue Slaver","floor":5,"turns":3},{"damage":14,"enemies":"Gremlin Nob","floor":6,"turns":4},{"damage":0,"enemies":"Exordium Wildlife","floor":8,"turns":3},{"damage":13,"enemies":"3 Sentries","floor":10,"turns":6},{"damage":31,"enemies":"Lagavulin","floor":12,"turns":6},{"damage":2,"enemies":"Looter","floor":14,"turns":4},{"damage":65,"enemies":"Hexaghost","floor":16,"turns":8},{"damage":9,"enemies":"3 Byrds","floor":18,"turns":4},{"damage":26,"enemies":"2 Thieves","floor":19,"turns":5},{"damage":24,"enemies":"Centurion and Healer","floor":21,"turns":6},{"damage":54,"enemies":"Snake Plant","floor":22,"turns":5},{"damage":19,"enemies":"Cultist and Chosen","floor":24,"turns":4}],"seed_played":"5422719154153482647","potions_obtained":[{"floor":2,"key":"Regen Potion"},{"floor":4,"key":"Energy Potion"},{"floor":5,"key":"CultistPotion"},{"floor":10,"key":"FairyPotion"},{"floor":14,"key":"DistilledChaos"},{"floor":19,"key":"DuplicationPotion"},{"floor":21,"key":"Fire Potion"}],"is_trial":false,"path_per_floor":["M","M","M","M","M","E","?","M","T","E","?","E","?","M","R","B",null,"M","M","$","M","M","?","M"],"character_chosen":"THE_CURSED","items_purchased":["Membership Card","TheCursedMod:Tack","Nunchaku","Metamorphosis","TheCursedMod:HellfireBreathing","TheCursedMod:CursedAmulet","TheCursedMod:RapidMovement","TheCursedMod:CursedBoomerang"],"campfire_rested":0,"item_purchase_floors":[20,20,20,20,20,20,20,20],"current_hp_per_floor":[75,75,75,67,73,61,61,67,67,60,60,43,61,63,63,6,75,70,46,46,30,8,8,0,0],"gold":588,"neow_bonus":"THREE_RARE_CARDS","is_daily":false,"chose_seed":false,"campfire_upgraded":0,"win_rate":0.0,"timestamp":1611407315,"path_taken":["M","M","M","M","M","E","?","M","T","E","?","E","?","M","R","BOSS","M","M","$","M","M","?","M"],"items_purchased_type":["Relic","Relic","Relic","Card","Card","Card","Card","Card"],"build_version":"2020-12-22","purchased_purges":0,"victory":false,"max_hp_per_floor":[75,75,75,75,75,75,75,75,75,75,75,75,75,75,75,75,75,75,75,75,75,75,75,75,75],"card_choices":[{"not_picked":["TheCursedMod:ShockAndAwe","TheCursedMod:StunningStrike"],"picked":"TheCursedMod:NeowsMight","floor":0},{"not_picked":["TheCursedMod:Mangle","TheCursedMod:FleshFromBone"],"picked":"TheCursedMod:AbyssShockwave","floor":1},{"not_picked":["TheCursedMod:CursedBlade","TheCursedMod:CircleOfCorruption"],"picked":"TheCursedMod:CircleOfBlood","floor":2},{"not_picked":["TheCursedMod:ForbiddenAlchemy","TheCursedMod:FleshFromBone"],"picked":"TheCursedMod:HellfireBreathing","floor":3},{"not_picked":["TheCursedMod:Stigma","TheCursedMod:SoulCrush"],"picked":"TheCursedMod:ManaBullet","floor":4},{"not_picked":["TheCursedMod:RavingStaff","TheCursedMod:CursedBlade"],"picked":"TheCursedMod:CursedAmulet","floor":5},{"not_picked":["TheCursedMod:Wield","TheCursedMod:ForbiddenAlchemy"],"picked":"TheCursedMod:CircleOfAmplification","floor":6},{"not_picked":["TheCursedMod:CircleOfFlame","TheCursedMod:ManaBullet"],"picked":"TheCursedMod:CursedMace","floor":8},{"not_picked":["TheCursedMod:CursedAmulet","TheCursedMod:DoubleShield"],"picked":"TheCursedMod:Torture","floor":10},{"not_picked":["TheCursedMod:CircleOfFlame","TheCursedMod:HellsGateOpen"],"picked":"TheCursedMod:SurpriseAttack","floor":12},{"not_picked":["TheCursedMod:ManaBullet","TheCursedMod:TacticalStrike"],"picked":"TheCursedMod:CursedBlade","floor":14},{"not_picked":["TheCursedMod:NeowsMight","TheCursedMod:OutForBlood"],"picked":"TheCursedMod:CircleOfAbyss","floor":16},{"not_picked":["TheCursedMod:DoubleShield","TheCursedMod:FuryStrike"],"picked":"TheCursedMod:CursedSpellbook","floor":18},{"not_picked":["TheCursedMod:WearCloak","TheCursedMod:AbyssShockwave"],"picked":"TheCursedMod:SurpriseAttack+1","floor":19},{"not_picked":["TheCursedMod:VitalStrike","TheCursedMod:SmokeScreen"],"picked":"TheCursedMod:ReleasedKnowledge","floor":21},{"not_picked":["TheCursedMod:PrepareRite","TheCursedMod:FuryStrike"],"picked":"TheCursedMod:DarkBarrier","floor":22}],"player_experience":353476,"relics_obtained":[{"floor":6,"key":"Gambling Chip"},{"floor":10,"key":"Art of War"},{"floor":12,"key":"hubris:SlimyHat"}],"event_choices":[{"damage_healed":0,"gold_gain":175,"player_choice":"AGREE","damage_taken":0,"max_hp_gain":0,"max_hp_loss":0,"event_name":"Liars Game","floor":7,"gold_loss":0,"cards_obtained":["Doubt"]},{"damage_healed":18,"gold_gain":0,"player_choice":"Healed","damage_taken":0,"max_hp_gain":0,"max_hp_loss":0,"event_name":"The Cleric","floor":13,"gold_loss":35},{"cards_removed":["hubris:Greed"],"damage_healed":0,"gold_gain":0,"player_choice":"Purged","damage_taken":0,"max_hp_gain":0,"max_hp_loss":0,"event_name":"Purifier","floor":23,"gold_loss":0}],"is_beta":false,"boss_relics":[{"not_picked":["SlaversCollar","TheCursedMod:BlackMagicAdvanced"],"picked":"TheCursedMod:OminousMark"}],"items_purged_floors":[],"is_endless":false,"potions_floor_spawned":[2,4,5,6,10,14,19,21],"killed_by":"Cultist and Chosen","ascension_level":1}}