{"host":"qgpqu878cmwvz894","time":1611444417,"event":{"mods":["AchievementEnabler","BaseMod","Colored Map","Minty Spire (QoL Compilation)","Rare Cards Sparkle","SuperFastMode"],"gold_per_floor":[111,111,111,125,95,95,113,125,148,73,73,83,101,120,120,215,215,231,249,266,266,301,301,301,301],"floor_reached":24,"language":"KOR","playtime":1817,"items_purged":["Defend_R"],"score":200,"play_id":"354cc6d4-547f-4efd-8f98-52fb67a70bbc","local_time":"20210124082657","is_ascension_mode":true,"campfire_choices":[{"floor":6.0,"key":"RECALL"},{"floor":15.0,"key":"REST"},{"floor":23.0,"key":"REST"}],"circlet_count":0,"master_deck":["Strike_R","Strike_R","Strike_R","Strike_R+1","Strike_R","Defend_R","Defend_R","Bash","Heavy Blade","Twin Strike+1","Ghostly Armor","Wild Strike","Shrug It Off","Seeing Red","Warcry","Exhume","Bludgeon"],"relics":["Burning Blood","FaceOfCleric","Busted Crown","Nilry\u0027s Codex","Red Mask"],"acts_visited":["Exordium","TheCity"],"potions_floor_usage":[],"damage_taken":[{"damage":5.0,"enemies":"Jaw Worm","floor":1.0,"turns":4.0},{"damage":1.0,"enemies":"Cultist","floor":4.0,"turns":3.0},{"damage":0.0,"enemies":"2 Louse","floor":7.0,"turns":2.0},{"damage":10.0,"enemies":"Exordium Thugs","floor":8.0,"turns":5.0},{"damage":20.0,"enemies":"Large Slime","floor":12.0,"turns":6.0},{"damage":5.0,"enemies":"Lots of Slimes","floor":13.0,"turns":4.0},{"damage":10.0,"enemies":"3 Louse","floor":14.0,"turns":3.0},{"damage":53.0,"enemies":"Hexaghost","floor":16.0,"turns":9.0},{"damage":15.0,"enemies":"3 Byrds","floor":18.0,"turns":6.0},{"damage":0.0,"enemies":"Chosen","floor":19.0,"turns":3.0},{"damage":22.0,"enemies":"Snecko","floor":20.0,"turns":6.0},{"damage":36.0,"enemies":"Masked Bandits","floor":22.0,"turns":6.0},{"damage":126,"enemies":"Gremlin Leader","floor":24,"turns":9}],"seed_played":"8432312648237038822","potions_obtained":[{"floor":1.0,"key":"Strength Potion"},{"floor":5.0,"key":"SmokeBomb"},{"floor":5.0,"key":"LiquidBronze"},{"floor":8.0,"key":"CultistPotion"},{"floor":14.0,"key":"Energy Potion"},{"floor":16.0,"key":"SteroidPotion"},{"floor":19.0,"key":"PowerPotion"}],"is_trial":false,"path_per_floor":["M","?","?","M","?","R","M","M","T","$","?","M","M","M","R","B",null,"M","M","M","?","?","R","E"],"character_chosen":"IRONCLAD","items_purchased":[],"campfire_rested":2,"item_purchase_floors":[],"current_hp_per_floor":[80,64,64,69,69,69,75,71,71,71,71,58,60,57,81,35,84,76,83,68,52,23,49,0,0],"gold":301,"neow_bonus":"THREE_CARDS","is_daily":false,"chose_seed":false,"campfire_upgraded":0,"win_rate":0.0,"timestamp":1611444417,"path_taken":["M","?","?","?","?","R","M","M","T","?","?","M","M","?","R","BOSS","M","M","M","?","?","R","E"],"items_purchased_type":[],"build_version":"2020-12-22","purchased_purges":1,"victory":false,"max_hp_per_floor":[80,80,80,80,80,80,80,80,80,80,80,81,82,83,83,84,84,85,86,87,87,88,88,88,88],"card_choices":[{"not_picked":["Body Slam","Perfected Strike"],"picked":"Heavy Blade","floor":0.0},{"not_picked":["Battle Trance","Carnage"],"picked":"Twin Strike","floor":1.0},{"not_picked":["Dark Embrace","Headbutt"],"picked":"Ghostly Armor","floor":4.0},{"not_picked":["Blood for Blood","True Grit"],"picked":"Wild Strike","floor":7.0},{"not_picked":["Body Slam","Armaments"],"picked":"Shrug It Off","floor":8.0},{"not_picked":["Perfected Strike","Twin Strike"],"picked":"Seeing Red","floor":12.0},{"not_picked":["Shrug It Off","Clash"],"picked":"Warcry","floor":13.0},{"not_picked":["True Grit","Heavy Blade"],"picked":"Exhume","floor":14.0},{"not_picked":["Barricade","Brutality"],"picked":"Bludgeon","floor":16.0},{"not_picked":["Searing Blow"],"picked":"SKIP","floor":18.0},{"not_picked":["Heavy Blade"],"picked":"SKIP","floor":19.0},{"not_picked":["Clothesline"],"picked":"SKIP","floor":20.0}],"player_experience":112757,"relics_obtained":[{"floor":21.0,"key":"Nilry\u0027s Codex"},{"floor":22.0,"key":"Red Mask"}],"event_choices":[{"damage_healed":0.0,"max_hp_gain":0.0,"max_hp_loss":0.0,"gold_gain":0.0,"event_name":"Shining Light","player_choice":"Entered Light","floor":2.0,"gold_loss":0.0,"damage_taken":16.0,"cards_upgraded":["Twin Strike","Strike_R"]},{"cards_removed":["Defend_R"],"damage_healed":0.0,"max_hp_gain":0.0,"max_hp_loss":0.0,"gold_gain":0.0,"event_name":"Bonfire Elementals","player_choice":"Offered Basic","floor":3.0,"gold_loss":0.0,"damage_taken":0.0},{"damage_healed":0.0,"max_hp_gain":0.0,"max_hp_loss":0.0,"gold_gain":0.0,"event_name":"The Woman in Blue","player_choice":"Bought 2 Potions","floor":5.0,"gold_loss":0.0,"damage_taken":0.0},{"damage_healed":0.0,"max_hp_gain":0.0,"max_hp_loss":0.0,"gold_gain":0.0,"event_name":"FaceTrader","player_choice":"Trade","floor":11.0,"gold_loss":0.0,"damage_taken":0.0,"relics_obtained":["FaceOfCleric"]},{"damage_healed":0.0,"max_hp_gain":0.0,"max_hp_loss":0.0,"gold_gain":0.0,"event_name":"Cursed Tome","player_choice":"Obtained Book","floor":21.0,"gold_loss":0.0,"damage_taken":16.0},{"damage_healed":0.0,"max_hp_gain":0.0,"max_hp_loss":0.0,"gold_gain":0.0,"event_name":"Masked Bandits","player_choice":"Fought Bandits","floor":22.0,"gold_loss":0.0,"damage_taken":0.0}],"is_beta":false,"boss_relics":[{"not_picked":["Velvet Choker","Runic Pyramid"],"picked":"Busted Crown"}],"items_purged_floors":[10],"is_endless":false,"potions_floor_spawned":[1,8,14,16,19],"killed_by":"Gremlin Leader","ascension_level":1}}