{"host":"20e88t9rzopateec","time":1611409255,"event":{"mods":["ATMod(阿瑾Mod)","Aspiration","BaseMod","Colored Map","Dota2Spire","Marked Mod","Minty Spire (QoL Compilation)","MostiFishMod","Quick Restart","Replay The Spire","RumiaBox-露米娅的神秘盒子","Shop Mod","Spicy Shops","StSLib","noobMod","【功能Mod】混沌之环修复补丁","【遗物卡牌】REMEMod","篝火指南"],"gold_per_floor":[10010,9935,9949,9804,9061,9096,9096,9123,9150,9182,9198,8537,8023,8042,7310,7381,7381,7398,7026,7046,7063,7063,7094,6442,6545,6568,6634,6688,6688,6757,6797,6797,7007,7025,7166,7166,7166,7210,6595,6651,6694,6172,6210,6333,6483,6686,6801,7169,6522,6559,6596,6608,6229,5788,5876,5901],"floor_reached":57,"language":"ZHS","playtime":1758,"items_purged":["Normality","Defend_B+1","Strike_B+1","Defend_B+1","Decay","aspiration:Polymerization+1","MostiFishMod:WinterMarkForm+1","MostiFishMod:FrostNova+1"],"score":3405,"play_id":"2e1eec0e-2f60-4bd1-9dd7-08973d4329d0","local_time":"20210123214055","is_ascension_mode":true,"campfire_choices":[{"floor":7.0,"key":"RECALL"}],"circlet_count":0,"master_deck":["AscendersBane","Zap+1","Dualcast+1","AT_DarkMatter+1","MostiFishMod:TalkingToTheRain+1","Turbo+1","Defragment+1","Doom and Gloom+1","Streamline+1","Ball Lightning+1","Cold Snap+1","White Noise+1","Capacitor+1","Double Energy+1","Coolheaded+1","AT_EMC2+1","MostiFishMod:ATRI+1","Darkness+1","AT_DarkMatter+1","Storm+1","AT_ThreeBodyProblem+1"],"relics":["Cracked Core","AT_ATBox","DaveBox","ice","REME_ComplimentaryCards","RhineSuit","NeowsBlessing","Frozen Egg 2","Molten Egg 2","Toxic Egg 2","SynthV:TestCard","AT_ForceNature","Membership Card","OrangePellets","Vajra","SynthV:C4","Dota2Spire:UrnOfShadows","AT_BladeRuinedKing","Unceasing Top","Akabeko","AT_EbonyIvory","Mummified Hand","DianPoetry","aspiration:EnhancedActuators","REME_HandOfSuture","BrkXgEgg","OriginationStaff","Divine Protection","Blue Doll","Orrery","Replay:Frozen Program","ClockworkSouvenir","Dota2Spire:DrumOfEndurance","Centennial Puzzle","Thread and Needle","Dota2Spire:OctarineCore","aspiration:Stellarator","AT_ChloranthyRing","Strange Spoon","PreservedInsect","Dota2Spire:PowerTreads","AT_MibuBalloonWealth","AT_Kusabimaru","Mango","DataDisk","Symbiotic Virus","CeramicFish","aspiration:ArtOfWarUpgrade","aspiration:ChemicalBlood","Omamori","FrostBlade","Durian","aspiration:FetidBarrel","Dream Catcher","ReplayTheSpireMod:Lightbulb","TimeFreeze","War Paint","GodSword6","Orichalcum","MawBank","Chemical X","Dota2Spire:PhaseBoots","Carrot","Old Coin","aspiration:SeaSaltIceCream","aspiration:Nostalgia","Iron Core","HandDrill","Raider\u0027s Mask","Anchor","GodSword5","Bottled Flame","Magic Flower","Pear","Gremlin Food","Sling","GodSword7","AT_ImmortalShieldbow","Pantograph","Dota2Spire:ArcaneBoots"],"acts_visited":["Exordium","TheCity","TheBeyond","TheEnding"],"potions_floor_usage":[46,56,56],"damage_taken":[{"damage":0.0,"enemies":"Cultist","floor":1.0,"turns":1.0},{"damage":0.0,"enemies":"Small Slimes","floor":3.0,"turns":1.0},{"damage":0.0,"enemies":"Gremlin Nob","floor":6.0,"turns":1.0},{"damage":0.0,"enemies":"Lagavulin","floor":8.0,"turns":2.0},{"damage":0.0,"enemies":"3 Sentries","floor":10.0,"turns":1.0},{"damage":0.0,"enemies":"Jaw Worm","floor":11.0,"turns":1.0},{"damage":0.0,"enemies":"Large Slime","floor":14.0,"turns":1.0},{"damage":0.0,"enemies":"The Guardian","floor":16.0,"turns":2.0},{"damage":0.0,"enemies":"Spheric Guardian","floor":18.0,"turns":1.0},{"damage":0.0,"enemies":"Chosen","floor":20.0,"turns":1.0},{"damage":0.0,"enemies":"Centurion and Healer","floor":21.0,"turns":1.0},{"damage":0.0,"enemies":"Replay:Snechameleon","floor":23.0,"turns":1.0},{"damage":0.0,"enemies":"Slavers","floor":25.0,"turns":1.0},{"damage":0.0,"enemies":"Chosen and Byrds","floor":27.0,"turns":2.0},{"damage":6.0,"enemies":"Replay:Snechameleon","floor":28.0,"turns":2.0},{"damage":0,"enemies":"REME_1_Revenger","floor":30,"turns":2},{"damage":0,"enemies":"Snecko","floor":31,"turns":1},{"damage":0,"enemies":"Pondfish","floor":33,"turns":3},{"damage":0,"enemies":"3 Darklings","floor":35,"turns":1},{"damage":0,"enemies":"Orb Walker","floor":38,"turns":1},{"damage":0,"enemies":"R_Hoarder","floor":40,"turns":2},{"damage":0,"enemies":"Spire Growth","floor":41,"turns":1},{"damage":3,"enemies":"4 Shapes","floor":44,"turns":1},{"damage":0,"enemies":"3 Darklings","floor":45,"turns":1},{"damage":0,"enemies":"Reptomancer","floor":46,"turns":2},{"damage":0,"enemies":"Sphere and 2 Shapes","floor":47,"turns":1},{"damage":0,"enemies":"Giant Head","floor":48,"turns":2},{"damage":0,"enemies":"Replay:Hell Engine","floor":50,"turns":2},{"damage":0,"enemies":"Time Eater","floor":51,"turns":2},{"damage":0,"enemies":"Shield and Spear","floor":55,"turns":2},{"damage":14,"enemies":"The Heart","floor":56,"turns":4}],"seed_played":"6670702708205791232","potions_obtained":[{"floor":11.0,"key":"ColorlessPotion"},{"floor":16.0,"key":"REME_GoldPotion"},{"floor":47,"key":"Dota2Spire:HealingSalve"}],"is_trial":false,"path_per_floor":["M","?","M","?","$","E","R","E","T","E","M","R","$","M","R","B",null,"M","$","M","M","?","E","$","E","T","M","E","R","E","M","R","B",null,"M","?","?","M","$","E","M","R","T","M","M","E","M","E","R","B","B",null,"R","$","E","B",null],"character_chosen":"DEFECT","items_purchased":["Membership Card","OrangePellets","Vajra","SynthV:C4","Dota2Spire:UrnOfShadows","AT_BladeRuinedKing","Doom and Gloom+1","Streamline+1","Strength Potion","ColorlessPotion","Mummified Hand","DianPoetry","aspiration:EnhancedActuators","Capacitor+1","Double Energy+1","REME_HandOfSuture","BrkXgEgg","OriginationStaff","Divine Protection","Blue Doll","Orrery","Replay:Frozen Program","ClockworkSouvenir","Dota2Spire:DrumOfEndurance","Centennial Puzzle","Thread and Needle","Dota2Spire:OctarineCore","AT_ChloranthyRing","Strange Spoon","PreservedInsect","Dota2Spire:PowerTreads","AT_Kusabimaru","Mango","DataDisk","Symbiotic Virus","Durian","aspiration:FetidBarrel","Dream Catcher","ReplayTheSpireMod:Lightbulb","TimeFreeze","GodSword6","Orichalcum","MawBank","Chemical X","aspiration:SeaSaltIceCream","HandDrill","Raider\u0027s Mask","Anchor","GodSword5","Bottled Flame","Magic Flower","Pear","Gremlin Food","Storm+1","Sling","GodSword7","AT_ImmortalShieldbow","Pantograph"],"campfire_rested":0,"item_purchase_floors":[5,5,5,5,5,5,5,5,5,5,12,12,12,12,12,12,13,13,13,13,13,15,15,15,15,15,15,19,19,19,19,24,24,24,24,39,39,39,39,39,42,42,42,42,49,49,49,49,49,49,53,53,53,53,54,54,54,54],"current_hp_per_floor":[64,64,64,64,64,64,64,64,64,64,64,64,64,64,64,64,69,69,69,69,69,69,69,83,83,83,83,77,77,77,77,77,77,83,83,83,85,85,90,90,90,90,90,87,87,87,87,87,87,87,87,89,100,100,100,92],"gold":5901,"neow_bonus":"THREE_ENEMY_KILL","is_daily":false,"chose_seed":false,"campfire_upgraded":0,"win_rate":0.0,"timestamp":1611409255,"path_taken":["M","?","M","?","$","E","R","E","T","E","?","R","$","M","R","BOSS","M","$","M","M","?","E","?","E","T","M","E","R","E","M","R","BOSS","M","?","?","?","$","E","M","R","T","M","M","E","M","E","R","BOSS","BOSS","R","$","E","BOSS"],"items_purchased_type":["Relic","Relic","Relic","Relic","Relic","Relic","Card","Card","Potion","Potion","Relic","Relic","Relic","Card","Card","Relic","Relic","Relic","Relic","Relic","Relic","Relic","Relic","Relic","Relic","Relic","Relic","Relic","Relic","Relic","Relic","Relic","Relic","Relic","Relic","Relic","Relic","Relic","Relic","Relic","Relic","Relic","Relic","Relic","Relic","Relic","Relic","Relic","Relic","Relic","Relic","Relic","Relic","Card","Relic","Relic","Relic","Relic"],"build_version":"2020-12-22","purchased_purges":8,"victory":true,"max_hp_per_floor":[71,71,71,71,71,71,71,71,71,71,71,71,71,71,71,71,71,71,71,71,71,71,71,85,85,85,85,85,85,85,85,85,85,85,85,85,85,85,90,90,90,90,90,90,90,90,90,90,90,90,90,90,100,100,100,100],"card_choices":[{"not_picked":["Glacier+1","AT_RobotInSpace+1"],"picked":"Turbo+1","floor":1.0},{"not_picked":["Sunder+1","Stack+1","Time Bomb+1","Reprogram+1"],"picked":"Defragment+1","floor":3.0},{"not_picked":["MostiFishMod:Distribution+1","Streamline+1","MostiFishMod:LinkProtocol+1","Barrage+1"],"picked":"Ball Lightning+1","floor":6.0},{"not_picked":["Steam+1","REME_SelfUpgrade+1","Hologram+1","Genetic Algorithm+1"],"picked":"Cold Snap+1","floor":8.0},{"not_picked":["Panic Button+1","MostiFishMod:ActiveDefenseSystem+1","Compile Driver+1","FTL+1"],"picked":"White Noise+1","floor":10.0},{"not_picked":["REME_SelfUpgrade+1","Panic Button+1","Redo+1","AT_HeatAcrobatics+1"],"picked":"aspiration:Polymerization+1","floor":11.0},{"not_picked":["Cold Snap+1","Rebound+1","BasicCrystalCard+1","Redo+1"],"picked":"Coolheaded+1","floor":13.0},{"not_picked":["Conserve Battery+1","Leap+1","Gash+1","Streamline+1"],"picked":"AT_EMC2+1","floor":14.0},{"not_picked":["Panic Button+1","AT_RobotInSpace+1","Turbo+1","Coolheaded+1","REME_Compress+1"],"picked":"SKIP","floor":18.0},{"not_picked":["MostiFishMod:StarOceanB+1","Time Bomb+1","Streamline+1","AT_EMC2+1","Beam Cell+1"],"picked":"SKIP","floor":20.0},{"not_picked":["Undo+1","Redo+1","Cold Snap+1","Capacitor+1","Heatsinks+1"],"picked":"SKIP","floor":21.0},{"not_picked":["REME_DataAnalysis+1","Coolheaded+1","Beam Cell+1","Streamline+1","ReplayTheSpireMod:GoodbyeWorld+1"],"picked":"SKIP","floor":23.0},{"not_picked":["Scrape+1","AT_RobotInSpace+1","Turbo+1","Glacier+1","AT_HeatAcrobatics+1"],"picked":"SKIP","floor":25.0},{"not_picked":["Rebound+1","Consume+1","Steam+1","Beam Cell+1","Static Discharge+1"],"picked":"SKIP","floor":27.0},{"not_picked":["Gash+1","ReplayTheSpireMod:Reroute Power+1","MostiFishMod:Overload+1","Lockon+1","BasicCrystalCard+1"],"picked":"SKIP","floor":28.0},{"not_picked":["Scrape+1","MostiFishMod:ReprogramOld+1","MostiFishMod:LinkProtocol+1","Coolheaded+1"],"picked":"Skim+1","floor":30},{"not_picked":["Skim+1","Steam+1","Barrage+1","ReplaySolidLightProjector+1","Coolheaded+1"],"picked":"SKIP","floor":31},{"not_picked":["MostiFishMod:DawningShadow+1","Thunder Strike+1","Core Surge+1","ReplayRNGCard+1"],"picked":"MostiFishMod:ATRI+1","floor":33},{"not_picked":["Rebound+1","AT_RobotInSpace+1","Stack+1","ReplayGash+1","Undo+1"],"picked":"SKIP","floor":35},{"not_picked":["Lockon+1","Leap+1","Cold Snap+1","Beam Cell+1","Sweeping Beam+1"],"picked":"SKIP","floor":38},{"not_picked":["Sweeping Beam+1","Tempest+1","AT_HeatAcrobatics+1","MostiFishMod:PushDownKick+1","Steam Power+1"],"picked":"SKIP","floor":40},{"not_picked":["BasicCrystalCard+1","MostiFishMod:PushDownKick+1","Rip and Tear+1","Beam Cell+1","Gash+1"],"picked":"SKIP","floor":41},{"not_picked":["AT_ThreeBodyProblem+1","FIFO Queue+1","Panic Button+1","Rebound+1","Hologram+1"],"picked":"SKIP","floor":44},{"not_picked":["Panic Button+1","Cold Snap+1","Compile Driver+1","MostiFishMod:LinkProtocol+1","ReplaySolidLightProjector+1"],"picked":"SKIP","floor":45},{"not_picked":["MostiFishMod:Nova+1","Gash+1","ReplayTheSpireMod:GoodbyeWorld+1","Time Bomb+1"],"picked":"Darkness+1","floor":46},{"not_picked":["BasicCrystalCard+1","MostiFishMod:FluxCapactior+1","Conserve Battery+1","Coolheaded+1"],"picked":"AT_DarkMatter+1","floor":47},{"not_picked":["Self Repair+1","MostiFishMod:ReprogramOld+1","AT_WarpDrive+1","Go for the Eyes+1","Gash+1"],"picked":"SKIP","floor":48},{"not_picked":["Crystallizer+1","Conserve Battery+1","AT_WarpDrive+1","MostiFishMod:Hijack+1"],"picked":"AT_ThreeBodyProblem+1","floor":55}],"player_experience":265258,"relics_obtained":[{"floor":1.0,"key":"SynthV:TestCard"},{"floor":6.0,"key":"Unceasing Top"},{"floor":8.0,"key":"Akabeko"},{"floor":10.0,"key":"AT_EbonyIvory"},{"floor":23.0,"key":"AT_MibuBalloonWealth"},{"floor":25.0,"key":"CeramicFish"},{"floor":26.0,"key":"Art of War"},{"floor":28.0,"key":"aspiration:ChemicalBlood"},{"floor":30,"key":"Omamori"},{"floor":40,"key":"War Paint"},{"floor":43,"key":"Dota2Spire:PhaseBoots"},{"floor":46,"key":"Carrot"},{"floor":48,"key":"Old Coin"},{"floor":55,"key":"Dota2Spire:ArcaneBoots"}],"event_choices":[{"cards_removed":["Strike_B"],"damage_healed":0.0,"max_hp_gain":0.0,"max_hp_loss":0.0,"gold_gain":0.0,"event_name":"The Cleric","player_choice":"Card Removal","floor":2.0,"gold_loss":75.0,"damage_taken":0.0},{"damage_healed":0.0,"max_hp_gain":0.0,"max_hp_loss":0.0,"gold_gain":0.0,"event_name":"WeMeetAgain","player_choice":"Paid Gold","floor":4.0,"gold_loss":145.0,"damage_taken":0.0,"relics_obtained":["AT_ForceNature"]},{"damage_healed":0.0,"max_hp_gain":0.0,"max_hp_loss":0.0,"gold_gain":0.0,"event_name":"Accursed Blacksmith","player_choice":"Ignored","floor":22.0,"gold_loss":0.0,"damage_taken":0.0},{"cards_removed":["Skim"],"damage_healed":0,"gold_gain":0,"player_choice":"Removed Skill","damage_taken":0,"max_hp_gain":0,"max_hp_loss":0,"event_name":"Falling","floor":36,"gold_loss":0},{"damage_healed":2,"gold_gain":0,"player_choice":"Full Heal","damage_taken":0,"max_hp_gain":0,"max_hp_loss":0,"event_name":"Wheel of Change","floor":37,"gold_loss":0}],"is_beta":false,"boss_relics":[{"not_picked":["TakeMeEscape","EE1DDrone"],"picked":"aspiration:Stellarator"},{"not_picked":["HereWithMe","Empty Cage"],"picked":"FrostBlade"}],"items_purged_floors":[5,5,12,15,19,24,39,42],"is_endless":false,"potions_floor_spawned":[1,11,16,18,21,25,28,33,38,44,45,47],"ascension_level":20}}