{"host":"udyc8f81k2jocuhg","time":1611409519,"event":{"mods":["2.2 Compatiblity","BaseMod","Better Third Choice","Colored Powertips","Conspire","Custom Start","GifTheSpireLib","Hermit","Minty Spire (QoL Compilation)","Permanent Neow","Quick Restart","Relic Filter","Relic Stats","Replay The Spire","Shop Mod","Spikes Relics","StSLib","Stuff the Spire"],"gold_per_floor":[367,69,79,96,108,108,141,155,155,155,155],"floor_reached":10,"language":"ENG","playtime":549,"items_purged":[],"score":126,"play_id":"93366348-fba6-44c2-bcec-81ab29d9059e","local_time":"20210123144519","is_ascension_mode":true,"campfire_choices":[{"data":"Neutralize","floor":6.0,"key":"SMITH"}],"circlet_count":0,"master_deck":["AscendersBane","Strike_G","Strike_G","Strike_G","Strike_G","Strike_G","Defend_G","Defend_G","Defend_G","Defend_G","Defend_G","Survivor","Neutralize+1","Accuracy","Accuracy","Toxin Wave+1","Deflect","Deflect"],"relics":["Ring of the Snake","DollysMirror","StuffTheSpire:TintedRock","Mercury Hourglass"],"acts_visited":["Exordium"],"potions_floor_usage":[10],"damage_taken":[{"damage":0.0,"enemies":"Small Slimes","floor":1.0,"turns":4.0},{"damage":0.0,"enemies":"Jaw Worm","floor":3.0,"turns":5.0},{"damage":4.0,"enemies":"Cultist","floor":4.0,"turns":5.0},{"damage":3.0,"enemies":"Blue Slaver","floor":5.0,"turns":5.0},{"damage":29.0,"enemies":"Gremlin Nob","floor":7.0,"turns":5.0},{"damage":1.0,"enemies":"Large Slime","floor":8.0,"turns":7.0},{"damage":12,"enemies":"3 Sentries","floor":10,"turns":4}],"seed_played":"8583927740048287957","potions_obtained":[{"floor":3.0,"key":"SneckoOil"},{"floor":4.0,"key":"Poison Potion"},{"floor":7.0,"key":"AttackPotion"},{"floor":8.0,"key":"SteroidPotion"}],"is_trial":false,"path_per_floor":["M","$","M","M","M","R","E","M","T","E"],"character_chosen":"THE_SILENT","items_purchased":["Accuracy","DollysMirror","Toxin Wave+1"],"campfire_rested":0,"item_purchase_floors":[2,2,2],"current_hp_per_floor":[44,44,44,40,37,37,8,7,7,0,0],"gold":155,"neow_bonus":"TWO_FIFTY_GOLD","is_daily":false,"chose_seed":false,"campfire_upgraded":1,"win_rate":0.0,"timestamp":1611409519,"path_taken":["M","$","M","M","M","R","E","M","T","E"],"items_purchased_type":["Card","Relic","Card"],"build_version":"2020-12-22","purchased_purges":0,"victory":false,"max_hp_per_floor":[66,66,66,66,66,66,66,66,66,66,66],"relic_stats":{"counters":[7,35],"obtain_stats":[{"StuffTheSpire:TintedRock":7,"DollysMirror":2,"Ring of the Snake":0,"Mercury Hourglass":9},{"StuffTheSpire:TintedRock":5,"DollysMirror":1,"Ring of the Snake":0,"Mercury Hourglass":6},{"StuffTheSpire:TintedRock":24,"DollysMirror":4,"Ring of the Snake":0,"Mercury Hourglass":31}],"Ring of the Snake":[14],"Mercury Hourglass":[30]},"card_choices":[{"not_picked":["Prepared","Dagger Throw","Acrobatics"],"picked":"SKIP","floor":1.0},{"not_picked":["Escape Plan","PiercingWail"],"picked":"Deflect","floor":3.0},{"not_picked":["Prepared","Slice"],"picked":"Deflect","floor":4.0},{"not_picked":["Deadly Poison","Flying Knee","StuffTheSpire:Python"],"picked":"SKIP","floor":5.0},{"not_picked":["StuffTheSpire:BumpUp","ShadowRift","Wraith Form v2"],"picked":"SKIP","floor":7.0},{"not_picked":["Choke","Dagger Throw","Finisher"],"picked":"SKIP","floor":8.0}],"player_experience":2018985,"relics_obtained":[{"floor":7.0,"key":"StuffTheSpire:TintedRock"},{"floor":9.0,"key":"Mercury Hourglass"}],"event_choices":[],"is_beta":false,"boss_relics":[],"items_purged_floors":[],"is_endless":false,"potions_floor_spawned":[3,4,7,8],"killed_by":"3 Sentries","ascension_level":16}}