{"host":"nii9k1idymerq4qj","time":1611409489,"event":{"mods":["Act Like it!","BaseMod","Colored Powertips","Gensokyo","Minty Spire (QoL Compilation)","Prisma Mod","Remilia£®¿Ÿ√◊¿Ú—«£©","Replay The Spire","StSLib","Waifu the Spire"],"gold_per_floor":[113,113,126,126,146,146,204,223,277,315,327,356,368,414,426,534,546,572,584,596,623,648,660,660],"floor_reached":23,"language":"ZHS","playtime":1619,"items_purged":[],"score":276,"play_id":"4a0f1679-cfc3-4388-8d10-36a84fa96456","local_time":"20210123214449","is_ascension_mode":false,"campfire_choices":[{"data":"PrismaMod:MiyuUncommonDexBuff","floor":6,"key":"SMITH"},{"floor":15,"key":"DIG"}],"circlet_count":0,"master_deck":["PrismaMod:MiyuCommonDefend","PrismaMod:MiyuCommonDefend","PrismaMod:MiyuCommonDefend","PrismaMod:MiyuCommonDefend","PrismaMod:MiyuCommonAttack+1","PrismaMod:MiyuCommonAttack","PrismaMod:MiyuCommonAttack","PrismaMod:MiyuCommonAttack","PrismaMod:MiyuCheapChannelAttack","PrismaMod:MiyuCheapChannelDefend","PrismaMod:MiyuUncommonDexBuff+1","PrismaMod:MiyuCheapAttack2","PrismaMod:MiyuChristmas","PrismaMod:MiyuCheapDexBuff","PrismaMod:MiyuUberAOEAttack+1","PrismaMod:MiyuBride","PrismaMod:MiyuUncommonAOEAttack","PrismaMod:MiyuDefendChannelDefend","AbeCurse","PrismaMod:MiyuCheapEvoke","Pride","Amnesia","PrismaMod:MiyuUberAttack"],"relics":["PrismaMod:PrismaSapphire","Blue Doll","MawBank","Replay:Mystery Machine","Calipers","Mummified Hand","Abe\u0027s Treasure","GreatHeart","Ring of Panic"],"acts_visited":["Exordium","TheCity"],"potions_floor_usage":[10],"damage_taken":[{"damage":0,"enemies":"Jaw Worm","floor":1,"turns":4},{"damage":0,"enemies":"Cultist","floor":3,"turns":4},{"damage":0,"enemies":"2 Louse","floor":5,"turns":3},{"damage":21,"enemies":"Gremlin Nob","floor":7,"turns":5},{"damage":1,"enemies":"Blue Slaver","floor":8,"turns":3},{"damage":7,"enemies":"Gremlin Nob","floor":10,"turns":6},{"damage":0,"enemies":"2 Fungi Beasts","floor":12,"turns":3},{"damage":0,"enemies":"Lagavulin","floor":14,"turns":4},{"damage":0,"enemies":"The Guardian","floor":16,"turns":10},{"damage":1,"enemies":"2 Thieves","floor":18,"turns":3},{"damage":0,"enemies":"Spheric Guardian","floor":21,"turns":4},{"damage":3,"enemies":"Snecko","floor":22,"turns":5},{"damage":16,"enemies":"Replay:Snechameleon","floor":23,"turns":5}],"seed_played":"-3790661040950901418","potions_obtained":[{"floor":3,"key":"Strength Potion"},{"floor":8,"key":"Flashbang"},{"floor":10,"key":"Fire Potion"},{"floor":12,"key":"GamblersBrew"},{"floor":22,"key":"Fire Potion"}],"is_trial":false,"path_per_floor":["M","?","M","?","M","R","?","M","T","E","?","M","?","E","R","B",null,"M","?","?","M","M","E"],"character_chosen":"MIYU","items_purchased":[],"campfire_rested":0,"item_purchase_floors":[],"current_hp_per_floor":[82,82,82,82,82,82,61,60,60,53,37,37,37,37,37,37,82,81,81,81,81,79,67,67],"gold":660,"neow_bonus":"TEN_PERCENT_HP_BONUS","is_daily":false,"chose_seed":false,"campfire_upgraded":1,"win_rate":0.0,"timestamp":1611409489,"path_taken":["M","?","?","?","M","R","?","M","T","E","?","M","?","E","R","BOSS","M","?","?","M","M","E"],"items_purchased_type":[],"build_version":"2020-12-22","purchased_purges":0,"victory":false,"max_hp_per_floor":[82,82,82,82,82,82,82,82,82,82,82,82,82,82,82,82,82,82,82,82,82,82,82,82],"card_choices":[{"not_picked":["PrismaMod:MiyuAttackChannelVul","PrismaMod:MiyuCheapAttack1"],"picked":"PrismaMod:MiyuUncommonDexBuff","floor":1},{"not_picked":["PrismaMod:MiyuCheapChannelHeal","PrismaMod:MiyuMaid"],"picked":"PrismaMod:MiyuCheapAttack2","floor":3},{"not_picked":["PrismaMod:MiyuUncommonDexBuff","PrismaMod:MiyuUberAOEAttack"],"picked":"PrismaMod:MiyuCheapDexBuff","floor":5},{"not_picked":["PrismaMod:MiyuChristmas","PrismaMod:MiyuEvokeCheapDefend"],"picked":"PrismaMod:MiyuUberAOEAttack","floor":7},{"not_picked":["PrismaMod:MiyuMaid","PrismaMod:MiyuUberAOEAttack","PrismaMod:MiyuCheapAttack1"],"picked":"SKIP","floor":8},{"not_picked":["PrismaMod:MiyuUberDefend","PrismaMod:MiyuAttackChannelAttack"],"picked":"PrismaMod:MiyuBride","floor":10},{"not_picked":["PrismaMod:MiyuAttackChannelVul","PrismaMod:MiyuCarnivalAttack"],"picked":"PrismaMod:MiyuUncommonAOEAttack","floor":12},{"not_picked":["PrismaMod:MiyuCommonAOEAttack","PrismaMod:MiyuEvokeBuffStr","PrismaMod:MiyuCarnivalAttack"],"picked":"SKIP","floor":14},{"not_picked":["PrismaMod:MiyuBride","PrismaMod:MiyuEvokeAllAttack"],"picked":"PrismaMod:MiyuDefendChannelDefend","floor":16},{"not_picked":["PrismaMod:MiyuCheapChannelVul","PrismaMod:MiyuAttackChannelVul+1"],"picked":"PrismaMod:MiyuCheapEvoke","floor":18},{"not_picked":["PrismaMod:MiyuEvokeCheapDefend","PrismaMod:MiyuCheapChannelDefend"],"picked":"PrismaMod:MiyuUberAttack","floor":21},{"not_picked":["PrismaMod:MiyuCarnivalAttack+1","PrismaMod:MiyuCheapChannelHeal","PrismaMod:MiyuUberAttack+1"],"picked":"SKIP","floor":22}],"player_experience":159931,"relics_obtained":[{"floor":9,"key":"MawBank"},{"floor":10,"key":"Replay:Mystery Machine"},{"floor":14,"key":"Calipers"},{"floor":15,"key":"Mummified Hand"},{"floor":20,"key":"Ring of Panic"}],"event_choices":[{"cards_removed":["PrismaMod:MiyuCommonAttack"],"damage_healed":0,"gold_gain":0,"player_choice":"Offered Basic","damage_taken":0,"max_hp_gain":0,"max_hp_loss":0,"event_name":"Bonfire Elementals","floor":2,"gold_loss":0},{"damage_healed":0,"gold_gain":0,"cards_transformed":["PrismaMod:MiyuCommonDefend"],"player_choice":"Change","damage_taken":0,"max_hp_gain":0,"max_hp_loss":0,"event_name":"Living Wall","floor":4,"gold_loss":0,"cards_obtained":["PrismaMod:MiyuChristmas"]},{"damage_healed":0,"gold_gain":0,"player_choice":"Searched \u00273\u0027 times","damage_taken":0,"relics_obtained":["Blue Doll"],"max_hp_gain":0,"max_hp_loss":0,"event_name":"Dead Adventurer","floor":7,"gold_loss":0},{"damage_healed":0,"gold_gain":0,"player_choice":"Entered Light","damage_taken":16,"max_hp_gain":0,"max_hp_loss":0,"event_name":"Shining Light","floor":11,"gold_loss":0,"cards_upgraded":["PrismaMod:MiyuCommonAttack","PrismaMod:MiyuUberAOEAttack"]},{"damage_healed":0,"gold_gain":0,"player_choice":"Ignored","damage_taken":0,"max_hp_gain":0,"max_hp_loss":0,"event_name":"Liars Game","floor":13,"gold_loss":0}],"is_beta":false,"boss_relics":[{"not_picked":["Ring of Chaos","ReplayTheSpireMod:DimensionalGlitch"],"picked":"Abe\u0027s Treasure"}],"items_purged_floors":[],"is_endless":false,"potions_floor_spawned":[3,8,10,12,14,22],"killed_by":"Replay:Snechameleon","ascension_level":0}}