{"host":"urvvf8749ekcxo1a","time":1611364337,"event":{"mods":["AchievementEnabler","BaseMod","Better Sensory Stone","BetterRewards","Colored Powertips","Evolution","Gold Saver","Marisa????????","Minty Spire (QoL Compilation)","Quick Restart","StSLib","SuperFastMode","The Cursed","The Hierophant","The Saiyan","The Servant 0.9.4","The Wild Card"],"gold_per_floor":[928,853,453,328,328,328,328,370,370,370,460,310,310,358,358,664,664,694,796,621,721,521,611,647,647,674,449,479,524,536,298,298,583,583,622,763,488,488,488,488,188,188,188,290,512,512,662,692,692,692,692,692,215,314,314],"floor_reached":56,"language":"ENG","playtime":1126,"items_purged":["Corpse Explosion","Bullet Time","Night Terror","Envenom","Doppelganger","Wraith Form v2","A Thousand Cuts","Malaise","Burst","Die Die Die","Glass Knife"],"score":1583,"play_id":"3ff4f374-3574-46a1-a2d9-76dc3ea57c5a","local_time":"20210122201217","daily_mods":["Shiny","Vintage","Heirloom","Time Dilation","Flight","Midas"],"is_ascension_mode":false,"campfire_choices":[{"floor":6,"key":"RECALL"},{"floor":7,"key":"REST"},{"floor":10,"key":"REST"},{"floor":15,"key":"REST"},{"floor":32,"key":"REST"},{"floor":40,"key":"REST"},{"floor":49,"key":"REST"},{"floor":52,"key":"REST"}],"circlet_count":0,"master_deck":["Adrenaline+1","Venomology+1","Phantasmal Killer+1","Grand Finale+1","Tools of the Trade","After Image","Acrobatics+1"],"relics":["Unceasing Top","EVO:Axolotl","Calipers","Bottled Tornado","Thread and Needle","Toxic Egg 2","StoneCalendar","HornCleat","Akabeko","Velvet Choker","Ancient Tea Set","Red Mask","Boot","Orichalcum","Nunchaku","Vajra","MawBank","Runic Pyramid","Juzu Bracelet","Tingsha","Frozen Egg 2","Bird Faced Urn","Du-Vu Doll","Omamori","War Paint","Blue Candle"],"acts_visited":["Exordium","TheCity","TheBeyond","TheEnding"],"potions_floor_usage":[11,11,16,19,23,24,28,33,33,33,35,44,48,50,50,50,55,55],"damage_taken":[{"damage":0,"enemies":"2 Louse","floor":1,"turns":1},{"damage":2,"enemies":"Cultist","floor":8,"turns":3},{"damage":20,"enemies":"Gremlin Nob","floor":11,"turns":6},{"damage":2,"enemies":"Jaw Worm","floor":14,"turns":3},{"damage":0,"enemies":"Slime Boss","floor":16,"turns":3},{"damage":5,"enemies":"Shell Parasite","floor":18,"turns":2},{"damage":1,"enemies":"Masked Bandits","floor":19,"turns":2},{"damage":2,"enemies":"Book of Stabbing","floor":23,"turns":5},{"damage":0,"enemies":"Chosen","floor":24,"turns":2},{"damage":0,"enemies":"3 Cultists","floor":28,"turns":2},{"damage":0,"enemies":"Chosen and Byrds","floor":29,"turns":2},{"damage":0,"enemies":"Automaton","floor":33,"turns":4},{"damage":3,"enemies":"3 Darklings","floor":35,"turns":2},{"damage":8,"enemies":"2 Orb Walkers","floor":36,"turns":2},{"damage":0,"enemies":"Reptomancer","floor":44,"turns":2},{"damage":0,"enemies":"Mind Bloom Boss Battle","floor":47,"turns":3},{"damage":0,"enemies":"Orb Walker","floor":48,"turns":2},{"damage":33,"enemies":"Awakened One","floor":50,"turns":4},{"damage":0,"enemies":"Shield and Spear","floor":54,"turns":2},{"damage":66,"enemies":"The Heart","floor":55,"turns":5}],"seed_played":"9038853371278395157","potions_obtained":[{"floor":1,"key":"LiquidBronze"},{"floor":18,"key":"Energy Potion"},{"floor":24,"key":"Fruit Juice"},{"floor":36,"key":"LiquidBronze"},{"floor":48,"key":"Poison Potion"}],"is_trial":true,"path_per_floor":["M","$","$","$","?","R","R","M","T","R","E","$","T","M","R","B",null,"M","?","$","?","$","E","M","?","T","$","M","M","?","$","R","B",null,"M","?","$","?","?","R","$","?","T","E","?","?","?","M","R","B",null,"R","$","E","B",null],"character_chosen":"THE_SILENT","items_purchased":["Thread and Needle","War Paint"],"campfire_rested":7,"item_purchase_floors":[3,53],"current_hp_per_floor":[91,91,91,91,91,91,91,89,89,91,80,80,80,78,91,91,91,86,85,85,85,85,83,88,88,88,88,88,88,88,88,96,96,96,93,85,85,85,85,91,91,91,91,91,91,91,91,91,91,58,91,91,91,91,26],"gold":314,"neow_bonus":"","is_daily":false,"chose_seed":false,"campfire_upgraded":0,"win_rate":0.0,"timestamp":1611364337,"path_taken":["M","$","$","$","?","R","R","M","T","R","E","?","?","M","R","BOSS","M","?","$","?","$","E","?","?","T","?","?","M","?","$","R","BOSS","M","?","$","?","?","R","$","?","T","E","?","?","?","M","R","BOSS","R","$","E","BOSS"],"items_purchased_type":["Relic","Relic"],"build_version":"2020-12-22","purchased_purges":11,"victory":true,"max_hp_per_floor":[91,91,91,91,91,91,91,91,91,91,91,91,91,91,91,91,91,91,91,91,91,91,91,96,96,96,96,96,96,96,96,96,96,96,96,96,96,91,91,91,91,91,91,91,91,91,91,91,91,91,91,91,91,91,91],"card_choices":[{"not_picked":["Eviscerate","Prepared+1"],"picked":"Acrobatics+1","floor":11},{"not_picked":["Catalyst+1","Endless Agony+1","Dagger Spray"],"picked":"SKIP","floor":23},{"not_picked":["Dagger Spray+1","Calculated Gamble+1","Outmaneuver+1"],"picked":"SKIP","floor":44},{"not_picked":["Blade Dance+1","Slice","Acrobatics+1"],"picked":"SKIP","floor":54}],"player_experience":144735,"relics_obtained":[{"floor":1,"key":"Bottled Tornado"},{"floor":8,"key":"Toxic Egg 2"},{"floor":11,"key":"StoneCalendar"},{"floor":13,"key":"HornCleat"},{"floor":14,"key":"Akabeko"},{"floor":18,"key":"Ancient Tea Set"},{"floor":19,"key":"Red Mask"},{"floor":23,"key":"Boot"},{"floor":24,"key":"Orichalcum"},{"floor":26,"key":"Nunchaku"},{"floor":28,"key":"Vajra"},{"floor":29,"key":"MawBank"},{"floor":35,"key":"Juzu Bracelet"},{"floor":36,"key":"Tingsha"},{"floor":43,"key":"Frozen Egg 2"},{"floor":44,"key":"Bird Faced Urn"},{"floor":47,"key":"Du-Vu Doll"},{"floor":48,"key":"Omamori"},{"floor":54,"key":"Blue Candle"}],"event_choices":[{"damage_healed":0,"gold_gain":0,"player_choice":"Forge","damage_taken":0,"max_hp_gain":0,"max_hp_loss":0,"event_name":"Accursed Blacksmith","floor":5,"gold_loss":0,"cards_upgraded":["Grand Finale"]},{"damage_healed":0,"gold_gain":0,"player_choice":"Fought Bandits","damage_taken":0,"max_hp_gain":0,"max_hp_loss":0,"event_name":"Masked Bandits","floor":19,"gold_loss":0},{"damage_healed":0,"gold_gain":100,"player_choice":"Pray","damage_taken":0,"max_hp_gain":0,"max_hp_loss":0,"event_name":"Golden Shrine","floor":21,"gold_loss":0},{"damage_healed":0,"gold_gain":0,"player_choice":"Ignored","damage_taken":0,"max_hp_gain":0,"max_hp_loss":0,"event_name":"Vampires","floor":25,"gold_loss":0},{"cards_removed":["Unload"],"damage_healed":0,"gold_gain":0,"player_choice":"Elegance","damage_taken":0,"max_hp_gain":0,"max_hp_loss":0,"event_name":"Back to Basics","floor":30,"gold_loss":0},{"damage_healed":0,"gold_gain":0,"player_choice":"Fight","damage_taken":0,"max_hp_gain":0,"max_hp_loss":0,"event_name":"Mysterious Sphere","floor":36,"gold_loss":0},{"damage_healed":0,"gold_gain":0,"player_choice":"Max HP","damage_taken":0,"max_hp_gain":0,"max_hp_loss":5,"event_name":"Winding Halls","floor":38,"gold_loss":0},{"cards_removed":["Storm of Steel"],"damage_healed":0,"gold_gain":0,"player_choice":"Removed Skill","damage_taken":0,"max_hp_gain":0,"max_hp_loss":0,"event_name":"Falling","floor":39,"gold_loss":0},{"damage_healed":0,"gold_gain":0,"player_choice":"Upgraded","damage_taken":0,"max_hp_gain":0,"max_hp_loss":0,"event_name":"Upgrade Shrine","floor":42,"gold_loss":0,"cards_upgraded":["Adrenaline"]},{"damage_healed":0,"gold_gain":222,"player_choice":"Wore Mask","damage_taken":0,"max_hp_gain":0,"max_hp_loss":0,"event_name":"Tomb of Lord Red Mask","floor":45,"gold_loss":0},{"damage_healed":0,"gold_gain":3,"player_choice":"1","damage_taken":0,"max_hp_gain":0,"max_hp_loss":0,"event_name":"betterStone:BetterStone","floor":46,"gold_loss":0},{"damage_healed":0,"gold_gain":0,"player_choice":"Fight","damage_taken":0,"max_hp_gain":0,"max_hp_loss":0,"event_name":"MindBloom","floor":47,"gold_loss":0}],"is_beta":false,"boss_relics":[{"not_picked":["SlaversCollar","Busted Crown"],"picked":"Velvet Choker"},{"not_picked":["Snecko Eye","WristBlade"],"picked":"Runic Pyramid"}],"items_purged_floors":[2,3,4,12,20,22,27,31,37,41,53],"is_endless":false,"potions_floor_spawned":[1,18,24,29,36,47,48],"ascension_level":0}}