{"host":"njo8qgvy2a57fcny","time":1611409918,"event":{"mods":["Ascension Unlocker","Aspiration","BaseMod","BetterRewards","CCEM","Colored Map","Colored Powertips","Conspire","Custom Start","Downfall","GifTheSpireLib","Halation","Hermit","Hubris","Infinite Spire","Jedi Mod","Mimic Mod","Minty Spire (QoL Compilation)","Quick Restart","Random Character Button","Random Character Mod","Rare Cards Sparkle","Relic Sorter","Replay The Spire","Shop Mod","StSLib","Stuff the Spire","The Animator","The Jungle","The Runesmith","The Servant 0.9.4","vexMod"],"gold_per_floor":[112,128,128,128,146,146,174,185,218,218,218],"floor_reached":10,"language":"ENG","playtime":427,"items_purged":[],"score":136,"play_id":"aca35e75-f654-4f31-acaf-ec901b7f0664","local_time":"20210124005158","is_ascension_mode":true,"campfire_choices":[{"data":"Inflame","floor":6,"key":"SMITH"}],"circlet_count":0,"master_deck":["AscendersBane","Strike_S","Strike_S","Strike_S","Strike_S","Defend_S","Defend_S","Defend_S","Defend_S","KidneyShot","Exchange","Ricochet","Moonlight+1","Inflame+1","SpecialFormula","ShatteredReality","Starlight","Flex"],"relics":["NeowsBlessing","m_ScarletBlood","Replay:Rubber Ducky","Oddly Smooth Stone"],"acts_visited":["Exordium"],"potions_floor_usage":[7,9],"damage_taken":[{"damage":0,"enemies":"Cultist","floor":1,"turns":1},{"damage":0,"enemies":"2 Louse","floor":2,"turns":1},{"damage":0,"enemies":"Small Slimes","floor":5,"turns":2},{"damage":8,"enemies":"Lagavulin","floor":7,"turns":7},{"damage":13,"enemies":"Looter","floor":8,"turns":2},{"damage":2,"enemies":"Lots of Slimes","floor":9,"turns":8},{"damage":59,"enemies":"Gremlin Nob","floor":10,"turns":4}],"seed_played":"-3828199023592466893","potions_obtained":[{"floor":5,"key":"LifebloodPotion"},{"floor":7,"key":"FearPotion"}],"is_trial":false,"path_per_floor":["M","M","?","?","M","R","E","M","MIM","E"],"character_chosen":"THE_SERVANT","items_purchased":[],"campfire_rested":0,"item_purchase_floors":[],"current_hp_per_floor":[54,54,54,54,54,54,51,43,46,0,0],"gold":218,"neow_bonus":"THREE_ENEMY_KILL","is_daily":false,"chose_seed":false,"campfire_upgraded":1,"win_rate":0.0,"timestamp":1611409918,"path_taken":["M","?","?","?","M","R","E","M","MIM","E"],"items_purchased_type":[],"build_version":"2020-12-22","purchased_purges":0,"victory":false,"max_hp_per_floor":[60,60,60,60,60,60,60,60,60,60,60],"card_choices":[{"not_picked":["Starlight","BottledTime"],"picked":"Ricochet","floor":1},{"not_picked":["FanOfKnives","Rewind"],"picked":"Moonlight","floor":2},{"not_picked":["TimeWarp","Ricochet"],"picked":"SpecialFormula","floor":5},{"not_picked":["Pummel","Potential"],"picked":"ShatteredReality","floor":7},{"not_picked":["Spin","Unruled"],"picked":"Starlight","floor":8},{"not_picked":["MoonPhase","Spot Weakness"],"picked":"Flex","floor":9}],"player_experience":674001,"relics_obtained":[{"floor":7,"key":"Replay:Rubber Ducky"},{"floor":9,"key":"Oddly Smooth Stone"}],"event_choices":[{"damage_healed":0,"gold_gain":0,"player_choice":"Grow","damage_taken":0,"max_hp_gain":0,"max_hp_loss":0,"event_name":"Living Wall","floor":3,"gold_loss":0,"cards_upgraded":["Moonlight"]}],"is_beta":false,"boss_relics":[],"items_purged_floors":[],"is_endless":false,"potions_floor_spawned":[5,7],"killed_by":"Gremlin Nob","ascension_level":20}}