{"host":"8inpc3yxphy2r27y","time":1611420964,"event":{"mods":["ATMod(°¢èªMod)","Ascension Reborn","Bard","BaseMod","Better Synergies","Better Vampires","Challenge The Spire","Conspire","Downfall","Energized Spire","FutureSeer","Gremlin Mod","KinomotoSakuraMod(Ä¾Ö®±¾Ó£)","Minty Spire (QoL Compilation)","Quick Restart","Red Circlet Mod","Replay The Spire","RumiaBox-Â¶Ã×æ«µÄÉñÃØºÐ×Ó","RyuuouÁúÍõ","SIMod","Shop Mod","Spicy Shops","StSLib","TestMod","The Bug Knight","The Construct","The Cursed","The Gatherer","The Hierophant","UnlockEverythingMod","Waifu the Spire","[IsaacMod]ÒÔÈö¼âËþ","[JumpMod]Îè¶¯¼âËþ","noobMod","vexMod","¡¾ÒÅÎï¿¨ÅÆ¡¿REMEMod","óô»ðÖ¸ÄÏ"],"gold_per_floor":[545,23,80,142,200,1000,459,184,319,438,556,1000,927,927,1088,1314,1473,1000,1000,1146,1396,1649,1906,1906,1906,1906,2178,2713,2975,1000,1233,1242,1503,1768,2030,2042,2108,2108,2443,2871,3260,1000,1000,1000,1378,1771,2167,2167,2167,2167,2528,3047,3466,1000,1008,1016,1431,1888,2346,1000,1000,1000,1469,1933,2410,2410,2426,2434,3145,3927,4631,4631,4631,4647,5363,5635,5923,6223],"floor_reached":79,"language":"ZHS","playtime":3670,"items_purged":["hierophant:Strike_Hierophant","hierophant:Defend_Hierophant","hierophant:Strike_Hierophant","hierophant:Defend_Hierophant","hierophant:Defend_Hierophant","hierophant:Strike_Hierophant","hierophant:Community","hierophant:Doubloon","hierophant:Doubloon","hierophant:Doubloon","hierophant:Doubloon+1","hierophant:Doubloon","hierophant:Doubloon","Pain","Pot Of Greed","hierophant:Doubloon","Shame"],"score":2170,"play_id":"819422c6-9e2c-4d68-90ae-a836f817672d","local_time":"20210124005604","daily_mods":["challengethespire:Silver Difficulty","challengethespire:Modded Elite Rush","Uncertain Future"],"is_ascension_mode":true,"campfire_choices":[],"circlet_count":0,"master_deck":["ReplayTheSpireMod:Speed Training","AT_ShrugMaster+1","hierophant:RustyCrate+3","hierophant:Doubloon+1","REME_EyeOfCthun+1","testmod-AutoReboundSystem+1","hierophant:TollTheBells","hierophant:PristineSoul+1","hierophant:RustyCrate+1","AT_FamilyPortrait","hierophant:Dazzle","hierophant:Doomsaying","hierophant:ThreeLashes","conspire:Banana+1","hierophant:RustyCrate+1","hierophant:Cornucopia","hierophant:Doubloon","hierophant:Doubloon","hierophant:RustyCrate+1","hierophant:RustyCrate+1","hierophant:RustyCrate+1","hierophant:Doubloon","hierophant:Doubloon","hierophant:Doubloon","hierophant:Doubloon","hierophant:CursedGold","hierophant:Doubloon","hierophant:ThreeLashes","hierophant:TollTheBells","hierophant:Doubloon+1","hierophant:Doubloon","hierophant:RustyCrate+1","hierophant:AuricShield","hierophant:AuricForm+1","SuicideKing","SuicideKing","hierophant:Batter","hierophant:SealAway","hierophant:Martyrdom+1","hierophant:RustyCrate+1","hierophant:Doubloon+1","hierophant:Doubloon+1","hierophant:Doubloon+1","hierophant:Doubloon+1","hierophant:RustyCrate+1","hierophant:AuricForm+1","hierophant:Invocation","hierophant:Doubloon","hierophant:Refuge+1","hierophant:Doubloon","hierophant:Doubloon","hierophant:RustyCrate+1","hierophant:HolyVerse","hierophant:HolyVerse","hierophant:BulkyChest","Pot Of Greed+1","Pot Of Greed+1","Pot Of Greed+1","Pot Of Greed+1","Pot Of Greed+1","hierophant:Levitation","REME_MawOfCthun+1","hierophant:BulkyChest","hierophant:DivineIntervention","hierophant:Cornucopia+1","hierophant:BulkyChest+1","hierophant:AuricForm+1","hierophant:Determination+1","hierophant:BulkyChest+1","hierophant:ConvertCurrency","hierophant:BulkyChest+1","Pot Of Greed+1","hierophant:Invocation+1","hierophant:Repentance","hierophant:AuricForm+1","Shame","hierophant:Levitation+1","hierophant:BulkyChest+1","hierophant:Doubloon","hierophant:CursedGold+1","hierophant:Doubloon","hierophant:CursedGold+1"],"relics":["hierophant:PropheticMaskRelic","Black Star","Sling","PreservedInsect","HushsDoor","HowToJump","ice","testmod-D¨¦j¨¤vu","Membership Card","Garlic","Chemical X","testmod-Antiphasic","vexMod:MemoryStick","Replay:Wax Seal","Habit","Nunchaku","Slimebound:StickyStick","ice","testmod-ArcanaOfDestiny","HollowMod:PaleOreRelic","GodSword1","REME_ArchaeologicalTools","MagicDraw1","SacredBark","HowToJump","ice","MerchantsRug","Guardian:BottledAnomaly","testmod-FatalChain","testmod-Hope","BelialBook","vexMod:Cooldron","BargainBundle","hierophant:DonationBoxRelic","Bird Faced Urn","Ccalipers","Omamori","Bottled Lightning","testmod-RainbowHikingShoes","TheBean","testmod-TurbochargingSystem","Boot","HowToJump","ice","SteamSale","bronze:BronzeIdol","DeadEye","Sundial","BFFS","AT_EbonyIvory","CeramicFish","Replay:Rubber Ducky","TheBattery","testmod-LifeArmor","bronze:DonusWashers","Regal Pillow","AT_BellDemon","Oddly Smooth Stone","HornCleat","AT_SunfireAegis","White Beast Statue","testmod-Brilliant","vexMod:InvisibilityCloak","AT_SpeedBoots","Replay:Ringing Soul","AT_GuinsooRageblade","vexMod:EndlessSickness","GuppysCollar","HowToJump","ice","Potion Belt","Peace Pipe","vexMod:TimeEaterHat","REME_PuzzleBoxRelic","Chaos","Whetstone","testmod-MagicalMallet","Simple Rune","AT_MibuBalloonWealth","AT_BladeRuinedKing","testmod-IndustrialRevolution","hexamod:BolsterEngine","testmod-CrystalShield","Bag of Marbles","Slimebound:PreparedRelic","Frozen Egg 2","Strawberry","vexMod:ConsolationPrize","MagicMushroom","Mummified Hand","testmod-CasingShield","Blue Doll","MomsKnife","Shuriken","MealTicket","TheBible","champ:Barbells","vexMod:Dragonfruit","Akabeko","testmod-Nine","Ornamental Fan","LastBattle","Replay:Multitool","PokeGo","Empty Cage","Replay:Kaleidoscope","HollowMod:StagPassRelic","Cauldron","conspire:GlowingRock","testmod-Fanaticism","Replay:Accelerometer","HandDrill","HowToJump","ice","REME_CardOfGreed","MagicDraw2","Replay:WaspNest","Gremlin Food","ReplayTheSpireMod:CursedCoin","GodSword6","Divine Protection","Strange Spoon","Guide Book","Replay:Bottled Snecko","vexMod:PlasmaPancake","Ginger","Replay:Bandana","AT_DeathDance","Quantum Egg","AnarchistCookbook","Snack Pack","FossilizedHelix","MawBank","Chameleon Ring","AT_ImmortalShieldbow","testmod-ConstraintPeriapt","Toolbox","DollysMirror","Frozen Eye","AT_RedTearstoneRing","AT_ForceNature","BlankCard","Replay:Bottled Eggs","Pen Nib","vexMod:FocusSash","GodSword5","Art of War","Letter Opener","vexMod:BarristanHead","AT_ChloranthyRing","Blue Candle","ChampionBelt","ice","testmod-Charity","Shovel","Bottled Flame","ReplayTheSpireMod:Lightbulb","Lee\u0027s Waffle","AT_TimeSand","AT_BellowingDragoncrestRing","vexMod:PaidLearning","testmod-AssaultLearning","Replay:Baseball","ReplayFunnel","NineVolt","AT_ArchangelStaff","Void","testmod-Fortitude","PlanX","hexamod:Sixitude","Lantern","Darkstone Periapt","GuppysPaw","Blood Vial","Eternal Feather","Happy Flower","Guardian:PocketSentry","Orichalcum","OrangePellets","vexMod:Spyglass","MoreBug","InkBottle","vexMod:ScavengeHelm","Bronze Scales","REME_OnlineShoppingPlatform","TheAbacus","ReplayTheSpireMod:TigerMarble","Vajra","Anchor","SSSystem","Replay:Bottled Steam","Grinning Jar","Toy Ornithopter","GodSword4","conspire:TopHat","testmod-EnergyCheck","Damocles","AT_ATBox","HowToJump","ice","HollowMod:JonisBlessing","SatanicBible","BookofShadows","ZombieArmy","construct:FoamFinger","Medical Kit","Onion Ring","testmod-OneHitWonder","ClockworkSouvenir","MagicDraw4","Bag of Preparation","Leech","GodSword7","REME_HandOfSuture","DeathBook","sneckomod:BlankCard","MagicDraw3","SalivaCoin","War Paint","testmod-InfectionSource","bronze:DecasWashers","AT_RedNoBalance","conspire:Dentures","Pet Ghost","vexMod:ImprovementManual","GuppysTail","Damocles","ice","conspire:TreasureMap","Replay:Mystery Machine","BookOfRevelations","Centennial Puzzle","SharpPlug","testmod-CyclicPeriapt","TuHaoJin","GnawedLeaf","Gremlin Horn","Pear","conspire:DecoderRing","Incense Burner","ReplayTheSpireMod:Shallot","Pantograph","Iron Hammer","Bottled Tornado","Mercury Hourglass","Golden Egg","HollowMod:LifeEnderRelic","Kunai","SumBook","DoctorsRemote","UnicornStump","REME_LimitBreaker","conspire:Flyswatter","StrikeDummy","testmod-Justice","ReplayTheSpireMod:EnergyBall","MoneyPower","EdensBlessing","AT_SilvercatRing","ReplayTheSpireMod:Ninjato","conspire:BottledYoYo","testmod-Maize","StoneCalendar","Replay:Bottled Flurry","Du-Vu Doll","PunchingBag","testmod-Muramasa","Gambling Chip","conspire:DeflatedDodgeball","Potion Belt","AT_Manta","testmod-BlackFramedGlasses","champ:DuelingGlove","REME_HourglassOfDeath","Dead Branch","BloodDonationMachine","D6","Ice Cream","conspire:Boomerang","Thread and Needle","testmod-IntensifyImprint","ForgetMeNow","Mango","testmod-ObsoleteBoomerang","Turnip","TungstenRod","testmod-Nyarlathotep","YumHeart","Calipers","conspire:GiftBox","vexMod:CardConverter","testmod-RealStoneCalender","Pocketwatch","PillsDrop","Replay:Arrowhead","ChaoDraw","AT_LudenTempest","Torii","hexamod:CandleOfCauterizing","testmod-InjuryResistance","construct:RocketBooster","Replay:Towering Pillar of Hats","conspire:InfiniteJournal","GodSword3","Guardian:GemstoneGun","testmod-BouquetWithThorns","Lizard Tail","GuppysHead","SecretRecord","AT_RabadonDeathcap"],"acts_visited":["Exordium","Exordium","Exordium","Exordium","Exordium","Exordium","Exordium","Exordium"],"potions_floor_usage":[],"damage_taken":[{"damage":0.0,"enemies":"Replay:BlueRogue","floor":3.0,"turns":5.0},{"damage":0.0,"enemies":"Gremlin Nob","floor":4.0,"turns":3.0},{"damage":0.0,"enemies":"HollowMod:MossKnight","floor":5.0,"turns":4.0},{"damage":0.0,"enemies":"Replay:BlueRogue","floor":9.0,"turns":2.0},{"damage":0.0,"enemies":"Gremlin Nob","floor":10.0,"turns":2.0},{"damage":0.0,"enemies":"HollowMod:MossKnight","floor":11.0,"turns":1.0},{"damage":0.0,"enemies":"Replay:BlueRogue","floor":15.0,"turns":1.0},{"damage":0.0,"enemies":"Gremlin Nob","floor":16.0,"turns":4.0},{"damage":0.0,"enemies":"HollowMod:MossKnight","floor":17.0,"turns":1.0},{"damage":0.0,"enemies":"Replay:BlueRogue","floor":21.0,"turns":1.0},{"damage":0.0,"enemies":"Gremlin Nob","floor":22.0,"turns":1.0},{"damage":0.0,"enemies":"HollowMod:MossKnight","floor":23.0,"turns":1.0},{"damage":0.0,"enemies":"REME_1_Revenger","floor":27.0,"turns":1.0},{"damage":0.0,"enemies":"conspire:Head Lice","floor":28.0,"turns":1.0},{"damage":0.0,"enemies":"Replay:Snechameleon","floor":29.0,"turns":1.0},{"damage":0.0,"enemies":"Replay:BlueRogue","floor":33.0,"turns":1.0},{"damage":0.0,"enemies":"Gremlin Nob","floor":34.0,"turns":1.0},{"damage":0.0,"enemies":"HollowMod:MossKnight","floor":35.0,"turns":1.0},{"damage":0.0,"enemies":"REME_1_Revenger","floor":39.0,"turns":1.0},{"damage":0.0,"enemies":"conspire:Head Lice","floor":40.0,"turns":1.0},{"damage":0.0,"enemies":"Replay:Snechameleon","floor":41.0,"turns":1.0},{"damage":0.0,"enemies":"Replay:BlueRogue","floor":45.0,"turns":1.0},{"damage":0.0,"enemies":"Gremlin Nob","floor":46.0,"turns":1.0},{"damage":0.0,"enemies":"HollowMod:MossKnight","floor":47.0,"turns":1.0},{"damage":0.0,"enemies":"REME_1_Revenger","floor":51.0,"turns":1.0},{"damage":0.0,"enemies":"conspire:Head Lice","floor":52.0,"turns":1.0},{"damage":0.0,"enemies":"Replay:Snechameleon","floor":53.0,"turns":1.0},{"damage":0.0,"enemies":"Replay:BlueRogue","floor":57.0,"turns":1.0},{"damage":0.0,"enemies":"Gremlin Nob","floor":58.0,"turns":1.0},{"damage":0.0,"enemies":"HollowMod:MossKnight","floor":59.0,"turns":1.0},{"damage":0,"enemies":"Replay:BlueRogue","floor":63,"turns":1},{"damage":0,"enemies":"Gremlin Nob","floor":64,"turns":1},{"damage":0,"enemies":"HollowMod:MossKnight","floor":65,"turns":1},{"damage":0,"enemies":"REME_1_Revenger","floor":69,"turns":1},{"damage":0,"enemies":"conspire:Head Lice","floor":70,"turns":1},{"damage":0,"enemies":"Replay:Snechameleon","floor":71,"turns":1},{"damage":0,"enemies":"Giant Head","floor":75,"turns":1},{"damage":0,"enemies":"HollowMod:StalkingDevout","floor":76,"turns":1},{"damage":0,"enemies":"Nemesis","floor":77,"turns":1},{"damage":0,"enemies":"Shield and Spear","floor":78,"turns":1}],"seed_played":"-6392902935843833056","potions_obtained":[{"floor":4.0,"key":"BlessingOfTheForge"},{"floor":5.0,"key":"DistilledChaos"},{"floor":17.0,"key":"EntropicBrew"},{"floor":21.0,"key":"EntropicBrew"},{"floor":22.0,"key":"EntropicBrew"},{"floor":70,"key":"EntropicBrew"}],"is_trial":true,"path_per_floor":["$","$","E","E","E","T","$","$","E","E","E","T","$","$","E","E","E","T","$","$","E","E","E","T","$","$","E","E","E","T","$","$","E","E","E","T","$","$","E","E","E","T","$","$","E","E","E","T","$","$","E","E","E","T","$","$","E","E","E","T","$","$","E","E","E","T","$","$","E","E","E","T","$","$","E","E","E","E",null],"character_chosen":"HIEROPHANT","items_purchased":["Membership Card","hierophant:RustyCrate+1","Garlic","Chemical X","REME_EyeOfCthun","testmod-AutoReboundSystem","BookOfRevelations","testmod-Antiphasic","vexMod:MemoryStick","Replay:Wax Seal","Habit","Guardian:BlockOnCardUsePotion","MerchantsRug","Guardian:BottledAnomaly","testmod-FatalChain","testmod-Hope","BelialBook","vexMod:Cooldron","hierophant:CursedGold","BargainBundle","hierophant:DonationBoxRelic","Bird Faced Urn","hierophant:RustyCrate","AT_FamilyPortrait","EntropicBrew","EntropicBrew","EntropicBrew","EntropicBrew","Ccalipers","Damocles","conspire:Banana","SteamSale","bronze:BronzeIdol","DeadEye","Sundial","BFFS","AT_EbonyIvory","CeramicFish","Replay:Rubber Ducky","TheBattery","testmod-LifeArmor","bronze:DonusWashers","Regal Pillow","GuppysCollar","Potion Belt","Peace Pipe","vexMod:TimeEaterHat","SalivaCoin","REME_PuzzleBoxRelic","OrangePellets","hierophant:RustyCrate","Chaos","Whetstone","testmod-MagicalMallet","Simple Rune","AT_MibuBalloonWealth","AT_BladeRuinedKing","hierophant:CursedGold","MomsKnife","Shuriken","MealTicket","TheBible","vexMod:BerryBomb","champ:Barbells","vexMod:Dragonfruit","Akabeko","testmod-Nine","SuicideKing","REME_CardOfGreed","MagicDraw2","Replay:WaspNest","Gremlin Food","ReplayTheSpireMod:CursedCoin","GodSword6","SuicideKing","Divine Protection","Strange Spoon","Guide Book","Replay:Bottled Snecko","Chameleon Ring","AT_ImmortalShieldbow","testmod-ConstraintPeriapt","Toolbox","hierophant:RustyCrate","DollysMirror","Frozen Eye","AT_RedTearstoneRing","AT_ForceNature","BlankCard","testmod-Charity","Shovel","Bottled Flame","ReplayTheSpireMod:Lightbulb","Lee\u0027s Waffle","AT_TimeSand","AT_BellowingDragoncrestRing","vexMod:PaidLearning","testmod-AssaultLearning","Replay:Baseball","ReplayFunnel","NineVolt","Eternal Feather","Happy Flower","Guardian:PocketSentry","Orichalcum","OrangePellets","vexMod:Spyglass","MoreBug","InkBottle","vexMod:ScavengeHelm","Bronze Scales","REME_OnlineShoppingPlatform","TheAbacus","Damocles","HollowMod:JonisBlessing","REME_MawOfCthun","SatanicBible","BookofShadows","ZombieArmy","construct:FoamFinger","Medical Kit","Onion Ring","testmod-OneHitWonder","ClockworkSouvenir","MagicDraw4","Bag of Preparation","Leech","GuppysTail","Damocles","conspire:TreasureMap","Replay:Mystery Machine","BookOfRevelations","Centennial Puzzle","SharpPlug","testmod-CyclicPeriapt","TuHaoJin","GnawedLeaf","Gremlin Horn","REME_LimitBreaker","conspire:Flyswatter","StrikeDummy","testmod-Justice","hierophant:BulkyChest+1","ReplayTheSpireMod:EnergyBall","MoneyPower","EdensBlessing","AT_SilvercatRing","ReplayTheSpireMod:Ninjato","conspire:BottledYoYo","hierophant:Invocation+1","BloodDonationMachine","D6","Ice Cream","conspire:Boomerang","Thread and Needle","testmod-IntensifyImprint","ForgetMeNow","Mango","testmod-ObsoleteBoomerang","Turnip","TungstenRod","testmod-Nyarlathotep","YumHeart","Calipers","conspire:GiftBox"],"campfire_rested":0,"item_purchase_floors":[1,1,1,1,1,2,2,2,2,2,2,2,7,7,7,7,7,7,7,8,8,8,8,8,8,8,8,8,8,12,12,13,13,13,13,13,13,14,14,14,14,14,14,18,19,19,19,19,19,19,20,20,20,20,20,20,20,20,25,25,25,25,26,26,26,26,26,31,31,31,31,31,31,32,32,32,32,32,32,37,37,37,37,37,37,38,38,38,38,43,43,43,43,43,43,44,44,44,44,44,44,49,49,49,49,49,49,50,50,50,50,50,50,54,55,55,55,55,55,55,55,56,56,56,56,56,56,60,60,61,61,61,61,61,62,62,62,62,67,67,67,67,67,67,68,68,68,68,68,68,73,73,73,73,73,73,73,73,73,73,74,74,74,74,74],"current_hp_per_floor":[75,75,75,75,75,75,75,75,75,75,75,93,93,93,93,94,97,84,84,87,90,100,110,110,110,121,124,124,127,127,130,133,142,145,148,148,151,151,154,157,160,160,167,167,180,191,202,202,202,202,213,230,240,230,234,244,255,262,270,250,250,250,157,172,205,205,228,250,267,284,295,295,330,367,402,423,444,466],"gold":6223,"neow_bonus":"","is_daily":false,"chose_seed":false,"campfire_upgraded":0,"win_rate":0.0,"timestamp":1611420964,"path_taken":["$","$","E","E","E","T","$","$","E","E","E","T","$","$","E","E","E","T","$","$","E","E","E","T","$","$","E","E","E","T","$","$","E","E","E","T","$","$","E","E","E","T","$","$","E","E","E","T","$","$","E","E","E","T","$","$","E","E","E","T","$","$","E","E","E","T","$","$","E","E","E","T","$","$","E","E","E","E"],"items_purchased_type":["Relic","Card","Relic","Relic","Card","Card","Relic","Relic","Relic","Relic","Relic","Potion","Relic","Relic","Relic","Relic","Relic","Relic","Card","Relic","Relic","Relic","Card","Card","Potion","Potion","Potion","Potion","Relic","Relic","Card","Relic","Relic","Relic","Relic","Relic","Relic","Relic","Relic","Relic","Relic","Relic","Relic","Relic","Relic","Relic","Relic","Relic","Relic","Relic","Card","Card","Relic","Relic","Relic","Relic","Relic","Card","Relic","Relic","Relic","Relic","Relic","Relic","Relic","Relic","Relic","Card","Relic","Relic","Relic","Relic","Relic","Relic","Card","Relic","Relic","Relic","Relic","Relic","Relic","Relic","Relic","Card","Relic","Relic","Relic","Relic","Relic","Relic","Relic","Relic","Relic","Relic","Relic","Relic","Relic","Relic","Relic","Relic","Relic","Relic","Relic","Relic","Relic","Relic","Relic","Relic","Relic","Relic","Relic","Relic","Relic","Relic","Relic","Card","Relic","Relic","Relic","Relic","Relic","Relic","Relic","Relic","Relic","Relic","Relic","Relic","Relic","Relic","Relic","Relic","Relic","Relic","Relic","Relic","Relic","Relic","Relic","Relic","Relic","Relic","Card","Relic","Relic","Relic","Relic","Relic","Relic","Card","Relic","Relic","Relic","Relic","Relic","Relic","Relic","Relic","Relic","Relic","Relic","Relic","Relic","Relic","Relic"],"build_version":"2020-12-22","purchased_purges":17,"victory":true,"max_hp_per_floor":[75,75,75,75,75,75,75,75,75,75,75,93,93,93,93,94,97,84,84,87,90,100,110,110,110,121,124,124,127,127,130,133,142,145,148,148,151,151,154,157,160,160,167,167,180,191,202,202,202,202,213,230,240,230,234,244,255,262,270,250,250,250,276,287,314,314,319,323,338,353,362,362,376,393,417,435,453,467],"card_choices":[{"not_picked":[],"picked":"ChaosCard","floor":0.0}],"player_experience":19836,"relics_obtained":[{"floor":3.0,"key":"Nunchaku"},{"floor":3.0,"key":"Slimebound:StickyStick"},{"floor":3.0,"key":"Diplopia"},{"floor":4.0,"key":"testmod-ArcanaOfDestiny"},{"floor":4.0,"key":"HollowMod:PaleOreRelic"},{"floor":4.0,"key":"Centennial Puzzle"},{"floor":5.0,"key":"GodSword1"},{"floor":5.0,"key":"REME_ArchaeologicalTools"},{"floor":5.0,"key":"MagicDraw1"},{"floor":9.0,"key":"Omamori"},{"floor":9.0,"key":"Bottled Lightning"},{"floor":10.0,"key":"testmod-RainbowHikingShoes"},{"floor":10.0,"key":"TheBean"},{"floor":11.0,"key":"testmod-TurbochargingSystem"},{"floor":11.0,"key":"Boot"},{"floor":15.0,"key":"AT_BellDemon"},{"floor":15.0,"key":"Oddly Smooth Stone"},{"floor":16.0,"key":"HornCleat"},{"floor":16.0,"key":"AT_SunfireAegis"},{"floor":16.0,"key":"White Beast Statue"},{"floor":16.0,"key":"testmod-Brilliant"},{"floor":17.0,"key":"vexMod:InvisibilityCloak"},{"floor":17.0,"key":"AT_SpeedBoots"},{"floor":17.0,"key":"Replay:Ringing Soul"},{"floor":17.0,"key":"AT_GuinsooRageblade"},{"floor":21.0,"key":"testmod-IndustrialRevolution"},{"floor":21.0,"key":"hexamod:BolsterEngine"},{"floor":21.0,"key":"testmod-CrystalShield"},{"floor":21.0,"key":"Bag of Marbles"},{"floor":22.0,"key":"Slimebound:PreparedRelic"},{"floor":22.0,"key":"Frozen Egg 2"},{"floor":22.0,"key":"Strawberry"},{"floor":22.0,"key":"vexMod:ConsolationPrize"},{"floor":23.0,"key":"MagicMushroom"},{"floor":23.0,"key":"Mummified Hand"},{"floor":23.0,"key":"testmod-CasingShield"},{"floor":23.0,"key":"Blue Doll"},{"floor":27.0,"key":"Ornamental Fan"},{"floor":27.0,"key":"LastBattle"},{"floor":27.0,"key":"Replay:Multitool"},{"floor":27.0,"key":"PokeGo"},{"floor":28.0,"key":"Empty Cage"},{"floor":28.0,"key":"Replay:Kaleidoscope"},{"floor":28.0,"key":"HollowMod:StagPassRelic"},{"floor":28.0,"key":"Cauldron"},{"floor":29.0,"key":"conspire:GlowingRock"},{"floor":29.0,"key":"testmod-Fanaticism"},{"floor":29.0,"key":"Replay:Accelerometer"},{"floor":33.0,"key":"vexMod:PlasmaPancake"},{"floor":33.0,"key":"Ginger"},{"floor":33.0,"key":"Replay:Bandana"},{"floor":34.0,"key":"AT_DeathDance"},{"floor":34.0,"key":"Quantum Egg"},{"floor":34.0,"key":"AnarchistCookbook"},{"floor":35.0,"key":"Snack Pack"},{"floor":35.0,"key":"FossilizedHelix"},{"floor":35.0,"key":"MawBank"},{"floor":39.0,"key":"Replay:Bottled Eggs"},{"floor":39.0,"key":"Pen Nib"},{"floor":39.0,"key":"vexMod:FocusSash"},{"floor":40.0,"key":"GodSword5"},{"floor":40.0,"key":"Art of War"},{"floor":40.0,"key":"Letter Opener"},{"floor":41.0,"key":"vexMod:BarristanHead"},{"floor":41.0,"key":"AT_ChloranthyRing"},{"floor":41.0,"key":"Blue Candle"},{"floor":45.0,"key":"AT_ArchangelStaff"},{"floor":45.0,"key":"Void"},{"floor":45.0,"key":"testmod-Fortitude"},{"floor":46.0,"key":"PlanX"},{"floor":46.0,"key":"hexamod:Sixitude"},{"floor":46.0,"key":"Lantern"},{"floor":47.0,"key":"Darkstone Periapt"},{"floor":47.0,"key":"GuppysPaw"},{"floor":47.0,"key":"Blood Vial"},{"floor":51.0,"key":"ReplayTheSpireMod:TigerMarble"},{"floor":51.0,"key":"Vajra"},{"floor":51.0,"key":"Anchor"},{"floor":52.0,"key":"SSSystem"},{"floor":52.0,"key":"Replay:Bottled Steam"},{"floor":52.0,"key":"Grinning Jar"},{"floor":53.0,"key":"Toy Ornithopter"},{"floor":53.0,"key":"GodSword4"},{"floor":53.0,"key":"conspire:TopHat"},{"floor":57.0,"key":"GodSword7"},{"floor":57.0,"key":"REME_HandOfSuture"},{"floor":57.0,"key":"DeathBook"},{"floor":57.0,"key":"sneckomod:BlankCard"},{"floor":58.0,"key":"MagicDraw3"},{"floor":58.0,"key":"SalivaCoin"},{"floor":58.0,"key":"War Paint"},{"floor":58.0,"key":"testmod-InfectionSource"},{"floor":59.0,"key":"bronze:DecasWashers"},{"floor":59.0,"key":"AT_SilverBalance"},{"floor":59.0,"key":"conspire:Dentures"},{"floor":59.0,"key":"Pet Ghost"},{"floor":63,"key":"Pear"},{"floor":63,"key":"conspire:DecoderRing"},{"floor":63,"key":"Incense Burner"},{"floor":63,"key":"ReplayTheSpireMod:Shallot"},{"floor":64,"key":"Pantograph"},{"floor":64,"key":"Iron Hammer"},{"floor":64,"key":"Bottled Tornado"},{"floor":64,"key":"Mercury Hourglass"},{"floor":64,"key":"Golden Egg"},{"floor":65,"key":"HollowMod:LifeEnderRelic"},{"floor":65,"key":"Kunai"},{"floor":65,"key":"SumBook"},{"floor":65,"key":"DoctorsRemote"},{"floor":65,"key":"UnicornStump"},{"floor":69,"key":"testmod-Maize"},{"floor":69,"key":"StoneCalendar"},{"floor":69,"key":"Replay:Bottled Flurry"},{"floor":69,"key":"Du-Vu Doll"},{"floor":70,"key":"PunchingBag"},{"floor":70,"key":"testmod-Muramasa"},{"floor":70,"key":"Gambling Chip"},{"floor":70,"key":"conspire:DeflatedDodgeball"},{"floor":70,"key":"Diplopia"},{"floor":71,"key":"AT_Manta"},{"floor":71,"key":"testmod-BlackFramedGlasses"},{"floor":71,"key":"champ:DuelingGlove"},{"floor":71,"key":"REME_HourglassOfDeath"},{"floor":71,"key":"Dead Branch"},{"floor":75,"key":"vexMod:CardConverter"},{"floor":75,"key":"testmod-RealStoneCalender"},{"floor":75,"key":"Pocketwatch"},{"floor":75,"key":"PillsDrop"},{"floor":75,"key":"Replay:Arrowhead"},{"floor":76,"key":"ChaoDraw"},{"floor":76,"key":"AT_LudenTempest"},{"floor":76,"key":"Torii"},{"floor":76,"key":"hexamod:CandleOfCauterizing"},{"floor":76,"key":"testmod-InjuryResistance"},{"floor":77,"key":"construct:RocketBooster"},{"floor":77,"key":"Replay:Towering Pillar of Hats"},{"floor":77,"key":"conspire:InfiniteJournal"},{"floor":77,"key":"GodSword3"},{"floor":77,"key":"Guardian:GemstoneGun"},{"floor":78,"key":"testmod-BouquetWithThorns"},{"floor":78,"key":"Lizard Tail"},{"floor":78,"key":"GuppysHead"},{"floor":78,"key":"SecretRecord"},{"floor":78,"key":"AT_RabadonDeathcap"}],"event_choices":[],"is_beta":false,"boss_relics":[{"not_picked":["vexMod:MegatonBomb","energizedSpire:DeadBattery"],"picked":"SacredBark"},{"not_picked":[]},{"not_picked":["vexMod:EndlessSickness","testmod-Nine"],"picked":"vexMod:BigBerry"},{"not_picked":[]},{"not_picked":["REME_DuelDisc","Cursed Key"],"picked":"vexMod:EndlessSickness"},{"not_picked":[]},{"not_picked":["Pet Ghost","D6"],"picked":"HandDrill"},{"not_picked":[]},{"not_picked":["Replay:Drink Me","energizedSpire:StickyHand"],"picked":"ChampionBelt"},{"not_picked":[]},{"not_picked":["construct:ClawGrip","energizedSpire:NeverEndingSparkler"],"picked":"testmod-EnergyCheck"},{"not_picked":[]},{"not_picked":["sneckomod:SneckoTalon","Kintsugi"],"picked":"vexMod:ImprovementManual"},{"not_picked":[]}],"items_purged_floors":[7,7,8,13,13,14,20,43,43,49,49,50,50,56,56,67,74],"is_endless":false,"potions_floor_spawned":[4,5,15,17,21,22,23,27,28,29,33,34,35,39,40,41,45,46,47,51,52,53,57,58,59,63,64,65,69,70,71,75,76,77,78],"ascension_level":0}}