{"host":"agbyy69nq62afhwx","time":1611433973,"event":{"mods":["BaseMod","Colored Map","DeckTracker","Highlight Path","Keyboard Shortcuts","Minty Spire (QoL Compilation)","Quick Restart","StSLib","SuperFastMode","everything is the same but u backflip on backflip"],"gold_per_floor":[116,116,131,56,69,100,100,17,17,17,37,65,30,46,46,120,120,120,120,120,120,79,79,79,79],"floor_reached":24,"language":"KOR","playtime":570,"items_purged":["Strike_R"],"score":412,"play_id":"d6880e2f-1981-4438-8e7e-2cd9b4a2c73f","local_time":"20210124053253","is_ascension_mode":true,"campfire_choices":[{"data":"Shrug It Off","floor":7.0,"key":"SMITH"},{"floor":10.0,"key":"REST"},{"data":"Body Slam","floor":15.0,"key":"SMITH"},{"floor":23.0,"key":"REST"}],"circlet_count":0,"master_deck":["AscendersBane","Strike_R","Strike_R","Strike_R","Defend_R","Defend_R","Defend_R","Defend_R","Bash+1","Cleave","Disarm","Shrug It Off+1","Inflame","Anger","Shockwave","Body Slam+1","Barricade","Feel No Pain","Offering","Burning Pact","Power Through+1","Dark Embrace"],"relics":["Burning Blood","Mercury Hourglass","Ginger","Ectoplasm"],"acts_visited":["Exordium","TheCity"],"potions_floor_usage":[],"damage_taken":[{"damage":10.0,"enemies":"Small Slimes","floor":1.0,"turns":3.0},{"damage":5.0,"enemies":"2 Louse","floor":3.0,"turns":3.0},{"damage":6.0,"enemies":"Cultist","floor":5.0,"turns":3.0},{"damage":43.0,"enemies":"Lagavulin","floor":6.0,"turns":8.0},{"damage":11.0,"enemies":"Looter","floor":11.0,"turns":3.0},{"damage":20.0,"enemies":"Gremlin Nob","floor":12.0,"turns":4.0},{"damage":18.0,"enemies":"Red Slaver","floor":14.0,"turns":5.0},{"damage":24.0,"enemies":"Hexaghost","floor":16.0,"turns":9.0},{"damage":22.0,"enemies":"Shell Parasite","floor":18.0,"turns":6.0},{"damage":28.0,"enemies":"3 Byrds","floor":19.0,"turns":5.0},{"damage":33.0,"enemies":"Snake Plant","floor":21.0,"turns":6.0},{"damage":14,"enemies":"Gremlin Leader","floor":24,"turns":4}],"seed_played":"-6226536006533333852","potions_obtained":[{"floor":6.0,"key":"FearPotion"},{"floor":11.0,"key":"Ancient Potion"},{"floor":19.0,"key":"Regen Potion"}],"is_trial":false,"path_per_floor":["M","?","M","$","M","E","R","$","T","R","M","E","?","M","R","B",null,"M","M","?","M","$","R","E"],"character_chosen":"IRONCLAD","items_purchased":["Inflame","Dark Embrace"],"campfire_rested":2,"item_purchase_floors":[8,22],"current_hp_per_floor":[64,64,65,65,65,28,28,28,28,50,45,31,49,37,37,19,61,45,23,23,11,11,33,19,19],"gold":79,"neow_bonus":"UPGRADE_CARD","is_daily":false,"chose_seed":false,"campfire_upgraded":2,"win_rate":0.0,"timestamp":1611433973,"path_taken":["M","?","M","$","M","E","R","$","T","R","M","E","?","M","R","BOSS","M","M","?","M","$","R","E"],"items_purchased_type":["Card","Card"],"build_version":"2020-12-22","purchased_purges":1,"victory":false,"max_hp_per_floor":[75,75,75,75,75,75,75,75,75,75,75,75,75,75,75,75,75,75,75,75,75,75,75,75,75],"card_choices":[{"not_picked":["Clothesline","Perfected Strike"],"picked":"Cleave","floor":1.0},{"not_picked":["Iron Wave","Reckless Charge","Uppercut"],"picked":"SKIP","floor":3.0},{"not_picked":["Uppercut","Warcry","Thunderclap"],"picked":"SKIP","floor":5.0},{"not_picked":["Wild Strike","Inflame"],"picked":"Shrug It Off","floor":6.0},{"not_picked":["Perfected Strike","Twin Strike"],"picked":"Anger","floor":11.0},{"not_picked":["Shrug It Off","Intimidate"],"picked":"Shockwave","floor":12.0},{"not_picked":["Flex","Clash"],"picked":"Body Slam","floor":14.0},{"not_picked":["Immolate","Bludgeon"],"picked":"Barricade","floor":16.0},{"not_picked":["Havoc","Combust","Bloodletting"],"picked":"SKIP","floor":18.0},{"not_picked":["Pommel Strike","Wild Strike"],"picked":"Feel No Pain","floor":19.0},{"not_picked":["Reckless Charge+1","Searing Blow"],"picked":"Power Through+1","floor":21.0}],"player_experience":459369,"relics_obtained":[{"floor":6.0,"key":"Mercury Hourglass"},{"floor":12.0,"key":"Ginger"}],"event_choices":[{"damage_healed":0.0,"max_hp_gain":0.0,"max_hp_loss":0.0,"gold_gain":0.0,"cards_transformed":["Strike_R"],"event_name":"Living Wall","player_choice":"Change","floor":2.0,"gold_loss":0.0,"damage_taken":0.0,"cards_obtained":["Disarm"]},{"damage_healed":18.0,"max_hp_gain":0.0,"max_hp_loss":0.0,"gold_gain":0.0,"event_name":"The Cleric","player_choice":"Healed","floor":13.0,"gold_loss":35.0,"damage_taken":0.0},{"damage_healed":0.0,"max_hp_gain":0.0,"max_hp_loss":0.0,"gold_gain":0.0,"event_name":"Match and Keep!","player_choice":"2 cards matched","floor":20.0,"gold_loss":0.0,"damage_taken":0.0,"cards_obtained":["Offering","Burning Pact"]}],"is_beta":false,"boss_relics":[{"not_picked":["Fusion Hammer","Busted Crown"],"picked":"Ectoplasm"}],"items_purged_floors":[4],"is_endless":false,"potions_floor_spawned":[6,11,12,14,19],"killed_by":"Gremlin Leader","ascension_level":20}}