{"host":"xvcswx52z80fmg13","time":1611367786,"event":{"mods":["BaseMod","Colored Map","Colored Powertips","Highlight Path","Minty Spire (QoL Compilation)"],"gold_per_floor":[117,133,143,159,8,42,42,42,65,75,92,157,169,211,223,338,350,376,407,149,149,149,149,184,184,265,340,371,387,387,405,405,509,509,521,531,431,444,454,454,464,339,366,366,366,466,466,466,466,466,466,466,9,43,43,43],"floor_reached":55,"language":"ENG","playtime":4231,"items_purged":["Strike_G","Strike_G","Strike_G","Regret"],"score":715,"play_id":"289d622f-4d5f-404a-a99a-0608e24d4d8f","local_time":"20210122220946","is_ascension_mode":false,"campfire_choices":[{"data":"Crippling Poison","floor":8,"key":"SMITH"},{"floor":13,"key":"REST"},{"data":"Deadly Poison","floor":15,"key":"SMITH"},{"floor":23,"key":"RECALL"},{"data":"Adrenaline","floor":25,"key":"SMITH"},{"data":"Backflip","floor":30,"key":"SMITH"},{"data":"Neutralize","floor":32,"key":"SMITH"},{"data":"Escape Plan","floor":40,"key":"SMITH"},{"data":"Quick Slash","floor":44,"key":"SMITH"},{"data":"Leg Sweep","floor":49,"key":"SMITH"},{"data":"Deadly Poison","floor":52,"key":"SMITH"}],"circlet_count":0,"master_deck":["Strike_G","Strike_G","Defend_G","Defend_G","Defend_G","Defend_G","Defend_G","Survivor","Neutralize+1","Quick Slash+1","Deadly Poison+1","Crippling Poison+1","Deadly Poison+1","Backflip+1","Calculated Gamble+1","Escape Plan+1","Poisoned Stab","After Image","Leg Sweep+1","Bane","Apotheosis+1","Adrenaline+1","After Image","Madness","Madness"],"relics":["Ring of the Snake","Bag of Preparation","Juzu Bracelet","MawBank","HornCleat","Busted Crown","Art of War","Mercury Hourglass","Ginger","Cursed Key","Lantern","Ice Cream","Oddly Smooth Stone"],"acts_visited":["Exordium","TheCity","TheBeyond","TheEnding"],"potions_floor_usage":[12,12,16,48,50,50,50,50,55,55],"damage_taken":[{"damage":0,"enemies":"Jaw Worm","floor":1,"turns":7},{"damage":0,"enemies":"2 Louse","floor":2,"turns":3},{"damage":4,"enemies":"Cultist","floor":3,"turns":4},{"damage":8,"enemies":"Lots of Slimes","floor":4,"turns":3},{"damage":34,"enemies":"3 Sentries","floor":6,"turns":11},{"damage":5,"enemies":"Looter","floor":10,"turns":3},{"damage":1,"enemies":"Red Slaver","floor":11,"turns":4},{"damage":8,"enemies":"Gremlin Nob","floor":12,"turns":4},{"damage":1,"enemies":"Lagavulin","floor":14,"turns":7},{"damage":14,"enemies":"Hexaghost","floor":16,"turns":8},{"damage":3,"enemies":"3 Byrds","floor":18,"turns":5},{"damage":0,"enemies":"Chosen","floor":19,"turns":5},{"damage":3,"enemies":"Book of Stabbing","floor":24,"turns":6},{"damage":8,"enemies":"Slavers","floor":28,"turns":4},{"damage":0,"enemies":"Shelled Parasite and Fungi","floor":29,"turns":5},{"damage":0,"enemies":"3 Cultists","floor":31,"turns":4},{"damage":11,"enemies":"Champ","floor":33,"turns":12},{"damage":0,"enemies":"Orb Walker","floor":35,"turns":3},{"damage":0,"enemies":"3 Darklings","floor":36,"turns":3},{"damage":0,"enemies":"Transient","floor":38,"turns":5},{"damage":0,"enemies":"4 Shapes","floor":39,"turns":5},{"damage":0,"enemies":"Writhing Mass","floor":41,"turns":6},{"damage":56,"enemies":"Time Eater","floor":50,"turns":19},{"damage":3,"enemies":"Shield and Spear","floor":54,"turns":9},{"damage":87,"enemies":"The Heart","floor":55,"turns":12}],"seed_played":"6981045636962317567","potions_obtained":[{"floor":3,"key":"Swift Potion"},{"floor":4,"key":"SpeedPotion"},{"floor":10,"key":"Strength Potion"},{"floor":11,"key":"Block Potion"},{"floor":16,"key":"Dexterity Potion"},{"floor":28,"key":"Dexterity Potion"},{"floor":31,"key":"EntropicBrew"},{"floor":38,"key":"Fire Potion"},{"floor":48,"key":"Fruit Juice"},{"floor":48,"key":"SteroidPotion"},{"floor":54,"key":"FearPotion"}],"is_trial":false,"path_per_floor":["M","M","M","M","$","E","?","R","T","M","M","?","R","E","R","B",null,"M","M","$","?","?","R","E","R","T","?","E","M","R","M","R","B",null,"M","M","$","M","M","R","M","$","T","R","?","?","?","?","R","B",null,"R","$","E","B"],"character_chosen":"THE_SILENT","items_purchased":["Bag of Preparation","Apotheosis","Ice Cream"],"campfire_rested":1,"item_purchase_floors":[5,20,53],"current_hp_per_floor":[77,77,73,65,65,31,36,36,36,31,30,22,46,45,45,31,82,79,79,79,79,79,79,76,76,76,68,60,60,60,60,60,49,82,82,82,82,82,82,82,82,82,82,82,72,72,72,77,77,21,87,87,87,84,0,0],"gold":43,"neow_bonus":"TEN_PERCENT_HP_BONUS","is_daily":false,"chose_seed":false,"campfire_upgraded":9,"win_rate":0.0,"timestamp":1611367786,"path_taken":["M","M","M","M","$","E","?","R","T","M","M","?","R","E","R","BOSS","M","M","$","?","?","R","E","R","T","?","E","M","R","M","R","BOSS","M","M","$","M","M","R","M","$","T","R","?","?","?","?","R","BOSS","R","$","E","BOSS"],"items_purchased_type":["Relic","Card","Relic"],"build_version":"2020-12-22","purchased_purges":4,"victory":false,"max_hp_per_floor":[77,77,77,77,77,77,82,82,82,82,82,82,82,82,82,82,82,82,82,82,82,82,82,82,82,82,82,82,82,82,82,82,82,82,82,82,82,82,82,82,82,82,82,82,82,82,82,87,87,87,87,87,87,87,87,87],"card_choices":[{"not_picked":["PiercingWail","Flying Knee"],"picked":"Quick Slash","floor":1},{"not_picked":["Deflect","Quick Slash"],"picked":"Deadly Poison","floor":2},{"not_picked":["Setup","Dash"],"picked":"Crippling Poison","floor":3},{"not_picked":["Flying Knee","Crippling Poison"],"picked":"Deadly Poison","floor":4},{"not_picked":["Night Terror","Tactician"],"picked":"Backflip","floor":6},{"not_picked":["Eviscerate","Well Laid Plans"],"picked":"Calculated Gamble","floor":10},{"not_picked":["Flying Knee","Predator","Acrobatics"],"picked":"SKIP","floor":11},{"not_picked":["Dodge and Roll","Riddle With Holes"],"picked":"Escape Plan","floor":12},{"not_picked":["Endless Agony","Leg Sweep"],"picked":"Poisoned Stab","floor":14},{"not_picked":["Grand Finale","Phantasmal Killer"],"picked":"After Image","floor":16},{"not_picked":[],"picked":"Leg Sweep","floor":18},{"not_picked":["Bane"],"picked":"SKIP","floor":19},{"not_picked":[],"picked":"Bane","floor":19},{"not_picked":[],"picked":"Adrenaline","floor":24},{"not_picked":["Terror"],"picked":"SKIP","floor":28},{"not_picked":["Underhanded Strike"],"picked":"SKIP","floor":29},{"not_picked":["Riddle With Holes"],"picked":"SKIP","floor":31},{"not_picked":[],"picked":"After Image","floor":33},{"not_picked":["Eviscerate+1"],"picked":"SKIP","floor":35},{"not_picked":["Skewer"],"picked":"SKIP","floor":36},{"not_picked":["Endless Agony+1"],"picked":"SKIP","floor":38},{"not_picked":["Dagger Throw+1"],"picked":"SKIP","floor":39},{"not_picked":["Footwork"],"picked":"SKIP","floor":41},{"not_picked":["Blade Dance+1"],"picked":"SKIP","floor":54}],"player_experience":1287014,"relics_obtained":[{"floor":6,"key":"Juzu Bracelet"},{"floor":12,"key":"MawBank"},{"floor":14,"key":"HornCleat"},{"floor":24,"key":"Art of War"},{"floor":26,"key":"Mercury Hourglass"},{"floor":28,"key":"Ginger"},{"floor":43,"key":"Lantern"},{"floor":54,"key":"Oddly Smooth Stone"}],"event_choices":[{"damage_healed":0,"gold_gain":0,"player_choice":"Donut","damage_taken":0,"max_hp_gain":5,"max_hp_loss":0,"event_name":"Big Fish","floor":7,"gold_loss":0},{"damage_healed":0,"gold_gain":0,"player_choice":"Searched \u00271\u0027 times","damage_taken":0,"max_hp_gain":0,"max_hp_loss":0,"event_name":"Dead Adventurer","floor":12,"gold_loss":0},{"damage_healed":0,"gold_gain":0,"player_choice":"Forge","damage_taken":0,"max_hp_gain":0,"max_hp_loss":0,"event_name":"Accursed Blacksmith","floor":21,"gold_loss":0,"cards_upgraded":["Apotheosis"]},{"damage_healed":0,"gold_gain":0,"player_choice":"Upgraded","damage_taken":0,"max_hp_gain":0,"max_hp_loss":0,"event_name":"Upgrade Shrine","floor":22,"gold_loss":0,"cards_upgraded":["Calculated Gamble"]},{"damage_healed":0,"gold_gain":75,"player_choice":"Touch","damage_taken":8,"max_hp_gain":0,"max_hp_loss":0,"event_name":"FaceTrader","floor":27,"gold_loss":0},{"damage_healed":0,"gold_gain":0,"player_choice":"Embrace Madness","damage_taken":10,"max_hp_gain":0,"max_hp_loss":0,"event_name":"Winding Halls","floor":45,"gold_loss":0,"cards_obtained":["Madness","Madness"]},{"damage_healed":0,"gold_gain":100,"player_choice":"Pray","damage_taken":0,"max_hp_gain":0,"max_hp_loss":0,"event_name":"Golden Shrine","floor":46,"gold_loss":0},{"damage_healed":0,"gold_gain":0,"player_choice":"Ignored","damage_taken":0,"max_hp_gain":0,"max_hp_loss":0,"event_name":"Tomb of Lord Red Mask","floor":47,"gold_loss":0},{"damage_healed":0,"gold_gain":0,"player_choice":"Got Potions","damage_taken":0,"max_hp_gain":0,"max_hp_loss":0,"event_name":"Lab","floor":48,"gold_loss":0}],"is_beta":false,"boss_relics":[{"not_picked":["SlaversCollar","Sozu"],"picked":"Busted Crown"},{"not_picked":["Black Star","Tiny House"],"picked":"Cursed Key"}],"items_purged_floors":[20,37,42,53],"is_endless":false,"potions_floor_spawned":[3,4,10,11,16,28,31,38,39,54],"killed_by":"The Heart","ascension_level":0}}