{"host":"9slw7l0ws16384qq","time":1611437803,"event":{"mods":["A Penny For Your Troubles","BaseMod","Clockwork Mod","Colored Map","Evolution","Hubris","Minty Spire (QoL Compilation)","Replay The Spire","Shedinja","StS++","StSLib","The Dragon Tamer","The Marked"],"gold_per_floor":[118,118,138,150,167,202,222,222,222,235,251,251,266,42,42,142,142,162,178,78,78,97,97,97,97,97,97,113,113,113,124,124,223,223,234,252,127,139,139,139,150,150,150,163,163,113,144,144,144,145],"floor_reached":51,"language":"FRA","playtime":1271,"items_purged":["Bash","Pommel Strike","Pommel Strike"],"score":756,"play_id":"4d11366a-e430-4ab4-8fc3-5fc798f3b76e","local_time":"20210123223643","is_ascension_mode":false,"campfire_choices":[{"data":"Uppercut","floor":8,"key":"SMITH"},{"data":"ReplayTheSpireMod:Limb From Limb","floor":15,"key":"SMITH"},{"data":"Demon Form","floor":23,"key":"SMITH"},{"data":"Shrug It Off","floor":27,"key":"SMITH"},{"data":"Limit Break","floor":29,"key":"SMITH"},{"data":"Shrug It Off","floor":32,"key":"SMITH"},{"data":"Pommel Strike","floor":40,"key":"SMITH"},{"data":"Pommel Strike","floor":42,"key":"SMITH"},{"floor":49,"key":"RECALL"}],"circlet_count":0,"master_deck":["Pommel Strike+1","Pommel Strike+1","Pommel Strike+1","Shrug It Off+1","Shrug It Off+1","ReplayTheSpireMod:Limb From Limb+1","Uppercut+1","Demon Form+1","Limit Break+1"],"relics":["Burning Blood","EVO:Axolotl","Bag of Preparation","Orichalcum","Medical Kit","Coffee Dripper","Quantum Egg","Bronze Scales","Ooze Armor","Eternal Feather","Frozen Egg 2","Ancient Tea Set"],"acts_visited":["Exordium","TheCity","TheBeyond"],"potions_floor_usage":[6,50,50,50],"damage_taken":[{"damage":2,"enemies":"Small Slimes","floor":1,"turns":3},{"damage":0,"enemies":"Cultist","floor":3,"turns":2},{"damage":0,"enemies":"2 Louse","floor":4,"turns":2},{"damage":9,"enemies":"Exordium Wildlife","floor":5,"turns":3},{"damage":10,"enemies":"Lagavulin","floor":6,"turns":5},{"damage":0,"enemies":"3 Louse","floor":7,"turns":4},{"damage":4,"enemies":"Large Slime","floor":10,"turns":2},{"damage":0,"enemies":"Exordium Wildlife","floor":11,"turns":3},{"damage":1,"enemies":"Blue Slaver","floor":13,"turns":2},{"damage":23,"enemies":"The Guardian","floor":16,"turns":7},{"damage":2,"enemies":"3 Byrds","floor":18,"turns":5},{"damage":13,"enemies":"2 Thieves","floor":19,"turns":3},{"damage":3,"enemies":"Cultist and Chosen","floor":22,"turns":4},{"damage":14,"enemies":"Sentry and Sphere","floor":28,"turns":5},{"damage":7,"enemies":"Snake Plant","floor":31,"turns":3},{"damage":14,"enemies":"hubris:MusketHawk","floor":33,"turns":6},{"damage":0,"enemies":"Orb Walker","floor":35,"turns":2},{"damage":13,"enemies":"3 Darklings","floor":36,"turns":4},{"damage":5,"enemies":"Transient","floor":38,"turns":5},{"damage":0,"enemies":"Maw","floor":41,"turns":4},{"damage":3,"enemies":"Sphere and 2 Shapes","floor":44,"turns":3},{"damage":2,"enemies":"Giant Head","floor":47,"turns":5},{"damage":29,"enemies":"Awakened One","floor":50,"turns":6}],"seed_played":"-2719313648781834459","potions_obtained":[{"floor":1,"key":"DistilledChaos"},{"floor":4,"key":"SteroidPotion"},{"floor":5,"key":"Doom Potion"},{"floor":10,"key":"Milkshake"},{"floor":18,"key":"Elixir"},{"floor":38,"key":"Dexterity Potion"}],"is_trial":false,"path_per_floor":["M","?","M","M","M","E","M","R","T","M","M","?","M","$","R_BF","B",null,"M","M","$","?","M","R","?","?","T","R","M","R","$","M","R","B",null,"M","M","$","M","?","R","M","R","T","M","T","$","E","$","R","B",null],"character_chosen":"IRONCLAD","items_purchased":["Medical Kit","Dexterity Potion"],"campfire_rested":0,"item_purchase_floors":[14,46],"current_hp_per_floor":[80,80,80,80,77,73,79,79,79,80,80,80,80,80,80,63,80,80,73,73,73,76,76,76,61,61,61,53,53,53,52,52,44,85,85,78,78,79,79,79,85,85,85,85,85,85,85,85,85,62],"gold":145,"neow_bonus":"REMOVE_CARD","is_daily":false,"chose_seed":false,"campfire_upgraded":8,"win_rate":0.0,"timestamp":1611437803,"path_taken":["M","?","M","?","M","E","M","R","T","M","M","?","?","$","R_BF","BOSS","M","M","$","?","M","R","?","?","T","R","M","R","$","M","R","BOSS","M","M","$","M","?","R","M","R","T","M","?","$","E","?","R","BOSS"],"items_purchased_type":["Relic","Potion"],"build_version":"2020-12-22","purchased_purges":3,"victory":true,"max_hp_per_floor":[80,80,80,80,80,80,80,80,80,80,80,80,80,80,80,80,80,80,80,80,80,80,80,80,85,85,85,85,85,85,85,85,85,85,85,85,85,85,85,85,85,85,85,85,85,85,85,85,85,85],"card_choices":[{"not_picked":["Dropkick","Havoc"],"picked":"ReplayTheSpireMod:Limb From Limb","floor":1},{"not_picked":["Clash","ReplayTheSpireMod:Strike From Hell","Clothesline"],"picked":"SKIP","floor":3},{"not_picked":["Spot Weakness","Armaments","True Grit"],"picked":"SKIP","floor":4},{"not_picked":["hubris:ReadiedAction","Havoc","Clothesline"],"picked":"SKIP","floor":5},{"not_picked":["hubris:ReadiedAction","Havoc","Clothesline"],"picked":"SKIP","floor":5},{"not_picked":["Thunderclap","Dropkick"],"picked":"Uppercut","floor":6},{"not_picked":["Havoc","Run Through","ReplayTheSpireMod:Strike From Hell"],"picked":"SKIP","floor":7},{"not_picked":["Iron Wave","Searing Blow","Twin Strike"],"picked":"SKIP","floor":10},{"not_picked":["Intimidate","Burning Pact","True Grit"],"picked":"SKIP","floor":11},{"not_picked":["Ghostly Armor","Life Link","ReplayTheSpireMod:Strike From Hell"],"picked":"SKIP","floor":13},{"not_picked":["Juggernaut","Exhume"],"picked":"Demon Form","floor":16},{"not_picked":["Iron Wave","StSpp:Succumb+1","ReplayTheSpireMod:Strike From Hell"],"picked":"SKIP","floor":18},{"not_picked":["Cleave","Massacre","ReplayTheSpireMod:Strike From Hell"],"picked":"SKIP","floor":19},{"not_picked":["Heavy Blade","StSpp:Succumb","Bloodletting"],"picked":"SKIP","floor":22},{"not_picked":["Fire Breathing","Run Through"],"picked":"Limit Break","floor":28},{"not_picked":["Armaments+1","Sword Boomerang","Searing Blow"],"picked":"SKIP","floor":31},{"not_picked":["Wild Strike+1","Replay:Undeath\u0027s Touch+1","Evolve"],"picked":"SKIP","floor":35},{"not_picked":["Heavy Blade","Intimidate+1","Hemokinesis"],"picked":"SKIP","floor":36},{"not_picked":["Shockwave+1","hubris:CleavingFinish","True Grit+1"],"picked":"SKIP","floor":38},{"not_picked":["ReplayTheSpireMod:Corrosion Curse","Wild Strike+1","Twin Strike"],"picked":"SKIP","floor":41},{"not_picked":["Evolve","Massacre+1","Warcry"],"picked":"SKIP","floor":44},{"not_picked":["Shrug It Off","Rupture+1","hubris:ReadiedAction"],"picked":"SKIP","floor":47}],"player_experience":1786446,"relics_obtained":[{"floor":6,"key":"Bag of Preparation"},{"floor":9,"key":"Orichalcum"},{"floor":26,"key":"Bronze Scales"},{"floor":43,"key":"Eternal Feather"},{"floor":45,"key":"Frozen Egg 2"},{"floor":47,"key":"Ancient Tea Set"}],"event_choices":[{"cards_removed":["Defend_R"],"damage_healed":0,"gold_gain":0,"player_choice":"Purged","damage_taken":0,"max_hp_gain":0,"max_hp_loss":0,"event_name":"Purifier","floor":2,"gold_loss":0},{"damage_healed":0,"gold_gain":0,"player_choice":"Got Potions","damage_taken":0,"max_hp_gain":0,"max_hp_loss":0,"event_name":"Lab","floor":12,"gold_loss":0},{"damage_healed":0,"gold_gain":0,"player_choice":"Ignored","damage_taken":0,"max_hp_gain":0,"max_hp_loss":0,"event_name":"Vampires","floor":24,"gold_loss":0},{"damage_healed":0,"gold_gain":0,"player_choice":"Shed Blood","damage_taken":20,"max_hp_gain":5,"max_hp_loss":0,"event_name":"Forgotten Altar","floor":25,"gold_loss":0}],"is_beta":false,"boss_relics":[{"not_picked":["Calling Bell","hubris:BlackHole"],"picked":"Coffee Dripper"},{"not_picked":["Replay:Drink Me","Empty Cage"],"picked":"Ooze Armor"}],"items_purged_floors":[14,20,37],"is_endless":false,"potions_floor_spawned":[1,4,5,10,13,18,33,38,44,47],"ascension_level":0}}