{"host":"t4jsb5tuksjmo64s","time":1611371446,"event":{"mods":["AchievementEnabler","BaseMod","Block Reminder","Colored Map","Colored Powertips","Dark Map","Highlight Path","Minty Spire (QoL Compilation)","Quick Restart","Random Character Button","Rare Cards Sparkle","Relic Stats"],"gold_per_floor":[115,115,130,147,163,163,189,199,199,227,77,77,140,156,156,156,156],"floor_reached":16,"language":"ENG","playtime":1681,"items_purged":["Strike_G"],"score":112,"play_id":"95d3916f-5255-4fe4-ae66-7af1ab8467a6","local_time":"20210122221046","is_ascension_mode":false,"campfire_choices":[{"data":"Setup","floor":6,"key":"SMITH"},{"floor":12,"key":"REST"},{"data":"Blur","floor":15,"key":"SMITH"}],"circlet_count":0,"master_deck":["Strike_G","Strike_G","Strike_G","Defend_G","Defend_G","Defend_G","Defend_G","Survivor","Neutralize","Setup+1","Unload","Heel Hook","Footwork","Footwork","Adrenaline","Predator","Crippling Poison","Tactician","Catalyst","Blur+1"],"relics":["Ring of the Snake","MealTicket","Matryoshka","Lantern","Girya"],"acts_visited":["Exordium"],"potions_floor_usage":[7,7,10,16,16],"damage_taken":[{"damage":0,"enemies":"Jaw Worm","floor":1,"turns":6},{"damage":2,"enemies":"Small Slimes","floor":3,"turns":4},{"damage":0,"enemies":"2 Louse","floor":4,"turns":2},{"damage":0,"enemies":"Looter","floor":5,"turns":3},{"damage":21,"enemies":"Lagavulin","floor":7,"turns":10},{"damage":0,"enemies":"Blue Slaver","floor":8,"turns":4},{"damage":28,"enemies":"Gremlin Nob","floor":10,"turns":5},{"damage":7,"enemies":"3 Sentries","floor":13,"turns":9},{"damage":0,"enemies":"3 Louse","floor":14,"turns":3},{"damage":49,"enemies":"Hexaghost","floor":16,"turns":16}],"seed_played":"7230948249086760768","potions_obtained":[{"floor":3,"key":"SpeedPotion"},{"floor":4,"key":"Dexterity Potion"},{"floor":7,"key":"Explosive Potion"},{"floor":13,"key":"LiquidMemories"},{"floor":14,"key":"LiquidMemories"}],"is_trial":false,"path_per_floor":["M","?","M","M","M","R","E","M","T","E","$","R","?","M","R","B"],"character_chosen":"THE_SILENT","items_purchased":["Tactician"],"campfire_rested":1,"item_purchase_floors":[11],"current_hp_per_floor":[49,70,68,68,68,68,47,47,47,19,34,55,48,48,48,0,0],"gold":156,"neow_bonus":"TRANSFORM_TWO_CARDS","is_daily":false,"chose_seed":false,"campfire_upgraded":2,"win_rate":0.0,"timestamp":1611371446,"path_taken":["M","?","M","M","M","R","E","M","T","E","$","R","?","M","R","BOSS"],"items_purchased_type":["Card"],"build_version":"2020-12-22","purchased_purges":1,"victory":false,"max_hp_per_floor":[70,70,70,70,70,70,70,70,70,70,70,70,70,70,70,70,70],"relic_stats":{"counters":[10,62],"MealTicket":15,"obtain_stats":[{"Girya":13,"Lantern":10,"Matryoshka":9,"MealTicket":7,"Ring of the Snake":0},{"Girya":7,"Lantern":7,"Matryoshka":6,"MealTicket":5,"Ring of the Snake":0},{"Girya":34,"Lantern":34,"Matryoshka":29,"MealTicket":25,"Ring of the Snake":0}],"Ring of the Snake":[20]},"card_choices":[{"not_picked":["Cloak And Dagger","Skewer"],"picked":"Heel Hook","floor":1},{"not_picked":["Bouncing Flask","Deflect","Blade Dance"],"picked":"SKIP","floor":3},{"not_picked":["PiercingWail","Flying Knee"],"picked":"Footwork","floor":4},{"not_picked":["Dodge and Roll","Dagger Throw"],"picked":"Footwork","floor":5},{"not_picked":["Dagger Spray","Setup"],"picked":"Adrenaline","floor":7},{"not_picked":["Sucker Punch","Cloak And Dagger"],"picked":"Predator","floor":8},{"not_picked":["Heel Hook","PiercingWail"],"picked":"Crippling Poison","floor":10},{"not_picked":["Deflect","Masterful Stab"],"picked":"Catalyst","floor":13},{"not_picked":["Dagger Spray","Cloak And Dagger"],"picked":"Blur","floor":14}],"player_experience":212275,"relics_obtained":[{"floor":7,"key":"MealTicket"},{"floor":9,"key":"Matryoshka"},{"floor":10,"key":"Lantern"}],"event_choices":[{"damage_healed":23,"gold_gain":0,"player_choice":"Banana","damage_taken":0,"max_hp_gain":0,"max_hp_loss":0,"event_name":"Big Fish","floor":2,"gold_loss":0},{"damage_healed":0,"gold_gain":0,"player_choice":"Searched \u00273\u0027 times","damage_taken":0,"relics_obtained":["Girya"],"max_hp_gain":0,"max_hp_loss":0,"event_name":"Dead Adventurer","floor":13,"gold_loss":0}],"is_beta":false,"boss_relics":[],"items_purged_floors":[11],"is_endless":false,"potions_floor_spawned":[3,4,7,13,14],"killed_by":"Hexaghost","ascension_level":0}}