{"host":"qnw6fh3z6mhgqap2","time":1611363182,"event":{"mods":["BaseMod","Downfall","Minty Spire (QoL Compilation)","Quick Restart","Replay The Spire","StSLib","SuperFastMode"],"gold_per_floor":[113,113,125,125,136,166,182,212,212,223,254,254,270,281,281,376,376,390,158,174,89,106,141,108,108,108],"floor_reached":25,"language":"ENG","playtime":1563,"items_purged":[],"score":257,"play_id":"26700466-033f-4397-bbe9-c688a4f3a384","local_time":"20210123015302","is_ascension_mode":true,"campfire_choices":[{"floor":15,"key":"REST"}],"circlet_count":0,"master_deck":["Survivor","Neutralize","Caltrops","Draining Mist","Terror","Phantasmal Killer","Predator","Poisoned Stab","Dagger Throw","Accuracy","Bane","Poisoned Stab","Burst","Unload","Dagger Throw","ReplayTheSpireMod:Scrap Shanks","Cloak And Dagger","After Image","Heel Hook","Doppelganger","Phantasmal Killer","Predator","Blade Dance","Mayhem","Hidden Blade","Blade Dance","Deadly Poison+1","Deadly Poison+1","Slice+1"],"relics":["Ring of Chaos","Mercury Hourglass","Mango","Ornamental Fan","Eternal Feather","Pandora\u0027s Box","Vajra","Ancient Tea Set"],"acts_visited":["Exordium","TheCity"],"potions_floor_usage":[8,10,13,14,16,23],"damage_taken":[{"damage":0.0,"enemies":"Jaw Worm","floor":1.0,"turns":5.0},{"damage":1.0,"enemies":"Cultist","floor":3.0,"turns":6.0},{"damage":4.0,"enemies":"2 Louse","floor":5.0,"turns":3.0},{"damage":43.0,"enemies":"Gremlin Nob","floor":6.0,"turns":6.0},{"damage":0,"enemies":"Large Slime","floor":7,"turns":6},{"damage":14,"enemies":"Lagavulin","floor":8,"turns":8},{"damage":0,"enemies":"Lots of Slimes","floor":10,"turns":3},{"damage":13,"enemies":"3 Sentries","floor":11,"turns":7},{"damage":0,"enemies":"Blue Slaver","floor":13,"turns":3},{"damage":0,"enemies":"Exordium Thugs","floor":14,"turns":4},{"damage":24,"enemies":"Hexaghost","floor":16,"turns":9},{"damage":19,"enemies":"Spheric Guardian","floor":18,"turns":3},{"damage":13,"enemies":"Shell Parasite","floor":20,"turns":4},{"damage":11,"enemies":"3 Cultists","floor":22,"turns":5},{"damage":20,"enemies":"Book of Stabbing","floor":23,"turns":5},{"damage":24,"enemies":"Slavers","floor":25,"turns":2}],"seed_played":"-2957209284018095561","potions_obtained":[{"floor":1.0,"key":"Dexterity Potion"},{"floor":7,"key":"SkillPotion"},{"floor":8,"key":"Energy Potion"},{"floor":11,"key":"AttackPotion"},{"floor":13,"key":"Block Potion"},{"floor":22,"key":"EssenceOfSteel"}],"is_trial":false,"path_per_floor":["M","?","M","?","M","E","M","E","T","M","E","?","M","M","R","B",null,"M","$","M","?","M","E","$","E"],"character_chosen":"THE_SILENT","items_purchased":["Mayhem","Hidden Blade","Slice+1"],"campfire_rested":1,"item_purchase_floors":[19,19,24],"current_hp_per_floor":[70,70,69,69,65,22,22,22,22,22,9,1,1,1,38,14,84,65,65,52,52,41,21,21,0,0],"gold":108,"neow_bonus":"BOSS_RELIC","is_daily":false,"chose_seed":false,"campfire_upgraded":0,"win_rate":0.0,"timestamp":1611363182,"path_taken":["M","?","M","?","M","E","?","E","T","M","E","?","?","M","R","BOSS","M","$","M","?","M","E","$","E"],"items_purchased_type":["Card","Card","Card"],"build_version":"2020-12-22","purchased_purges":0,"victory":false,"max_hp_per_floor":[70,70,70,70,70,70,70,84,84,84,84,84,84,84,84,84,84,84,84,84,84,84,84,84,84,84],"card_choices":[{"not_picked":["Blur","PiercingWail"],"picked":"Caltrops","floor":1.0},{"not_picked":["Heel Hook","Dagger Spray"],"picked":"Draining Mist","floor":3.0},{"not_picked":["Calculated Gamble","Blade Dance"],"picked":"Terror","floor":5.0},{"not_picked":["Cloak And Dagger","Dagger Spray"],"picked":"Phantasmal Killer","floor":6},{"not_picked":["Deadly Poison","Poisoned Stab"],"picked":"Predator","floor":7},{"not_picked":["Slice","Backflip"],"picked":"Poisoned Stab","floor":8},{"not_picked":["Sneak Up","Distraction"],"picked":"Dagger Throw","floor":10},{"not_picked":["Outmaneuver","Distraction"],"picked":"Accuracy","floor":11},{"not_picked":["Outmaneuver","Catalyst"],"picked":"Bane","floor":13},{"not_picked":["Underhanded Strike","Outmaneuver"],"picked":"Poisoned Stab","floor":14},{"not_picked":["Wraith Form v2","Atom Bomb"],"picked":"Burst","floor":16},{"not_picked":["Dagger Throw","Terror+1"],"picked":"Blade Dance","floor":18},{"not_picked":["Terror","Skewer"],"picked":"Blade Dance","floor":20},{"not_picked":["Hidden Blade","Grand Finale"],"picked":"Deadly Poison+1","floor":22},{"not_picked":["Cloak And Dagger","Bane"],"picked":"Deadly Poison+1","floor":23}],"player_experience":156427,"relics_obtained":[{"floor":6,"key":"Mercury Hourglass"},{"floor":8,"key":"Mango"},{"floor":9,"key":"Ornamental Fan"},{"floor":11,"key":"Eternal Feather"},{"floor":23,"key":"Ancient Tea Set"}],"event_choices":[{"damage_healed":0.0,"max_hp_gain":0.0,"max_hp_loss":0.0,"gold_gain":0.0,"event_name":"Liars Game","player_choice":"Ignored","floor":2.0,"gold_loss":0.0,"damage_taken":0.0},{"cards_removed":["Strike_G"],"damage_healed":0.0,"max_hp_gain":0.0,"max_hp_loss":0.0,"gold_gain":0.0,"event_name":"Bonfire Elementals","player_choice":"Offered Basic","floor":4.0,"gold_loss":0.0,"damage_taken":0.0},{"damage_healed":0,"gold_gain":0,"player_choice":"Damaged","damage_taken":8,"max_hp_gain":0,"max_hp_loss":0,"event_name":"Wheel of Change","floor":12,"gold_loss":0},{"damage_healed":0,"gold_gain":0,"player_choice":"Obtained Relic","damage_taken":0,"relics_obtained":["Vajra"],"max_hp_gain":0,"max_hp_loss":0,"event_name":"Addict","floor":21,"gold_loss":85}],"is_beta":false,"boss_relics":[{"not_picked":["Coffee Dripper","Black Star"],"picked":"Pandora\u0027s Box"}],"items_purged_floors":[],"is_endless":false,"potions_floor_spawned":[1,7,8,11,13,22],"killed_by":"Slavers","ascension_level":1}}