{"host":"gn6ds4edjslinxdh","time":1611383176,"event":{"mods":["AchievementEnabler","BaseMod","Colored Map","Colored Powertips","Hermit","Jorbs\u0027s Wanderer Trilogy","Minty Spire (QoL Compilation)","Permanent Neow","Quick Restart","Relic Sorter","Relic Stats","StSLib"],"gold_per_floor":[117,20,31,45,45,74,74,109,133,133,164,178,178,253,253,324,324,309,309,309,234,234,249,249,283,283,283,283,383,394,412,412,484,484,496,342,342,358,78,78,78,78],"floor_reached":41,"language":"ENG","playtime":2076,"items_purged":["Strike_R"],"score":726,"play_id":"17366c75-6fe8-420e-97c6-2ab540e44cdf","local_time":"20210122222616","is_ascension_mode":true,"campfire_choices":[{"data":"Spot Weakness","floor":7.0,"key":"SMITH"},{"data":"Bash","floor":10.0,"key":"SMITH"},{"data":"Pommel Strike","floor":15.0,"key":"SMITH"},{"data":"Corruption","floor":24.0,"key":"SMITH"},{"floor":28.0,"key":"REST"},{"data":"1","floor":32.0,"key":"LIFT"},{"data":"2","floor":40.0,"key":"LIFT"}],"circlet_count":0,"master_deck":["AscendersBane","Defend_R","Defend_R","Defend_R","Defend_R","Bash+1","Shrug It Off","Pommel Strike+1","Inflame+1","Disarm+1","Spot Weakness+1","Shrug It Off","Corruption+1","Feed","Dark Embrace","Bite","Bite","Bite","Bite","Bite","Feel No Pain","Inflame","Demon Form","True Grit","Finesse","Spot Weakness","Flame Barrier","Pommel Strike+1","Shrug It Off"],"relics":["Philosopher\u0027s Stone","Bag of Marbles","Ancient Tea Set","Boot","InkBottle","Sozu","Ice Cream","The Courier","Happy Flower","Girya","Letter Opener","Coffee Dripper","Art of War","DollysMirror"],"acts_visited":["Exordium","TheCity","TheBeyond"],"potions_floor_usage":[],"damage_taken":[{"damage":0.0,"enemies":"2 Louse","floor":1.0,"turns":2.0},{"damage":0.0,"enemies":"Cultist","floor":3.0,"turns":3.0},{"damage":0.0,"enemies":"Jaw Worm","floor":4.0,"turns":3.0},{"damage":8.0,"enemies":"Gremlin Nob","floor":6.0,"turns":4.0},{"damage":11.0,"enemies":"Lagavulin","floor":8.0,"turns":7.0},{"damage":8.0,"enemies":"3 Sentries","floor":11.0,"turns":6.0},{"damage":0.0,"enemies":"2 Fungi Beasts","floor":12.0,"turns":3.0},{"damage":8.0,"enemies":"Hexaghost","floor":16.0,"turns":6.0},{"damage":4.0,"enemies":"2 Thieves","floor":18.0,"turns":4.0},{"damage":0.0,"enemies":"Spheric Guardian","floor":23.0,"turns":4.0},{"damage":39.0,"enemies":"Slavers","floor":25.0,"turns":6.0},{"damage":30.0,"enemies":"Colosseum Slavers","floor":29.0,"turns":3.0},{"damage":7.0,"enemies":"Colosseum Nobs","floor":29.0,"turns":4.0},{"damage":0.0,"enemies":"3 Cultists","floor":30.0,"turns":3.0},{"damage":13.0,"enemies":"Chosen and Byrds","floor":31.0,"turns":3.0},{"damage":12.0,"enemies":"Champ","floor":33.0,"turns":8.0},{"damage":33.0,"enemies":"3 Darklings","floor":35.0,"turns":7.0},{"damage":39.0,"enemies":"3 Shapes","floor":38.0,"turns":5.0},{"damage":44,"enemies":"Reptomancer","floor":41,"turns":2}],"seed_played":"-855549659184221496","potions_obtained":[{"floor":4.0,"key":"SpeedPotion"},{"floor":6.0,"key":"EssenceOfSteel"},{"floor":12.0,"key":"SkillPotion"}],"is_trial":false,"path_per_floor":["M","$","M","M","?","E","R","E","T","R","E","M","?","?","R","B",null,"M","?","?","$","?","M","R","E","T","T","R","?","M","M","R","B",null,"M","$","?","M","$","R","E"],"character_chosen":"IRONCLAD","items_purchased":["Pommel Strike","Block Potion","True Grit","Art of War","Spot Weakness","Flame Barrier","DollysMirror","Shrug It Off"],"campfire_rested":1,"item_purchase_floors":[2,2,36,36,39,39,39,39],"current_hp_per_floor":[72,72,72,72,72,64,64,53,53,53,45,45,29,18,18,10,63,62,46,46,46,46,56,56,36,36,36,55,47,62,57,57,73,73,62,62,62,36,36,36,0,0],"gold":78,"neow_bonus":"BOSS_RELIC","is_daily":false,"chose_seed":false,"campfire_upgraded":4,"win_rate":0.0,"timestamp":1611383176,"path_taken":["M","$","M","M","?","E","R","E","T","R","E","?","?","?","R","BOSS","M","?","?","$","?","?","R","E","T","?","R","?","M","M","R","BOSS","M","$","?","M","$","R","E"],"items_purchased_type":["Card","Potion","Card","Relic","Card","Card","Relic","Card"],"build_version":"2020-12-22","purchased_purges":1,"victory":false,"max_hp_per_floor":[80,80,80,80,80,80,80,80,80,80,80,80,80,80,80,80,80,83,88,88,88,61,61,61,64,64,64,64,67,70,70,70,73,73,73,73,73,76,76,76,76,76],"relic_stats":{"Sozu":6,"Happy Flower":[11],"counters":[19,83],"Art of War":[2],"Letter Opener":[118],"Boot":[1],"obtain_stats":[{"Ice Cream":25,"Girya":29,"Happy Flower":27,"The Courier":26,"Letter Opener":29,"Ancient Tea Set":8,"Boot":9,"Burning Blood":0,"Sozu":17,"DollysMirror":39,"Philosopher\u0027s Stone":0,"Bag of Marbles":6,"Coffee Dripper":34,"Art of War":36,"InkBottle":11},{"Ice Cream":11,"Girya":13,"Happy Flower":11,"The Courier":11,"Letter Opener":13,"Ancient Tea Set":5,"Boot":5,"Burning Blood":0,"Sozu":8,"DollysMirror":18,"Philosopher\u0027s Stone":0,"Bag of Marbles":4,"Coffee Dripper":16,"Art of War":17,"InkBottle":6},{"Ice Cream":48,"Girya":55,"Happy Flower":48,"The Courier":48,"Letter Opener":55,"Ancient Tea Set":19,"Boot":19,"Burning Blood":0,"Sozu":34,"DollysMirror":81,"Philosopher\u0027s Stone":0,"Bag of Marbles":12,"Coffee Dripper":69,"Art of War":76,"InkBottle":25}],"InkBottle":[29]},"card_choices":[{"not_picked":["Clash","Sever Soul"],"picked":"Shrug It Off","floor":1.0},{"not_picked":["Havoc","True Grit"],"picked":"Inflame","floor":3.0},{"not_picked":["Headbutt","Rampage"],"picked":"Disarm","floor":4.0},{"not_picked":["Dark Embrace","Sever Soul"],"picked":"Spot Weakness","floor":6.0},{"not_picked":["Bloodletting","Reckless Charge"],"picked":"Shrug It Off","floor":8.0},{"not_picked":["Heavy Blade","Thunderclap"],"picked":"Corruption","floor":11.0},{"not_picked":["Evolve","Power Through","Sword Boomerang"],"picked":"SKIP","floor":12.0},{"not_picked":["Bludgeon","Barricade"],"picked":"Feed","floor":16.0},{"not_picked":["Perfected Strike+1","Iron Wave"],"picked":"Dark Embrace","floor":18.0},{"not_picked":["Disarm","Perfected Strike"],"picked":"Feel No Pain","floor":23.0},{"not_picked":["Wild Strike","Body Slam","Iron Wave"],"picked":"SKIP","floor":25.0},{"not_picked":["Headbutt","Cleave"],"picked":"Inflame","floor":30.0},{"not_picked":["Clash","Body Slam","Pommel Strike"],"picked":"SKIP","floor":31.0},{"not_picked":["Exhume","Feed"],"picked":"Demon Form","floor":33.0},{"not_picked":["Clash+1","Heavy Blade","Clothesline+1"],"picked":"SKIP","floor":35.0},{"not_picked":["Jack Of All Trades","Deep Breath"],"picked":"Finesse","floor":37.0},{"not_picked":["Sword Boomerang+1","Iron Wave","Exhume"],"picked":"SKIP","floor":38.0}],"player_experience":514813,"relics_obtained":[{"floor":6.0,"key":"Bag of Marbles"},{"floor":8.0,"key":"Ancient Tea Set"},{"floor":9.0,"key":"Boot"},{"floor":11.0,"key":"InkBottle"},{"floor":25.0,"key":"Ice Cream"},{"floor":26.0,"key":"The Courier"},{"floor":27.0,"key":"Happy Flower"},{"floor":29.0,"key":"Girya"},{"floor":29.0,"key":"Letter Opener"}],"event_choices":[{"damage_healed":0.0,"max_hp_gain":0.0,"max_hp_loss":0.0,"gold_gain":0.0,"event_name":"Upgrade Shrine","player_choice":"Upgraded","floor":5.0,"gold_loss":0.0,"damage_taken":0.0,"cards_upgraded":["Inflame"]},{"damage_healed":0.0,"max_hp_gain":0.0,"max_hp_loss":0.0,"gold_gain":0.0,"event_name":"Shining Light","player_choice":"Entered Light","floor":13.0,"gold_loss":0.0,"damage_taken":16.0,"cards_upgraded":["Disarm","Strike_R"]},{"damage_healed":0.0,"max_hp_gain":0.0,"max_hp_loss":0.0,"gold_gain":75.0,"event_name":"World of Goop","player_choice":"Gather Gold","floor":14.0,"gold_loss":0.0,"damage_taken":11.0},{"damage_healed":0.0,"max_hp_gain":5.0,"max_hp_loss":0.0,"gold_gain":0.0,"event_name":"Forgotten Altar","player_choice":"Shed Blood","floor":19.0,"gold_loss":0.0,"damage_taken":21.0},{"damage_healed":0.0,"max_hp_gain":0.0,"max_hp_loss":0.0,"gold_gain":0.0,"event_name":"The Mausoleum","player_choice":"Ignored","floor":20.0,"gold_loss":0.0,"damage_taken":0.0},{"damage_healed":0.0,"max_hp_gain":0.0,"max_hp_loss":27.0,"gold_gain":0.0,"event_name":"Vampires","player_choice":"Became a vampire","floor":22.0,"gold_loss":0.0,"damage_taken":0.0,"cards_obtained":["Bite","Bite","Bite","Bite","Bite"]},{"damage_healed":0.0,"max_hp_gain":0.0,"max_hp_loss":0.0,"gold_gain":0.0,"event_name":"Colosseum","player_choice":"Fight","floor":29.0,"gold_loss":0.0,"damage_taken":0.0},{"damage_healed":0.0,"max_hp_gain":0.0,"max_hp_loss":0.0,"gold_gain":0.0,"event_name":"Colosseum","player_choice":"Fought Nobs","floor":29.0,"gold_loss":0.0,"damage_taken":0.0},{"damage_healed":0.0,"max_hp_gain":0.0,"max_hp_loss":0.0,"gold_gain":0.0,"event_name":"SensoryStone","player_choice":"Memory 1","floor":37.0,"gold_loss":0.0,"damage_taken":0.0}],"is_beta":false,"boss_relics":[{"not_picked":["Black Star","SacredBark"],"picked":"Sozu"},{"not_picked":["Empty Cage","Snecko Eye"],"picked":"Coffee Dripper"}],"items_purged_floors":[21],"is_endless":false,"potions_floor_spawned":[4,6,12,18,25,29,33,35,38],"killed_by":"Reptomancer","ascension_level":13}}