{"host":"x000krxjblg8jdg4","time":1611409746,"event":{"mods":["BaseMod","Downfall","Hermit","Minty Spire (QoL Compilation)","StSLib","The Runesmith","The Servant 0.9.4"],"gold_per_floor":[117,192,192,205,215,240,256,275,275,305,315,331,29,61,61,165,165,177,194,211,211,211,237,237,255,279,378,378,378,141,151,151,246,246,259,271,271,14,33,33,53,53,53,82,82,93,143,168,168,168,168],"floor_reached":50,"language":"ENG","playtime":3721,"items_purged":["Writhe"],"score":594,"play_id":"2f4b557d-42f0-47d9-9034-ffa088c97df5","local_time":"20210123114906","is_ascension_mode":false,"campfire_choices":[{"floor":15.0,"key":"REST"},{"floor":24,"key":"REST"},{"floor":28,"key":"REST"},{"floor":32,"key":"REST"},{"floor":40,"key":"REST"},{"floor":42,"key":"REST"},{"floor":49,"key":"REST"}],"circlet_count":0,"master_deck":["hermit:Strike_Hermit","hermit:Strike_Hermit","hermit:Strike_Hermit","hermit:Defend_Hermit","hermit:Defend_Hermit","hermit:Defend_Hermit","hermit:Defend_Hermit","hermit:Snapshot","hermit:Covet","hermit:Headshot","hermit:Deadeye","hermit:RoundhouseKick+1","hermit:PistolWhip+1","hermit:CalledShot+1","hermit:GhostlyPresence","hermit:HighCaliber+1","hermit:TakeAim","hermit:Determination","hermit:Showdown+1","hermit:Reprieve","hermit:HighNoon","hermit:LowProfile","hermit:GhostlyPresence+1","hermit:HighCaliber+1","hermit:TrackingShot+1","hermit:Determination","hermit:WideOpen+1","hermit:HighCaliber+1","hermit:Ricochet+1","hermit:HighCaliber+1","hermit:PistolWhip+1","hermit:BodyArmor+1","hermit:HoleUp+1","hermit:Brawl","hermit:Vantage","hermit:TakeAim","hermit:TrackingShot+1"],"relics":["hermit:Momento","Molten Egg 2","Eternal Feather","MealTicket","Happy Flower","Pantograph","bronze:MakeshiftBattery","Kunai","PreservedInsect","Mummified Hand","Anchor","Black Star","HandDrill","Sundial","Bird Faced Urn","Oddly Smooth Stone","Incense Burner","Vajra","InkBottle"],"acts_visited":["Exordium","TheCity","TheBeyond"],"potions_floor_usage":[20,33,33,33,46,48],"damage_taken":[{"damage":0.0,"enemies":"2 Louse","floor":1.0,"turns":2.0},{"damage":1.0,"enemies":"Cultist","floor":4.0,"turns":4.0},{"damage":4.0,"enemies":"Jaw Worm","floor":5.0,"turns":4.0},{"damage":17.0,"enemies":"Gremlin Nob","floor":6.0,"turns":4.0},{"damage":0.0,"enemies":"3 Louse","floor":7.0,"turns":3.0},{"damage":8.0,"enemies":"Exordium Thugs","floor":8.0,"turns":4.0},{"damage":31.0,"enemies":"Lagavulin","floor":10.0,"turns":4.0},{"damage":0.0,"enemies":"Large Slime","floor":11.0,"turns":4.0},{"damage":0.0,"enemies":"Blue Slaver","floor":12.0,"turns":1.0},{"damage":11.0,"enemies":"3 Sentries","floor":14.0,"turns":5.0},{"damage":49.0,"enemies":"Slime Boss","floor":16.0,"turns":9.0},{"damage":10.0,"enemies":"3 Byrds","floor":18.0,"turns":4.0},{"damage":28.0,"enemies":"Shell Parasite","floor":19.0,"turns":5.0},{"damage":20,"enemies":"Centurion and Healer","floor":20,"turns":6},{"damage":39,"enemies":"Slavers","floor":23,"turns":7},{"damage":36,"enemies":"Shelled Parasite and Fungi","floor":25,"turns":6},{"damage":42,"enemies":"Cultist and Chosen","floor":31,"turns":7},{"damage":62,"enemies":"Champ","floor":33,"turns":9},{"damage":12,"enemies":"3 Shapes","floor":35,"turns":4},{"damage":13,"enemies":"Orb Walker","floor":36,"turns":3},{"damage":49,"enemies":"Maw","floor":39,"turns":8},{"damage":30,"enemies":"Sphere and 2 Shapes","floor":41,"turns":5},{"damage":22,"enemies":"Giant Head","floor":44,"turns":7},{"damage":26,"enemies":"4 Shapes","floor":46,"turns":4},{"damage":0,"enemies":"Mind Bloom Boss Battle","floor":47,"turns":6},{"damage":65,"enemies":"Nemesis","floor":48,"turns":7},{"damage":96,"enemies":"Awakened One","floor":50,"turns":8}],"seed_played":"-39430273712640475","potions_obtained":[{"floor":1.0,"key":"Weak Potion"},{"floor":6.0,"key":"EssenceOfSteel"},{"floor":8.0,"key":"champ:CounterPotion"},{"floor":11.0,"key":"EssenceOfSteel"},{"floor":18.0,"key":"SkillPotion"},{"floor":25,"key":"GamblersBrew"},{"floor":31,"key":"bronze:BurnAndBuffPotion"},{"floor":39,"key":"DuplicationPotion"},{"floor":44,"key":"ColorlessPotion"},{"floor":46,"key":"Block Potion"}],"is_trial":false,"path_per_floor":["M","?","?","M","M","E","M","M","T","E","M","M","$","E","R","B",null,"M","M","M","?","?","E","R","M","T","?","R","T","$","M","R","B",null,"M","M","?","$","M","R","M","R","T","E","?","M","?","E","R","B"],"character_chosen":"HERMIT","items_purchased":["Happy Flower","hermit:Determination","hermit:Showdown+1","hermit:WideOpen+1","Anchor","Energy Potion","HandDrill","hermit:PistolWhip+1"],"campfire_rested":7,"item_purchase_floors":[13,13,13,30,30,30,38,38],"current_hp_per_floor":[82,71,76,75,71,54,54,46,46,15,15,15,30,19,55,31,82,72,44,24,51,51,12,51,15,15,15,54,54,69,27,66,20,82,70,57,78,82,33,75,45,82,82,60,60,40,73,24,69,0,0],"gold":168,"neow_bonus":"TEN_PERCENT_HP_BONUS","is_daily":false,"chose_seed":false,"campfire_upgraded":0,"win_rate":0.0,"timestamp":1611409746,"path_taken":["M","?","?","M","M","E","?","M","T","E","M","M","$","E","R","BOSS","M","M","?","?","?","E","R","?","T","?","R","?","$","?","R","BOSS","M","?","?","$","M","R","M","R","T","E","?","M","?","E","R","BOSS"],"items_purchased_type":["Relic","Card","Card","Card","Relic","Potion","Relic","Card"],"build_version":"2020-12-22","purchased_purges":1,"victory":false,"max_hp_per_floor":[82,82,82,82,82,82,82,82,82,82,82,82,82,82,82,82,82,82,82,82,82,82,82,82,82,82,82,82,82,82,82,82,82,82,82,82,82,82,82,82,82,82,82,82,82,82,82,82,82,82,82],"card_choices":[{"not_picked":["hermit:GhostlyPresence","hermit:Gestalt"],"picked":"hermit:CalledShot","floor":1.0},{"not_picked":["hermit:Showdown","hermit:Dive"],"picked":"hermit:Headshot","floor":4.0},{"not_picked":["hermit:Spite","hermit:Coalescence"],"picked":"hermit:Deadeye","floor":5.0},{"not_picked":["hermit:Vantage","hermit:Glare"],"picked":"hermit:RoundhouseKick+1","floor":6.0},{"not_picked":["hermit:Ricochet+1","hermit:LowProfile"],"picked":"hermit:PistolWhip+1","floor":7.0},{"not_picked":["hermit:Misfire+1","hermit:LowProfile"],"picked":"hermit:CalledShot+1","floor":8.0},{"not_picked":["hermit:Headshot+1","hermit:Manifest"],"picked":"hermit:GhostlyPresence","floor":10.0},{"not_picked":["hermit:CalledShot+1","hermit:Desperado+1"],"picked":"hermit:HighCaliber+1","floor":11.0},{"not_picked":["hermit:Misfire+1","hermit:HoleUp"],"picked":"hermit:TakeAim","floor":12.0},{"not_picked":["hermit:Cheat","hermit:ItchyTrigger+1"],"picked":"hermit:Reprieve","floor":14.0},{"not_picked":["hermit:EternalForm","hermit:FromBeyond"],"picked":"hermit:HighNoon","floor":16.0},{"not_picked":["hermit:Roulette+1","hermit:DeadMansHand+1"],"picked":"hermit:LowProfile","floor":18.0},{"not_picked":["hermit:BodyArmor","hermit:SprayPray+1"],"picked":"hermit:GhostlyPresence+1","floor":19.0},{"not_picked":["hermit:Manifest","hermit:Determination"],"picked":"hermit:HighCaliber+1","floor":20},{"not_picked":["hermit:Vantage","hermit:Showdown+1"],"picked":"hermit:TrackingShot+1","floor":23},{"not_picked":["hermit:ItchyTrigger+1","hermit:Misfire+1"],"picked":"hermit:Determination","floor":25},{"not_picked":["hermit:Horror+1","hermit:Roulette+1"],"picked":"hermit:HighCaliber+1","floor":31},{"not_picked":["hermit:FullyLoaded+1","hermit:Scavenge"],"picked":"hermit:Ricochet+1","floor":35},{"not_picked":["hermit:SprayPray+1","hermit:CalledShot+1"],"picked":"hermit:HighCaliber+1","floor":36},{"not_picked":["hermit:HighCaliber+1","hermit:Coalescence+1"],"picked":"hermit:BodyArmor+1","floor":39},{"not_picked":["hermit:FullyLoaded+1","hermit:LuckOfTheDraw+1"],"picked":"hermit:HoleUp+1","floor":41},{"not_picked":["hermit:ItchyTrigger+1","hermit:Midnight"],"picked":"hermit:Brawl","floor":44},{"not_picked":["hermit:LowProfile","hermit:Misfire+1"],"picked":"hermit:Vantage","floor":46},{"not_picked":["hermit:TrackingShot+1","hermit:DeadOrAlive+1"],"picked":"hermit:TakeAim","floor":47},{"not_picked":["hermit:Brawl","hermit:Midnight"],"picked":"hermit:TrackingShot+1","floor":48}],"player_experience":15091,"relics_obtained":[{"floor":6.0,"key":"Molten Egg 2"},{"floor":9.0,"key":"Eternal Feather"},{"floor":10.0,"key":"MealTicket"},{"floor":14.0,"key":"Pantograph"},{"floor":23,"key":"Kunai"},{"floor":26,"key":"PreservedInsect"},{"floor":29,"key":"Mummified Hand"},{"floor":43,"key":"Sundial"},{"floor":44,"key":"Bird Faced Urn"},{"floor":44,"key":"Oddly Smooth Stone"},{"floor":47,"key":"Incense Burner"},{"floor":48,"key":"Vajra"},{"floor":48,"key":"InkBottle"}],"event_choices":[{"damage_healed":0.0,"max_hp_gain":0.0,"max_hp_loss":0.0,"gold_gain":75.0,"event_name":"World of Goop","player_choice":"Gather Gold","floor":2.0,"gold_loss":0.0,"damage_taken":11.0},{"cards_removed":["hermit:CalledShot"],"damage_healed":5.0,"max_hp_gain":0.0,"max_hp_loss":0.0,"gold_gain":0.0,"event_name":"Bonfire Elementals","player_choice":"Offered Common","floor":3.0,"gold_loss":0.0,"damage_taken":0.0},{"cards_removed":["hermit:CalledShot"],"damage_healed":5.0,"max_hp_gain":0.0,"max_hp_loss":0.0,"gold_gain":0.0,"event_name":"Bonfire Elementals","player_choice":"Offered Special","floor":3.0,"gold_loss":0.0,"damage_taken":0.0},{"damage_healed":27,"gold_gain":0,"player_choice":"Heal","damage_taken":0,"max_hp_gain":0,"max_hp_loss":0,"event_name":"The Library","floor":21,"gold_loss":0},{"damage_healed":0,"gold_gain":0,"player_choice":"Ignored","damage_taken":0,"max_hp_gain":0,"max_hp_loss":0,"event_name":"Vampires","floor":22,"gold_loss":0},{"damage_healed":0,"gold_gain":99,"player_choice":"Stole From Cult","damage_taken":0,"max_hp_gain":0,"max_hp_loss":0,"event_name":"Nest","floor":27,"gold_loss":0},{"damage_healed":21,"gold_gain":0,"player_choice":"Writhe","damage_taken":0,"max_hp_gain":0,"max_hp_loss":0,"event_name":"Winding Halls","floor":37,"gold_loss":0,"cards_obtained":["Writhe"]},{"cards_removed":["hermit:Strike_Hermit"],"damage_healed":0,"gold_gain":0,"player_choice":"Removed Attack","damage_taken":0,"max_hp_gain":0,"max_hp_loss":0,"event_name":"Falling","floor":45,"gold_loss":0},{"damage_healed":0,"gold_gain":0,"player_choice":"Fight","damage_taken":0,"max_hp_gain":0,"max_hp_loss":0,"event_name":"MindBloom","floor":47,"gold_loss":0}],"is_beta":false,"boss_relics":[{"not_picked":["hermit:ClaspedLocket","Velvet Choker"],"picked":"bronze:MakeshiftBattery"},{"not_picked":["Cursed Key","Busted Crown"],"picked":"Black Star"}],"items_purged_floors":[38],"is_endless":false,"potions_floor_spawned":[1,6,8,11,18,25,31,39,44,46],"killed_by":"Awakened One","ascension_level":0}}