{"host":"y24pqu7jih1n8m3t","time":1611369821,"event":{"mods":["AchievementEnabler","BaseMod","Bestiary","Block Reminder","Colored Map","Colored Powertips","DeckTracker","Highlight Path","Minty Spire (QoL Compilation)","Permanent Neow","Quick Restart","Rare Cards Sparkle","Relic Stats"],"gold_per_floor":[11,22,42,57,57,83,97,97,97,128,145,145,220,236,236,236,236],"floor_reached":16,"language":"ENG","playtime":1109,"items_purged":[],"score":125,"play_id":"92356590-bdbe-4f07-8313-799e51f1704d","local_time":"20210122214341","is_ascension_mode":true,"campfire_choices":[{"data":"Body Slam","floor":8,"key":"SMITH"},{"floor":12,"key":"RECALL"},{"data":"Clothesline","floor":15,"key":"SMITH"}],"circlet_count":0,"master_deck":["Strike_R+1","Strike_R+1","Strike_R","Defend_R","Defend_R","Defend_R","Defend_R","Bash+1","Body Slam+1","Infernal Blade+1","Iron Wave","Flex","Burning Pact","Spot Weakness","Shrug It Off","Flex","Clothesline+1"],"relics":["Burning Blood","Ancient Tea Set","Tiny Chest","Whetstone"],"acts_visited":["Exordium"],"potions_floor_usage":[16,16,16,16,16,16],"damage_taken":[{"damage":6,"enemies":"2 Louse","floor":1,"turns":3},{"damage":4,"enemies":"Small Slimes","floor":2,"turns":6},{"damage":6,"enemies":"Jaw Worm","floor":3,"turns":4},{"damage":1,"enemies":"Large Slime","floor":4,"turns":7},{"damage":29,"enemies":"Lagavulin","floor":6,"turns":6},{"damage":6,"enemies":"3 Louse","floor":7,"turns":4},{"damage":9,"enemies":"3 Sentries","floor":10,"turns":4},{"damage":0,"enemies":"Exordium Thugs","floor":11,"turns":4},{"damage":0,"enemies":"Exordium Wildlife","floor":14,"turns":3},{"damage":29,"enemies":"Hexaghost","floor":16,"turns":9}],"seed_played":"4392588421457280898","potions_obtained":[{"floor":4,"key":"FearPotion"},{"floor":6,"key":"Fire Potion"},{"floor":7,"key":"ElixirPotion"},{"floor":10,"key":"EntropicBrew"}],"is_trial":false,"path_per_floor":["M","M","M","M","?","E","M","R","T","E","M","R","?","M","R","B"],"character_chosen":"IRONCLAD","items_purchased":[],"campfire_rested":0,"item_purchase_floors":[],"current_hp_per_floor":[80,80,80,80,64,41,41,41,41,38,44,44,33,39,39,10,10],"gold":236,"neow_bonus":"REMOVE_TWO","is_daily":false,"chose_seed":false,"campfire_upgraded":2,"win_rate":0.0,"timestamp":1611369821,"path_taken":["M","M","M","M","?","E","M","R","T","E","M","R","?","M","R","BOSS"],"items_purchased_type":[],"build_version":"2020-12-22","purchased_purges":0,"victory":false,"max_hp_per_floor":[80,80,80,80,80,80,80,80,80,80,80,80,80,80,80,80,80],"relic_stats":{"counters":[10,50],"Tiny Chest":0,"Whetstone":["Strike_R","Strike_R"],"obtain_stats":[{"Tiny Chest":9,"Whetstone":10,"Ancient Tea Set":6,"Burning Blood":0},{"Tiny Chest":6,"Whetstone":7,"Ancient Tea Set":5,"Burning Blood":0},{"Tiny Chest":30,"Whetstone":34,"Ancient Tea Set":26,"Burning Blood":0}],"Burning Blood":47},"card_choices":[{"not_picked":["Wild Strike","Disarm"],"picked":"Body Slam","floor":1},{"not_picked":["Headbutt","True Grit"],"picked":"Infernal Blade","floor":2},{"not_picked":["Warcry","Searing Blow"],"picked":"Iron Wave","floor":3},{"not_picked":["Twin Strike","Evolve"],"picked":"Flex","floor":4},{"not_picked":["Cleave","Juggernaut"],"picked":"Burning Pact","floor":6},{"not_picked":["Thunderclap","Sword Boomerang"],"picked":"Spot Weakness","floor":7},{"not_picked":["Fire Breathing","Anger"],"picked":"Shrug It Off","floor":10},{"not_picked":["Headbutt","Cleave"],"picked":"Flex","floor":11},{"not_picked":["Dark Embrace","Clash"],"picked":"Clothesline","floor":14}],"player_experience":133326,"relics_obtained":[{"floor":6,"key":"Ancient Tea Set"},{"floor":9,"key":"Tiny Chest"},{"floor":10,"key":"Whetstone"}],"event_choices":[{"damage_healed":0,"gold_gain":0,"player_choice":"Entered Light","damage_taken":16,"max_hp_gain":0,"max_hp_loss":0,"event_name":"Shining Light","floor":5,"gold_loss":0,"cards_upgraded":["Bash","Infernal Blade"]},{"damage_healed":0,"gold_gain":75,"player_choice":"Gather Gold","damage_taken":11,"max_hp_gain":0,"max_hp_loss":0,"event_name":"World of Goop","floor":13,"gold_loss":0}],"is_beta":false,"boss_relics":[],"items_purged_floors":[],"is_endless":false,"potions_floor_spawned":[4,6,7,10,14],"killed_by":"Hexaghost","ascension_level":2}}