{"host":"z9grmtg2w0nmz8n1","time":1611382628,"event":{"mods":["Aspiration","BaseMod","Better Altar","Better Match","Better Note","Better Sensory Stone","Better Skull","Better Third Choice","BetterRewards","Clawfect","Colored Map","Conspire","GifTheSpireLib","Halation","Highlight Path","Hubris","Hunter ??","Jedi Mod","Minty Spire (QoL Compilation)","Permanent Neow","Replay The Spire","Shop Mod","Spicy Shops","StSLib","Stuff the Spire","The Runesmith"],"gold_per_floor":[116,116,131,21,21,48,62,62,62,77,23,49,64,10,10,114,114,132,132,132,152,163,163,163,163],"floor_reached":24,"language":"ENG","playtime":1409,"items_purged":["Strike_G"],"score":215,"play_id":"b88bf61f-5502-48fd-a384-0868df8d8744","local_time":"20210123041708","is_ascension_mode":true,"campfire_choices":[{"floor":15,"key":"RECALL"},{"data":"Infinite Blades","floor":23,"key":"SMITH"}],"circlet_count":0,"master_deck":["Strike_G","Strike_G","Strike_G","Strike_G","Defend_G","Defend_G","Defend_G","Defend_G","Defend_G","Survivor","Neutralize","Dagger Spray+1","ReplayTheSpireMod:Speed Training","Flechettes","Prepared","Infinite Blades+1","Infinite Blades","Hidden Blade+1","Infinite Blades+1","Dodge and Roll+1"],"relics":["Ring of the Snake","aspiration:DSix","MealTicket","Omamori","Toxic Egg 2","Singing Bowl","aspiration:FutureDiary","Spirit Poop"],"acts_visited":["Exordium","TheCity"],"potions_floor_usage":[12,12,12,16,22],"damage_taken":[{"damage":6,"enemies":"Jaw Worm","floor":1,"turns":6},{"damage":1,"enemies":"Cultist","floor":3,"turns":4},{"damage":35,"enemies":"3 Sentries","floor":6,"turns":9},{"damage":0,"enemies":"2 Louse","floor":7,"turns":2},{"damage":0,"enemies":"Blue Slaver","floor":10,"turns":8},{"damage":12,"enemies":"Lagavulin","floor":12,"turns":5},{"damage":6,"enemies":"Exordium Wildlife","floor":13,"turns":3},{"damage":35,"enemies":"Fading Forest","floor":16,"turns":11},{"damage":17,"enemies":"Spheric Guardian","floor":18,"turns":6},{"damage":4,"enemies":"Chosen","floor":21,"turns":6},{"damage":21,"enemies":"Centurion and Healer","floor":22,"turns":6},{"damage":35,"enemies":"Book of Stabbing","floor":24,"turns":6}],"seed_played":"2327734069720335161","potions_obtained":[{"floor":3,"key":"LiquidBronze"},{"floor":6,"key":"Poison Potion"},{"floor":10,"key":"Poison Potion"},{"floor":13,"key":"Swift Potion"},{"floor":18,"key":"AttackPotion"},{"floor":21,"key":"FearPotion"}],"is_trial":false,"path_per_floor":["M","?","M","$","?","E","M","?","T","M","$","E","M","$","R","B",null,"M","?","?","M","M","R","E"],"character_chosen":"THE_SILENT","items_purchased":["Flechettes","Infinite Blades","Infinite Blades+1"],"campfire_rested":0,"item_purchase_floors":[4,11,14],"current_hp_per_floor":[64,64,63,63,63,28,28,28,28,28,43,31,27,42,42,23,74,57,57,57,55,36,36,1,1],"gold":163,"neow_bonus":"DSIX","is_daily":false,"chose_seed":false,"campfire_upgraded":1,"win_rate":0.0,"timestamp":1611382628,"path_taken":["M","?","?","$","?","E","M","?","T","M","?","E","M","$","R","BOSS","M","?","?","?","M","R","E"],"items_purchased_type":["Card","Card","Card"],"build_version":"2020-12-22","purchased_purges":1,"victory":false,"max_hp_per_floor":[70,70,70,70,70,70,70,70,70,70,70,70,72,72,72,74,74,74,74,74,76,78,78,78,78],"card_choices":[{"not_picked":["StuffTheSpire:ClusterCrunch","Bane"],"picked":"Dagger Spray","floor":1},{"not_picked":["Endless Agony","Fluid Movement"],"picked":"ReplayTheSpireMod:Speed Training","floor":3},{"not_picked":["Distraction","PiercingWail","Terror"],"picked":"SKIP","floor":6},{"not_picked":["hubris:SlightOfHand","StuffTheSpire:Python"],"picked":"Prepared","floor":7},{"not_picked":["Catalyst+1","Finisher","Bane"],"picked":"SKIP","floor":10},{"not_picked":["Heel Hook","All Out Attack"],"picked":"Hidden Blade+1","floor":12},{"not_picked":["Well Laid Plans","Backflip+1","StuffTheSpire:Incursion+1"],"picked":"Singing Bowl","floor":13},{"not_picked":["Doppelganger+1","Storm of Steel+1","ReplayTheSpireMod:Necrosis+1"],"picked":"Singing Bowl","floor":16},{"not_picked":["Caltrops","Poisoned Stab+1"],"picked":"Dodge and Roll+1","floor":18},{"not_picked":["Dodge and Roll+1","Deflect+1","StuffTheSpire:Injection"],"picked":"Singing Bowl","floor":21},{"not_picked":["Flechettes","jedi:unstablefumes+1","Setup+1"],"picked":"Singing Bowl","floor":22}],"player_experience":832604,"relics_obtained":[{"floor":6,"key":"Omamori"},{"floor":12,"key":"Singing Bowl"}],"event_choices":[{"damage_healed":0,"gold_gain":0,"player_choice":"Bought 0 Potions","damage_taken":0,"max_hp_gain":0,"max_hp_loss":0,"event_name":"The Woman in Blue","floor":2,"gold_loss":0},{"damage_healed":0,"gold_gain":0,"player_choice":"Box","damage_taken":0,"relics_obtained":["MealTicket"],"max_hp_gain":0,"max_hp_loss":0,"event_name":"Big Fish","floor":5,"gold_loss":0,"cards_obtained":["Regret"]},{"damage_healed":0,"gold_gain":0,"player_choice":"Upgraded","damage_taken":0,"max_hp_gain":0,"max_hp_loss":0,"event_name":"Upgrade Shrine","floor":19,"gold_loss":0,"cards_upgraded":["Dagger Spray"]},{"cards_removed":["Regret"],"damage_healed":0,"gold_gain":0,"player_choice":"Offered Curse","damage_taken":0,"relics_obtained":["Spirit Poop"],"max_hp_gain":0,"max_hp_loss":0,"event_name":"Bonfire Elementals","floor":20,"gold_loss":0}],"is_beta":false,"boss_relics":[{"not_picked":["Astrolabe","jedi:paperlyon"],"picked":"aspiration:FutureDiary"}],"items_purged_floors":[4],"is_endless":false,"potions_floor_spawned":[3,6,10,13,18,21],"killed_by":"Book of Stabbing","ascension_level":1}}