{"host":"mb7itejek3z0coku","time":1611395676,"event":{"mods":["AchievementEnabler","Act Like it!","BaseMod","Downfall","Hubris","Minty Spire (QoL Compilation)","StSLib","Td1madao Mod","The Hierophant","Wandering Minibosses"],"gold_per_floor":[99,84,94,112,112,126,126,155,55,40,60,70,70,62,75,60,60,60],"floor_reached":16,"language":"ENG","playtime":1933,"items_purged":[],"score":104,"play_id":"02ebf42a-12ec-4202-9a16-73b8dfb6a8ab","local_time":"20210123015436","is_ascension_mode":false,"campfire_choices":[{"floor":1,"key":"RECALL"},{"floor":9,"key":"REST"}],"circlet_count":0,"master_deck":["bronze:Strike","bronze:Strike","bronze:Strike","bronze:Strike","bronze:Defend","bronze:Defend","bronze:Defend","bronze:Defend","bronze:Replicate","bronze:Goto","bronze:ClassDefault","bronze:Frontload","bronze:DelayedGuard","bronze:ChildClass","bronze:RecursiveStrike+1","bronze:Repair","bronze:Fortify","bronze:WhirlingStrike","bronze:ForceShield","bronze:AlphaBuild"],"relics":["bronze:BronzeCore","downfall:BrokenWingStatue","Matryoshka","MealTicket","downfall:HeartBlessingRed"],"acts_visited":["Exordium"],"potions_floor_usage":[14,14,16],"damage_taken":[{"damage":0,"enemies":"downfall:FleeingMerchant","floor":2,"turns":4},{"damage":19,"enemies":"Cultist","floor":3,"turns":7},{"damage":2,"enemies":"2 Louse","floor":4,"turns":3},{"damage":0,"enemies":"Jaw Worm","floor":6,"turns":5},{"damage":29,"enemies":"Gremlin Nob","floor":8,"turns":6},{"damage":3,"enemies":"downfall:FleeingMerchant","floor":10,"turns":4},{"damage":5,"enemies":"Red Slaver","floor":11,"turns":4},{"damage":4,"enemies":"Large Slime","floor":12,"turns":7},{"damage":18,"enemies":"Exordium Wildlife","floor":14,"turns":5},{"damage":1,"enemies":"2 Fungi Beasts","floor":15,"turns":2},{"damage":80,"enemies":"SI_SHIV_ARCHETYPE","floor":16,"turns":16}],"seed_played":"7152771716259045545","potions_obtained":[{"floor":3,"key":"Dexterity Potion"},{"floor":8,"key":"SneckoOil"},{"floor":11,"key":"champ:CounterPotion"}],"is_trial":false,"path_per_floor":["R","$","M","M","?","M","T","E","R","$","M","M","?","M","M","B"],"character_chosen":"THE_AUTOMATON","items_purchased":[],"campfire_rested":1,"item_purchase_floors":[],"current_hp_per_floor":[77,77,58,56,56,56,56,27,50,62,64,67,67,56,62,0,0,0],"gold":60,"neow_bonus":"TEN_PERCENT_HP_BONUS","is_daily":false,"chose_seed":false,"campfire_upgraded":0,"win_rate":0.0,"timestamp":1611395676,"path_taken":["R","?","M","M","?","?","T","E","R","?","M","M","?","M","M","BOSS"],"items_purchased_type":[],"build_version":"2020-12-22","purchased_purges":0,"victory":false,"max_hp_per_floor":[77,77,77,77,77,77,77,77,77,77,77,77,77,77,77,77,77,77],"card_choices":[{"not_picked":["bronze:ItsAFeature","bronze:CutThrough"],"picked":"bronze:ClassDefault","floor":2},{"not_picked":["bronze:Deprecate","bronze:Turbo"],"picked":"bronze:Frontload","floor":3},{"not_picked":["bronze:CutThrough","bronze:CloningBeam"],"picked":"bronze:DelayedGuard","floor":4},{"not_picked":["bronze:Overheat","bronze:Shield"],"picked":"bronze:ChildClass","floor":6},{"not_picked":["bronze:Turbo","bronze:BitShift"],"picked":"bronze:RecursiveStrike","floor":8},{"not_picked":["bronze:Allocate","bronze:Philosophize"],"picked":"bronze:Repair","floor":10},{"not_picked":["bronze:CutThrough","bronze:BugBarrage"],"picked":"bronze:Fortify","floor":11},{"not_picked":["bronze:CutThrough","bronze:DelayedGuard"],"picked":"bronze:WhirlingStrike","floor":12},{"not_picked":["bronze:Invalidate","bronze:Frontload"],"picked":"bronze:ForceShield","floor":14},{"not_picked":["bronze:ClassDefault","bronze:Overheat"],"picked":"bronze:AlphaBuild","floor":15}],"player_experience":128587,"relics_obtained":[{"floor":7,"key":"Matryoshka"},{"floor":8,"key":"MealTicket"}],"event_choices":[{"damage_healed":0,"gold_gain":0,"player_choice":"Grow","damage_taken":0,"max_hp_gain":0,"max_hp_loss":0,"event_name":"Living Wall","floor":13,"gold_loss":0,"cards_upgraded":["bronze:RecursiveStrike"]}],"is_beta":false,"boss_relics":[],"items_purged_floors":[],"is_endless":false,"potions_floor_spawned":[3,8,11,12],"killed_by":"SI_SHIV_ARCHETYPE","ascension_level":0}}