{"host":"oztwkdn1ogbv4ny9","time":1611370197,"event":{"mods":["AchievementEnabler","BaseMod","Colored Map","Hermit","Minty Spire (QoL Compilation)","Replay The Spire","StSLib","SuperFastMode","The Construct","The Cursed","The Disciple","The Hierophant","The Necromancer","The Servant 0.9.4"],"gold_per_floor":[118,128,128,128,145,177,188,214,241,15,49,49,100,131,131,251,251,279,28,63,63,63,106,106,134,134,154,154],"floor_reached":27,"language":"ENG","playtime":1192,"items_purged":["Defend_S","Strike_S"],"score":266,"play_id":"b72ee4f8-c3e5-45fb-a178-b62486d11d4a","local_time":"20210122214957","is_ascension_mode":true,"campfire_choices":[{"data":"BestPractice","floor":12,"key":"SMITH"},{"floor":15,"key":"REST"},{"floor":24,"key":"REST"}],"circlet_count":0,"master_deck":["Strike_S","Strike_S","Strike_S","Defend_S","Defend_S","Defend_S","KidneyShot","Exchange","Spin","Potential","Pot Of Greed","Pot Of Greed","BestPractice+1","Foresight","Potential","Dilation+1","DoubleEdge+1"],"relics":["Uniform","NeowsBlessing","Grinning Jar","Nunchaku","Art of War","Replay:Bandana","Juzu Bracelet","SacredBark","Anchor","Nilry\u0027s Codex","Prayer Wheel","InkBottle"],"acts_visited":["Exordium","TheCity"],"potions_floor_usage":[13,14,16,16,20,23,25],"damage_taken":[{"damage":0,"enemies":"Small Slimes","floor":1,"turns":1},{"damage":0,"enemies":"2 Louse","floor":2,"turns":1},{"damage":0,"enemies":"Cultist","floor":5,"turns":1},{"damage":16,"enemies":"Gremlin Nob","floor":6,"turns":4},{"damage":3,"enemies":"2 Fungi Beasts","floor":7,"turns":3},{"damage":11,"enemies":"Lagavulin","floor":8,"turns":7},{"damage":4,"enemies":"Red Slaver","floor":11,"turns":3},{"damage":10,"enemies":"Replay:BlueRogue","floor":13,"turns":5},{"damage":2,"enemies":"Large Slime","floor":14,"turns":3},{"damage":15,"enemies":"Slime Boss","floor":16,"turns":8},{"damage":20,"enemies":"Spheric Guardian","floor":18,"turns":4},{"damage":4,"enemies":"3 Byrds","floor":20,"turns":5},{"damage":48,"enemies":"Slavers","floor":23,"turns":7},{"damage":22,"enemies":"Snake Plant","floor":25,"turns":3},{"damage":5,"enemies":"Shelled Parasite and Fungi","floor":27,"turns":3}],"seed_played":"5288866879036565768","potions_obtained":[{"floor":1,"key":"SkillPotion"},{"floor":6,"key":"PowerPotion"},{"floor":8,"key":"Fire Potion"},{"floor":13,"key":"DuplicationPotion"},{"floor":16,"key":"Venom Potion"},{"floor":18,"key":"Regen Potion"},{"floor":23,"key":"construct:ShiftPotion"},{"floor":25,"key":"Weak Potion"}],"is_trial":false,"path_per_floor":["M","M","?","?","M","E","M","E","T","$","M","R","E","M","R","B",null,"M","$","M","?","?","E","R","M","T","M"],"character_chosen":"THE_SERVANT","items_purchased":["Replay:Bandana","Anchor"],"campfire_rested":2,"item_purchase_floors":[10,19],"current_hp_per_floor":[65,65,70,63,63,47,44,33,33,33,29,29,19,17,38,23,70,50,50,70,70,54,6,27,5,5,0,0],"gold":154,"neow_bonus":"THREE_ENEMY_KILL","is_daily":false,"chose_seed":false,"campfire_upgraded":1,"win_rate":0.0,"timestamp":1611370197,"path_taken":["M","M","?","?","?","E","M","E","T","$","M","R","E","M","R","BOSS","M","$","M","?","?","E","R","M","T","M"],"items_purchased_type":["Relic","Relic"],"build_version":"2020-12-22","purchased_purges":2,"victory":false,"max_hp_per_floor":[65,65,70,70,70,70,70,70,70,70,70,70,70,70,70,70,70,70,70,70,70,70,70,70,70,70,70,70],"card_choices":[{"not_picked":["TimeTheft","FastForward","Spin"],"picked":"SKIP","floor":1},{"not_picked":["TimeTheft","FastForward"],"picked":"Spin","floor":1},{"not_picked":["Gouge","Snipe"],"picked":"Potential","floor":2},{"not_picked":["Revamp","Hightail","Starlight"],"picked":"SKIP","floor":5},{"not_picked":["StarChef","Snipe"],"picked":"BestPractice","floor":6},{"not_picked":["BottledTime","Unruled"],"picked":"Foresight","floor":7},{"not_picked":["TheWorld","RealityMarble","TimeWarp"],"picked":"SKIP","floor":8},{"not_picked":["Rearm","Snipe"],"picked":"Potential","floor":11},{"not_picked":["Deadline","Moonlight","TrueSight"],"picked":"SKIP","floor":13},{"not_picked":["Alleviate","Desolation","Read"],"picked":"SKIP","floor":14},{"not_picked":["Solidify","SoulSculpture"],"picked":"Dilation","floor":16},{"not_picked":["Shuttle+1","Ricochet"],"picked":"DoubleEdge+1","floor":18},{"not_picked":["Spin","SurpressingFire+1","Potential"],"picked":"SKIP","floor":20},{"not_picked":["DoubleEdge+1","Manipulate","Replace"],"picked":"SKIP","floor":23},{"not_picked":["TimeWarp","RealityMarble+1","Deadline+1"],"picked":"SKIP","floor":25},{"not_picked":["Replace+1","Rewind","Unruled"],"picked":"SKIP","floor":25}],"player_experience":232654,"relics_obtained":[{"floor":6,"key":"Grinning Jar"},{"floor":8,"key":"Nunchaku"},{"floor":9,"key":"Art of War"},{"floor":13,"key":"Juzu Bracelet"},{"floor":22,"key":"Nilry\u0027s Codex"},{"floor":23,"key":"Prayer Wheel"},{"floor":26,"key":"InkBottle"}],"event_choices":[{"damage_healed":0,"gold_gain":0,"player_choice":"Donut","damage_taken":0,"max_hp_gain":5,"max_hp_loss":0,"event_name":"Big Fish","floor":3,"gold_loss":0},{"damage_healed":0,"gold_gain":0,"player_choice":"Damaged","damage_taken":7,"max_hp_gain":0,"max_hp_loss":0,"event_name":"Wheel of Change","floor":4,"gold_loss":0},{"damage_healed":0,"gold_gain":0,"player_choice":"Forge","damage_taken":0,"max_hp_gain":0,"max_hp_loss":0,"event_name":"Accursed Blacksmith","floor":21,"gold_loss":0,"cards_upgraded":["Dilation"]},{"damage_healed":0,"gold_gain":0,"player_choice":"Obtained Book","damage_taken":16,"max_hp_gain":0,"max_hp_loss":0,"event_name":"Cursed Tome","floor":22,"gold_loss":0}],"is_beta":false,"boss_relics":[{"not_picked":["Abe\u0027s Treasure","construct:WeddingRing"],"picked":"SacredBark"}],"items_purged_floors":[10,19],"is_endless":false,"potions_floor_spawned":[1,6,8,13,16,18,23,25],"killed_by":"Shelled Parasite and Fungi","ascension_level":1}}