{"host":"1tl36azeqm6yhdgj","time":1611441632,"event":{"mods":["AchievementEnabler","BaseMod","Minty Spire (QoL Compilation)","StSLib","The IronCluck","everything is the same but u backflip on backflip"],"gold_per_floor":[110,128,39,39,66,97,107,126,126,157,175,175,207,207,207,207,207],"floor_reached":16,"language":"ENG","playtime":396,"items_purged":[],"score":290,"play_id":"f12e07bb-fbbe-4194-98a3-930bf910a07c","local_time":"20210123174032","is_ascension_mode":true,"campfire_choices":[{"floor":15.0,"key":"REST"}],"circlet_count":0,"master_deck":["AscendersBane","Strike_R","Strike_R","Strike_R","Strike_R","Strike_R","Defend_R","Defend_R","Defend_R+1","Defend_R","Bash","Dropkick+1","Inflame","Infernal Blade","Reckless Charge","Clothesline","Thunderclap","Cleave","Regret","Limit Break+1"],"relics":["Burning Blood","NeowsBlessing","Juzu Bracelet","Bottled Tornado","Sundial","Dream Catcher","Boot","Bottled Flame","Toxic Egg 2"],"acts_visited":["Exordium"],"potions_floor_usage":[16],"damage_taken":[{"damage":0.0,"enemies":"Cultist","floor":1.0,"turns":1.0},{"damage":0.0,"enemies":"2 Louse","floor":2.0,"turns":2.0},{"damage":0.0,"enemies":"3 Sentries","floor":6.0,"turns":2.0},{"damage":0.0,"enemies":"Jaw Worm","floor":7.0,"turns":3.0},{"damage":0.0,"enemies":"Exordium Wildlife","floor":8.0,"turns":2.0},{"damage":47.0,"enemies":"Lagavulin","floor":10.0,"turns":7.0},{"damage":4.0,"enemies":"2 Fungi Beasts","floor":11.0,"turns":3.0},{"damage":10.0,"enemies":"Gremlin Nob","floor":13.0,"turns":4.0},{"damage":45,"enemies":"The Guardian","floor":16,"turns":7}],"seed_played":"5324143162532817535","potions_obtained":[{"floor":2.0,"key":"SpeedPotion"},{"floor":10.0,"key":"AttackPotion"},{"floor":11.0,"key":"SpeedPotion"},{"floor":13.0,"key":"DuplicationPotion"}],"is_trial":false,"path_per_floor":["M","M","$","?","T","E","M","M","T","E","M","?","E","?","R","B"],"character_chosen":"IRONCLAD","items_purchased":["Inflame"],"campfire_rested":1,"item_purchase_floors":[3],"current_hp_per_floor":[74,75,75,52,52,58,64,70,70,29,31,26,22,22,44,0,0],"gold":207,"neow_bonus":"THREE_ENEMY_KILL","is_daily":false,"chose_seed":false,"campfire_upgraded":0,"win_rate":0.0,"timestamp":1611441632,"path_taken":["M","M","?","?","?","E","M","M","T","E","M","?","E","?","R","BOSS"],"items_purchased_type":["Card"],"build_version":"2020-12-22","purchased_purges":0,"victory":false,"max_hp_per_floor":[75,75,75,75,75,75,75,75,75,75,75,75,75,75,75,75,75],"card_choices":[{"not_picked":["Sword Boomerang","Blood for Blood","Bloodletting"],"picked":"SKIP","floor":1.0},{"not_picked":["Clothesline","Sentinel"],"picked":"Dropkick","floor":2.0},{"not_picked":["Searing Blow","Perfected Strike"],"picked":"Infernal Blade","floor":6.0},{"not_picked":["Wild Strike","Armaments"],"picked":"Reckless Charge","floor":7.0},{"not_picked":["Pommel Strike","Body Slam"],"picked":"Clothesline","floor":8.0},{"not_picked":["Carnage","Rage"],"picked":"Thunderclap","floor":10.0},{"not_picked":["Searing Blow","Dual Wield"],"picked":"Cleave","floor":11.0},{"not_picked":["Pommel Strike","Perfected Strike","Wild Strike"],"picked":"SKIP","floor":13.0},{"not_picked":["Anger","Iron Wave"],"picked":"Limit Break+1","floor":15.0}],"player_experience":2024881,"relics_obtained":[{"floor":5.0,"key":"Juzu Bracelet"},{"floor":6.0,"key":"Bottled Tornado"},{"floor":9.0,"key":"Sundial"},{"floor":10.0,"key":"Dream Catcher"},{"floor":13.0,"key":"Bottled Flame"}],"event_choices":[{"damage_healed":0.0,"max_hp_gain":0.0,"max_hp_loss":0.0,"gold_gain":0.0,"event_name":"Shining Light","player_choice":"Entered Light","floor":4.0,"gold_loss":0.0,"damage_taken":23.0,"cards_upgraded":["Dropkick","Defend_R"]},{"damage_healed":0.0,"max_hp_gain":0.0,"max_hp_loss":0.0,"gold_gain":0.0,"event_name":"Scrap Ooze","player_choice":"Success","floor":12.0,"gold_loss":0.0,"damage_taken":5.0,"relics_obtained":["Boot"]},{"damage_healed":0.0,"max_hp_gain":0.0,"max_hp_loss":0.0,"gold_gain":0.0,"event_name":"Big Fish","player_choice":"Box","floor":14.0,"gold_loss":0.0,"damage_taken":0.0,"relics_obtained":["Toxic Egg 2"],"cards_obtained":["Regret"]}],"is_beta":false,"boss_relics":[],"items_purged_floors":[],"is_endless":false,"potions_floor_spawned":[2,10,11,13],"killed_by":"The Guardian","ascension_level":20}}