{"host":"v4tuy5ykrbdcm9o9","time":1611420408,"event":{"mods":["BaseMod","Duelist Mod","Minty Spire (QoL Compilation)","Replay The Spire","StSLib"],"gold_per_floor":[109,128,128,144,155,155,155],"floor_reached":6,"language":"ENG","playtime":1990,"items_purged":[],"score":49,"play_id":"3721d3e1-0383-4aa8-9a58-7bfce37eb319","local_time":"20210123114648","is_ascension_mode":true,"campfire_choices":[],"circlet_count":0,"master_deck":["Strike_G","Strike_G","Strike_G","Strike_G","Strike_G","Defend_G","Defend_G","Defend_G","Defend_G","Defend_G","Survivor","Neutralize","Panacea","Prepared","Dagger Spray","Burst","Eviscerate"],"relics":["Ring of the Snake"],"acts_visited":["Exordium"],"potions_floor_usage":[6,6,6],"damage_taken":[{"damage":0,"enemies":"2 Louse","floor":1,"turns":3},{"damage":2,"enemies":"Cultist","floor":2,"turns":4},{"damage":0,"enemies":"Small Slimes","floor":4,"turns":2},{"damage":0,"enemies":"3 Louse","floor":5,"turns":4},{"damage":37,"enemies":"Lagavulin","floor":6,"turns":13}],"seed_played":"-6904083180191652912","potions_obtained":[{"floor":1,"key":"Poison Potion"},{"floor":3,"key":"DistilledChaos"},{"floor":3,"key":"Toxic Potion"},{"floor":3,"key":"Ancient Potion"}],"is_trial":false,"path_per_floor":["M","M","?","M","M","E"],"character_chosen":"THE_SILENT","items_purchased":[],"campfire_rested":0,"item_purchase_floors":[],"current_hp_per_floor":[63,61,61,61,61,24,24],"gold":155,"neow_bonus":"RANDOM_COLORLESS","is_daily":false,"chose_seed":false,"campfire_upgraded":0,"win_rate":0.0,"timestamp":1611420408,"path_taken":["M","M","?","?","M","E"],"items_purchased_type":[],"build_version":"2020-12-22","purchased_purges":0,"victory":false,"max_hp_per_floor":[70,70,70,70,70,70,70],"card_choices":[{"not_picked":["ReplayTheSpireMod:Private Reserves","Impatience"],"picked":"Panacea","floor":0},{"not_picked":["Cloak And Dagger","Deadly Poison"],"picked":"Prepared","floor":1},{"not_picked":["Slice","Flying Knee"],"picked":"Dagger Spray","floor":2},{"not_picked":["Outmaneuver","Blade Dance"],"picked":"Burst","floor":4},{"not_picked":["Fluid Movement","Finisher"],"picked":"Eviscerate","floor":5}],"player_experience":655758,"relics_obtained":[],"event_choices":[{"damage_healed":0,"gold_gain":0,"player_choice":"Got Potions","damage_taken":0,"max_hp_gain":0,"max_hp_loss":0,"event_name":"Lab","floor":3,"gold_loss":0}],"is_beta":false,"boss_relics":[],"items_purged_floors":[],"is_endless":false,"potions_floor_spawned":[1],"killed_by":"Lagavulin","ascension_level":6}}