{"host":"TheShotgunBoss","time":1611367371,"event":{"mods":["AchievementEnabler","Always Whale","Aspiration","BaseMod","Beaked The Cultist","Colored Map","Colored Powertips","Colorless Booster Pack","Conspire","Downfall","Energized Spire","FetchMod","GifTheSpireLib","Halation","Hubris","Infinite Spire","Jedi Mod","Minty Spire (QoL Compilation)","Poor People Problems","Quick Restart","RNG!","Relic Sorter","SacredBarkPlus","Shop Mod","Spikes Relics","StSLib","Stuff the Spire","The Blue Laboratory","The Construct","Uncapped","Unceasing Turn Reminder","everything is the same but u backflip on backflip","vexMod","??????REMEMod"],"gold_per_floor":[99,111,173,173,348,365,414,147,47,66,66,112,139,151,165,261,261,261,273,284,169,188,219,243,262,274,274,304,324,324,324,338,441,441,341,358,374,390,440,454,454,454,464,479,379,381,381,412,423,423,423,423,423,423],"floor_reached":52,"language":"ENG","playtime":2899,"items_purged":["Doubt","Guardian:Strike_Guardian","Guardian:Strike_Guardian","Parasite"],"score":826,"play_id":"3a1f42ce-7c27-4d14-a46c-c774b41ca659","local_time":"20210122210251","is_ascension_mode":true,"campfire_choices":[{"data":"Blasphemy","floor":1,"key":"SMITH"},{"data":"Guardian:RefractedBeam+1","floor":9,"key":"SMITH"},{"data":"Guardian:RefractedBeam+2","floor":11,"key":"SMITH"},{"data":"Guardian:RefractedBeam+3","floor":18,"key":"SMITH"},{"floor":27,"key":"REST"},{"floor":35,"key":"RECALL"},{"floor":45,"key":"REST"},{"data":"Guardian:RefractedBeam+5","floor":47,"key":"SMITH"}],"circlet_count":0,"master_deck":["Guardian:Strike_Guardian","Guardian:Strike_Guardian","Guardian:Defend_Guardian","Guardian:Defend_Guardian","Guardian:Defend_Guardian","Guardian:Defend_Guardian","Guardian:CurlUp","Guardian:TwinSlam+1","Blasphemy+1","Guardian:RefractedBeam+6","Guardian:PiercingHide","Guardian:Recover","Guardian:Incinerate","Guardian:TimeSifter","Guardian:Repulse+1","Guardian:VentSteam","Guardian:Reroute","Guardian:Orbwalk","Guardian:Clone+1","Guardian:FuturePlans","Guardian:Incinerate","Guardian:Gem_Yellow"],"relics":["Guardian:ModeShifter","hubris:Stopwatch","REME_ComplimentaryCards","hubris:GlazedTorus","Mercury Hourglass","vexMod:PaidLearning","downfall:HeartBlessingBlue","hubris:SlimyHat","StuffTheSpire:DarkSteelAnvil","RollingBoulder","Akabeko","Torii","Shovel","Regal Pillow","jedi:hotpepper","downfall:HeartBlessingGreen","jedi:firstaidkit","StuffTheSpire:EmeraldSignet","downfall:HeartBlessingRed","infinitespire:Lucky Rock","vexMod:FocusSash"],"acts_visited":["Exordium","TheCity","TheBeyond","TheEnding"],"potions_floor_usage":[44,52],"damage_taken":[{"damage":0,"enemies":"Cultist","floor":2,"turns":3},{"damage":26,"enemies":"3 Sentries","floor":3,"turns":9},{"damage":0,"enemies":"Jaw Worm","floor":6,"turns":2},{"damage":0,"enemies":"downfall:FleeingMerchant","floor":8,"turns":4},{"damage":0,"enemies":"Small Slimes","floor":10,"turns":2},{"damage":9,"enemies":"Lagavulin","floor":13,"turns":4},{"damage":0,"enemies":"Blue Slaver","floor":14,"turns":2},{"damage":2,"enemies":"2 Fungi Beasts","floor":15,"turns":2},{"damage":12,"enemies":"DF_ARCHETYPE_STREAMLINE","floor":16,"turns":5},{"damage":0,"enemies":"Chosen","floor":19,"turns":3},{"damage":10,"enemies":"3 Cultists","floor":20,"turns":4},{"damage":10,"enemies":"downfall:FleeingMerchant","floor":21,"turns":4},{"damage":6,"enemies":"Snecko","floor":22,"turns":4},{"damage":34,"enemies":"Slavers","floor":23,"turns":5},{"damage":1,"enemies":"Chosen and Byrds","floor":25,"turns":4},{"damage":0,"enemies":"Cultist and Chosen","floor":26,"turns":3},{"damage":0,"enemies":"conspire:SneckoGhost","floor":28,"turns":2},{"damage":0,"enemies":"3 Cultists","floor":29,"turns":3},{"damage":2,"enemies":"conspire:HollyBat","floor":32,"turns":7},{"damage":20,"enemies":"WA_ARCHETYPE_CALM","floor":33,"turns":7},{"damage":1,"enemies":"Orb Walker","floor":36,"turns":3},{"damage":14,"enemies":"3 Shapes","floor":37,"turns":5},{"damage":14,"enemies":"Transient","floor":38,"turns":5},{"damage":1,"enemies":"Transient","floor":39,"turns":4},{"damage":2,"enemies":"Sphere and 2 Shapes","floor":40,"turns":4},{"damage":1,"enemies":"Writhing Mass","floor":43,"turns":4},{"damage":10,"enemies":"3 Darklings","floor":44,"turns":4},{"damage":0,"enemies":"downfall:FleeingMerchant","floor":46,"turns":1},{"damage":0,"enemies":"Nemesis","floor":48,"turns":1},{"damage":21,"enemies":"4 Shapes","floor":49,"turns":6},{"damage":33,"enemies":"IC_BLOCK_ARCHETYPE","floor":50,"turns":7},{"damage":72,"enemies":"downfall:CharBossMerchant","floor":52,"turns":6}],"seed_played":"2291751932773421639","potions_obtained":[{"floor":2,"key":"blueLaboratory:PhilterOfMotion"},{"floor":3,"key":"blueLaboratory:RememoryPotion"},{"floor":6,"key":"LiquidBronze"},{"floor":14,"key":"blueLaboratory:FrostheartPotion"},{"floor":19,"key":"SkillPotion"},{"floor":22,"key":"Guardian:BlockOnCardUsePotion"},{"floor":29,"key":"blueLaboratory:LouseDecoction"},{"floor":39,"key":"Energy Potion"},{"floor":44,"key":"SteroidPotion"}],"is_trial":false,"path_per_floor":["R","M","?","?","?","M","T","$","R","M","R","T","E","M","M","B",null,"R","M","M","$","M","E","T","M","M","R","E","M","AVR","?","M","B",null,"R","M","M","M","?","M","T","?","M","M","R","$","R","E","M","B",null,"E"],"character_chosen":"GUARDIAN","items_purchased":["Guardian:Recover","vexMod:PaidLearning","infinitespire:Lucky Rock","Guardian:Incinerate"],"campfire_rested":2,"item_purchase_floors":[8,8,46,46],"current_hp_per_floor":[72,72,46,46,46,46,46,46,56,56,56,56,47,47,45,33,82,82,82,72,62,56,22,22,21,21,45,45,45,45,45,43,23,61,61,60,46,32,31,31,31,23,24,18,51,51,51,51,48,22,58,0,0,0],"gold":423,"neow_bonus":"ONE_RARE_RELIC","is_daily":false,"chose_seed":false,"campfire_upgraded":5,"win_rate":0.0,"timestamp":1611367371,"path_taken":["R","M","?","?","?","M","T","$","R","M","R","?","E","M","M","BOSS","R","M","M","$","M","E","T","M","M","R","E","M","AVR","?","M","BOSS","R","M","M","M","?","M","T","?","?","?","R","$","R","E","M","BOSS","E"],"items_purchased_type":["Card","Relic","Relic","Card"],"build_version":"2020-12-18","purchased_purges":4,"victory":false,"max_hp_per_floor":[72,72,72,72,72,72,72,72,82,82,82,82,82,82,82,82,82,82,82,82,82,82,82,82,82,82,82,82,82,82,82,82,82,61,61,61,61,61,61,61,61,61,61,61,61,58,58,58,58,58,58,58,58,58],"card_choices":[{"not_picked":["Guardian:ChargeUp","Guardian:Recover"],"picked":"Guardian:RefractedBeam","floor":2},{"not_picked":["Guardian:TemporalStrike","Guardian:Gem_Green"],"picked":"Guardian:PiercingHide","floor":3},{"not_picked":["Guardian:TemporalStrike","Guardian:TimeBomb"],"picked":"Guardian:Gem_White","floor":6},{"not_picked":["Guardian:PiercingHide","Guardian:Incinerate","Guardian:GatlingBeam"],"picked":"SKIP","floor":8},{"not_picked":["Guardian:Planning","Guardian:ShieldCharger","Guardian:PrismaticBeam"],"picked":"SKIP","floor":10},{"not_picked":["Guardian:RevengeProtocol","Guardian:ConstructionForm"],"picked":"Guardian:Gem_White","floor":13},{"not_picked":["Guardian:TemporalShield","Guardian:PrismaticBarrier","Guardian:TemporalStrike"],"picked":"SKIP","floor":14},{"not_picked":["Guardian:SentryBeam","Guardian:ShieldCharger"],"picked":"Guardian:Incinerate","floor":15},{"not_picked":["Guardian:StasisStrike","Guardian:AncientConstruct"],"picked":"Guardian:TimeSifter","floor":16},{"not_picked":["Guardian:Gem_Blue","Guardian:Gem_Lightblue"],"picked":"Guardian:Repulse+1","floor":19},{"not_picked":["Guardian:EvasiveProtocol+1","Guardian:Preprogram"],"picked":"Guardian:Gem_Yellow","floor":20},{"not_picked":["Guardian:Gem_Lightblue","Guardian:WalkerClaw+1"],"picked":"Guardian:VentSteam","floor":21},{"not_picked":["Guardian:DecasProtection","Guardian:Gem_Purple"],"picked":"Guardian:Reroute","floor":22},{"not_picked":["Guardian:PrimingBeam+1","Guardian:DecasProtection"],"picked":"Guardian:Gem_Cyan","floor":23},{"not_picked":["Guardian:ChargeUp","Guardian:VentSteam+1","Guardian:ShieldCharger"],"picked":"SKIP","floor":25},{"not_picked":["Guardian:ChargeUp","Guardian:VentSteam+1","Guardian:ShieldCharger"],"picked":"SKIP","floor":25},{"not_picked":["Guardian:Gem_White","Guardian:Gem_Yellow"],"picked":"Guardian:Orbwalk","floor":26},{"not_picked":["Guardian:TimeBomb","Guardian:ChargeUp","Guardian:Gem_Lightblue"],"picked":"SKIP","floor":28},{"not_picked":["Guardian:Suspension","Guardian:RollAttack","Guardian:Harden"],"picked":"SKIP","floor":29},{"not_picked":["Guardian:Gem_Yellow","Guardian:CrystalBeam"],"picked":"Guardian:Clone+1","floor":32},{"not_picked":["Guardian:CompilePackage","Guardian:StasisStrike"],"picked":"Guardian:Gem_Orange","floor":33},{"not_picked":["Guardian:Orbwalk+1","Guardian:ChargeCore+1","Guardian:PiercingHide"],"picked":"SKIP","floor":36},{"not_picked":["Guardian:Orbwalk+1","Guardian:Planning","Guardian:Reroute"],"picked":"SKIP","floor":37},{"not_picked":["Guardian:Gem_White","Guardian:Gem_Lightblue","Guardian:Recover+1"],"picked":"SKIP","floor":38},{"not_picked":["Guardian:ShieldSpikes+1","Guardian:Gem_Green","Guardian:PiercingHide"],"picked":"SKIP","floor":40},{"not_picked":["Guardian:Recover+1","Guardian:ChargeCore+1"],"picked":"Guardian:FuturePlans","floor":43},{"not_picked":["Guardian:RollAttack","Guardian:SentryBeam+1","Guardian:BronzeArmor+1"],"picked":"SKIP","floor":44},{"not_picked":["Guardian:ChargeCore+1","Guardian:DonusPower","Guardian:Reroute"],"picked":"SKIP","floor":46},{"not_picked":["Guardian:ShieldCharger","Guardian:FierceBash","Guardian:Incinerate+1"],"picked":"SKIP","floor":48},{"not_picked":["Guardian:RollAttack+1","Guardian:Incinerate+1"],"picked":"Guardian:Gem_Yellow","floor":49}],"player_experience":294550,"relics_obtained":[{"floor":3,"key":"Mercury Hourglass"},{"floor":12,"key":"hubris:SlimyHat"},{"floor":13,"key":"StuffTheSpire:DarkSteelAnvil"},{"floor":23,"key":"RollingBoulder"},{"floor":24,"key":"Akabeko"},{"floor":28,"key":"Torii"},{"floor":31,"key":"Regal Pillow"},{"floor":39,"key":"jedi:firstaidkit"},{"floor":41,"key":"StuffTheSpire:EmeraldSignet"},{"floor":48,"key":"vexMod:FocusSash"}],"event_choices":[],"is_beta":true,"boss_relics":[{"not_picked":["hubris:TerracottaHorce","halation:LoveArrow"],"picked":"hubris:Stopwatch"},{"not_picked":["aspiration:WatcherSkillbook","vexMod:TanglingVine"],"picked":"jedi:hotpepper"}],"items_purged_floors":[8,21,30,46],"is_endless":false,"potions_floor_spawned":[2,3,6,14,16,19,22,25,29,38,39,44,49],"killed_by":"downfall:CharBossMerchant","ascension_level":2}}