{"host":"b1dzdo8uo7e6jx8g","time":1611442783,"event":{"mods":["AchievementEnabler","BaseMod","BetterRewards","Colored Map","Highlight Path","Minty Spire (QoL Compilation)","StSLib","The Bug Knight"],"gold_per_floor":[112,112,112,112,122,122,133,61,110,185,1,29,52,64,64,166,166,179,23,23,23,38,38,38,38,38,38,49,79,179,191,191,191,191],"floor_reached":33,"language":"ENG","playtime":831,"items_purged":[],"score":461,"play_id":"fe8eb64b-cb3d-41d2-a3c5-7885a780febe","local_time":"20210123235943","is_ascension_mode":false,"campfire_choices":[{"floor":6,"key":"REST"},{"floor":15,"key":"REST"},{"floor":23,"key":"REST"},{"data":"Tantrum","floor":25,"key":"SMITH"},{"floor":32,"key":"REST"}],"circlet_count":0,"master_deck":["Strike_P","Strike_P","Strike_P","Strike_P","Defend_P","Defend_P+1","Defend_P","Defend_P","Eruption+1","Vigilance","Consecrate","Consecrate","Conclude","Tantrum+1","Blasphemy","JustLucky","LessonLearned","FollowUp","SashWhip+1","Prostrate","Alpha","Halt+1","Pray+1"],"relics":["PureWater","GoldenEye","Matryoshka","Omamori","Bag of Preparation","Akabeko","Dream Catcher","Potion Belt","Anchor","Toy Ornithopter","SacredBark","Strange Spoon","Damaru","Toxic Egg 2"],"acts_visited":["Exordium","TheCity"],"potions_floor_usage":[18,33],"damage_taken":[{"damage":0,"enemies":"Small Slimes","floor":1,"turns":2},{"damage":19,"enemies":"Jaw Worm","floor":5,"turns":4},{"damage":0,"enemies":"2 Louse","floor":7,"turns":1},{"damage":0,"enemies":"HollowMod:MossKnight","floor":12,"turns":4},{"damage":0,"enemies":"Looter","floor":14,"turns":2},{"damage":0,"enemies":"Slime Boss","floor":16,"turns":5},{"damage":19,"enemies":"Shell Parasite","floor":18,"turns":4},{"damage":0,"enemies":"Spheric Guardian","floor":22,"turns":1},{"damage":22,"enemies":"Snecko","floor":28,"turns":3},{"damage":0,"enemies":"Gremlin Leader","floor":29,"turns":4},{"damage":42,"enemies":"Cultist and Chosen","floor":31,"turns":5},{"damage":78,"enemies":"Automaton","floor":33,"turns":6}],"seed_played":"-6583574576636724323","potions_obtained":[{"floor":1,"key":"Energy Potion"},{"floor":5,"key":"Dexterity Potion"},{"floor":14,"key":"StancePotion"},{"floor":22,"key":"Ambrosia"},{"floor":28,"key":"CultistPotion"},{"floor":29,"key":"EssenceOfSteel"}],"is_trial":false,"path_per_floor":["M","?","?","?","M","R","M","$","T","?","$","E","T","M","R","B",null,"M","$","?","$","M","R","$","R","T","?","M","E","?","M","R","B"],"character_chosen":"WATCHER","items_purchased":["Matryoshka","Consecrate","Conclude","Dream Catcher","Tantrum","Strange Spoon"],"campfire_rested":4,"item_purchase_floors":[0,0,8,11,11,19],"current_hp_per_floor":[48,72,72,65,46,67,67,67,67,56,56,56,56,56,72,72,72,53,53,53,53,53,72,72,72,72,72,50,50,50,8,29,0,0],"gold":191,"neow_bonus":"","is_daily":false,"chose_seed":false,"campfire_upgraded":1,"win_rate":0.0,"timestamp":1611442783,"path_taken":["M","?","?","?","?","R","M","$","T","?","$","E","?","M","R","BOSS","M","$","?","$","M","R","$","R","T","?","M","E","?","?","R","BOSS"],"items_purchased_type":["Relic","Card","Card","Relic","Card","Relic"],"build_version":"2020-12-22","purchased_purges":0,"victory":false,"max_hp_per_floor":[72,72,72,72,72,72,72,72,72,72,72,72,72,72,72,72,72,72,72,72,72,72,72,72,72,72,72,72,72,72,72,72,72,72],"card_choices":[{"not_picked":["EmptyFist","EmptyMind"],"picked":"Consecrate","floor":1},{"not_picked":["EmptyBody","Evaluate","ThirdEye"],"picked":"SKIP","floor":5},{"not_picked":["Nirvana","CrushJoints","EmptyBody"],"picked":"SKIP","floor":7},{"not_picked":["ReachHeaven","DevaForm"],"picked":"Blasphemy","floor":12},{"not_picked":["WaveOfTheHand","FlyingSleeves","LikeWater"],"picked":"SKIP","floor":14},{"not_picked":["Halt","Conclude"],"picked":"JustLucky","floor":15},{"not_picked":["Blasphemy","SpiritShield"],"picked":"LessonLearned","floor":16},{"not_picked":["FlurryOfBlows","CutThroughFate","ClearTheMind"],"picked":"SKIP","floor":18},{"not_picked":["BowlingBash+1","ThirdEye+1"],"picked":"SashWhip+1","floor":22},{"not_picked":["EmptyFist","ReachHeaven"],"picked":"Prostrate","floor":23},{"not_picked":["ClearTheMind+1","Crescendo"],"picked":"Alpha","floor":28},{"not_picked":["Tantrum","WaveOfTheHand+1","Protect+1"],"picked":"SKIP","floor":29},{"not_picked":["WaveOfTheHand+1","Fasting2"],"picked":"Halt+1","floor":31},{"not_picked":["Protect+1","SandsOfTime"],"picked":"Pray+1","floor":32}],"player_experience":232189,"relics_obtained":[{"floor":9,"key":"Bag of Preparation"},{"floor":9,"key":"Akabeko"},{"floor":12,"key":"Potion Belt"},{"floor":13,"key":"Anchor"},{"floor":13,"key":"Toy Ornithopter"},{"floor":29,"key":"Toxic Egg 2"}],"event_choices":[{"damage_healed":24,"gold_gain":0,"player_choice":"Banana","damage_taken":0,"max_hp_gain":0,"max_hp_loss":0,"event_name":"Big Fish","floor":2,"gold_loss":0},{"damage_healed":0,"gold_gain":0,"player_choice":"Grow","damage_taken":0,"max_hp_gain":0,"max_hp_loss":0,"event_name":"Living Wall","floor":3,"gold_loss":0,"cards_upgraded":["Eruption"]},{"damage_healed":0,"gold_gain":0,"player_choice":"Success","damage_taken":7,"relics_obtained":["Omamori"],"max_hp_gain":0,"max_hp_loss":0,"event_name":"Scrap Ooze","floor":4,"gold_loss":0},{"damage_healed":0,"gold_gain":75,"player_choice":"Gather Gold","damage_taken":11,"max_hp_gain":0,"max_hp_loss":0,"event_name":"World of Goop","floor":10,"gold_loss":0},{"damage_healed":0,"gold_gain":0,"player_choice":"Read","damage_taken":0,"max_hp_gain":0,"max_hp_loss":0,"event_name":"The Library","floor":20,"gold_loss":0,"cards_obtained":["FollowUp"]},{"damage_healed":0,"gold_gain":0,"player_choice":"Opened","damage_taken":0,"relics_obtained":["Damaru"],"max_hp_gain":0,"max_hp_loss":0,"event_name":"The Mausoleum","floor":27,"gold_loss":0,"cards_obtained":["Writhe"]},{"damage_healed":0,"gold_gain":100,"player_choice":"Pray","damage_taken":0,"max_hp_gain":0,"max_hp_loss":0,"event_name":"Golden Shrine","floor":30,"gold_loss":0}],"is_beta":false,"boss_relics":[{"not_picked":["Astrolabe","Fusion Hammer"],"picked":"SacredBark"}],"items_purged_floors":[],"is_endless":false,"potions_floor_spawned":[1,5,14,22,28,29],"killed_by":"Automaton","ascension_level":0}}