{"host":"sboty77psj7t2cnn","time":1611392351,"event":{"mods":["Aspiration","BaseMod","Beaked The Cultist","Better Match","Better Vampires","ChefMod","Colored Map","Conspire","Dio Mod","Downfall","Hermit","Hubris","Infinite Spire","Jorbs\u0027s Wanderer Trilogy","Minty Spire (QoL Compilation)","StSLib","The Witch"],"gold_per_floor":[99,116,136,136,156,173,199,199,199,212,212,212],"floor_reached":11,"language":"SPA","playtime":566,"items_purged":[],"score":115,"play_id":"8e0514f6-00e1-4576-ab50-90b0c104582b","local_time":"20210123025911","is_ascension_mode":false,"campfire_choices":[{"data":"beaked:Ceremony","floor":1,"key":"SMITH"},{"data":"beaked:CrazyRituals","floor":9,"key":"SMITH"}],"circlet_count":0,"master_deck":["conspire:GhostlyStrike","conspire:GhostlyStrike","conspire:GhostlyStrike","conspire:GhostlyStrike","conspire:GhostlyStrike","conspire:GhostlyStrike","conspire:GhostlyDefend","conspire:GhostlyDefend","conspire:GhostlyDefend","conspire:GhostlyDefend","beaked:Ceremony","beaked:Ceremony","beaked:Ceremony+1","beaked:CrazyRituals+1","beaked:DarkPact","beaked:Hexing","beaked:DigDeep"],"relics":["beaked:MendingPlumage","Lantern"],"acts_visited":["Exordium"],"potions_floor_usage":[11],"damage_taken":[{"damage":12,"enemies":"Cultist","floor":2,"turns":5},{"damage":0,"enemies":"2 Louse","floor":3,"turns":4},{"damage":8,"enemies":"Small Slimes","floor":5,"turns":5},{"damage":24,"enemies":"2 Fungi Beasts","floor":6,"turns":5},{"damage":15,"enemies":"Blue Slaver","floor":10,"turns":7},{"damage":70,"enemies":"Gremlin Nob","floor":11,"turns":5}],"seed_played":"-6705720799474271881","potions_obtained":[{"floor":2,"key":"Explosive Potion"},{"floor":3,"key":"Dexterity Potion"},{"floor":6,"key":"SpeedPotion"}],"is_trial":false,"path_per_floor":["R","M","M","?","M","M","T","?","R","M","E"],"character_chosen":"BEAKED_THE_CULTIST","items_purchased":[],"campfire_rested":0,"item_purchase_floors":[],"current_hp_per_floor":[50,43,50,50,47,38,38,38,38,45,0,0],"gold":212,"neow_bonus":"ONE_RANDOM_RARE_CARD","is_daily":false,"chose_seed":false,"campfire_upgraded":2,"win_rate":0.0,"timestamp":1611392351,"path_taken":["R","M","?","?","M","M","T","?","R","M","E"],"items_purchased_type":[],"build_version":"2020-12-22","purchased_purges":0,"victory":false,"max_hp_per_floor":[50,50,50,50,47,47,47,47,47,47,47,47],"card_choices":[{"not_picked":["beaked:Daydream","beaked:TuckingFeathers"],"picked":"beaked:CrazyRituals","floor":2},{"not_picked":["beaked:Tweet","beaked:VigorBurst"],"picked":"beaked:DigDeep","floor":3},{"not_picked":["beaked:WarriorEssence","beaked:Recite","beaked:Daydream"],"picked":"SKIP","floor":5},{"not_picked":["beaked:Daydream","beaked:Brainwash","beaked:HuntressEssence"],"picked":"SKIP","floor":6},{"not_picked":["beaked:Daydream","beaked:BloodRitual"],"picked":"beaked:DigDeep","floor":10}],"player_experience":386630,"relics_obtained":[{"floor":7,"key":"Lantern"}],"event_choices":[{"damage_healed":0,"gold_gain":0,"player_choice":"Agree","damage_taken":0,"max_hp_gain":0,"max_hp_loss":0,"event_name":"conspire:LoneGhost","floor":4,"gold_loss":0}],"is_beta":false,"boss_relics":[],"items_purged_floors":[],"is_endless":false,"potions_floor_spawned":[2,3,6],"killed_by":"Gremlin Nob","ascension_level":0}}