{"host":"ymn6un3ro3vi042j","time":1611393765,"event":{"mods":["AchievementEnabler","Act Like it!","Aspiration","BaseMod","Bestiary","Better Match","Better Note","Better Skull","Better Third Choice","BetterRewards","Block Reminder","Colored Map","Colored Powertips","Conspire","Curses Come First","Dark Map","DeckTracker","Downfall","Energized Spire","Friendly Minions","GifTheSpireLib","Googly Eyes","Highlight Path","Mimic Mod","Minty Spire (QoL Compilation)","Poor People Problems","Quick Restart","Rare Cards Sparkle","Relic Stats","Spicy Shops","StSLib","SuperFastMode","Synergy Search","The IronCluck","Wandering Minibosses","everything is the same but u backflip on backflip","slay the spire mod where everything is the same but ironclad has a cowboy hat"],"gold_per_floor":[112,132,232,246,246,273,273,288,315,115,115,165,9,67,67,234,234,279,279,279,325,325,325,15,40,40,72,72,72],"floor_reached":28,"language":"ENG","playtime":1213,"items_purged":["downfall:Haunted","Shame"],"score":245,"play_id":"d3135b5b-c302-49e3-9744-f4d117f32491","local_time":"20210123012245","is_ascension_mode":false,"campfire_choices":[{"data":"Crippling Poison","floor":7,"key":"SMITH"},{"data":"Setup","floor":11,"key":"SMITH"},{"floor":15,"key":"REST"},{"data":"Backflip","floor":23,"key":"SMITH"}],"circlet_count":0,"master_deck":["Strike_G","Strike_G","Strike_G","Defend_G","Defend_G","Defend_G","Defend_G","Defend_G","Survivor","Neutralize","conspire:DoublingDagger","Crippling Poison+1","Slice","CurseOfTheBell","CurseOfTheBell","Unload","Catalyst","Setup+1","conspire:SpireCoStock","conspire:SpireCoStock","conspire:SpireCoStock","conspire:SpireCoStock","Infinite Blades+1","Noxious Fumes","Blade Dance","A Thousand Cuts","Poisoned Stab","Backflip+1","Tools of the Trade","Escape Plan","Writhe","Backstab","Infinite Blades+1"],"relics":["Ring of the Snake","aspiration:Nostalgia","Burning Blood","downfall:ExtraCursedBell","Orichalcum","Sundial","aspiration:DSix","aspiration:SeaSaltIceCream","aspiration:Nostalgia","hexamod:SpiritBrand","aspiration:Lifesprig","aspiration:SecretTechniqueScroll","PreservedInsect","Strange Spoon","Frozen Egg 2"],"acts_visited":["Exordium","TheCity"],"potions_floor_usage":[6,8,16,25,28],"damage_taken":[{"damage":6,"enemies":"Cultist","floor":1,"turns":4},{"damage":11,"enemies":"Jaw Worm","floor":2,"turns":5},{"damage":5,"enemies":"Small Slimes","floor":4,"turns":4},{"damage":22,"enemies":"3 Sentries","floor":6,"turns":10},{"damage":0,"enemies":"2 Fungi Beasts","floor":8,"turns":3},{"damage":14,"enemies":"Exordium Wildlife","floor":12,"turns":5},{"damage":16,"enemies":"Blue Slaver","floor":14,"turns":5},{"damage":51,"enemies":"Slime Boss","floor":16,"turns":11},{"damage":22,"enemies":"Shell Parasite","floor":18,"turns":7},{"damage":9,"enemies":"Chosen","floor":21,"turns":5},{"damage":19,"enemies":"Snake Plant","floor":25,"turns":5},{"damage":30,"enemies":"Sentry and Sphere","floor":27,"turns":6},{"damage":19,"enemies":"Gremlin Leader","floor":28,"turns":2}],"seed_played":"-1453298696042578585","potions_obtained":[{"floor":1,"key":"Weak Potion"},{"floor":6,"key":"Fire Potion"},{"floor":14,"key":"SteroidPotion"},{"floor":21,"key":"LiquidMemories"},{"floor":27,"key":"Fire Potion"}],"is_trial":false,"path_per_floor":["M","M","?","M","?","E","R","M","T","?","R","M","$","M","R","B",null,"M","?","?","M","?","R","$","M","T","M","E"],"character_chosen":"THE_SILENT","items_purchased":["Noxious Fumes","PreservedInsect","Strange Spoon"],"campfire_rested":1,"item_purchase_floors":[13,24,24],"current_hp_per_floor":[70,65,65,66,71,55,55,61,61,61,61,53,53,43,65,20,75,59,59,59,56,56,56,56,43,43,19,0,0],"gold":72,"neow_bonus":"NOSTALGIA","is_daily":false,"chose_seed":false,"campfire_upgraded":3,"win_rate":0.0,"timestamp":1611393765,"path_taken":["M","?","?","?","?","E","R","M","T","?","R","M","?","M","R","BOSS","M","?","?","?","?","R","$","M","T","M","E"],"items_purchased_type":["Card","Relic","Relic"],"build_version":"2020-12-22","purchased_purges":2,"victory":false,"max_hp_per_floor":[70,70,70,70,75,75,75,75,75,75,75,75,75,75,75,75,75,75,75,75,75,75,75,75,75,75,75,75,75],"relic_stats":{"Strange Spoon":[15],"counters":[13,72],"Sundial":[4],"PreservedInsect":45,"Orichalcum":[162],"obtain_stats":[{"aspiration:Lifesprig":9,"aspiration:Nostalgia":0,"PreservedInsect":24,"aspiration:SeaSaltIceCream":6,"aspiration:SecretTechniqueScroll":17,"Orichalcum":5,"Frozen Egg 2":26,"Burning Blood":0,"Strange Spoon":24,"Sundial":5,"downfall:ExtraCursedBell":5,"aspiration:DSix":5,"hexamod:SpiritBrand":6,"Ring of the Snake":0},{"aspiration:Lifesprig":5,"aspiration:Nostalgia":0,"PreservedInsect":10,"aspiration:SeaSaltIceCream":4,"aspiration:SecretTechniqueScroll":8,"Orichalcum":3,"Frozen Egg 2":11,"Burning Blood":0,"Strange Spoon":10,"Sundial":3,"downfall:ExtraCursedBell":3,"aspiration:DSix":3,"hexamod:SpiritBrand":4,"Ring of the Snake":0},{"aspiration:Lifesprig":26,"aspiration:Nostalgia":0,"PreservedInsect":59,"aspiration:SeaSaltIceCream":23,"aspiration:SecretTechniqueScroll":47,"Orichalcum":13,"Frozen Egg 2":64,"Burning Blood":0,"Strange Spoon":59,"Sundial":13,"downfall:ExtraCursedBell":13,"aspiration:DSix":13,"hexamod:SpiritBrand":23,"Ring of the Snake":0}],"Burning Blood":72,"Ring of the Snake":[26]},"card_choices":[{"not_picked":["Tactician","Slice"],"picked":"conspire:DoublingDagger","floor":1},{"not_picked":["PiercingWail","Acrobatics"],"picked":"Crippling Poison","floor":2},{"not_picked":["Eviscerate","Dodge and Roll"],"picked":"Slice","floor":4},{"not_picked":["Prepared","Crippling Poison"],"picked":"Catalyst","floor":6},{"not_picked":["Escape Plan","Dagger Spray"],"picked":"Setup","floor":8},{"not_picked":["Sucker Punch","Tactician"],"picked":"Infinite Blades","floor":12},{"not_picked":["Burst","Dash"],"picked":"Blade Dance","floor":14},{"not_picked":["Unload","Malaise"],"picked":"A Thousand Cuts","floor":16},{"not_picked":["Concentrate","Sucker Punch"],"picked":"Poisoned Stab","floor":18},{"not_picked":["Calculated Gamble","Outmaneuver+1"],"picked":"Backflip","floor":21},{"not_picked":["Well Laid Plans","conspire:PoisonWeapons"],"picked":"Backstab","floor":25},{"not_picked":["Acrobatics","Concentrate"],"picked":"Infinite Blades+1","floor":27}],"player_experience":50201,"relics_obtained":[{"floor":5,"key":"Orichalcum"},{"floor":5,"key":"Sundial"},{"floor":5,"key":"aspiration:DSix"},{"floor":6,"key":"aspiration:SeaSaltIceCream"},{"floor":9,"key":"aspiration:Lifesprig"},{"floor":26,"key":"Frozen Egg 2"}],"event_choices":[{"damage_healed":0,"gold_gain":100,"player_choice":"Pray","damage_taken":0,"max_hp_gain":0,"max_hp_loss":0,"event_name":"Golden Shrine","floor":3,"gold_loss":0},{"damage_healed":0,"gold_gain":0,"player_choice":"Invest 4","damage_taken":0,"max_hp_gain":0,"max_hp_loss":0,"event_name":"conspire:Investor","floor":10,"gold_loss":0},{"damage_healed":0,"gold_gain":0,"player_choice":"Forge","damage_taken":0,"max_hp_gain":0,"max_hp_loss":0,"event_name":"Accursed Blacksmith","floor":19,"gold_loss":0,"cards_upgraded":["Infinite Blades"]},{"cards_removed":["Shame"],"damage_healed":0,"gold_gain":0,"player_choice":"Give","damage_taken":0,"max_hp_gain":0,"max_hp_loss":0,"event_name":"betterNote:BetterNote","floor":20,"gold_loss":0,"cards_obtained":["Defend_G"]},{"damage_healed":0,"gold_gain":0,"cards_transformed":["Strike_G","Strike_G"],"player_choice":"Became Test Subject","damage_taken":0,"max_hp_gain":0,"max_hp_loss":0,"event_name":"Drug Dealer","floor":22,"gold_loss":0,"cards_obtained":["Tools of the Trade","Escape Plan"]}],"is_beta":false,"boss_relics":[{"not_picked":["Snecko Eye","Velvet Choker"],"picked":"aspiration:SecretTechniqueScroll"}],"items_purged_floors":[13,24],"is_endless":false,"potions_floor_spawned":[1,6,14,21,27],"killed_by":"Gremlin Leader","ascension_level":0}}