{"host":"wj6vwlg8bkoql3lv","time":1611444259,"event":{"mods":["AchievementEnabler","Bard","Bartender","BaseMod","Better Altar","Better Match","Better Note","Better Sensory Stone","Better Skull","Better Third Choice","Better Vampires","Card Forge","Colored Map","Custom Start","Decade(???)","Downfall","Energized Spire","Friendly Minions","Hermit","Hubris","Infinite Spire","JesterMod","Jorbs\u0027s Wanderer Trilogy","Marisa????????","Minty Spire (QoL Compilation)","Permanent Neow","Potionbrewer","Quick Restart","Random Character Button","Replay The Spire","Robot Space Explorer","SIMod","Shade Mod","StSLib","The Blue Laboratory","The Bug Knight","The Construct","The Cursed","The Death Knight","The Disciple","The Gatherer","The Hayseed","The Hierophant","The Jungle","The Marked","The Mystic","The Runesmith","The Senshi","The Servant 0.9.4","TheFirefly","Transform Curses"],"gold_per_floor":[11,11,11,21,39,68,78,104,104,104,121,138,173,185,185,280,280,296,314,331,345,358,386,406,406,452,465,492,492,540,587,587,700,700,731,429,477,577,615,615,615,655,737,737,799,865,933,972,972,1006,1006,1006,1006,1068,1100],"floor_reached":56,"language":"ENG","playtime":3968,"items_purged":[],"score":1175,"play_id":"65399bbd-9be3-4348-a69f-be4611ba456e","local_time":"20210123232419","is_ascension_mode":false,"campfire_choices":[{"floor":10.0,"key":"RECALL"},{"floor":15.0,"key":"REST"},{"data":"HollowMod:LifebloodCore","floor":29,"key":"SMITH"},{"data":"HollowMod:SoulMaster","floor":32,"key":"SMITH"},{"data":"infinitespire:Execution","floor":41,"key":"SMITH"},{"floor":49,"key":"REST"},{"floor":52,"key":"REST"}],"circlet_count":0,"master_deck":["HollowMod:FocusHealStart+1","HollowMod:PogoStrike+1","HollowMod:ShadowDash+1","HollowMod:ShadowDash+1","HollowMod:SiblingsShadow+1","HollowMod:SharpenedShadows+1","HollowMod:VengefulVoid+1","HollowMod:DescendingDark+1","HollowMod:DashSlash+1","HollowMod:CycloneSlash+1","HollowMod:ShadowDash+1","HollowMod:SiblingsShadow+1","HollowMod:DashSlash+1","HollowMod:CycloneSlash+1","HollowMod:DoubleDash+1","HollowMod:ShadowDash+1","HollowMod:SiblingsShadow+1","HollowMod:BlackTendrils+1","HollowMod:DescendingDark+1","HollowMod:VengefulVoid+1","HollowMod:WraithStrike+1","HollowMod:DashSlash+1","HollowMod:CycloneSlash+1","HollowMod:VengefulVoid+1","HollowMod:VengefulVoid+1","HollowMod:LifebloodCocoon+1","HollowMod:DashSlash+1","HollowMod:LifebloodCore+1","HollowMod:WraithStrike+1","HollowMod:NewJinnsSoul+1","HollowMod:PerfectDash+1","HollowMod:SoulMaster+1","HollowMod:ShadowDash+1","HollowMod:ShadowDash+1","HollowMod:SiblingsSouls+1","HollowMod:SlysStrikes+1","infinitespire:Execution+1","HollowMod:SoulMaster+1","HollowMod:ShadowDash+1","HollowMod:HuntersJournal+1","HollowMod:BlackTendrils+1","HollowMod:BlackTendrils+1","HollowMod:VengefulVoid+1"],"relics":["HollowMod:VesselMask","Hammer of Thor","Seething Fire","Anvil of the Gods","infinitespire:Lychee Nut","White Beast Statue","Runesmith:AutoHammer","hubris:PeanutButter","hubris:Backtick","Charon\u0027s Ashes","Shuriken","HollowMod:KingsBrand","Replay:Bandana","Simple Rune","Sozu","Replay:Baseball","infinitespire:PuzzleCube","Replay:Wanted Poster","Bottled Tornado","HollowMod:LifeEnderRelic","hubris:ToyBattleship","Pocketwatch","Letter Opener","hubris:BundleOfHerbs"],"acts_visited":["Exordium","TheCity","TheBeyond","TheEnding"],"potions_floor_usage":[18,21,22,23,35,55],"damage_taken":[{"damage":0.0,"enemies":"Small Slimes","floor":1.0,"turns":4.0},{"damage":0.0,"enemies":"Cultist","floor":4.0,"turns":2.0},{"damage":0.0,"enemies":"2 Louse","floor":5.0,"turns":2.0},{"damage":1.0,"enemies":"3 Sentries","floor":6.0,"turns":2.0},{"damage":6.0,"enemies":"Blue Slaver","floor":7.0,"turns":3.0},{"damage":6.0,"enemies":"Lagavulin","floor":8.0,"turns":4.0},{"damage":4.0,"enemies":"2 Fungi Beasts","floor":11.0,"turns":2.0},{"damage":0.0,"enemies":"Gremlin Gang","floor":12.0,"turns":1.0},{"damage":28.0,"enemies":"3 Sentries","floor":13.0,"turns":3.0},{"damage":0.0,"enemies":"3 Louse","floor":14.0,"turns":2.0},{"damage":8.0,"enemies":"Hexaghost","floor":16.0,"turns":6.0},{"damage":0,"enemies":"3 Byrds","floor":18,"turns":4},{"damage":0,"enemies":"Chosen","floor":19,"turns":3},{"damage":0,"enemies":"Centurion and Healer","floor":20,"turns":4},{"damage":6,"enemies":"Snake Plant","floor":21,"turns":3},{"damage":1,"enemies":"Cultist and Chosen","floor":22,"turns":3},{"damage":13,"enemies":"Book of Stabbing","floor":23,"turns":5},{"damage":0,"enemies":"Snecko","floor":24,"turns":3},{"damage":14,"enemies":"Centurion and Healer","floor":27,"turns":4},{"damage":2,"enemies":"Replay:Snechameleon","floor":30,"turns":5},{"damage":0,"enemies":"3 Cultists","floor":31,"turns":2},{"damage":11,"enemies":"hubris:MusketHawk","floor":33,"turns":6},{"damage":9,"enemies":"Orb Walker","floor":35,"turns":4},{"damage":12,"enemies":"3 Darklings","floor":37,"turns":3},{"damage":0,"enemies":"Maw","floor":39,"turns":3},{"damage":0,"enemies":"Transient","floor":42,"turns":4},{"damage":5,"enemies":"Giant Head","floor":45,"turns":3},{"damage":0,"enemies":"2 Orb Walkers","floor":46,"turns":2},{"damage":13,"enemies":"Reptomancer","floor":47,"turns":3},{"damage":9,"enemies":"Spire Growth","floor":48,"turns":3},{"damage":0,"enemies":"Replay:Hell Engine","floor":50,"turns":4},{"damage":0,"enemies":"Shield and Spear","floor":54,"turns":3},{"damage":24,"enemies":"The Heart","floor":55,"turns":6}],"seed_played":"3607408707359031736","potions_obtained":[{"floor":1.0,"key":"blueLaboratory:NullPotion"},{"floor":2.0,"key":"Ancient Potion"},{"floor":2.0,"key":"SkillPotion"},{"floor":2.0,"key":"blueLaboratory:BottleOfVodka"},{"floor":8.0,"key":"potionbrewer:QuicksilverPotion"},{"floor":11.0,"key":"potionbrewer:ToxicPotion"},{"floor":12.0,"key":"SpeedPotion"},{"floor":16.0,"key":"Block Potion"},{"floor":18,"key":"blueLaboratory:ExaltedPotion"},{"floor":19,"key":"Fire Potion"},{"floor":21,"key":"blueLaboratory:RecallPotion"},{"floor":22,"key":"LifebloodPotion"},{"floor":23,"key":"Dexterity Potion"},{"floor":24,"key":"SteroidPotion"},{"floor":30,"key":"potionbrewer:StunPotion"}],"is_trial":false,"path_per_floor":["M","?","$","M","M","E","M","E","T","R","M","M","E","M","R","B",null,"M","M","M","M","M","E","M","?","T","M","T","R","E","M","R","B",null,"M","$","M","AVR","M","?","R","M","T","?","E","?","E","M","R","B",null,"R","$","E","B",null],"character_chosen":"THE_BUGKNIGHT","items_purchased":["Replay:Baseball","infinitespire:PuzzleCube"],"campfire_rested":3,"item_purchase_floors":[36,36],"current_hp_per_floor":[56,56,56,56,56,55,50,56,56,56,52,52,28,31,47,56,56,56,56,56,56,56,43,48,48,48,45,45,45,49,52,52,46,56,54,54,56,56,56,56,56,56,56,53,50,53,53,46,53,53,53,53,53,53,52],"gold":1100,"neow_bonus":"ONE_RARE_RELIC","is_daily":false,"chose_seed":false,"campfire_upgraded":3,"win_rate":0.0,"timestamp":1611444259,"path_taken":["M","?","$","M","M","E","M","E","T","R","M","?","E","M","R","BOSS","M","M","M","M","M","E","M","?","T","?","?","R","E","M","R","BOSS","M","$","M","AVR","M","?","R","M","T","?","E","?","E","M","R","BOSS","R","$","E","BOSS"],"items_purchased_type":["Relic","Relic"],"build_version":"2020-12-22","purchased_purges":0,"victory":true,"max_hp_per_floor":[56,56,56,56,56,56,56,56,56,56,56,56,56,56,56,56,56,56,56,56,56,56,56,56,56,56,56,56,56,56,56,56,56,56,56,56,56,56,56,56,56,56,56,53,53,53,53,53,53,53,53,53,53,53,53],"card_choices":[{"not_picked":["HollowMod:ShapeofUnn","HollowMod:GrimmsGift"],"picked":"HollowMod:ShadowDash","floor":1.0},{"not_picked":["HollowMod:CornifersMapStart","HollowMod:InfectedAttack","HollowMod:HowlingWraiths"],"picked":"SKIP","floor":4.0},{"not_picked":["HollowMod:SoulStrike","HollowMod:BrokenVessel"],"picked":"HollowMod:DashSlash","floor":5.0},{"not_picked":["HollowMod:theNailsmith","HollowMod:SoulEater"],"picked":"HollowMod:CycloneSlash","floor":6.0},{"not_picked":["HollowMod:SoulVessel","HollowMod:PerfectDash","HollowMod:CoiledNail"],"picked":"SKIP","floor":7.0},{"not_picked":["HollowMod:HowlingWraiths","HollowMod:CornifersMapStart"],"picked":"HollowMod:VengefulVoid","floor":8.0},{"not_picked":["HollowMod:ShapeofUnn","HollowMod:GoodIntentions"],"picked":"HollowMod:VengefulVoid","floor":11.0},{"not_picked":["HollowMod:NewJinnsSoul","HollowMod:NewLittleFool"],"picked":"HollowMod:LifebloodCocoon","floor":12.0},{"not_picked":["HollowMod:NewLittleFool","HollowMod:PerfectDash"],"picked":"HollowMod:DashSlash","floor":13.0},{"not_picked":["HollowMod:InfectedCysts","HollowMod:FallenFury","HollowMod:InfectedAttack"],"picked":"SKIP","floor":14.0},{"not_picked":["HollowMod:MidwifesHunger","HollowMod:NewInfectedGuardian"],"picked":"HollowMod:LifebloodCore","floor":16.0},{"not_picked":["HollowMod:SoulStrike+1","HollowMod:LifebloodCocoon"],"picked":"HollowMod:WraithStrike","floor":18},{"not_picked":["HollowMod:DashSlash","HollowMod:SoulSplash","HollowMod:HowlingWraiths+1"],"picked":"SKIP","floor":19},{"not_picked":["HollowMod:ChannelNail","HollowMod:NewLittleFool"],"picked":"HollowMod:WraithStrike+1","floor":20},{"not_picked":["HollowMod:SoulStrike","HollowMod:BaldurShell"],"picked":"HollowMod:NewJinnsSoul+1","floor":21},{"not_picked":["HollowMod:VengefulVoid","HollowMod:CycloneSlash+1"],"picked":"HollowMod:PerfectDash+1","floor":22},{"not_picked":["HollowMod:MantisMark","HollowMod:BaldurShell","HollowMod:CycloneSlash"],"picked":"SKIP","floor":23},{"not_picked":["HollowMod:BrokenVessel","HollowMod:MonomonsArchive","HollowMod:QuirrelsAssistance+1"],"picked":"SKIP","floor":24},{"not_picked":["HollowMod:DashSlash","HollowMod:AwokenDreamNail","HollowMod:VengefulVoid"],"picked":"SKIP","floor":27},{"not_picked":["HollowMod:CycloneSlash","HollowMod:GrimmsGift+1","HollowMod:NewLittleFool+1"],"picked":"SKIP","floor":30},{"not_picked":["HollowMod:SoulStrike","HollowMod:CornifersMapStart"],"picked":"HollowMod:SiblingsSouls","floor":31},{"not_picked":["HollowMod:AwokenDreamNail","HollowMod:PureVessel"],"picked":"HollowMod:SlysStrikes","floor":33},{"not_picked":["HollowMod:NewLittleFool","HollowMod:HowlingWraiths+1","HollowMod:LifebloodCocoon"],"picked":"SKIP","floor":35},{"not_picked":["HollowMod:ChannelNail+1","HollowMod:InfectionAssault","HollowMod:NewLittleFool+1"],"picked":"SKIP","floor":37},{"not_picked":["HollowMod:QuirrelsAssistance","HollowMod:NewGlowingWomb","HollowMod:InfectedAttack+1"],"picked":"SKIP","floor":39},{"not_picked":["HollowMod:FallenFury","HollowMod:BrokenVessel","HollowMod:GoodIntentions+1"],"picked":"SKIP","floor":42},{"not_picked":["HollowMod:MantisMark+1","HollowMod:DungDefenderAura"],"picked":"HollowMod:SoulMaster","floor":45},{"not_picked":["HollowMod:MantisMark","HollowMod:DoubleDash+1"],"picked":"HollowMod:ShadowDash","floor":46},{"not_picked":["HollowMod:ElderbugsWisdom","HollowMod:FallenFury","HollowMod:VengefulSpirit+1"],"picked":"SKIP","floor":47},{"not_picked":["HollowMod:LifebloodCocoon+1","HollowMod:NewLittleFool"],"picked":"HollowMod:HuntersJournal+1","floor":48},{"not_picked":["HollowMod:RecoilStrike","HollowMod:SoulEater"],"picked":"HollowMod:VengefulVoid+1","floor":54}],"player_experience":164326,"relics_obtained":[{"floor":6.0,"key":"White Beast Statue"},{"floor":8.0,"key":"Runesmith:AutoHammer"},{"floor":13.0,"key":"hubris:PeanutButter"},{"floor":23,"key":"Shuriken"},{"floor":26,"key":"HollowMod:KingsBrand"},{"floor":28,"key":"Replay:Bandana"},{"floor":30,"key":"Simple Rune"},{"floor":43,"key":"HollowMod:LifeEnderRelic"},{"floor":45,"key":"hubris:ToyBattleship"},{"floor":46,"key":"Pocketwatch"},{"floor":47,"key":"Letter Opener"},{"floor":54,"key":"hubris:BundleOfHerbs"}],"event_choices":[{"damage_healed":0.0,"max_hp_gain":0.0,"max_hp_loss":0.0,"gold_gain":0.0,"event_name":"Lab","player_choice":"Got Potions","floor":2.0,"gold_loss":0.0,"damage_taken":0.0},{"cards_removed":["HollowMod:WraithStrike"],"damage_healed":0,"gold_gain":0,"player_choice":"Purged","damage_taken":0,"max_hp_gain":0,"max_hp_loss":0,"event_name":"Purifier","floor":25,"gold_loss":0},{"damage_healed":0,"gold_gain":0,"player_choice":"Max HP","damage_taken":0,"max_hp_gain":0,"max_hp_loss":3,"event_name":"Winding Halls","floor":44,"gold_loss":0},{"damage_healed":0,"gold_gain":0,"player_choice":"Fight","damage_taken":0,"max_hp_gain":0,"max_hp_loss":0,"event_name":"Mysterious Sphere","floor":46,"gold_loss":0}],"is_beta":false,"boss_relics":[{"not_picked":["hubris:ScarierMask","Black Star"],"picked":"hubris:Backtick"},{"not_picked":["Tiny House","energizedSpire:NeverEndingSparkler"],"picked":"Sozu"}],"items_purged_floors":[],"is_endless":false,"potions_floor_spawned":[1,4,5,7,8,11,12,13,14,16,18,19,20,21,22,23,24,27,30,31,33,35,37,39,42,45,46,47,48,54],"ascension_level":0}}