{"host":"qsusua7l529r8z9k","time":1611420632,"event":{"mods":["BaseMod","Good Game Mod","Minty Spire (QoL Compilation)","Spicy Shops","StSLib"],"gold_per_floor":[110,35,35,46,57,89,101,133,133,161,86,236,265,275,275,347,347,367,379,28,42,59,88,88,117,117,148,158,181,281,298,298,371,371,385,63,80,94,11,11,46,46,46,79,91,91,119,134,134,134,134,134],"floor_reached":51,"language":"ZHS","playtime":1639,"items_purged":["Strike_P","Doubt","Strike_P","Defend_P"],"score":2404,"play_id":"22a8f249-3095-4a19-a086-7f91890d6313","local_time":"20210124005032","is_ascension_mode":true,"campfire_choices":[{"data":"Ragnarok","floor":15.0,"key":"SMITH"},{"data":"Omniscience","floor":32.0,"key":"SMITH"},{"data":"Adaptation","floor":40.0,"key":"SMITH"},{"data":"Fasting2","floor":42.0,"key":"SMITH"},{"data":"TalkToTheHand","floor":49,"key":"SMITH"}],"circlet_count":0,"master_deck":["AscendersBane","Strike_P+1","Defend_P+1","Defend_P+1","Eruption+1","Vigilance+1","Die Die Die+1","Omniscience+1","Ragnarok+1","Adaptation+1","LessonLearned","Indignation+1","Wallop+1","Ghostly","Ghostly","Ghostly","Adaptation","DeusExMachina+1","WheelKick","Omniscience","Fasting2+1","TalkToTheHand+1"],"relics":["PureWater","REME:ComplimentaryCards","Tiny Chest","Nunchaku","InkBottle","Pen Nib","Bag of Marbles","Whetstone","VioletLotus","Incense Burner","Bottled Lightning","Bronze Scales","Kunai","Orichalcum","MealTicket","FossilizedHelix","TeardropLocket","Empty Cage","ClockworkSouvenir","PreservedInsect","Regal Pillow","Bottled Flame","HornCleat","Lizard Tail"],"acts_visited":["Exordium","TheCity","TheBeyond"],"potions_floor_usage":[50],"damage_taken":[{"damage":12.0,"enemies":"Jaw Worm","floor":1.0,"turns":5.0},{"damage":0.0,"enemies":"2 Louse","floor":4.0,"turns":2.0},{"damage":0.0,"enemies":"Small Slimes","floor":5.0,"turns":2.0},{"damage":0.0,"enemies":"3 Sentries","floor":6.0,"turns":2.0},{"damage":0.0,"enemies":"2 Fungi Beasts","floor":7.0,"turns":1.0},{"damage":0.0,"enemies":"Gremlin Nob","floor":8.0,"turns":2.0},{"damage":0.0,"enemies":"3 Sentries","floor":10.0,"turns":1.0},{"damage":0.0,"enemies":"Gremlin Nob","floor":13.0,"turns":2.0},{"damage":9.0,"enemies":"Large Slime","floor":14.0,"turns":3.0},{"damage":0.0,"enemies":"Slime Boss","floor":16.0,"turns":4.0},{"damage":14.0,"enemies":"Spheric Guardian","floor":18.0,"turns":4.0},{"damage":0.0,"enemies":"Chosen","floor":19.0,"turns":2.0},{"damage":0.0,"enemies":"Centurion and Healer","floor":21.0,"turns":2.0},{"damage":1.0,"enemies":"Sentry and Sphere","floor":22.0,"turns":3.0},{"damage":30.0,"enemies":"Slavers","floor":23.0,"turns":3.0},{"damage":0.0,"enemies":"Gremlin Leader","floor":25.0,"turns":7.0},{"damage":2.0,"enemies":"Slavers","floor":27.0,"turns":4.0},{"damage":0.0,"enemies":"Snake Plant","floor":28.0,"turns":1.0},{"damage":0.0,"enemies":"Colosseum Slavers","floor":30.0,"turns":1.0},{"damage":0.0,"enemies":"Colosseum Nobs","floor":30.0,"turns":6.0},{"damage":0.0,"enemies":"Shelled Parasite and Fungi","floor":31.0,"turns":4.0},{"damage":0.0,"enemies":"Collector","floor":33.0,"turns":7.0},{"damage":3.0,"enemies":"3 Shapes","floor":35.0,"turns":2.0},{"damage":0.0,"enemies":"3 Darklings","floor":37.0,"turns":2.0},{"damage":0.0,"enemies":"Writhing Mass","floor":38.0,"turns":1.0},{"damage":0.0,"enemies":"Giant Head","floor":41.0,"turns":1.0},{"damage":0.0,"enemies":"Reptomancer","floor":44.0,"turns":4.0},{"damage":0.0,"enemies":"Transient","floor":45.0,"turns":6.0},{"damage":0,"enemies":"Giant Head","floor":47,"turns":1},{"damage":0,"enemies":"3 Darklings","floor":48,"turns":1},{"damage":0,"enemies":"Donu and Deca","floor":50,"turns":7},{"damage":126,"enemies":"Time Eater","floor":51,"turns":8}],"seed_played":"9028410358031089730","potions_obtained":[{"floor":4.0,"key":"Fire Potion"},{"floor":5.0,"key":"ColorlessPotion"},{"floor":6.0,"key":"ColorlessPotion"},{"floor":16.0,"key":"EssenceOfSteel"},{"floor":19.0,"key":"Weak Potion"},{"floor":25.0,"key":"Dexterity Potion"},{"floor":35.0,"key":"DistilledChaos"}],"is_trial":false,"path_per_floor":["M","?","T","M","M","E","M","E","T","E","$","?","E","M","R","B",null,"M","M","$","M","M","E","?","E","T","E","M","T","?","M","R","B",null,"M","$","M","M","$","R","E","R","T","E","M","?","E","M","R","B","B"],"character_chosen":"WATCHER","items_purchased":["Incense Burner","ClockworkSouvenir","PreservedInsect"],"campfire_rested":0,"item_purchase_floors":[20,36,39],"current_hp_per_floor":[49,49,49,49,49,49,49,49,49,49,49,49,49,40,40,40,61,47,47,47,47,46,16,16,16,16,14,14,14,14,14,14,14,29,26,34,34,34,34,34,34,34,34,34,34,34,34,34,34,34,0,0],"gold":134,"neow_bonus":"THREE_RARE_CARDS","is_daily":false,"chose_seed":false,"campfire_upgraded":5,"win_rate":0.0,"timestamp":1611420632,"path_taken":["M","?","?","M","M","E","M","E","T","E","?","?","E","M","R","BOSS","M","M","$","M","M","E","?","E","T","E","M","?","?","M","R","BOSS","M","$","M","M","$","R","E","R","T","E","M","?","E","M","R","BOSS","BOSS"],"items_purchased_type":["Relic","Relic","Relic"],"build_version":"2020-12-22","purchased_purges":4,"victory":false,"max_hp_per_floor":[68,68,68,68,68,68,68,68,68,68,68,68,68,68,68,68,68,68,68,68,68,68,68,34,34,34,34,34,34,34,34,34,34,34,34,34,34,34,34,34,34,34,34,34,34,34,34,34,34,34,34,34],"card_choices":[{"not_picked":["Wish","Blasphemy"],"picked":"Omniscience","floor":0.0},{"not_picked":["FlyingSleeves","CutThroughFate","WindmillStrike"],"picked":"SKIP","floor":1.0},{"not_picked":["FlyingSleeves","Halt","MentalFortress"],"picked":"SKIP","floor":4.0},{"not_picked":["CrushJoints","WreathOfFlame","Protect"],"picked":"SKIP","floor":5.0},{"not_picked":["CrushJoints","WreathOfFlame","Protect"],"picked":"SKIP","floor":5.0},{"not_picked":["EmptyFist","Nirvana"],"picked":"Ragnarok","floor":6.0},{"not_picked":["Crescendo","CrushJoints"],"picked":"Adaptation","floor":7.0},{"not_picked":["EmptyFist","Judgement","DeceiveReality"],"picked":"SKIP","floor":8.0},{"not_picked":["Halt","JustLucky","Prostrate"],"picked":"SKIP","floor":10.0},{"not_picked":["PathToVictory","EmptyFist","SashWhip"],"picked":"SKIP","floor":13.0},{"not_picked":["FlurryOfBlows","EmptyBody","Halt"],"picked":"SKIP","floor":14.0},{"not_picked":["Scrawl","Brilliance"],"picked":"LessonLearned","floor":16.0},{"not_picked":["Prostrate","SashWhip"],"picked":"Indignation","floor":18.0},{"not_picked":["Protect","SignatureMove","Consecrate"],"picked":"SKIP","floor":19.0},{"not_picked":["SandsOfTime","Protect","Indignation"],"picked":"SKIP","floor":21.0},{"not_picked":["Adaptation","PathToVictory"],"picked":"Wallop","floor":22.0},{"not_picked":["Consecrate","FollowUp","FlyingSleeves"],"picked":"SKIP","floor":23.0},{"not_picked":["ClearTheMind","FlyingSleeves","Collect"],"picked":"SKIP","floor":25.0},{"not_picked":["EmptyBody","CrushJoints"],"picked":"Adaptation","floor":27.0},{"not_picked":["FlyingSleeves","Prostrate","Conclude"],"picked":"SKIP","floor":28.0},{"not_picked":["Pray","DeceiveReality"],"picked":"DeusExMachina","floor":30.0},{"not_picked":["Consecrate","CutThroughFate"],"picked":"WheelKick","floor":31.0},{"not_picked":["SpiritShield","ConjureBlade"],"picked":"Omniscience","floor":33.0},{"not_picked":["JustLucky+1","SashWhip","Fasting2"],"picked":"SKIP","floor":35.0},{"not_picked":["JustLucky+1","SashWhip"],"picked":"Fasting2","floor":35.0},{"not_picked":["EmptyBody","CrushJoints+1","WindmillStrike"],"picked":"SKIP","floor":37.0},{"not_picked":["MentalFortress","BowlingBash","ReachHeaven"],"picked":"SKIP","floor":38.0},{"not_picked":["SignatureMove","SashWhip+1","CrushJoints"],"picked":"SKIP","floor":41.0},{"not_picked":["SandsOfTime","PathToVictory","WreathOfFlame"],"picked":"SKIP","floor":44.0},{"not_picked":["Prostrate+1","Consecrate"],"picked":"TalkToTheHand","floor":45.0},{"not_picked":["Wireheading","Judgement","WaveOfTheHand"],"picked":"SKIP","floor":47},{"not_picked":["WaveOfTheHand","Evaluate","FollowUp+1"],"picked":"SKIP","floor":48}],"player_experience":486179,"relics_obtained":[{"floor":3.0,"key":"Tiny Chest"},{"floor":6.0,"key":"Nunchaku"},{"floor":8.0,"key":"InkBottle"},{"floor":9.0,"key":"Pen Nib"},{"floor":10.0,"key":"Bag of Marbles"},{"floor":13.0,"key":"Whetstone"},{"floor":23.0,"key":"Bottled Lightning"},{"floor":25.0,"key":"Bronze Scales"},{"floor":26.0,"key":"Kunai"},{"floor":27.0,"key":"Orichalcum"},{"floor":29.0,"key":"MealTicket"},{"floor":30.0,"key":"FossilizedHelix"},{"floor":30.0,"key":"TeardropLocket"},{"floor":41.0,"key":"Regal Pillow"},{"floor":43.0,"key":"Bottled Flame"},{"floor":44.0,"key":"HornCleat"},{"floor":47,"key":"Lizard Tail"}],"event_choices":[{"cards_removed":["Shame"],"damage_healed":0.0,"max_hp_gain":0.0,"max_hp_loss":0.0,"gold_gain":0.0,"event_name":"The Cleric","player_choice":"Card Removal","floor":2.0,"gold_loss":75.0,"damage_taken":0.0},{"damage_healed":0.0,"max_hp_gain":0.0,"max_hp_loss":0.0,"gold_gain":150.0,"event_name":"Liars Game","player_choice":"AGREE","floor":12.0,"gold_loss":0.0,"damage_taken":0.0,"cards_obtained":["Doubt"]},{"damage_healed":0.0,"max_hp_gain":0.0,"max_hp_loss":34.0,"gold_gain":0.0,"event_name":"Ghosts","player_choice":"Became a Ghost","floor":24.0,"gold_loss":0.0,"damage_taken":0.0,"cards_obtained":["Ghostly","Ghostly","Ghostly"]},{"damage_healed":0.0,"max_hp_gain":0.0,"max_hp_loss":0.0,"gold_gain":0.0,"event_name":"Colosseum","player_choice":"Fight","floor":30.0,"gold_loss":0.0,"damage_taken":0.0},{"damage_healed":0.0,"max_hp_gain":0.0,"max_hp_loss":0.0,"gold_gain":0.0,"event_name":"Colosseum","player_choice":"Fought Nobs","floor":30.0,"gold_loss":0.0,"damage_taken":0.0},{"damage_healed":0,"gold_gain":0,"player_choice":"Memory 1","damage_taken":0,"max_hp_gain":0,"max_hp_loss":0,"event_name":"SensoryStone","floor":46,"gold_loss":0}],"is_beta":false,"boss_relics":[{"not_picked":["Velvet Choker","Coffee Dripper"],"picked":"VioletLotus"},{"not_picked":["Fusion Hammer","Tiny House"],"picked":"Empty Cage"}],"items_purged_floors":[11,20,20,36],"is_endless":false,"potions_floor_spawned":[4,5,6,7,16,19,22,25,30,33,35,37,47],"killed_by":"Time Eater","ascension_level":20}}