{"host":"j0d4nq897em8strr","time":1611393796,"event":{"mods":["AchievementEnabler","BaseMod","Colored Map","Colored Powertips","Hero for Fun","Highlight Path","Marisa????????","Minty Spire (QoL Compilation)","StSLib","SuperFastMode","The Runesmith","slay the spire mod where everything is the same but ironclad has a cowboy hat"],"gold_per_floor":[116,116,135,148,167,167,167,198,274,274,307,307,331,345,345,468,468,484,484,8,8,29,29,69,69,69,82,155,169,203,203,203,332,332,366,434,434,448,472,487,487,531,531,531,46,85,85,21,21,21],"floor_reached":51,"language":"ENG","playtime":2601,"items_purged":[],"score":1072,"play_id":"08177fab-db2b-43de-95c6-0948394c5078","local_time":"20210123092316","daily_mods":["SealedDeck","Hoarder","Heirloom"],"is_ascension_mode":false,"campfire_choices":[{"data":"DarkMatter","floor":15.0,"key":"SMITH"},{"data":"DarkMatter","floor":23.0,"key":"SMITH"},{"data":"DarkMatter","floor":25.0,"key":"SMITH"},{"data":"SuperNova","floor":32,"key":"SMITH"},{"data":"SuperNova","floor":41,"key":"SMITH"},{"floor":47,"key":"REST"},{"floor":49,"key":"DIG"}],"circlet_count":0,"master_deck":["MilkyWay","MilkyWay","MilkyWay","Singularity","Singularity","EnergyFlow","EnergyFlow","EnergyFlow","WitchLeyline+1","WitchLeyline","WitchLeyline+1","DragonMeteor","DragonMeteor","DragonMeteor","ShootingEcho","ShootingEcho","ShootingEcho","GasGiant","GasGiant","GasGiant","DragonMeteor","DragonMeteor","DragonMeteor","WitchLeyline","WitchLeyline","WitchLeyline","DarkMatter+1","DarkMatter+1","DarkMatter+1","MysteriousBeam","MysteriousBeam","MysteriousBeam","OortCloud","OortCloud","OortCloud","SuperPerseids","SuperPerseids","SuperPerseids","GasGiant","GasGiant","GasGiant","SuperNova+1","SuperNova+1","SuperNova+1","GasGiant","GasGiant","GasGiant","OrrerysSun","OrrerysSun","OrrerysSun","WitchOfGreed","WitchOfGreed","WitchOfGreed","EscapeVelocity","EscapeVelocity","SuperNova","SuperNova","SuperNova","WitchLeyline+1","WitchLeyline+1","WitchLeyline+1","DarkMatter","DarkMatter","DarkMatter","OortCloud","OortCloud","OortCloud","DarkMatter","DarkMatter","DarkMatter"],"relics":["BewitchedHakkero","Bird Faced Urn","FossilizedHelix","HandmadeGrimoire","The Courier","Anchor","Golden Idol","Torii","Art of War","Ornamental Fan","Bottled Tornado","Sozu","Peace Pipe","Blood Vial","Toy Ornithopter","Whetstone","Shovel","Strawberry"],"acts_visited":["Exordium","TheCity","TheBeyond"],"potions_floor_usage":[],"damage_taken":[{"damage":0.0,"enemies":"Jaw Worm","floor":1.0,"turns":2.0},{"damage":0.0,"enemies":"Cultist","floor":3.0,"turns":2.0},{"damage":7.0,"enemies":"2 Louse","floor":4.0,"turns":2.0},{"damage":0.0,"enemies":"Blue Slaver","floor":5.0,"turns":2.0},{"damage":6.0,"enemies":"3 Sentries","floor":8.0,"turns":5.0},{"damage":0.0,"enemies":"Gremlin Nob","floor":11.0,"turns":4.0},{"damage":0.0,"enemies":"Exordium Thugs","floor":13.0,"turns":4.0},{"damage":0.0,"enemies":"Looter","floor":14.0,"turns":3.0},{"damage":21.0,"enemies":"The Guardian","floor":16.0,"turns":6.0},{"damage":6.0,"enemies":"Shell Parasite","floor":18.0,"turns":4.0},{"damage":6.0,"enemies":"3 Byrds","floor":22.0,"turns":5.0},{"damage":7.0,"enemies":"Book of Stabbing","floor":24.0,"turns":4.0},{"damage":10.0,"enemies":"Centurion and Healer","floor":27.0,"turns":5.0},{"damage":0.0,"enemies":"Gremlin Leader","floor":28.0,"turns":8.0},{"damage":7.0,"enemies":"Snake Plant","floor":29.0,"turns":4.0},{"damage":0.0,"enemies":"Snecko","floor":30.0,"turns":5.0},{"damage":25,"enemies":"Collector","floor":33,"turns":7},{"damage":0,"enemies":"Orb Walker","floor":35,"turns":2},{"damage":15,"enemies":"2 Orb Walkers","floor":36,"turns":5},{"damage":18,"enemies":"3 Darklings","floor":38,"turns":3},{"damage":0,"enemies":"4 Shapes","floor":40,"turns":4},{"damage":44,"enemies":"Transient","floor":42,"turns":5},{"damage":18,"enemies":"Jaw Worm Horde","floor":46,"turns":5},{"damage":0,"enemies":"Donu and Deca","floor":50,"turns":6}],"seed_played":"6504467714220464146","potions_obtained":[{"floor":1.0,"key":"SmokeBomb"},{"floor":5.0,"key":"FearPotion"},{"floor":8.0,"key":"Weak Potion"}],"is_trial":true,"path_per_floor":["M","?","M","M","M","$","?","E","T","T","E","?","M","M","R","B",null,"M","?","$","?","M","R","E","R","T","M","E","M","M","?","R","B",null,"M","?","?","M","T","M","R","M","T","?","$","M","R","$","R","B",null],"character_chosen":"MARISA","items_purchased":["Torii","OrrerysSun","WitchOfGreed","EscapeVelocity","DarkMatter","Whetstone","Shovel","OortCloud","DarkMatter"],"campfire_rested":1,"item_purchase_floors":[20,20,20,20,45,45,45,45,48],"current_hp_per_floor":[75,75,75,68,68,68,68,70,70,70,75,57,61,69,69,60,75,71,71,71,71,75,75,68,68,68,67,75,72,75,75,75,62,75,75,62,85,69,69,85,85,47,47,47,47,51,76,76,83,92],"gold":21,"neow_bonus":"","is_daily":false,"chose_seed":false,"campfire_upgraded":5,"win_rate":0.0,"timestamp":1611393796,"path_taken":["M","?","?","M","M","$","?","E","T","?","E","?","M","M","R","BOSS","M","?","?","?","M","R","E","R","T","M","E","M","?","?","R","BOSS","M","?","?","?","?","M","R","M","T","?","$","M","R","$","R","BOSS"],"items_purchased_type":["Relic","Card","Card","Card","Card","Relic","Relic","Card","Card"],"build_version":"2020-12-22","purchased_purges":0,"victory":true,"max_hp_per_floor":[75,75,75,75,75,75,75,75,75,75,75,75,75,75,75,75,75,75,75,75,75,75,75,75,75,75,75,75,75,75,75,75,75,75,75,75,85,85,85,85,85,85,85,85,85,85,85,85,92,92],"card_choices":[{"not_picked":["AsteroidBelt","NonDirectionalLaser","DC"],"picked":"SKIP","floor":1.0},{"not_picked":["FairyDestructionRay","DoubleSpark"],"picked":"MysteriousBeam","floor":3.0},{"not_picked":["GrandCross","AlicesGift"],"picked":"OortCloud","floor":4.0},{"not_picked":["LuminesStrike","NonDirectionalLaser","Robbery"],"picked":"SKIP","floor":5.0},{"not_picked":["Acceleration","IllusionStar"],"picked":"SuperPerseids","floor":8.0},{"not_picked":["PowerUp","MeteoricShower"],"picked":"GasGiant","floor":11.0},{"not_picked":["DeepEcoloBomb","6A","DoubleSpark"],"picked":"SKIP","floor":13.0},{"not_picked":["SporeBomb","DarkSpark","ManaConvection"],"picked":"SKIP","floor":14.0},{"not_picked":["MaximisePower","FinalSpark"],"picked":"SuperNova","floor":16.0},{"not_picked":["MilkyWay","Acceleration+1"],"picked":"GasGiant","floor":18.0},{"not_picked":["GalacticHalo","DC+1","FairyDestructionRay"],"picked":"SKIP","floor":22.0},{"not_picked":["AsteroidBelt","EnergyFlow","Robbery"],"picked":"SKIP","floor":24.0},{"not_picked":["AsteroidBelt","EnergyFlow","Robbery"],"picked":"SKIP","floor":24.0},{"not_picked":["MachineGunSpark+1","ShootingEcho","GalacticHalo"],"picked":"SKIP","floor":27.0},{"not_picked":["TreasureHunter","NonDirectionalLaser","EnergyRecoil"],"picked":"SKIP","floor":28.0},{"not_picked":["GalacticHalo","WitchOfGreed","LuminesStrike"],"picked":"SKIP","floor":29.0},{"not_picked":["DoubleSpark","PropBag","MachineGunSpark"],"picked":"SKIP","floor":30.0},{"not_picked":["SatelliteIllusion","ManaRampage"],"picked":"SuperNova","floor":33},{"not_picked":["StarBarrage+1","MysteriousBeam","WitchOfGreed+1"],"picked":"SKIP","floor":35},{"not_picked":["ChargeUpSpray+1","GravityBeat+1"],"picked":"WitchLeyline+1","floor":36},{"not_picked":["Acceleration","NonDirectionalLaser","LuminesStrike"],"picked":"SKIP","floor":38},{"not_picked":["EnergyRecoil","Robbery+1","PowerUp+1"],"picked":"SKIP","floor":40},{"not_picked":["DoubleSpark","EnergyRecoil+1","ChargeUpSpray"],"picked":"SKIP","floor":42},{"not_picked":["BigCrunch","MilkyWay","WitchOfGreed"],"picked":"SKIP","floor":46}],"player_experience":178653,"relics_obtained":[{"floor":8.0,"key":"FossilizedHelix"},{"floor":9.0,"key":"HandmadeGrimoire"},{"floor":10.0,"key":"The Courier"},{"floor":11.0,"key":"Anchor"},{"floor":24.0,"key":"Art of War"},{"floor":26.0,"key":"Ornamental Fan"},{"floor":28.0,"key":"Bottled Tornado"},{"floor":36,"key":"Peace Pipe"},{"floor":39,"key":"Blood Vial"},{"floor":43,"key":"Toy Ornithopter"},{"floor":49,"key":"Strawberry"}],"event_choices":[{"damage_healed":0.0,"max_hp_gain":0.0,"max_hp_loss":0.0,"gold_gain":0.0,"event_name":"Transmorgrifier","player_choice":"Ignored","floor":2.0,"gold_loss":0.0,"damage_taken":0.0},{"damage_healed":0.0,"max_hp_gain":0.0,"max_hp_loss":0.0,"gold_gain":0.0,"event_name":"Liars Game","player_choice":"Ignored","floor":7.0,"gold_loss":0.0,"damage_taken":0.0},{"damage_healed":0.0,"max_hp_gain":0.0,"max_hp_loss":0.0,"gold_gain":0.0,"event_name":"Golden Idol","player_choice":"Take Damage","floor":12.0,"gold_loss":0.0,"damage_taken":18.0,"relics_obtained":["Golden Idol"]},{"damage_healed":0.0,"max_hp_gain":0.0,"max_hp_loss":0.0,"gold_gain":0.0,"event_name":"Transmorgrifier","player_choice":"Ignored","floor":19.0,"gold_loss":0.0,"damage_taken":0.0},{"cards_removed":["Singularity"],"damage_healed":0.0,"max_hp_gain":0.0,"max_hp_loss":0.0,"gold_gain":0.0,"event_name":"Back to Basics","player_choice":"Elegance","floor":21.0,"gold_loss":0.0,"damage_taken":0.0},{"damage_healed":25,"gold_gain":0,"player_choice":"Heal","damage_taken":0,"max_hp_gain":0,"max_hp_loss":0,"event_name":"The Library","floor":31,"gold_loss":0},{"damage_healed":0,"gold_gain":0,"player_choice":"Fight","damage_taken":0,"max_hp_gain":0,"max_hp_loss":0,"event_name":"Mysterious Sphere","floor":36,"gold_loss":0},{"cards_removed":["EscapeVelocity"],"damage_healed":13,"gold_gain":0,"player_choice":"Offered Rare","damage_taken":0,"max_hp_gain":10,"max_hp_loss":0,"event_name":"Bonfire Elementals","floor":37,"gold_loss":0},{"damage_healed":0,"gold_gain":0,"player_choice":"Forge","damage_taken":0,"max_hp_gain":0,"max_hp_loss":0,"event_name":"Accursed Blacksmith","floor":44,"gold_loss":0,"cards_upgraded":["SuperNova"]}],"is_beta":false,"boss_relics":[{"not_picked":["Calling Bell","Snecko Eye"],"picked":"BewitchedHakkero"},{"not_picked":["SlaversCollar","Runesmith:UraniumAnvil"],"picked":"Sozu"}],"items_purged_floors":[],"is_endless":false,"potions_floor_spawned":[1,5,8,11,16,18,24,28,29,30,35,38,46],"ascension_level":0}}