{"host":"bq4pt811tk9yrmjl","time":1611407525,"event":{"mods":["AchievementEnabler","BaseMod","Colored Map","Colored Powertips","Defuse TimeMaze Blight","Hermit","Minty Spire (QoL Compilation)","StSLib","SuperFastMode"],"gold_per_floor":[111,111,122,122,122,148,148,74,98,152,152,164,190,202,234,246,354,366,352,364,395,506,518,530,530],"floor_reached":24,"language":"ENG","playtime":272,"items_purged":[],"score":228,"play_id":"ee419dfa-fbf9-402b-81fc-614c799cd090","local_time":"20210123111205","is_ascension_mode":true,"campfire_choices":[{"data":"Armaments","floor":7,"key":"SMITH"},{"data":"Rampage","floor":12,"key":"SMITH"},{"floor":14,"key":"RECALL"},{"data":"Spot Weakness","floor":16,"key":"SMITH"}],"circlet_count":0,"master_deck":["Strike_R","Strike_R","Strike_R","Strike_R","Strike_R","Defend_R","Defend_R","Defend_R","Defend_R","Bash","Armaments+1","Rampage+1","Uppercut","Spot Weakness+1","Demon Form","Ghostly Armor+1","Twin Strike+1"],"relics":["Burning Blood","NeowsBlessing","Bag of Marbles","Oddly Smooth Stone","MawBank","Mark of Pain"],"acts_visited":["Exordium","TheCity"],"potions_floor_usage":[21,21],"damage_taken":[{"damage":0,"enemies":"2 Louse","floor":1,"turns":1},{"damage":0,"enemies":"Cultist","floor":3,"turns":1},{"damage":0,"enemies":"Lagavulin","floor":6,"turns":1},{"damage":2,"enemies":"Jaw Worm","floor":13,"turns":2},{"damage":2,"enemies":"Looter","floor":15,"turns":3},{"damage":60,"enemies":"Hexaghost","floor":17,"turns":10},{"damage":19,"enemies":"2 Thieves","floor":19,"turns":5},{"damage":18,"enemies":"Spheric Guardian","floor":21,"turns":4},{"damage":30,"enemies":"Slavers","floor":24,"turns":4}],"seed_played":"7046440227741823186","potions_obtained":[{"floor":3,"key":"CultistPotion"},{"floor":15,"key":"EssenceOfSteel"},{"floor":19,"key":"BlessingOfTheForge"}],"is_trial":false,"path_per_floor":["M","?","M","$","?","E","R","$","T","T","T","R","M","R","M","R","B",null,"M","?","M","?","?","E"],"character_chosen":"IRONCLAD","items_purchased":["Spot Weakness"],"campfire_rested":0,"item_purchase_floors":[8],"current_hp_per_floor":[80,80,80,80,80,80,80,80,80,80,80,80,80,80,80,80,26,80,67,61,49,49,49,19,19],"gold":530,"neow_bonus":"THREE_ENEMY_KILL","is_daily":false,"chose_seed":false,"campfire_upgraded":3,"win_rate":0.0,"timestamp":1611407525,"path_taken":["M","?","M","?","?","E","R","$","T","T","?","R","M","R","?","R","BOSS","M","?","?","?","?","E"],"items_purchased_type":["Card"],"build_version":"2020-12-22","purchased_purges":0,"victory":false,"max_hp_per_floor":[80,80,80,80,80,80,80,80,80,80,80,80,80,80,80,80,80,80,80,80,80,80,80,80,80],"card_choices":[{"not_picked":["True Grit","Evolve"],"picked":"Armaments","floor":1},{"not_picked":["Dropkick","Cleave"],"picked":"Rampage","floor":3},{"not_picked":["Searing Blow","Barricade"],"picked":"Uppercut","floor":6},{"not_picked":["Rampage","Sentinel","Body Slam"],"picked":"SKIP","floor":13},{"not_picked":["Rupture","Intimidate","Warcry"],"picked":"SKIP","floor":15},{"not_picked":["Fiend Fire","Double Tap"],"picked":"Demon Form","floor":17},{"not_picked":["True Grit+1","Intimidate"],"picked":"Ghostly Armor+1","floor":19},{"not_picked":["Infernal Blade","Ghostly Armor"],"picked":"Twin Strike+1","floor":21}],"player_experience":218802,"relics_obtained":[{"floor":6,"key":"Bag of Marbles"},{"floor":10,"key":"Oddly Smooth Stone"},{"floor":11,"key":"MawBank"}],"event_choices":[{"damage_healed":0,"gold_gain":0,"player_choice":"Ignored","damage_taken":0,"max_hp_gain":0,"max_hp_loss":0,"event_name":"Transmorgrifier","floor":2,"gold_loss":0},{"damage_healed":0,"gold_gain":0,"player_choice":"Ignored","damage_taken":0,"max_hp_gain":0,"max_hp_loss":0,"event_name":"Golden Wing","floor":5,"gold_loss":0},{"damage_healed":0,"gold_gain":0,"player_choice":"","damage_taken":6,"max_hp_gain":0,"max_hp_loss":0,"event_name":"Knowing Skull","floor":20,"potions_obtained":[],"gold_loss":0,"cards_obtained":[]},{"damage_healed":0,"gold_gain":99,"player_choice":"Stole From Cult","damage_taken":0,"max_hp_gain":0,"max_hp_loss":0,"event_name":"Nest","floor":22,"gold_loss":0},{"damage_healed":0,"gold_gain":0,"player_choice":"Ignored","damage_taken":0,"max_hp_gain":0,"max_hp_loss":0,"event_name":"Ghosts","floor":23,"gold_loss":0}],"is_beta":false,"boss_relics":[{"not_picked":["Pandora\u0027s Box","Tiny House"],"picked":"Mark of Pain"}],"items_purged_floors":[],"is_endless":false,"potions_floor_spawned":[3,15,19],"killed_by":"Slavers","ascension_level":1}}