{"host":"kkntor5wdjky96yl","time":1611361490,"event":{"mods":["AchievementEnabler","BaseMod","Colored Map","KOR Keyword Fix","Minty Spire (QoL Compilation)","Shop Mod","StSLib","SuperFastMode"],"gold_per_floor":[111,125,143,68,68,93,107,31,331,331,342,369,33,49,49,147,147,160,160,85,98,115,115,115],"floor_reached":23,"language":"KOR","playtime":801,"items_purged":[],"score":244,"play_id":"548834bf-22e8-46ac-9a4c-c53b22067b34","local_time":"20210123092450","is_ascension_mode":true,"campfire_choices":[{"data":"Riddle With Holes","floor":10,"key":"SMITH"},{"floor":15,"key":"REST"}],"circlet_count":0,"master_deck":["Survivor","Neutralize","Eviscerate","Dash+1","Riddle With Holes+1","Crippling Poison","Underhanded Strike","Burst","Underhanded Strike","PiercingWail","Phantasmal Killer","Burst","PiercingWail","Dodge and Roll","Cloak And Dagger","Bouncing Flask","Cloak And Dagger","PiercingWail","Reflex","Quick Slash","Dagger Throw+1"],"relics":["Snecko Eye","Bird Faced Urn","Old Coin","Shovel","Calipers","Pandora\u0027s Box"],"acts_visited":["Exordium","TheCity"],"potions_floor_usage":[],"damage_taken":[{"damage":9,"enemies":"Cultist","floor":1,"turns":6},{"damage":7,"enemies":"2 Louse","floor":2,"turns":4},{"damage":0,"enemies":"Small Slimes","floor":3,"turns":3},{"damage":20,"enemies":"Lagavulin","floor":6,"turns":5},{"damage":1,"enemies":"Exordium Wildlife","floor":7,"turns":3},{"damage":0,"enemies":"2 Fungi Beasts","floor":11,"turns":2},{"damage":3,"enemies":"Gremlin Nob","floor":12,"turns":3},{"damage":0,"enemies":"Looter","floor":14,"turns":1},{"damage":37,"enemies":"Hexaghost","floor":16,"turns":9},{"damage":7,"enemies":"Shell Parasite","floor":18,"turns":4},{"damage":3,"enemies":"Spheric Guardian","floor":21,"turns":3},{"damage":0,"enemies":"Snake Plant","floor":22,"turns":3},{"damage":59,"enemies":"Slavers","floor":23,"turns":6}],"seed_played":"3145824251285065745","potions_obtained":[{"floor":1,"key":"PowerPotion"},{"floor":3,"key":"SpeedPotion"},{"floor":14,"key":"Block Potion"},{"floor":16,"key":"DuplicationPotion"}],"is_trial":false,"path_per_floor":["M","M","M","$","?","E","M","$","T","R","M","E","$","M","R","B",null,"M","?","?","M","M","E"],"character_chosen":"THE_SILENT","items_purchased":["Dash","Crippling Poison","Underhanded Strike","Calipers"],"campfire_rested":1,"item_purchase_floors":[4,8,13,13],"current_hp_per_floor":[61,54,54,54,54,34,33,33,33,33,33,30,30,30,51,14,70,63,50,50,47,47,0,0],"gold":115,"neow_bonus":"BOSS_RELIC","is_daily":false,"chose_seed":false,"campfire_upgraded":1,"win_rate":0.0,"timestamp":1611361490,"path_taken":["M","?","M","$","?","E","M","$","T","R","?","E","$","M","R","BOSS","M","?","?","M","M","E"],"items_purchased_type":["Card","Card","Card","Relic"],"build_version":"2020-12-22","purchased_purges":0,"victory":false,"max_hp_per_floor":[70,70,70,70,70,70,70,70,70,70,70,70,70,70,70,70,70,70,75,75,75,75,75,75],"card_choices":[{"not_picked":["PiercingWail","Accuracy"],"picked":"Eviscerate","floor":1},{"not_picked":["Slice","Cloak And Dagger","Blade Dance"],"picked":"SKIP","floor":2},{"not_picked":["Slice","Deflect","Dagger Throw"],"picked":"SKIP","floor":3},{"not_picked":["Outmaneuver","Cloak And Dagger","Backflip"],"picked":"SKIP","floor":6},{"not_picked":["Outmaneuver","Sucker Punch"],"picked":"Riddle With Holes","floor":7},{"not_picked":["Poisoned Stab","Prepared"],"picked":"Underhanded Strike","floor":11},{"not_picked":["Slice","Flying Knee"],"picked":"Burst","floor":12},{"not_picked":["Terror","Infinite Blades"],"picked":"PiercingWail","floor":14},{"not_picked":["Tools of the Trade","Venomology"],"picked":"Phantasmal Killer","floor":16},{"not_picked":["Tactician","Slice+1"],"picked":"Dagger Throw+1","floor":18},{"not_picked":["Sucker Punch","Noxious Fumes","Prepared"],"picked":"SKIP","floor":21},{"not_picked":["Dagger Spray","Escape Plan+1","Expertise"],"picked":"SKIP","floor":22}],"player_experience":104376,"relics_obtained":[{"floor":6,"key":"Bird Faced Urn"},{"floor":9,"key":"Old Coin"},{"floor":12,"key":"Shovel"}],"event_choices":[{"damage_healed":0,"gold_gain":0,"player_choice":"Upgraded","damage_taken":0,"max_hp_gain":0,"max_hp_loss":0,"event_name":"Upgrade Shrine","floor":5,"gold_loss":0,"cards_upgraded":["Dash"]},{"damage_healed":0,"gold_gain":0,"player_choice":"Shed Blood","damage_taken":18,"max_hp_gain":5,"max_hp_loss":0,"event_name":"Forgotten Altar","floor":19,"gold_loss":0},{"cards_removed":["Slice"],"damage_healed":0,"gold_gain":0,"player_choice":"Gave Gold","damage_taken":0,"max_hp_gain":0,"max_hp_loss":0,"event_name":"Beggar","floor":20,"gold_loss":75}],"is_beta":false,"boss_relics":[{"not_picked":["Black Star","Fusion Hammer"],"picked":"Pandora\u0027s Box"}],"items_purged_floors":[],"is_endless":false,"potions_floor_spawned":[1,3,14,16,21],"killed_by":"Slavers","ascension_level":4}}