{"host":"g01l53quoe6lrer0","time":1611360262,"event":{"mods":["2.2 Compatiblity","AchievementEnabler","BaseMod","Colored Map","Highlight Path","Keyboard Shortcuts","Minty Spire (QoL Compilation)","Permanent Neow","StSLib","SuperFastMode","everything is the same but u backflip on backflip"],"gold_per_floor":[109,124,144,144,219,219,248,259,259,259,293,258,275,308,308,413,413,428,428,503,278,295,295,295],"floor_reached":23,"language":"KOR","playtime":670,"items_purged":["Decay"],"score":363,"play_id":"81baeb79-b2e1-493d-a0ea-bc7123a27108","local_time":"20210123090422","is_ascension_mode":true,"campfire_choices":[{"data":"Glass Knife","floor":6.0,"key":"SMITH"},{"floor":10.0,"key":"REST"},{"floor":15,"key":"REST"}],"circlet_count":0,"master_deck":["AscendersBane","Strike_G","Strike_G","Strike_G","Strike_G","Strike_G","Defend_G","Defend_G","Defend_G","Defend_G","Defend_G","Survivor","Neutralize","Doubt","Glass Knife+1","Dagger Throw","Poisoned Stab","Riddle With Holes","After Image","Deadly Poison","Blade Dance","Backflip","PiercingWail","Corpse Explosion","Footwork","Infinite Blades","Choke","Blur+1"],"relics":["Ring of the Snake","Anchor","Gremlin Horn","Shuriken","Peace Pipe","Cursed Key","Letter Opener"],"acts_visited":["Exordium","TheCity"],"potions_floor_usage":[11,14,16,18],"damage_taken":[{"damage":6.0,"enemies":"Jaw Worm","floor":1.0,"turns":7.0},{"damage":0.0,"enemies":"Small Slimes","floor":2.0,"turns":4.0},{"damage":0.0,"enemies":"2 Louse","floor":3.0,"turns":2.0},{"damage":19.0,"enemies":"3 Sentries","floor":7.0,"turns":8.0},{"damage":0.0,"enemies":"Exordium Thugs","floor":8.0,"turns":4.0},{"damage":29,"enemies":"Lagavulin","floor":11,"turns":6},{"damage":0,"enemies":"Blue Slaver","floor":13,"turns":4},{"damage":0,"enemies":"Gremlin Nob","floor":14,"turns":2},{"damage":21,"enemies":"Hexaghost","floor":16,"turns":10},{"damage":2,"enemies":"3 Byrds","floor":18,"turns":2},{"damage":5,"enemies":"2 Thieves","floor":22,"turns":3},{"damage":58,"enemies":"Book of Stabbing","floor":23,"turns":6}],"seed_played":"6609233567255761817","potions_obtained":[{"floor":7.0,"key":"CultistPotion"},{"floor":13,"key":"DuplicationPotion"},{"floor":14,"key":"BlessingOfTheForge"},{"floor":16,"key":"LiquidBronze"},{"floor":22,"key":"BlessingOfTheForge"}],"is_trial":false,"path_per_floor":["M","M","M","?","?","R","E","M","T","R","E","?","M","E","R","B",null,"M","?","T","$","M","E"],"character_chosen":"THE_SILENT","items_purchased":["Infinite Blades","Choke"],"campfire_rested":2,"item_purchase_floors":[21,21],"current_hp_per_floor":[57,57,57,57,46,46,27,27,27,48,19,36,36,36,57,36,62,60,60,60,60,55,0,0],"gold":295,"neow_bonus":"THREE_RARE_CARDS","is_daily":false,"chose_seed":false,"campfire_upgraded":1,"win_rate":0.0,"timestamp":1611360262,"path_taken":["M","M","M","?","?","R","E","M","T","R","E","?","M","E","R","BOSS","M","?","?","$","?","E"],"items_purchased_type":["Card","Card"],"build_version":"2020-12-22","purchased_purges":1,"victory":false,"max_hp_per_floor":[70,70,70,70,70,70,70,70,70,70,70,70,70,70,70,70,70,70,70,70,70,70,70,70],"card_choices":[{"not_picked":["Adrenaline","Night Terror"],"picked":"Glass Knife","floor":0.0},{"not_picked":["Underhanded Strike","Outmaneuver"],"picked":"Dagger Throw","floor":1.0},{"not_picked":["Eviscerate","Prepared"],"picked":"Poisoned Stab","floor":2.0},{"not_picked":["Sucker Punch","Underhanded Strike"],"picked":"Riddle With Holes","floor":3.0},{"not_picked":["Prepared","PiercingWail"],"picked":"After Image","floor":7.0},{"not_picked":["Poisoned Stab","Backflip"],"picked":"Deadly Poison","floor":8.0},{"not_picked":["Concentrate","PiercingWail"],"picked":"Blade Dance","floor":11},{"not_picked":["Terror","Dodge and Roll"],"picked":"Backflip","floor":13},{"not_picked":["Flechettes","Endless Agony"],"picked":"PiercingWail","floor":14},{"not_picked":["Malaise","Glass Knife"],"picked":"Corpse Explosion","floor":16},{"not_picked":["Dagger Spray","Outmaneuver","Backflip"],"picked":"SKIP","floor":18},{"not_picked":["Acrobatics","Bane+1"],"picked":"Blur+1","floor":22}],"player_experience":250105,"relics_obtained":[{"floor":7.0,"key":"Anchor"},{"floor":9.0,"key":"Gremlin Horn"},{"floor":11,"key":"Shuriken"},{"floor":14,"key":"Peace Pipe"},{"floor":20,"key":"Letter Opener"}],"event_choices":[{"damage_healed":0.0,"max_hp_gain":0.0,"max_hp_loss":0.0,"gold_gain":0.0,"event_name":"Liars Game","player_choice":"Ignored","floor":4.0,"gold_loss":0.0,"damage_taken":0.0},{"damage_healed":0.0,"max_hp_gain":0.0,"max_hp_loss":0.0,"gold_gain":75.0,"event_name":"World of Goop","player_choice":"Gather Gold","floor":5.0,"gold_loss":0.0,"damage_taken":11.0},{"damage_healed":17,"gold_gain":0,"player_choice":"Healed","damage_taken":0,"max_hp_gain":0,"max_hp_loss":0,"event_name":"The Cleric","floor":12,"gold_loss":35},{"damage_healed":0,"gold_gain":0,"player_choice":"Read","damage_taken":0,"max_hp_gain":0,"max_hp_loss":0,"event_name":"The Library","floor":19,"gold_loss":0,"cards_obtained":["Footwork"]}],"is_beta":false,"boss_relics":[{"not_picked":["SacredBark","Runic Dome"],"picked":"Cursed Key"}],"items_purged_floors":[21],"is_endless":false,"potions_floor_spawned":[7,13,14,16,22],"killed_by":"Book of Stabbing","ascension_level":11}}