{"host":"bxn2em57qlx5u4i0","time":1611364471,"event":{"mods":["BaseMod","Colored Map","Colored Powertips","Highlight Path","Minty Spire (QoL Compilation)","Random Character Button","Relic Sorter","Relic Stats","StSLib","SuperFastMode"],"gold_per_floor":[117,38,38,38,50,85,85,85,85],"floor_reached":8,"language":"ENG","playtime":168,"items_purged":[],"score":108,"play_id":"ce464dba-6f7c-4982-9c14-fd474e0c21c3","local_time":"20210122201431","is_ascension_mode":true,"campfire_choices":[{"floor":7.0,"key":"REST"}],"circlet_count":0,"master_deck":["AscendersBane","Strike_G","Strike_G","Strike_G","Strike_G","Strike_G","Defend_G","Defend_G","Defend_G","Defend_G","Defend_G","Survivor","Neutralize","Blade Dance","A Thousand Cuts","PiercingWail","Escape Plan"],"relics":["Ring of the Snake","CaptainsWheel","FossilizedHelix"],"acts_visited":[],"potions_floor_usage":[8],"damage_taken":[{"damage":0.0,"enemies":"Jaw Worm","floor":1.0,"turns":5.0},{"damage":0.0,"enemies":"Cultist","floor":5.0,"turns":4.0},{"damage":46.0,"enemies":"Gremlin Nob","floor":6.0,"turns":5.0},{"damage":36,"enemies":"3 Sentries","floor":8,"turns":8}],"seed_played":"-3678915080972839671","potions_obtained":[{"floor":6.0,"key":"GhostInAJar"}],"is_trial":false,"path_per_floor":["M","$","?","$","M","E","R","E"],"character_chosen":"THE_SILENT","items_purchased":["A Thousand Cuts"],"campfire_rested":1,"item_purchase_floors":[2],"current_hp_per_floor":[59,59,59,59,59,13,31,0,0],"gold":85,"neow_bonus":"ONE_RARE_RELIC","is_daily":false,"chose_seed":false,"campfire_upgraded":0,"win_rate":0.0,"timestamp":1611364471,"path_taken":["M","$","?","?","M","E","R","E"],"items_purchased_type":["Card"],"build_version":"2020-12-22","purchased_purges":0,"victory":false,"max_hp_per_floor":[60,60,60,60,60,60,60,60,60],"relic_stats":{"counters":[4,22],"obtain_stats":[{"CaptainsWheel":0,"FossilizedHelix":6,"Ring of the Snake":0},{"CaptainsWheel":0,"FossilizedHelix":3,"Ring of the Snake":0},{"CaptainsWheel":0,"FossilizedHelix":14,"Ring of the Snake":0}],"Ring of the Snake":[8]},"card_choices":[{"not_picked":["Heel Hook","Deadly Poison"],"picked":"Blade Dance","floor":1.0},{"not_picked":["Sucker Punch","Underhanded Strike"],"picked":"PiercingWail","floor":5.0},{"not_picked":["Outmaneuver","Poisoned Stab"],"picked":"Escape Plan","floor":6.0}],"player_experience":2907446,"relics_obtained":[{"floor":6.0,"key":"FossilizedHelix"}],"event_choices":[{"damage_healed":0.0,"max_hp_gain":0.0,"max_hp_loss":0.0,"gold_gain":0.0,"event_name":"WeMeetAgain","player_choice":"Ignored","floor":3.0,"gold_loss":0.0,"damage_taken":0.0}],"is_beta":false,"boss_relics":[],"items_purged_floors":[],"is_endless":false,"potions_floor_spawned":[6],"killed_by":"3 Sentries","ascension_level":20}}