{"host":"swphzoo6hmc78epl","time":1611445804,"event":{"mods":["BaseMod","Highlight Path","Minty Spire (QoL Compilation)","Quick Restart"],"gold_per_floor":[109,109,130,153,171,171,2,2,2,15,36,50,74,74,74,202,202,216,231,131,131,155,187,199,218,295,305,305,324,324,352,352,447,447,466,466,480,498,84,113,113,123,123,135,165,175,185,214,214,214,214,214,27,52,52,52],"floor_reached":55,"language":"ENG","playtime":3334,"items_purged":["Regret","Injury","Strike_P","Strike_P"],"score":1059,"play_id":"e90856ea-060c-40d0-8ed8-22e28ffc4ecb","local_time":"20210123185004","is_ascension_mode":true,"campfire_choices":[{"data":"Apotheosis","floor":6,"key":"SMITH"},{"data":"Flash of Steel","floor":8,"key":"SMITH"},{"data":"DeceiveReality","floor":15,"key":"SMITH"},{"floor":30,"key":"RECALL"},{"data":"Omniscience","floor":32,"key":"SMITH"},{"data":"SandsOfTime","floor":41,"key":"SMITH"},{"data":"DevaForm","floor":49,"key":"SMITH"},{"data":"TalkToTheHand","floor":52,"key":"SMITH"}],"circlet_count":0,"master_deck":["Strike_P","Defend_P","Defend_P","Defend_P","Defend_P","Eruption","Vigilance+1","Apotheosis+1","Worship+1","Crescendo","Consecrate","CutThroughFate","Flash of Steel+1","DeceiveReality+1","SandsOfTime+1","FearNoEvil","DeusExMachina","CurseOfTheBell","Prostrate","Omniscience+1","TalkToTheHand+1","ThirdEye+1","Scrawl+1","Perseverance+1","ConjureBlade+1","FlyingSleeves","CrushJoints+1","Swivel+1","SpiritShield+1","ClearTheMind+1","DevaForm+1","LikeWater+1","Judgement+1","ForeignInfluence+1"],"relics":["PureWater","Bloody Idol","War Paint","Calling Bell","Omamori","Meat on the Bone","Gambling Chip","Blood Vial","White Beast Statue","Toxic Egg 2","Vajra","SacredBark","Dead Branch","Letter Opener","Ornamental Fan","PreservedInsect","Art of War"],"acts_visited":["Exordium","TheCity","TheBeyond","TheEnding"],"potions_floor_usage":[5,13,27,31,31,33,37,37,38,40,42,45,46,46,48,48,50,55,55],"damage_taken":[{"damage":2,"enemies":"Jaw Worm","floor":1,"turns":5},{"damage":10,"enemies":"2 Louse","floor":3,"turns":3},{"damage":15,"enemies":"Small Slimes","floor":4,"turns":3},{"damage":8,"enemies":"Exordium Wildlife","floor":5,"turns":4},{"damage":8,"enemies":"Lots of Slimes","floor":10,"turns":3},{"damage":0,"enemies":"3 Louse","floor":11,"turns":3},{"damage":0,"enemies":"Large Slime","floor":12,"turns":3},{"damage":7,"enemies":"Lots of Slimes","floor":13,"turns":5},{"damage":38,"enemies":"The Guardian","floor":16,"turns":9},{"damage":3,"enemies":"2 Thieves","floor":18,"turns":3},{"damage":10,"enemies":"Shell Parasite","floor":19,"turns":6},{"damage":0,"enemies":"Gremlin Leader","floor":23,"turns":4},{"damage":0,"enemies":"Cultist and Chosen","floor":24,"turns":3},{"damage":0,"enemies":"Sentry and Sphere","floor":25,"turns":2},{"damage":0,"enemies":"Centurion and Healer","floor":27,"turns":5},{"damage":0,"enemies":"3 Cultists","floor":29,"turns":4},{"damage":57,"enemies":"Slavers","floor":31,"turns":3},{"damage":0,"enemies":"Collector","floor":33,"turns":4},{"damage":10,"enemies":"3 Shapes","floor":35,"turns":4},{"damage":0,"enemies":"3 Darklings","floor":37,"turns":3},{"damage":21,"enemies":"Maw","floor":38,"turns":7},{"damage":35,"enemies":"Nemesis","floor":40,"turns":3},{"damage":13,"enemies":"Sphere and 2 Shapes","floor":42,"turns":3},{"damage":2,"enemies":"Spire Growth","floor":44,"turns":5},{"damage":0,"enemies":"Giant Head","floor":45,"turns":4},{"damage":12,"enemies":"Jaw Worm Horde","floor":46,"turns":3},{"damage":32,"enemies":"Sphere and 2 Shapes","floor":47,"turns":3},{"damage":6,"enemies":"Reptomancer","floor":48,"turns":2},{"damage":32,"enemies":"Donu and Deca","floor":50,"turns":9},{"damage":46,"enemies":"Shield and Spear","floor":54,"turns":3},{"damage":76,"enemies":"The Heart","floor":55,"turns":3}],"seed_played":"-2889848462576702649","potions_obtained":[{"floor":1,"key":"Strength Potion"},{"floor":3,"key":"Energy Potion"},{"floor":11,"key":"SteroidPotion"},{"floor":16,"key":"BottledMiracle"},{"floor":23,"key":"Swift Potion"},{"floor":27,"key":"GamblersBrew"},{"floor":31,"key":"Energy Potion"},{"floor":33,"key":"SkillPotion"},{"floor":35,"key":"LiquidBronze"},{"floor":37,"key":"LiquidBronze"},{"floor":38,"key":"Ancient Potion"},{"floor":40,"key":"GamblersBrew"},{"floor":42,"key":"ColorlessPotion"},{"floor":44,"key":"Swift Potion"},{"floor":45,"key":"DuplicationPotion"},{"floor":46,"key":"Strength Potion"},{"floor":47,"key":"SneckoOil"},{"floor":48,"key":"LiquidMemories"},{"floor":54,"key":"BlessingOfTheForge"}],"is_trial":false,"path_per_floor":["M","?","M","M","M","R","$","R","T","M","M","M","M","?","R","B",null,"M","M","$","?","T","E","M","M","T","M","?","M","R","E","R","B",null,"M","?","M","M","$","E","R","M","T","M","E","M","M","E","R","B",null,"R","$","E","B"],"character_chosen":"WATCHER","items_purchased":["Flash of Steel","Dead Branch","ForeignInfluence+1"],"campfire_rested":0,"item_purchase_floors":[7,39,53],"current_hp_per_floor":[70,70,60,45,37,37,37,37,37,29,29,29,22,46,46,8,56,53,43,43,43,48,55,62,69,72,72,72,72,72,32,32,51,67,64,64,71,56,56,40,40,46,46,51,58,53,40,53,53,35,63,63,63,36,0,0],"gold":52,"neow_bonus":"RANDOM_COLORLESS_2","is_daily":false,"chose_seed":false,"campfire_upgraded":7,"win_rate":0.0,"timestamp":1611445804,"path_taken":["M","?","M","M","M","R","$","R","T","M","M","M","M","?","R","BOSS","M","M","$","?","?","E","?","M","T","M","?","M","R","E","R","BOSS","M","?","M","M","$","E","R","?","T","M","E","M","M","E","R","BOSS","R","$","E","BOSS"],"items_purchased_type":["Card","Relic","Card"],"build_version":"2020-12-22","purchased_purges":4,"victory":false,"max_hp_per_floor":[72,72,72,72,72,72,72,72,72,72,72,72,72,72,72,72,72,72,72,72,72,72,72,72,72,72,72,72,72,72,72,72,72,72,72,72,72,72,72,72,72,72,72,72,72,72,72,72,72,72,72,72,72,72,72,72],"card_choices":[{"not_picked":["Master of Strategy","Violence"],"picked":"Apotheosis","floor":0},{"not_picked":["InnerPeace","Prostrate"],"picked":"Worship","floor":1},{"not_picked":["ThirdEye","Evaluate"],"picked":"Crescendo","floor":3},{"not_picked":["LikeWater","Halt"],"picked":"Consecrate","floor":4},{"not_picked":["ThirdEye","LikeWater"],"picked":"CutThroughFate","floor":5},{"not_picked":["Study","ClearTheMind"],"picked":"DeceiveReality","floor":10},{"not_picked":["Consecrate","EmptyMind"],"picked":"SandsOfTime","floor":11},{"not_picked":["PathToVictory","Evaluate","Protect"],"picked":"SKIP","floor":12},{"not_picked":["SashWhip","FlyingSleeves"],"picked":"FearNoEvil","floor":13},{"not_picked":["Omniscience","SpiritShield"],"picked":"DeusExMachina","floor":16},{"not_picked":["PathToVictory","Crescendo+1","CutThroughFate"],"picked":"SKIP","floor":18},{"not_picked":["InnerPeace","ClearTheMind"],"picked":"Prostrate","floor":19},{"not_picked":["Halt+1","FollowUp+1"],"picked":"Omniscience","floor":23},{"not_picked":["ThirdEye","Collect"],"picked":"TalkToTheHand","floor":24},{"not_picked":["JustLucky","ClearTheMind","CutThroughFate+1"],"picked":"SKIP","floor":25},{"not_picked":["WaveOfTheHand+1","Fasting2+1"],"picked":"ThirdEye+1","floor":27},{"not_picked":["Crescendo+1","EmptyFist+1","Prostrate+1"],"picked":"SKIP","floor":29},{"not_picked":["Omniscience+1","JustLucky+1"],"picked":"Perseverance+1","floor":31},{"not_picked":["LessonLearned","DeusExMachina+1"],"picked":"ConjureBlade+1","floor":33},{"not_picked":["CutThroughFate","Conclude","ThirdEye+1"],"picked":"SKIP","floor":35},{"not_picked":["InnerPeace+1","Evaluate+1"],"picked":"CrushJoints+1","floor":37},{"not_picked":["SignatureMove+1","Meditate+1"],"picked":"Swivel+1","floor":38},{"not_picked":["Consecrate+1","Prostrate+1"],"picked":"SpiritShield+1","floor":40},{"not_picked":["FollowUp","Consecrate"],"picked":"ClearTheMind+1","floor":42},{"not_picked":["Crescendo+1","Conclude"],"picked":"DevaForm","floor":44},{"not_picked":["EmptyFist+1","Prostrate+1","PathToVictory+1"],"picked":"SKIP","floor":45},{"not_picked":["Evaluate+1","Consecrate+1"],"picked":"LikeWater+1","floor":46},{"not_picked":["ThirdEye+1","JustLucky+1","SashWhip+1"],"picked":"SKIP","floor":47},{"not_picked":["TalkToTheHand+1","Collect+1"],"picked":"Judgement+1","floor":48},{"not_picked":["ThirdEye+1","Study","FlyingSleeves"],"picked":"SKIP","floor":54}],"player_experience":815701,"relics_obtained":[{"floor":9,"key":"War Paint"},{"floor":17,"key":"Omamori"},{"floor":17,"key":"Meat on the Bone"},{"floor":17,"key":"Gambling Chip"},{"floor":22,"key":"Blood Vial"},{"floor":23,"key":"White Beast Statue"},{"floor":26,"key":"Toxic Egg 2"},{"floor":31,"key":"Vajra"},{"floor":40,"key":"Letter Opener"},{"floor":45,"key":"Ornamental Fan"},{"floor":48,"key":"PreservedInsect"},{"floor":54,"key":"Art of War"}],"event_choices":[{"damage_healed":0,"gold_gain":0,"player_choice":"Take Wound","damage_taken":0,"relics_obtained":["Golden Idol"],"max_hp_gain":0,"max_hp_loss":0,"event_name":"Golden Idol","floor":2,"gold_loss":0,"cards_obtained":["Injury"]},{"damage_healed":24,"gold_gain":0,"player_choice":"Banana","damage_taken":0,"max_hp_gain":0,"max_hp_loss":0,"event_name":"Big Fish","floor":14,"gold_loss":0},{"damage_healed":0,"gold_gain":0,"player_choice":"Gave Idol","damage_taken":0,"relics_obtained":["Bloody Idol"],"max_hp_gain":0,"max_hp_loss":0,"event_name":"Forgotten Altar","floor":21,"relics_lost":["Golden Idol"],"gold_loss":0},{"damage_healed":0,"gold_gain":0,"player_choice":"Read","damage_taken":0,"max_hp_gain":0,"max_hp_loss":0,"event_name":"The Library","floor":28,"gold_loss":0,"cards_obtained":["Scrawl"]},{"damage_healed":0,"gold_gain":0,"cards_transformed":["Strike_P"],"player_choice":"Transformed","damage_taken":0,"max_hp_gain":0,"max_hp_loss":0,"event_name":"Transmorgrifier","floor":36,"gold_loss":0,"cards_obtained":["FlyingSleeves"]}],"is_beta":false,"boss_relics":[{"not_picked":["Cursed Key","Fusion Hammer"],"picked":"Calling Bell"},{"not_picked":["Busted Crown","Runic Dome"],"picked":"SacredBark"}],"items_purged_floors":[7,20,39,53],"is_endless":false,"potions_floor_spawned":[1,3,11,16,23,24,25,27,29,31,33,35,37,38,40,42,44,45,46,47,48,54],"killed_by":"The Heart","ascension_level":5}}