{"host":"tl3n8idhzo2mohle","time":1611376952,"event":{"mods":["BaseMod","Colored Powertips","Downfall","Good Game Mod","Minty Spire (QoL Compilation)","StSLib","Waifu the Spire","noobMod"],"gold_per_floor":[99,179,179,629,640,640,667,724,641,641,671,684,384,130,149,244,244,244,312,312,324,355,355,355,230,230,230,230,230,80,90,108,203,203,203,203,28,28,28,65,65,96,96,109,165,182,182,207,220,220,220,254,54,54,54,54],"floor_reached":57,"language":"ZHS","playtime":2326,"items_purged":["sneckomod:Defend","sneckomod:Defend","sneckomod:Strike","sneckomod:SnekBite","FearNoEvil","downfall:Icky"],"score":1529,"play_id":"161f5716-9b9b-4002-bfde-952fb6df2feb","local_time":"20210123124232","is_ascension_mode":false,"campfire_choices":[{"floor":1,"key":"RECALL"},{"data":"hexamod:RainOfEmbers","floor":27,"key":"SMITH"},{"data":"1","floor":35,"key":"LIFT"},{"data":"sneckomod:Transmogrify","floor":43,"key":"SMITH"},{"data":"sneckomod:RainOfDice","floor":47,"key":"SMITH"}],"circlet_count":0,"master_deck":["HandOfGreed+1","downfall:Icky","downfall:Icky","sneckomod:RainOfDice+1","Apotheosis","hexamod:RainOfEmbers+1","sneckomod:Transmogrify+1","sneckomod:SoulDraw+1","sneckomod:CheapStock","Blasphemy+1","sneckomod:UnknownClassPURPLE+1","sneckomod:UnknownClassPURPLE+1","sneckomod:UnknownClassPURPLE+1","sneckomod:UnknownClassPURPLE+1","Vengeance+1"],"relics":["sneckomod:SneckoSoul","REME:ComplimentaryCards","ice","bronze:BronzeIdol","downfall:ShatteredFragment","downfall:HeartBlessingBlue","downfall:HeartBlessingRed","downfall:HeartBlessingGreen","Question Card","Juzu Bracelet","Pear","hexamod:BolsterEngine","Mango","sneckomod:BlankCard","Toxic Egg 2","Mummified Hand","Singing Bowl","Incense Burner","hexamod:Sixitude","sneckomod:SneckoBoss"],"acts_visited":["Exordium","TheCity","TheBeyond","TheEnding"],"potions_floor_usage":[],"damage_taken":[{"damage":59,"enemies":"Lagavulin Event","floor":2,"turns":7},{"damage":192,"enemies":"Cultist","floor":5,"turns":14},{"damage":21,"enemies":"2 Louse","floor":8,"turns":5},{"damage":0,"enemies":"downfall:FleeingMerchant","floor":9,"turns":4},{"damage":0,"enemies":"Gremlin Nob","floor":11,"turns":1},{"damage":0,"enemies":"Small Slimes","floor":12,"turns":1},{"damage":0,"enemies":"3 Louse","floor":15,"turns":1},{"damage":9,"enemies":"WA_ARCHETYPE_RETAIN","floor":16,"turns":2},{"damage":0,"enemies":"Shell Parasite","floor":21,"turns":1},{"damage":0,"enemies":"Spheric Guardian","floor":22,"turns":1},{"damage":0,"enemies":"Book of Stabbing","floor":29,"turns":1},{"damage":0,"enemies":"Shelled Parasite and Fungi","floor":31,"turns":1},{"damage":0,"enemies":"Snake Plant","floor":32,"turns":1},{"damage":26,"enemies":"IC_MUSHROOM_ARCHETYPE","floor":33,"turns":2},{"damage":0,"enemies":"Orb Walker","floor":40,"turns":1},{"damage":3,"enemies":"Reptomancer","floor":42,"turns":2},{"damage":3,"enemies":"3 Darklings","floor":44,"turns":2},{"damage":6,"enemies":"Nemesis","floor":45,"turns":3},{"damage":0,"enemies":"Transient","floor":46,"turns":3},{"damage":0,"enemies":"Reptomancer","floor":48,"turns":1},{"damage":0,"enemies":"Maw","floor":49,"turns":2},{"damage":0,"enemies":"SI_POISON_ARCHETYPE","floor":50,"turns":1},{"damage":0,"enemies":"downfall:CharBossMerchant","floor":52,"turns":2},{"damage":0,"enemies":"downfall:NeowBoss","floor":55,"turns":4},{"damage":64,"enemies":"downfall:NeowBossFinal","floor":56,"turns":4}],"seed_played":"-1860329452058733678","potions_obtained":[{"floor":2,"key":"PowerPotion"},{"floor":12,"key":"Fire Potion"}],"is_trial":false,"path_per_floor":["R","?","?","?","M","?","T","M","$","?","E","M","R","$","M","B",null,"R","T","?","M","M","R","T","$","?","R","?","E","$","M","M","B",null,"R","?","$","?","?","M","T","E","R","M","E","M","R","E","M","B",null,"E","$","R","B","B",null],"character_chosen":"THE_SNECKO","items_purchased":["DistilledChaos","sneckomod:RainOfDice","Apotheosis","sneckomod:LoadedDie"],"campfire_rested":0,"item_purchase_floors":[9,9,9,14],"current_hp_per_floor":[99,40,19,19,106,106,106,95,125,125,125,125,135,135,135,129,136,136,136,136,136,136,136,136,136,136,136,136,136,136,136,136,117,139,139,139,139,139,139,139,149,163,163,163,163,184,184,186,188,188,188,194,194,194,195,205],"gold":54,"neow_bonus":"TEN_PERCENT_HP_BONUS","is_daily":false,"chose_seed":false,"campfire_upgraded":3,"win_rate":0.0,"timestamp":1611376952,"path_taken":["R","?","?","?","M","?","T","M","?","?","E","?","R","?","M","BOSS","R","?","?","?","M","R","T","$","?","R","?","E","$","M","M","BOSS","R","?","$","?","?","M","T","E","R","M","E","M","R","E","M","BOSS","E","$","R","BOSS","BOSS"],"items_purchased_type":["Potion","Card","Card","Relic"],"build_version":"2020-12-22","purchased_purges":6,"victory":true,"max_hp_per_floor":[99,99,99,99,106,106,106,106,125,125,125,125,135,135,135,136,136,136,136,136,136,136,136,136,136,136,136,136,136,136,136,136,142,139,139,139,139,139,139,139,149,163,163,163,166,184,184,186,188,188,188,194,194,194,195,226],"card_choices":[{"not_picked":["sneckomod:UnknownCommonSkill","sneckomod:WideSting"],"picked":"sneckomod:RainOfDice","floor":2},{"not_picked":["sneckomod:QuickBite","sneckomod:UnknownDraw"],"picked":"sneckomod:UnknownX","floor":5},{"not_picked":["sneckomod:UnknownDraw","sneckomod:QuickBite","sneckomod:UnknownWeak"],"picked":"SKIP","floor":8},{"not_picked":["sneckomod:QuickBite","sneckomod:QuickMove","sneckomod:Rotation"],"picked":"SKIP","floor":9},{"not_picked":["sneckomod:UnknownCommonAttack","sneckomod:DiceCrush","sneckomod:UnknownBoss"],"picked":"SKIP","floor":11},{"not_picked":["sneckomod:UnknownCommonSkill","sneckomod:ImprovisedAttack","sneckomod:UnknownX"],"picked":"SKIP","floor":12},{"not_picked":["sneckomod:RainOfDice","sneckomod:SoulRoll","sneckomod:UnknownX"],"picked":"SKIP","floor":15},{"not_picked":["sneckomod:Unknown3Cost","sneckomod:GlitteringGambit"],"picked":"sneckomod:Transmogrify","floor":16},{"not_picked":["sneckomod:UnknownClassSLIMEBOUND","sneckomod:UnknownClassHEXA_GHOST_PURPLE+1","sneckomod:UnknownStrength"],"picked":"sneckomod:SoulDraw+1","floor":21},{"not_picked":["sneckomod:SoulDraw+1","sneckomod:UnknownClassPURPLE+1","sneckomod:WideSting","sneckomod:Rotation"],"picked":"SKIP","floor":22},{"not_picked":["sneckomod:UnknownClassHEXA_GHOST_PURPLE","sneckomod:UnknownWeak","sneckomod:UnknownClassPURPLE"],"picked":"sneckomod:UnknownStrength+1","floor":29},{"not_picked":["sneckomod:UnknownCommonAttack","sneckomod:QuickBite+1","sneckomod:ImprovisedAttack","sneckomod:UnknownDexterity"],"picked":"SKIP","floor":31},{"not_picked":["sneckomod:DiceBoulder","sneckomod:RainOfDice","sneckomod:TrashToTreasure","sneckomod:MasterEye"],"picked":"SKIP","floor":32},{"not_picked":["sneckomod:UnknownClassSLIMEBOUND+1","sneckomod:SoulCleanse","sneckomod:Unknown1Cost","sneckomod:WideSting"],"picked":"SKIP","floor":40},{"not_picked":["sneckomod:Nope+1","sneckomod:UnknownUncommonAttack","sneckomod:Unknown0Cost","sneckomod:UnknownUncommonPower+1"],"picked":"SKIP","floor":42},{"not_picked":["sneckomod:Unknown1Cost+1","sneckomod:UnknownClassHEXA_GHOST_PURPLE","sneckomod:GlitteringGambit","sneckomod:DefensiveFlair"],"picked":"SKIP","floor":44},{"not_picked":["sneckomod:UnknownWeak+1","sneckomod:Nope+1","sneckomod:UnknownColorless+1"],"picked":"sneckomod:UnknownRareSkill+1","floor":45},{"not_picked":["sneckomod:Memorize+1","sneckomod:SoulDraw+1","sneckomod:RainOfDice","sneckomod:WideSting+1"],"picked":"SKIP","floor":46},{"not_picked":["sneckomod:UnknownRareAttack","sneckomod:RainOfDice+1","sneckomod:QuickMove+1","sneckomod:DiceBoulder+1"],"picked":"Singing Bowl","floor":48},{"not_picked":["sneckomod:TrashToTreasure+1","sneckomod:WideSting","sneckomod:UnknownCommonAttack+1","sneckomod:ImprovisedAttack+1"],"picked":"Singing Bowl","floor":49},{"not_picked":["sneckomod:UnknownCommonAttack","sneckomod:UnknownStrike+1","sneckomod:TrashToTreasure+1","sneckomod:UnknownColorless+1"],"picked":"Singing Bowl","floor":52}],"player_experience":55956,"relics_obtained":[{"floor":2,"key":"bronze:BronzeIdol"},{"floor":11,"key":"Matryoshka"},{"floor":19,"key":"Lantern"},{"floor":19,"key":"Question Card"},{"floor":24,"key":"Juzu Bracelet"},{"floor":24,"key":"Girya"},{"floor":29,"key":"Girya"},{"floor":29,"key":"hexamod:BolsterEngine"},{"floor":32,"key":"Orichalcum"},{"floor":33,"key":"sneckomod:SuperSneckoSoul"},{"floor":41,"key":"Pear"},{"floor":42,"key":"hexamod:BolsterEngine"},{"floor":42,"key":"Mango"},{"floor":44,"key":"sneckomod:BlankCard"},{"floor":45,"key":"Toxic Egg 2"},{"floor":45,"key":"Mummified Hand"},{"floor":46,"key":"sneckomod:SuperSneckoSoul"},{"floor":48,"key":"sneckomod:SuperSneckoSoul"},{"floor":48,"key":"Singing Bowl"},{"floor":49,"key":"Incense Burner"},{"floor":52,"key":"hexamod:Sixitude"},{"floor":52,"key":"sneckomod:SneckoBoss"}],"event_choices":[{"cards_removed":["sneckomod:Defend"],"damage_healed":0,"gold_gain":0,"player_choice":"Card Removal","damage_taken":0,"max_hp_gain":0,"max_hp_loss":0,"event_name":"The Cleric","floor":6,"gold_loss":0},{"damage_healed":0,"gold_gain":0,"player_choice":"Ignored","damage_taken":0,"max_hp_gain":0,"max_hp_loss":0,"event_name":"Ghosts","floor":28,"gold_loss":0}],"is_beta":false,"boss_relics":[{"not_picked":["SlaversCollar","Snecko Eye"],"picked":"bronze:MakeshiftBattery"},{"not_picked":["Runic Pyramid","expansioncontent:StudyCardRelic"],"picked":"Empty Cage"}],"items_purged_floors":[9,14,25,30,37,53],"is_endless":false,"potions_floor_spawned":[2,12,15,22,31,45,48,52],"ascension_level":0}}