{"host":"0qevis500jgmlc2v","time":1611412081,"event":{"mods":["Act Like it!","Aspiration","BaseMod","Conspire","Energized Spire","Friendly Minions","GifTheSpireLib","Hubris","Minty Spire (QoL Compilation)","Pale of the Ancients","Quick Restart","Shop Mod","StSLib","vexMod","【功能Mod】聪明的最终Boss"],"gold_per_floor":[111,111,128,128,128,162,174,174,174,184,213,213,223,12,12,87,87,97,0,17,67,67,67],"floor_reached":22,"language":"ZHS","playtime":1430,"items_purged":[],"score":588,"play_id":"a3590aef-0eae-47a0-afa6-2bd6f697dfef","local_time":"20210123222801","is_ascension_mode":true,"campfire_choices":[{"data":"hubris:Counter","floor":8.0,"key":"SMITH"},{"data":"Concentrate","floor":12.0,"key":"SMITH"},{"data":"Cloak And Dagger","floor":15.0,"key":"SMITH"}],"circlet_count":0,"master_deck":["AscendersBane","Strike_G","Strike_G","Strike_G","Strike_G","Strike_G","Defend_G","Defend_G","Defend_G","Defend_G","Survivor","Neutralize+1","Well Laid Plans","PiercingWail","hubris:Counter+1","Concentrate+1","Backflip","Cloak And Dagger+1","Reflex","Blade Dance","Venomology"],"relics":["Ring of the Snake","NeowsBlessing","StoneCalendar","Strawberry","Kunai","conspire:BottledYoYo","hubris:EmptyBottle","aspiration:RunicSpoon"],"acts_visited":["Exordium","TheCity"],"potions_floor_usage":[22,22],"damage_taken":[{"damage":0.0,"enemies":"2 Louse","floor":1.0,"turns":1.0},{"damage":0.0,"enemies":"Jaw Worm","floor":3.0,"turns":1.0},{"damage":0.0,"enemies":"3 Sentries","floor":6.0,"turns":1.0},{"damage":2.0,"enemies":"conspire:RoseBush","floor":7.0,"turns":6.0},{"damage":1.0,"enemies":"Gremlin Gang","floor":10.0,"turns":5.0},{"damage":22.0,"enemies":"Gremlin Nob","floor":11.0,"turns":4.0},{"damage":12.0,"enemies":"Lots of Slimes","floor":13.0,"turns":6.0},{"damage":0.0,"enemies":"Slime Boss","floor":16.0,"turns":6.0},{"damage":20.0,"enemies":"Chosen","floor":18.0,"turns":7.0},{"damage":0.0,"enemies":"2 Thieves","floor":19.0,"turns":5.0},{"damage":13.0,"enemies":"3 Cultists","floor":20.0,"turns":6.0},{"damage":4,"enemies":"Snecko","floor":22,"turns":3}],"seed_played":"1576755594679166201","potions_obtained":[{"floor":1.0,"key":"ColorlessPotion"},{"floor":7.0,"key":"CunningPotion"},{"floor":11.0,"key":"DistilledChaos"},{"floor":13.0,"key":"ColorlessPotion"},{"floor":18.0,"key":"EssenceOfSteel"}],"is_trial":false,"path_per_floor":["M","?","M","?","?","E","M","R","T","M","E","R","M","$","R","B",null,"M","M","M","?","M"],"character_chosen":"THE_SILENT","items_purchased":["hubris:EmptyBottle","Blade Dance"],"campfire_rested":0,"item_purchase_floors":[14,14],"current_hp_per_floor":[59,54,54,54,54,61,59,59,59,58,36,36,24,24,24,24,61,41,73,60,53,49,49],"gold":67,"neow_bonus":"THREE_ENEMY_KILL","is_daily":false,"chose_seed":false,"campfire_upgraded":3,"win_rate":0.0,"timestamp":1611412081,"path_taken":["M","?","M","?","?","E","M","R","T","M","E","R","?","$","R","BOSS","M","?","M","?","?"],"items_purchased_type":["Relic","Card"],"build_version":"2020-12-22","purchased_purges":0,"victory":false,"max_hp_per_floor":[66,66,66,66,66,73,73,73,73,73,73,73,73,73,73,73,73,73,73,73,73,73,73],"card_choices":[{"not_picked":["Crippling Poison","Underhanded Strike"],"picked":"Well Laid Plans","floor":1.0},{"not_picked":["Dodge and Roll","Underhanded Strike"],"picked":"PiercingWail","floor":3.0},{"not_picked":["Dash","Underhanded Strike"],"picked":"hubris:Counter","floor":6.0},{"not_picked":["Caltrops","hubris:TrickCloak"],"picked":"Concentrate","floor":7.0},{"not_picked":["Sucker Punch","PiercingWail"],"picked":"Backflip","floor":10.0},{"not_picked":["All Out Attack","Deflect"],"picked":"Cloak And Dagger","floor":11.0},{"not_picked":["Deadly Poison","Deflect"],"picked":"Reflex","floor":13.0},{"not_picked":["Envenom","Unload"],"picked":"Venomology","floor":16.0},{"not_picked":["Backflip","Sucker Punch+1","Bane"],"picked":"SKIP","floor":18.0},{"not_picked":["Slice","Backflip","Outmaneuver+1"],"picked":"SKIP","floor":19.0},{"not_picked":["Bane","Dodge and Roll","Cloak And Dagger"],"picked":"SKIP","floor":20.0}],"player_experience":755179,"relics_obtained":[{"floor":6.0,"key":"Strawberry"},{"floor":9.0,"key":"Kunai"},{"floor":11.0,"key":"conspire:BottledYoYo"}],"event_choices":[{"damage_healed":0.0,"max_hp_gain":0.0,"max_hp_loss":0.0,"gold_gain":0.0,"event_name":"Scrap Ooze","player_choice":"Success","floor":2.0,"gold_loss":0.0,"damage_taken":5.0,"relics_obtained":["StoneCalendar"]},{"damage_healed":0.0,"max_hp_gain":0.0,"max_hp_loss":0.0,"gold_gain":0.0,"event_name":"Accursed Blacksmith","player_choice":"Forge","floor":5.0,"gold_loss":0.0,"damage_taken":0.0,"cards_upgraded":["Neutralize"]},{"damage_healed":0,"gold_gain":50,"player_choice":"Touch","damage_taken":7,"max_hp_gain":0,"max_hp_loss":0,"event_name":"FaceTrader","floor":21,"gold_loss":0}],"is_beta":false,"boss_relics":[{"not_picked":["hubris:BlackHole","hubris:ScarierMask"],"picked":"aspiration:RunicSpoon"}],"items_purged_floors":[],"is_endless":false,"potions_floor_spawned":[1,7,11,13,18],"killed_by":"Snecko","ascension_level":20}}