{"host":"ml2ro5l6hu6y0pll","time":1611360334,"event":{"mods":["AchievementEnabler","BaseMod","Colored Map","Colored Powertips","Custom Start","Googly Eyes","Minty Spire (QoL Compilation)","Quick Restart","Rare Cards Sparkle","Relic Stats","StSLib","everything is the same but u backflip on backflip"],"gold_per_floor":[110,124,137,154,154,154,179,179,179,206,224,259,288,305,305,382,382,393,147,147,15,27,53,379,379,379,404,404,439,439,439],"floor_reached":30,"language":"ENG","playtime":962,"items_purged":[],"score":822,"play_id":"c3f4a1f1-d773-4c12-a1ea-ade129f8aa96","local_time":"20210123000534","daily_mods":["Flight","Elite Swarm"],"is_ascension_mode":true,"campfire_choices":[{"data":"Whirlwind","floor":6,"key":"SMITH"},{"data":"Uppercut","floor":8,"key":"SMITH"},{"data":"Uppercut","floor":15,"key":"SMITH"},{"data":"Demon Form","floor":25,"key":"SMITH"},{"floor":28,"key":"REST"}],"circlet_count":0,"master_deck":["Entrench","Shrug It Off","Ghostly Armor","Shrug It Off","Shrug It Off","Clothesline","Bash","Uppercut+1","Uppercut+1","Whirlwind+1","Dark Embrace","Limit Break","Reaper","Juggernaut","Feel No Pain+1","Barricade","Demon Form+1","Reaper+1"],"relics":["Burning Blood","Snecko Eye","Membership Card","Singing Bowl","Pantograph","Gremlin Horn","Red Skull","Prayer Wheel","Black Star","Dead Branch","Lantern","Kunai","Molten Egg 2","Letter Opener","Blood Vial","Old Coin","Shuriken","The Courier","Unceasing Top","Toy Ornithopter","Eternal Feather"],"acts_visited":["Exordium","TheCity"],"potions_floor_usage":[27],"damage_taken":[{"damage":0,"enemies":"Small Slimes","floor":1,"turns":2},{"damage":0,"enemies":"Cultist","floor":2,"turns":2},{"damage":0,"enemies":"Jaw Worm","floor":3,"turns":2},{"damage":0,"enemies":"Looter","floor":4,"turns":1},{"damage":10,"enemies":"3 Sentries","floor":7,"turns":3},{"damage":0,"enemies":"Lagavulin","floor":10,"turns":3},{"damage":0,"enemies":"Red Slaver","floor":11,"turns":2},{"damage":0,"enemies":"3 Sentries","floor":12,"turns":2},{"damage":0,"enemies":"Gremlin Nob","floor":13,"turns":2},{"damage":0,"enemies":"3 Louse","floor":14,"turns":2},{"damage":46,"enemies":"Hexaghost","floor":16,"turns":9},{"damage":0,"enemies":"Shell Parasite","floor":18,"turns":3},{"damage":0,"enemies":"Chosen","floor":22,"turns":2},{"damage":14,"enemies":"Slavers","floor":23,"turns":4},{"damage":24,"enemies":"Gremlin Leader","floor":24,"turns":5},{"damage":86,"enemies":"Slavers","floor":27,"turns":6},{"damage":39,"enemies":"Gremlin Leader","floor":29,"turns":5},{"damage":7,"enemies":"Book of Stabbing","floor":30,"turns":3}],"seed_played":"9132791525059814347","potions_obtained":[{"floor":3,"key":"FearPotion"},{"floor":10,"key":"FairyPotion"}],"is_trial":true,"path_per_floor":["M","M","M","M","?","R","E","R","T","E","M","E","E","M","R","B",null,"M","$","T","$","M","E","E","R","T","E","R","E","E"],"character_chosen":"IRONCLAD","items_purchased":["Dead Branch","Lantern","Molten Egg 2"],"campfire_rested":1,"item_purchase_floors":[19,19,21],"current_hp_per_floor":[74,75,75,75,75,75,73,73,73,77,79,79,81,85,85,51,77,85,85,85,85,91,83,77,77,77,34,61,63,58,58],"gold":439,"neow_bonus":"","is_daily":false,"chose_seed":false,"campfire_upgraded":4,"win_rate":0.0,"timestamp":1611360334,"path_taken":["M","M","M","M","?","R","E","R","T","E","M","E","E","M","R","BOSS","M","$","?","$","M","E","E","R","T","E","R","E","E"],"items_purchased_type":["Relic","Relic","Relic"],"build_version":"2020-12-22","purchased_purges":0,"victory":false,"max_hp_per_floor":[75,75,75,75,75,75,77,77,77,77,79,79,81,85,85,85,85,87,87,87,87,91,91,91,91,91,91,91,93,93,93],"relic_stats":{"Singing Bowl":18,"Gremlin Horn":[13,13],"counters":[18,58],"Dead Branch":[11],"Eternal Feather":0,"Letter Opener":[15],"Burning Blood":53,"Blood Vial":8,"Shuriken":[3],"Pantograph":0,"Snecko Eye":[113,87,106,89],"Prayer Wheel":3,"Black Star":4,"Kunai":[6],"obtain_stats":[{"Lantern":19,"Singing Bowl":7,"Gremlin Horn":10,"Dead Branch":19,"Eternal Feather":29,"The Courier":26,"Letter Opener":23,"Burning Blood":0,"Old Coin":24,"Blood Vial":23,"Shuriken":24,"Pantograph":9,"Snecko Eye":0,"Prayer Wheel":13,"Molten Egg 2":21,"Black Star":17,"Membership Card":0,"Kunai":20,"Red Skull":12,"Unceasing Top":27,"Toy Ornithopter":29},{"Lantern":12,"Singing Bowl":5,"Gremlin Horn":6,"Dead Branch":12,"Eternal Feather":17,"The Courier":15,"Letter Opener":14,"Burning Blood":0,"Old Coin":15,"Blood Vial":14,"Shuriken":15,"Pantograph":5,"Snecko Eye":0,"Prayer Wheel":9,"Molten Egg 2":12,"Black Star":11,"Membership Card":0,"Kunai":12,"Red Skull":8,"Unceasing Top":16,"Toy Ornithopter":17},{"Lantern":33,"Singing Bowl":10,"Gremlin Horn":13,"Dead Branch":33,"Eternal Feather":55,"The Courier":44,"Letter Opener":39,"Burning Blood":0,"Old Coin":44,"Blood Vial":39,"Shuriken":44,"Pantograph":10,"Snecko Eye":0,"Prayer Wheel":19,"Molten Egg 2":33,"Black Star":30,"Membership Card":0,"Kunai":33,"Red Skull":17,"Unceasing Top":50,"Toy Ornithopter":55}],"Unceasing Top":[0],"Toy Ornithopter":0},"card_choices":[{"not_picked":["Heavy Blade","Iron Wave","Flex"],"picked":"SKIP","floor":1},{"not_picked":["True Grit","Body Slam","Clothesline"],"picked":"SKIP","floor":2},{"not_picked":["Havoc","Sword Boomerang","Cleave"],"picked":"SKIP","floor":3},{"not_picked":["Dark Embrace","Second Wind","Blood for Blood"],"picked":"SKIP","floor":4},{"not_picked":["Barricade","Double Tap","Fiend Fire"],"picked":"Singing Bowl","floor":7},{"not_picked":["Immolate","Berserk"],"picked":"Limit Break","floor":10},{"not_picked":["Shrug It Off","Havoc","Fire Breathing"],"picked":"Singing Bowl","floor":11},{"not_picked":["Barricade","Corruption"],"picked":"Reaper","floor":12},{"not_picked":["Offering","Double Tap","Berserk"],"picked":"Singing Bowl","floor":13},{"not_picked":["Entrench","Hemokinesis","Warcry"],"picked":"Singing Bowl","floor":14},{"not_picked":["Shrug It Off","Warcry","Shockwave"],"picked":"Singing Bowl","floor":14},{"not_picked":["Reaper","Offering"],"picked":"Juggernaut","floor":16},{"not_picked":["Body Slam","Entrench"],"picked":"Feel No Pain+1","floor":18},{"not_picked":["Blood for Blood","Clash+1","Inflame+1"],"picked":"Singing Bowl","floor":18},{"not_picked":["Havoc","Dark Embrace","Cleave+1"],"picked":"Singing Bowl","floor":22},{"not_picked":["Anger+1","Cleave+1","Shrug It Off"],"picked":"Singing Bowl","floor":22},{"not_picked":["Impervious","Juggernaut"],"picked":"Barricade","floor":23},{"not_picked":["Feed+1","Fiend Fire+1"],"picked":"Demon Form","floor":24},{"not_picked":["Immolate+1","Juggernaut"],"picked":"Reaper+1","floor":27},{"not_picked":["Exhume","Feed+1","Reaper+1"],"picked":"Singing Bowl","floor":29}],"player_experience":844113,"relics_obtained":[{"floor":7,"key":"Singing Bowl"},{"floor":9,"key":"Pantograph"},{"floor":10,"key":"Gremlin Horn"},{"floor":12,"key":"Red Skull"},{"floor":13,"key":"Prayer Wheel"},{"floor":20,"key":"Kunai"},{"floor":23,"key":"Letter Opener"},{"floor":23,"key":"Blood Vial"},{"floor":24,"key":"Old Coin"},{"floor":24,"key":"Shuriken"},{"floor":26,"key":"The Courier"},{"floor":27,"key":"Unceasing Top"},{"floor":29,"key":"Toy Ornithopter"},{"floor":29,"key":"Eternal Feather"}],"event_choices":[{"damage_healed":0,"gold_gain":0,"cards_transformed":["Second Wind"],"player_choice":"Transformed","damage_taken":0,"max_hp_gain":0,"max_hp_loss":0,"event_name":"Transmorgrifier","floor":5,"gold_loss":0,"cards_obtained":["Dark Embrace"]}],"is_beta":false,"boss_relics":[{"not_picked":["Calling Bell","SacredBark"],"picked":"Black Star"}],"items_purged_floors":[],"is_endless":false,"potions_floor_spawned":[3,10,12,14,16,23,24,27],"killed_by":"Book of Stabbing","ascension_level":20}}