{"host":"dbb4fkd1j4jczim2","time":1611373919,"event":{"mods":["BaseMod","Downfall","Marisa????????","Minty Spire (QoL Compilation)","Permanent Neow","StSLib"],"gold_per_floor":[99,118,136,70,245,255,255,14,14,26,42,42,58,85,98,195,195,195,207,226,46,56,56,80,80,94,94,114,142,156,182,195,299,299,199,215,100,111,96,122,199,249,275,293,151,51,71,86,101,101,101,101],"floor_reached":50,"language":"ENG","playtime":4636,"items_purged":["Doubt","Guardian:Defend_Guardian"],"score":605,"play_id":"49be8d5d-b2f9-47af-8932-447e0c9a1b18","local_time":"20210122215159","is_ascension_mode":false,"campfire_choices":[{"data":"Guardian:TwinSlam","floor":1.0,"key":"SMITH"},{"data":"Guardian:BaubleBeam","floor":12.0,"key":"SMITH"},{"data":"Guardian:FloatingOrbs","floor":18,"key":"SMITH"},{"data":"Guardian:EvasiveProtocol","floor":25,"key":"SMITH"},{"data":"Guardian:ConstructionForm","floor":27,"key":"SMITH"},{"floor":35,"key":"RECALL"},{"floor":46,"key":"REST"}],"circlet_count":0,"master_deck":["Guardian:Strike_Guardian","Guardian:Strike_Guardian","Guardian:Strike_Guardian","Guardian:Defend_Guardian","Guardian:Defend_Guardian","Guardian:Defend_Guardian","Guardian:CurlUp","Guardian:TwinSlam+1","Guardian:ConstructionForm+1","Guardian:ShieldCharger","Guardian:GuardianWhirl","Guardian:ArmoredProtocol","Guardian:FloatingOrbs+1","Guardian:BaubleBeam+1","OortCloud+1","Guardian:StasisField","Guardian:TemporalShield","Guardian:SpikerProtocol","Guardian:EvasiveProtocol+1","Guardian:DonusPower","Guardian:VentSteam","Guardian:ShieldSpikes+1","Guardian:StasisField","Guardian:Orbwalk","Guardian:PiercingHide","Guardian:SphericShield","Guardian:TemporalShield+1","Guardian:BronzeArmor","downfall:Icky","Guardian:FloatingOrbs+1","Guardian:PrismaticBarrier","Guardian:Gem_Lightblue","Guardian:PiercingHide"],"relics":["Guardian:ModeShifter","Ornamental Fan","Ginger","Philosopher\u0027s Stone","Boot","Incense Burner","Cursed Key","downfall:HeartBlessingBlue","Dream Catcher","Pear","Dead Branch","Shuriken","downfall:HeartBlessingRed"],"acts_visited":["Exordium","TheCity","TheBeyond"],"potions_floor_usage":[16,16,16,40,45,47,50,50,50],"damage_taken":[{"damage":0.0,"enemies":"Cultist","floor":2.0,"turns":4.0},{"damage":6.0,"enemies":"Jaw Worm","floor":3.0,"turns":4.0},{"damage":5.0,"enemies":"downfall:FleeingMerchant","floor":4.0,"turns":4.0},{"damage":0.0,"enemies":"Small Slimes","floor":6.0,"turns":4.0},{"damage":1.0,"enemies":"downfall:FleeingMerchant","floor":8.0,"turns":4.0},{"damage":5.0,"enemies":"Red Slaver","floor":10.0,"turns":5.0},{"damage":5.0,"enemies":"Lots of Slimes","floor":11.0,"turns":3.0},{"damage":4.0,"enemies":"Exordium Thugs","floor":13.0,"turns":7.0},{"damage":3.0,"enemies":"Lagavulin","floor":14.0,"turns":9.0},{"damage":0.0,"enemies":"Red Slaver","floor":15.0,"turns":5.0},{"damage":10,"enemies":"SI_SHIV_ARCHETYPE","floor":16,"turns":11},{"damage":0,"enemies":"Spheric Guardian","floor":19,"turns":6},{"damage":0,"enemies":"Centurion and Healer","floor":20,"turns":8},{"damage":0,"enemies":"downfall:FleeingMerchant","floor":21,"turns":4},{"damage":0,"enemies":"Sentry and Sphere","floor":22,"turns":8},{"damage":0,"enemies":"Shelled Parasite and Fungi","floor":26,"turns":8},{"damage":0,"enemies":"Snecko","floor":28,"turns":6},{"damage":21,"enemies":"Slavers","floor":29,"turns":7},{"damage":4,"enemies":"3 Cultists","floor":30,"turns":6},{"damage":0,"enemies":"Centurion and Healer","floor":32,"turns":5},{"damage":0,"enemies":"DF_ARCHETYPE_CLAW","floor":33,"turns":9},{"damage":0,"enemies":"Orb Walker","floor":36,"turns":5},{"damage":0,"enemies":"downfall:FleeingMerchant","floor":37,"turns":4},{"damage":0,"enemies":"3 Darklings","floor":38,"turns":6},{"damage":0,"enemies":"downfall:FleeingMerchant","floor":39,"turns":4},{"damage":8,"enemies":"Reptomancer","floor":40,"turns":11},{"damage":0,"enemies":"Reptomancer","floor":42,"turns":8},{"damage":14,"enemies":"Giant Head","floor":43,"turns":9},{"damage":34,"enemies":"Transient","floor":44,"turns":5},{"damage":0,"enemies":"downfall:FleeingMerchant","floor":45,"turns":4},{"damage":11,"enemies":"4 Shapes","floor":47,"turns":2},{"damage":5,"enemies":"Sphere and 2 Shapes","floor":48,"turns":4},{"damage":0,"enemies":"3 Darklings","floor":49,"turns":4},{"damage":58,"enemies":"IC_BLOCK_ARCHETYPE","floor":50,"turns":9}],"seed_played":"7625974374159464691","potions_obtained":[{"floor":3.0,"key":"Explosive Potion"},{"floor":6.0,"key":"Slimebound:ThreeZeroPotion"},{"floor":10.0,"key":"DistilledChaos"},{"floor":13.0,"key":"ColorlessPotion"},{"floor":26,"key":"SpeedPotion"},{"floor":30,"key":"Slimebound:ThreeZeroPotion"},{"floor":32,"key":"SteroidPotion"},{"floor":42,"key":"AttackPotion"},{"floor":47,"key":"AttackPotion"},{"floor":49,"key":"PowerPotion"}],"is_trial":false,"path_per_floor":["R","M","M","$","?","M","T","$","?","M","M","R","M","E","M","B",null,"R","M","M","$","M","?","T","R","M","R","M","E","M","T","M","B",null,"R","M","$","M","$","E","T","?","E","M","?","R","M","M","M","B"],"character_chosen":"GUARDIAN","items_purchased":["Guardian:Gem_Green","Guardian:FloatingOrbs","Guardian:BaubleBeam","Guardian:EvasiveProtocol","Guardian:DonusPower","Guardian:VentSteam","Guardian:PrismaticBarrier","Guardian:Gem_Green"],"campfire_rested":1,"item_purchase_floors":[4,8,8,21,21,21,45,45],"current_hp_per_floor":[56,56,50,45,45,45,45,44,44,39,34,34,30,27,27,17,80,80,80,80,80,80,80,80,80,80,80,80,59,55,55,55,55,80,90,90,90,90,90,82,92,92,78,44,44,74,63,58,58,0,0,0],"gold":101,"neow_bonus":"THREE_RARE_CARDS","is_daily":false,"chose_seed":false,"campfire_upgraded":5,"win_rate":0.0,"timestamp":1611373919,"path_taken":["R","M","?","$","?","M","T","$","?","M","M","R","M","E","M","BOSS","R","M","M","$","M","?","T","R","M","R","?","E","M","?","M","BOSS","R","M","$","M","$","E","T","?","E","M","?","R","M","M","M","BOSS"],"items_purchased_type":["Card","Card","Card","Card","Card","Card","Card","Card"],"build_version":"2020-12-22","purchased_purges":2,"victory":false,"max_hp_per_floor":[80,80,80,80,80,80,80,80,80,80,80,80,80,80,80,80,80,80,80,80,80,80,80,80,80,80,80,80,80,80,80,80,80,80,90,90,90,90,90,90,100,100,100,100,100,100,100,100,100,100,100,100],"card_choices":[{"not_picked":["Guardian:TimeSifter","Guardian:ExploitGems"],"picked":"Guardian:ConstructionForm","floor":0.0},{"not_picked":["Guardian:Incinerate","Guardian:Suspension"],"picked":"Guardian:ShieldCharger","floor":2.0},{"not_picked":["Guardian:Gem_Lightblue","Guardian:BronzeArmor"],"picked":"Guardian:GuardianWhirl","floor":3.0},{"not_picked":["Guardian:Suspension","Guardian:SpikerProtocol"],"picked":"Guardian:Gem_White","floor":4.0},{"not_picked":["Guardian:Recover","Guardian:Emergency"],"picked":"Guardian:ArmoredProtocol","floor":6.0},{"not_picked":["Guardian:SpikerProtocol","Guardian:Gem_Lightblue"],"picked":"Guardian:Gem_Cyan","floor":8.0},{"not_picked":["Guardian:WalkerClaw","Guardian:RefractedBeam"],"picked":"Guardian:Gem_Cyan","floor":10.0},{"not_picked":["Guardian:PrimingBeam","Guardian:Planning"],"picked":"Guardian:Gem_Cyan","floor":11.0},{"not_picked":["Guardian:PiercingHide","Guardian:ChargeCore"],"picked":"Guardian:StasisField","floor":13.0},{"not_picked":["Guardian:Harden","Guardian:CrystalBeam","Guardian:Gem_Lightblue"],"picked":"SKIP","floor":14.0},{"not_picked":["Guardian:TemporalStrike","Guardian:Gem_Green"],"picked":"Guardian:TemporalShield","floor":15.0},{"not_picked":["Guardian:StasisField","Guardian:Gem_Synthetic"],"picked":"Guardian:Gem_Orange","floor":16},{"not_picked":["Guardian:Gem_Blue","Guardian:CrystalBeam"],"picked":"Guardian:Gem_White","floor":19},{"not_picked":["Guardian:Planning","Guardian:Reroute"],"picked":"Guardian:SpikerProtocol","floor":20},{"not_picked":["Guardian:ShieldCharger+1","Guardian:Recover","Guardian:Suspension"],"picked":"SKIP","floor":21},{"not_picked":["Guardian:Recover","Guardian:ChargeCore","Guardian:TemporalShield"],"picked":"SKIP","floor":22},{"not_picked":["Guardian:PrimingBeam","Guardian:Preprogram"],"picked":"Guardian:ShieldSpikes+1","floor":26},{"not_picked":["Guardian:RefractedBeam","Guardian:PrimingBeam"],"picked":"Guardian:StasisField","floor":28},{"not_picked":["Guardian:PrismaticBeam","Guardian:Gem_White"],"picked":"Guardian:Orbwalk","floor":29},{"not_picked":["Guardian:CrystalBeam","Guardian:RollAttack"],"picked":"Guardian:Gem_White","floor":30},{"not_picked":["Guardian:TemporalStrike+1","Guardian:Incinerate"],"picked":"Guardian:PiercingHide","floor":32},{"not_picked":["Guardian:BaubleBeam","Guardian:HyperBeam_Guardian"],"picked":"Guardian:SphericShield","floor":33},{"not_picked":["Guardian:WalkerClaw+1","Guardian:Gem_Lightblue","Guardian:ShieldCharger"],"picked":"SKIP","floor":36},{"not_picked":["Guardian:Gem_Lightblue","Guardian:Harden"],"picked":"Guardian:TemporalShield+1","floor":37},{"not_picked":["Guardian:PrimingBeam","Guardian:Recover","Guardian:Incinerate"],"picked":"SKIP","floor":38},{"not_picked":["Guardian:Recover+1","Guardian:Gem_Yellow"],"picked":"Guardian:BronzeArmor","floor":39},{"not_picked":["Guardian:Gem_Lightblue","Guardian:Gem_Yellow"],"picked":"Guardian:Gem_Synthetic","floor":40},{"not_picked":["Guardian:Suspension","Guardian:BronzeOrb+1","Guardian:HyperBeam_Guardian"],"picked":"SKIP","floor":43},{"not_picked":["Guardian:Suspension","Guardian:BronzeOrb+1","Guardian:HyperBeam_Guardian"],"picked":"SKIP","floor":43},{"not_picked":["Guardian:TemporalShield+1","Guardian:CrystalBeam+1"],"picked":"Guardian:FloatingOrbs+1","floor":44},{"not_picked":["Guardian:Gem_Crimson","Guardian:TimeBomb","Guardian:Incinerate+1"],"picked":"SKIP","floor":45},{"not_picked":["Guardian:SpikerProtocol+1","Guardian:ShieldCharger"],"picked":"Guardian:Gem_Lightblue","floor":46},{"not_picked":["Guardian:RefractedBeam","Guardian:Incinerate+1","Guardian:TemporalStrike"],"picked":"SKIP","floor":47},{"not_picked":["Guardian:TimeBomb","Guardian:VentSteam+1","Guardian:ShieldCharger"],"picked":"SKIP","floor":48},{"not_picked":["Guardian:TemporalStrike+1","Guardian:Emergency"],"picked":"Guardian:PiercingHide","floor":49}],"player_experience":303623,"relics_obtained":[{"floor":7.0,"key":"Ornamental Fan"},{"floor":14.0,"key":"Ginger"},{"floor":24,"key":"Boot"},{"floor":29,"key":"Incense Burner"},{"floor":40,"key":"Dream Catcher"},{"floor":41,"key":"Pear"},{"floor":42,"key":"Dead Branch"},{"floor":43,"key":"Shuriken"}],"event_choices":[{"cards_removed":["Guardian:Strike_Guardian"],"damage_healed":0.0,"max_hp_gain":0.0,"max_hp_loss":0.0,"gold_gain":0.0,"event_name":"NoteForYourself","player_choice":"Took Card","floor":9.0,"gold_loss":0.0,"damage_taken":0.0,"cards_obtained":["OortCloud"]}],"is_beta":false,"boss_relics":[{"not_picked":["Velvet Choker","SlaversCollar"],"picked":"Philosopher\u0027s Stone"},{"not_picked":["Tiny House","SacredBark"],"picked":"Cursed Key"}],"items_purged_floors":[8,37],"is_endless":false,"potions_floor_spawned":[3,6,10,13,15,26,30,32,33,42,43,44,47,49],"killed_by":"IC_BLOCK_ARCHETYPE","ascension_level":0}}