{"host":"3j2m8n0ywf988fwb","time":1611397338,"event":{"mods":["2.2 Compatiblity","AchievementEnabler","Act Like it!","Aspiration","Astrologer","BaseMod","Beaked The Cultist","Better Altar","Better Match","Better Note","Better Sensory Stone","Better Skull","Better Third Choice","CCEM","ChefMod","Colored Map","Colored Powertips","Conspire","Dark Map","Energized Spire","Evolution","Fireblade Mod","GifTheSpireLib","Googly Eyes","Halation","Hallownest","Highlight Path","Hubris","Infinite Spire","Jedi Mod","Marisa????????","Marked Mod","Mimic Mod","Minty Spire (QoL Compilation)","Random Character Button","Relic Stats","Replay The Spire","Robot Space Explorer","Shop Mod","Somnambulant","Spire Arcade","StSLib","Stuff the Spire","The Bug Knight","The Hierophant","The Marked","The Runesmith","TheFirefly","Unceasing Turn Reminder","everything is the same but u backflip on backflip"],"gold_per_floor":[119,119,139,139,155,185,185,220,246,146,146,190,250,276,276,400,400,442,462,347,347,347,347,347,50,50,50,50,50,50,50,50],"floor_reached":31,"language":"ENG","playtime":2300,"items_purged":["chefmod:Strike","chefmod:Strike"],"score":300,"play_id":"a91d7a98-7b4c-4486-8347-4c2231e13f9f","local_time":"20210123042218","is_ascension_mode":false,"campfire_choices":[{"data":"chefmod:TodaysSpecial","floor":11,"key":"SMITH"},{"data":"chefmod:FreezerBurn","floor":15,"key":"SMITH"},{"floor":23,"key":"DIG"},{"floor":27,"key":"DIG"}],"circlet_count":0,"master_deck":["chefmod:Strike","chefmod:Strike","chefmod:QuickThaw","chefmod:Defend","chefmod:Defend","chefmod:Defend","chefmod:Defend","chefmod:TodaysSpecial+1","chefmod:KnifeFlurry","chefmod:IcePick","chefmod:ZaruSoba","chefmod:AlooGobi","chefmod:ColdSteel","conspire:SpireCoStock","conspire:SpireCoStock","chefmod:Escargot","chefmod:QuickChop","chefmod:FreezerBurn+1","chefmod:OrderUp","chefmod:Gelato","chefmod:NoSoupForYou","chefmod:Chop","chefmod:TonkotsuRamen","chefmod:OrderUp","chefmod:Sorbet","chefmod:FreezeSolid+1","chefmod:FreezeSolid+1","chefmod:IcePick","chefmod:ColdSteel"],"relics":["chefmod:TrustyPot","EVO:Axolotl","CultistMask","hubris:TenFootPole","infinitespire:FocusingShard","CCEMRelics:PorcelainBowl","Blue Doll","Orichalcum","Honey Jar","jedi:ominousloannote","Shovel","Frozen Egg 2","DollysMirror","conspire:TopHat","hubris:Reverence"],"acts_visited":["Exordium","TheCity"],"potions_floor_usage":[8,16,21,31,31],"damage_taken":[{"damage":0,"enemies":"Jaw Worm","floor":1,"turns":3},{"damage":0,"enemies":"Cultist","floor":3,"turns":4},{"damage":0,"enemies":"Small Slimes","floor":5,"turns":4},{"damage":0,"enemies":"Replay:BlueRogue","floor":6,"turns":8},{"damage":13,"enemies":"Lagavulin","floor":8,"turns":9},{"damage":9,"enemies":"3 Louse","floor":12,"turns":6},{"damage":16,"enemies":"HollowMod:MossKnight","floor":13,"turns":6},{"damage":7,"enemies":"2 Fungi Beasts","floor":14,"turns":4},{"damage":10,"enemies":"Hexaghost","floor":16,"turns":10},{"damage":23,"enemies":"conspire:FuzzyDice","floor":18,"turns":7},{"damage":18,"enemies":"Chosen","floor":19,"turns":7},{"damage":14,"enemies":"Shelled Parasite and Fungi","floor":21,"turns":8},{"damage":7,"enemies":"conspire:HollyBat","floor":24,"turns":11},{"damage":8,"enemies":"Cultist and Chosen","floor":29,"turns":10},{"damage":4,"enemies":"Replay:Snechameleon","floor":30,"turns":7},{"damage":14,"enemies":"Shelled Parasite and Fungi","floor":31,"turns":2}],"seed_played":"443485527565032467","potions_obtained":[{"floor":3,"key":"Dexterity Potion"},{"floor":6,"key":"Adrenaline Potion"},{"floor":12,"key":"LifebloodPotion"},{"floor":16,"key":"Swift Potion"},{"floor":29,"key":"Energy Potion"},{"floor":30,"key":"BlessingOfTheForge"}],"is_trial":false,"path_per_floor":["M","?","M","?","M","E","?","E","T","?","R","M","E","M","R","B",null,"M","M","$","M","?","R","M","$","T","R","?","M","E","M"],"character_chosen":"THE_CHEF","items_purchased":["jedi:ominousloannote","Shovel","chefmod:Chop","Energy Potion","chefmod:FreezeSolid+1","DollysMirror"],"campfire_rested":0,"item_purchase_floors":[20,20,20,20,25,25],"current_hp_per_floor":[83,83,83,76,76,76,76,63,63,63,63,54,38,31,31,21,83,60,42,42,28,28,28,21,21,21,21,21,13,9,0,0],"gold":50,"neow_bonus":"TEN_PERCENT_HP_BONUS","is_daily":false,"chose_seed":false,"campfire_upgraded":2,"win_rate":0.0,"timestamp":1611397338,"path_taken":["M","?","?","?","M","E","?","E","T","?","R","M","E","?","R","BOSS","M","M","$","M","?","R","M","$","T","R","?","?","E","?"],"items_purchased_type":["Relic","Relic","Card","Potion","Card","Relic"],"build_version":"2020-12-22","purchased_purges":2,"victory":false,"max_hp_per_floor":[83,83,83,83,83,83,83,83,83,83,83,83,83,83,83,83,83,83,83,83,83,83,83,83,83,83,83,83,83,83,83,83],"relic_stats":{"Shovel":2,"counters":[16,106],"Orichalcum":[114],"obtain_stats":[{"chefmod:TrustyPot":0,"CCEMRelics:PorcelainBowl":8,"Blue Doll":9,"infinitespire:FocusingShard":6,"EVO:Axolotl":0,"Orichalcum":13,"Frozen Egg 2":23,"conspire:TopHat":27,"Shovel":20,"jedi:ominousloannote":20,"DollysMirror":25,"Honey Jar":17,"CultistMask":2,"hubris:TenFootPole":4,"hubris:Reverence":30},{"chefmod:TrustyPot":0,"CCEMRelics:PorcelainBowl":5,"Blue Doll":5,"infinitespire:FocusingShard":4,"EVO:Axolotl":0,"Orichalcum":7,"Frozen Egg 2":12,"conspire:TopHat":13,"Shovel":11,"jedi:ominousloannote":11,"DollysMirror":13,"Honey Jar":9,"CultistMask":1,"hubris:TenFootPole":2,"hubris:Reverence":15},{"chefmod:TrustyPot":0,"CCEMRelics:PorcelainBowl":28,"Blue Doll":28,"infinitespire:FocusingShard":19,"EVO:Axolotl":0,"Orichalcum":40,"Frozen Egg 2":76,"conspire:TopHat":87,"Shovel":68,"jedi:ominousloannote":68,"DollysMirror":87,"Honey Jar":54,"CultistMask":3,"hubris:TenFootPole":7,"hubris:Reverence":104}]},"card_choices":[{"not_picked":["chefmod:ZaruSoba","chefmod:FreezeSolid"],"picked":"chefmod:KnifeFlurry","floor":1},{"not_picked":["chefmod:LiquidNitrogen","chefmod:FreezeSolid"],"picked":"chefmod:IcePick","floor":3},{"not_picked":["chefmod:FarmersMarket","chefmod:PotatoGratin"],"picked":"chefmod:ZaruSoba","floor":5},{"not_picked":["chefmod:ColdSteel","chefmod:BleedOut"],"picked":"chefmod:AlooGobi","floor":6},{"not_picked":["chefmod:IcePick","chefmod:GroceryDelivery"],"picked":"chefmod:ColdSteel","floor":8},{"not_picked":["chefmod:FireUp","chefmod:DinoKale"],"picked":"chefmod:Escargot","floor":12},{"not_picked":["chefmod:FireUp","chefmod:Defrost"],"picked":"chefmod:QuickChop","floor":13},{"not_picked":["chefmod:Defrost","chefmod:Omelette"],"picked":"chefmod:FreezerBurn","floor":14},{"not_picked":["chefmod:CandyBowl","chefmod:RisingDough"],"picked":"chefmod:OrderUp","floor":16},{"not_picked":["chefmod:HotSoup","chefmod:Escargot","chefmod:Granita"],"picked":"chefmod:Gelato","floor":18},{"not_picked":["chefmod:FireUp","chefmod:FreezeSolid","chefmod:SliceAndDice"],"picked":"chefmod:NoSoupForYou","floor":19},{"not_picked":["chefmod:SliceAndDice+1","chefmod:ZaruSoba","chefmod:Julienne"],"picked":"chefmod:TonkotsuRamen","floor":21},{"not_picked":["chefmod:Ratatouille","chefmod:ZaruSoba+1","chefmod:FryPan"],"picked":"chefmod:Sorbet","floor":24},{"not_picked":["chefmod:OldCookbook","chefmod:BleedOut","chefmod:DinoKale"],"picked":"chefmod:IcePick","floor":29},{"not_picked":["chefmod:SliceAndDice+1","chefmod:IcePick+1","chefmod:CleanHouse+1"],"picked":"chefmod:ColdSteel","floor":30}],"player_experience":1083190,"relics_obtained":[{"floor":6,"key":"infinitespire:FocusingShard"},{"floor":8,"key":"CCEMRelics:PorcelainBowl"},{"floor":9,"key":"Blue Doll"},{"floor":13,"key":"Orichalcum"},{"floor":23,"key":"Frozen Egg 2"},{"floor":27,"key":"conspire:TopHat"},{"floor":30,"key":"hubris:Reverence"}],"event_choices":[{"damage_healed":0,"gold_gain":0,"player_choice":"Trade","damage_taken":0,"relics_obtained":["CultistMask"],"max_hp_gain":0,"max_hp_loss":0,"event_name":"FaceTrader","floor":2,"gold_loss":0},{"damage_healed":0,"gold_gain":0,"player_choice":"Relic ","damage_taken":7,"max_hp_gain":0,"max_hp_loss":0,"event_name":"betterThird:BetterScrap","floor":4,"gold_loss":0,"cards_obtained":["StuffTheSpire:EventHorizon"]},{"damage_healed":0,"gold_gain":0,"player_choice":"Invest 2","damage_taken":0,"max_hp_gain":0,"max_hp_loss":0,"event_name":"conspire:Investor","floor":10,"gold_loss":0},{"damage_healed":0,"gold_gain":0,"player_choice":"Copied","damage_taken":0,"max_hp_gain":0,"max_hp_loss":0,"event_name":"Duplicator","floor":22,"gold_loss":0,"cards_obtained":["chefmod:OrderUp"]},{"damage_healed":0,"gold_gain":0,"player_choice":"Ignored","damage_taken":0,"max_hp_gain":0,"max_hp_loss":0,"event_name":"betterNote:BetterNote","floor":28,"gold_loss":0,"cards_obtained":["Zap"]}],"is_beta":false,"boss_relics":[{"not_picked":["StuffTheSpire:RunicHypercube","halation:Yufonium"],"picked":"Honey Jar"}],"items_purged_floors":[20,25],"is_endless":false,"potions_floor_spawned":[3,6,12,16,29,30],"killed_by":"Shelled Parasite and Fungi","ascension_level":0}}