{"host":"u9xtr94typ21duox","time":1611408977,"event":{"mods":["BaseMod","Key Reminder","KinomotoSakuraMod(ƒæ÷Æ±æ”£)","LagranYue(¿≠∏Ò¿ °§‘¬)","Marisa£®ÏF”Í°°ƒß¿Ì…≥£©","Minty Spire (QoL Compilation)","Reimu£®≤©¿ˆ¡È√Œ£©","Replay The Spire","StSLib","Td1madao Mod","The Administrix","The Bladedancer","The Bug Knight","The Construct","The Cursed","The Gatherer","The Runesmith","The Servant 0.9.4","WarShipGirlsR/’ΩΩ¢…Ÿ≈ÆR mod","Youmu£®ªÍ∆«—˝√Œ£©","vexMod"],"gold_per_floor":[118,78,48,48,58,93,93,125,125,125,142,174,174,201,201,303,303,315,85,85,184,215,215,246,260,283,293,293,324,324,341,341,445,445,460,480,455,465,482,507,507,171,194,220,220,257,283,324,324,334,334,334,12,63,73],"floor_reached":56,"language":"ZHS","playtime":5533,"items_purged":["HollowMod:QuickDashStart+1","HollowMod:FocusHealStart"],"score":1431,"play_id":"af31cacf-c9c8-4d91-90d6-894a406419fb","local_time":"20210123213617","is_ascension_mode":true,"campfire_choices":[{"data":"HollowMod:LifebloodCocoon","floor":7,"key":"SMITH"},{"data":"HollowMod:Hiveblood","floor":10,"key":"SMITH"},{"data":"HollowMod:MawleksShell","floor":15,"key":"SMITH"},{"data":"HollowMod:QuirrelsAssistance","floor":23,"key":"SMITH"},{"data":"HollowMod:MonarchWings","floor":30,"key":"SMITH"},{"data":"HollowMod:NailStrikeStart","floor":32,"key":"PURGE"},{"data":"HollowMod:DoubleDash","floor":41,"key":"SMITH"},{"floor":49,"key":"RECALL"},{"data":"HollowMod:CycloneSlash","floor":52,"key":"SMITH"}],"circlet_count":0,"master_deck":["HollowMod:QuickDashStart+1","HollowMod:QuickDashStart+1","HollowMod:QuickDashStart+1","HollowMod:PogoStrike+1","HollowMod:LifebloodCocoon+1","HollowMod:QuirrelsAssistance+1","HollowMod:Hiveblood+1","HollowMod:FallenFury+1","HollowMod:CloakDash","HollowMod:MawleksShell+1","HollowMod:CloakDash","HollowMod:SlysStrikes+1","HollowMod:HuntersJournal+1","HollowMod:Hiveblood+1","HollowMod:VengefulSpirit","HollowMod:MonarchWings+1","HollowMod:GreatSlash+1","HollowMod:CloakDash","HollowMod:DoubleDash+1","HollowMod:Hiveblood+1","HollowMod:NewLittleFool+1","HollowMod:CloakDash+1","Decay","HollowMod:ShapeofUnn+1","Parasite","HollowMod:CycloneSlash+1","Mayhem+1","Madness+1","Deep Breath+1","HollowMod:BaldurShell+1"],"relics":["HollowMod:VesselMask","LagranYue:RandomDrawCardRelic","NeowsBlessing","PaintedHorse:ReiMu","vexMod:PlasmaPancake","Replay:Bottled Eggs","Golden Egg","CrazyTorch:ReiMu","Du-Vu Doll","Ring of Chaos","DollysMirror","Red Mask","Dream Catcher","construct:ClawGrip","vexMod:Cooldron","Smiling Mask","Divine Protection","HollowMod:MillibellesNoteRelic","Replay:Bandana","Orichalcum","Replay:Baseball","ReplayTheSpireMod:ShopPack","Whetstone"],"acts_visited":["Exordium","TheCity","TheBeyond","TheEnding"],"potions_floor_usage":[29,55,55,55,55,55,55,55,55,55],"damage_taken":[{"damage":0,"enemies":"Small Slimes","floor":1,"turns":1},{"damage":0,"enemies":"2 Louse","floor":5,"turns":1},{"damage":0,"enemies":"3 Sentries","floor":6,"turns":2},{"damage":35,"enemies":"HollowMod:MossKnight","floor":8,"turns":14},{"damage":0,"enemies":"Cultist","floor":11,"turns":3},{"damage":6,"enemies":"Replay:BlueRogue","floor":12,"turns":8},{"damage":55,"enemies":"Lagavulin","floor":14,"turns":13},{"damage":48,"enemies":"The Guardian","floor":16,"turns":21},{"damage":18,"enemies":"Shell Parasite","floor":18,"turns":7},{"damage":20,"enemies":"Masked Bandits","floor":22,"turns":5},{"damage":97,"enemies":"Slavers","floor":24,"turns":12},{"damage":35,"enemies":"HollowMod:HuskSentry","floor":25,"turns":9},{"damage":44,"enemies":"Shelled Parasite and Fungi","floor":27,"turns":9},{"damage":68,"enemies":"Book of Stabbing","floor":29,"turns":10},{"damage":53,"enemies":"Snecko","floor":31,"turns":7},{"damage":100,"enemies":"Collector","floor":33,"turns":13},{"damage":62,"enemies":"Orb Walker","floor":35,"turns":7},{"damage":46,"enemies":"3 Darklings","floor":36,"turns":6},{"damage":107,"enemies":"Sphere and 2 Shapes","floor":38,"turns":8},{"damage":81,"enemies":"Maw","floor":39,"turns":11},{"damage":100,"enemies":"Reptomancer","floor":40,"turns":11},{"damage":51,"enemies":"R_Hoarder","floor":44,"turns":9},{"damage":53,"enemies":"Spire Growth","floor":46,"turns":6},{"damage":38,"enemies":"Writhing Mass","floor":47,"turns":9},{"damage":51,"enemies":"Giant Head","floor":48,"turns":11},{"damage":141,"enemies":"Time Eater","floor":50,"turns":12},{"damage":105,"enemies":"Shield and Spear","floor":54,"turns":12},{"damage":118,"enemies":"The Heart","floor":55,"turns":11}],"seed_played":"1003294204047477186","potions_obtained":[{"floor":1,"key":"Fire Potion"},{"floor":6,"key":"Milkshake"},{"floor":8,"key":"Strength Potion"},{"floor":14,"key":"SkillPotion"},{"floor":29,"key":"SpeedPotion"},{"floor":38,"key":"EntropicBrew"},{"floor":40,"key":"EntropicBrew"},{"floor":46,"key":"EntropicBrew"}],"is_trial":false,"path_per_floor":["M","?","?","$","M","E","R","E","T","R","M","E","?","E","R","B",null,"M","$","?","?","?","R","E","M","T","M","?","E","R","M","R","B",null,"M","M","?","M","M","E","R","$","T","E","?","M","M","E","R","B",null,"R","$","E","B",null],"character_chosen":"THE_BUGKNIGHT","items_purchased":["HollowMod:HuntersJournal","DollysMirror","HollowMod:CloakDash","Divine Protection","Replay:Baseball","ReplayTheSpireMod:ShopPack"],"campfire_rested":0,"item_purchase_floors":[19,19,42,42,53,53],"current_hp_per_floor":[75,75,75,75,75,81,81,73,73,73,79,81,81,60,60,46,81,81,81,81,81,80,80,78,81,81,81,81,83,83,83,83,63,87,83,87,87,74,82,69,69,69,69,87,87,77,87,76,76,68,87,87,87,87,87],"gold":73,"neow_bonus":"THREE_ENEMY_KILL","is_daily":false,"chose_seed":false,"campfire_upgraded":7,"win_rate":0.0,"timestamp":1611408977,"path_taken":["M","?","?","$","M","E","R","E","T","R","M","E","?","E","R","BOSS","M","$","?","?","?","R","E","M","T","M","?","E","R","M","R","BOSS","M","M","?","M","M","E","R","$","T","E","?","M","M","E","R","BOSS","R","$","E","BOSS"],"items_purchased_type":["Card","Relic","Card","Relic","Relic","Relic"],"build_version":"2020-12-22","purchased_purges":2,"victory":true,"max_hp_per_floor":[75,75,75,75,75,81,81,81,81,81,81,81,81,81,81,81,81,81,81,81,81,81,81,81,81,81,81,81,87,87,87,87,87,87,87,87,87,87,87,87,87,87,87,87,87,87,87,87,87,87,87,87,87,87,87],"card_choices":[{"not_picked":["HollowMod:SharpenedNail","HollowMod:CrystalDash"],"picked":"HollowMod:LifebloodCocoon","floor":1},{"not_picked":[],"picked":"HollowMod:QuirrelsAssistance","floor":3},{"not_picked":[],"picked":"HollowMod:Hiveblood","floor":3},{"not_picked":["HollowMod:GreatSlash","HollowMod:DesolateDive","HollowMod:WraithStrike"],"picked":"SKIP","floor":5},{"not_picked":["HollowMod:SiblingsShadow","HollowMod:GoodIntentions"],"picked":"HollowMod:FallenFury","floor":6},{"not_picked":["HollowMod:VengefulVoid","HollowMod:MidwifesHunger"],"picked":"HollowMod:CloakDash","floor":8},{"not_picked":["HollowMod:ShadowDash","HollowMod:SharpenedNail"],"picked":"HollowMod:MawleksShell","floor":11},{"not_picked":["HollowMod:TaintedHusks","HollowMod:QuirrelsAssistance","HollowMod:DescendingDark"],"picked":"SKIP","floor":12},{"not_picked":["HollowMod:DesolateDive","HollowMod:FastStrike"],"picked":"HollowMod:CloakDash","floor":14},{"not_picked":["HollowMod:LifebloodCore","HollowMod:ZotesMagnificence"],"picked":"HollowMod:SlysStrikes","floor":16},{"not_picked":["HollowMod:DesolateDive+1","HollowMod:MantisMark","HollowMod:NewLittleFool"],"picked":"SKIP","floor":18},{"not_picked":["HollowMod:HowlingWraiths+1","HollowMod:LifebloodCocoon+1"],"picked":"HollowMod:GreatSlash+1","floor":22},{"not_picked":["HollowMod:Grubsong","HollowMod:GreatSlash"],"picked":"HollowMod:CloakDash","floor":24},{"not_picked":["HollowMod:VengefulVoid","HollowMod:SiblingsSouls","HollowMod:HeavyBlow"],"picked":"SKIP","floor":25},{"not_picked":["HollowMod:GreatSlash","HollowMod:InfectedCysts","HollowMod:SoulMaster"],"picked":"SKIP","floor":27},{"not_picked":["HollowMod:CornifersMapStart","HollowMod:NewLittleFool"],"picked":"HollowMod:DoubleDash","floor":29},{"not_picked":["HollowMod:AbyssShriek","HollowMod:SoulStrike","HollowMod:TaintedHusks"],"picked":"SKIP","floor":31},{"not_picked":["HollowMod:VoidDash","HollowMod:AwokenDreamNail"],"picked":"HollowMod:Hiveblood","floor":33},{"not_picked":["HollowMod:MothsMistake+1","HollowMod:GrimmsGift","HollowMod:TaintedHusks+1"],"picked":"SKIP","floor":35},{"not_picked":["HollowMod:SiblingsSouls","HollowMod:InfectedCysts"],"picked":"HollowMod:NewLittleFool+1","floor":36},{"not_picked":["HollowMod:CornifersMapStart","HollowMod:InfectionAssault+1","HollowMod:VengefulVoid"],"picked":"SKIP","floor":38},{"not_picked":["HollowMod:CornifersMapStart","HollowMod:MonarchWings","HollowMod:SiblingsSouls+1"],"picked":"SKIP","floor":39},{"not_picked":["HollowMod:TaintedHusks+1","HollowMod:SiblingsShadow","HollowMod:NewLittleFool+1"],"picked":"SKIP","floor":40},{"not_picked":["HollowMod:SoulEater","HollowMod:DungDefenderAura","HollowMod:DescendingDark+1"],"picked":"SKIP","floor":44},{"not_picked":["HollowMod:ShadowDash+1","HollowMod:CornifersMapStart+1"],"picked":"HollowMod:ShapeofUnn+1","floor":46},{"not_picked":["HollowMod:LifebloodCore","HollowMod:CloakDash"],"picked":"HollowMod:CycloneSlash","floor":47},{"not_picked":["HollowMod:SiblingsSouls+1","HollowMod:TaintedHusks","HollowMod:LifebloodCocoon+1"],"picked":"SKIP","floor":48},{"not_picked":["Transmutation","Secret Technique"],"picked":"Mayhem","floor":53},{"not_picked":["Replay:Sssssssssstrike","Trip"],"picked":"Madness","floor":53},{"not_picked":["Metamorphosis","Forethought"],"picked":"Deep Breath","floor":53},{"not_picked":["HollowMod:VengefulSpirit+1","HollowMod:PerfectDash"],"picked":"HollowMod:BaldurShell+1","floor":54}],"player_experience":334667,"relics_obtained":[{"floor":6,"key":"vexMod:PlasmaPancake"},{"floor":8,"key":"Replay:Bottled Eggs"},{"floor":9,"key":"Golden Egg"},{"floor":12,"key":"CrazyTorch:ReiMu"},{"floor":14,"key":"Du-Vu Doll"},{"floor":22,"key":"Red Mask"},{"floor":24,"key":"Dream Catcher"},{"floor":29,"key":"vexMod:BerryBomb"},{"floor":40,"key":"Smiling Mask"},{"floor":43,"key":"HollowMod:MillibellesNoteRelic"},{"floor":44,"key":"Replay:Bandana"},{"floor":48,"key":"Orichalcum"},{"floor":54,"key":"Whetstone"}],"event_choices":[{"damage_healed":0,"gold_gain":0,"player_choice":"»˚«Æ","damage_taken":0,"relics_obtained":["PaintedHorse:ReiMu"],"max_hp_gain":0,"max_hp_loss":0,"event_name":"yidonshenshe","floor":2,"gold_loss":40},{"damage_healed":0,"gold_gain":0,"player_choice":"Ignored","damage_taken":0,"max_hp_gain":0,"max_hp_loss":0,"event_name":"Liars Game","floor":13,"gold_loss":0},{"damage_healed":0,"gold_gain":0,"cards_transformed":["HollowMod:NailStrikeStart","HollowMod:NailStrikeStart"],"player_choice":"Became Test Subject","damage_taken":0,"max_hp_gain":0,"max_hp_loss":0,"event_name":"Drug Dealer","floor":20,"gold_loss":0,"cards_obtained":["HollowMod:VengefulSpirit","HollowMod:MonarchWings"]},{"damage_healed":0,"gold_gain":99,"player_choice":"Stole From Cult","damage_taken":0,"max_hp_gain":0,"max_hp_loss":0,"event_name":"Nest","floor":21,"gold_loss":0},{"damage_healed":0,"gold_gain":0,"player_choice":"Fought Bandits","damage_taken":0,"max_hp_gain":0,"max_hp_loss":0,"event_name":"Masked Bandits","floor":22,"gold_loss":0},{"damage_healed":0,"gold_gain":0,"player_choice":"Cursed","damage_taken":0,"max_hp_gain":0,"max_hp_loss":0,"event_name":"Wheel of Change","floor":45,"gold_loss":0,"cards_obtained":["Decay"]}],"is_beta":false,"boss_relics":[{"not_picked":["vexMod:NewClearReactor","vexMod:EndlessSickness"],"picked":"Ring of Chaos"},{"not_picked":["Velvet Choker","Empty Cage"],"picked":"construct:ClawGrip"}],"items_purged_floors":[42,53],"is_endless":false,"potions_floor_spawned":[1,6,8,11,14,25,27,29,33,38,40,46,48],"ascension_level":2}}