{"host":"h229x4pcvu3jceaj","time":1611418159,"event":{"mods":["AchievementEnabler","BaseMod","Bestiary","BetterRewards","Colored Powertips","Downfall","GifTheSpireLib","Minty Spire (QoL Compilation)","StSLib","The Animator"],"gold_per_floor":[99,117,127,127,127,27,27,27,38,50,50,61,124,124,140,140,140,140],"floor_reached":16,"language":"ENG","playtime":823,"items_purged":[],"score":92,"play_id":"35646a28-387f-40a9-8985-d3b8e09dd4b0","local_time":"20210124000919","is_ascension_mode":false,"campfire_choices":[{"floor":1,"key":"RECALL"},{"data":"champ:StanceDance","floor":6,"key":"SMITH"},{"data":"champ:Shatter","floor":11,"key":"SMITH"}],"circlet_count":0,"master_deck":["champ:Strike","champ:Strike","champ:Strike","champ:Strike","champ:Defend","champ:Defend","champ:Defend","champ:Defend","champ:Execute","champ:Taunt","champ:StanceDance+1","champ:Shatter+1","Swift Strike","champ:Devastate","champ:FanOfKnives","champ:CalledShot","champ:TornadoPunch","champ:GutPunch","champ:FalseCounter"],"relics":["champ:ChampionCrown","The Courier","downfall:HeartBlessingRed","Incense Burner","downfall:BrokenWingStatue"],"acts_visited":["Exordium"],"potions_floor_usage":[13,16,16],"damage_taken":[{"damage":10,"enemies":"Small Slimes","floor":2,"turns":3},{"damage":12,"enemies":"2 Louse","floor":3,"turns":3},{"damage":1,"enemies":"Cultist","floor":9,"turns":3},{"damage":11,"enemies":"Blue Slaver","floor":10,"turns":3},{"damage":20,"enemies":"3 Louse","floor":12,"turns":3},{"damage":38,"enemies":"3 Sentries","floor":13,"turns":5},{"damage":25,"enemies":"Large Slime","floor":15,"turns":6},{"damage":44,"enemies":"WA_ARCHETYPE_RETAIN","floor":16,"turns":5}],"seed_played":"2791696124989549993","potions_obtained":[{"floor":3,"key":"EssenceOfSteel"},{"floor":9,"key":"Regen Potion"},{"floor":15,"key":"SkillPotion"}],"is_trial":false,"path_per_floor":["R","M","M","?","?","R","T","?","M","M","R","M","?","?","M","B"],"character_chosen":"THE_CHAMP","items_purchased":[],"campfire_rested":0,"item_purchase_floors":[],"current_hp_per_floor":[99,99,97,102,69,69,69,69,68,62,62,52,38,38,28,0,0,0],"gold":140,"neow_bonus":"TEN_PERCENT_HP_BONUS","is_daily":false,"chose_seed":false,"campfire_upgraded":2,"win_rate":0.0,"timestamp":1611418159,"path_taken":["R","M","M","?","?","R","T","?","M","M","R","?","?","?","M","BOSS"],"items_purchased_type":[],"build_version":"2020-12-22","purchased_purges":0,"victory":false,"max_hp_per_floor":[99,99,99,104,104,104,104,104,104,104,104,104,104,104,104,104,104,104],"card_choices":[{"not_picked":["champ:EnGarde","champ:FlashCut"],"picked":"champ:StanceDance","floor":2},{"not_picked":["champ:AdrenalArmor","champ:CrownThrow"],"picked":"champ:Shatter","floor":3},{"not_picked":["champ:DefensiveShout","champ:CrownThrow"],"picked":"champ:FanOfKnives","floor":9},{"not_picked":["champ:GutPunch","champ:Improvising"],"picked":"champ:CalledShot","floor":10},{"not_picked":["champ:Backstep","champ:Shatter"],"picked":"champ:TornadoPunch","floor":12},{"not_picked":["champ:BerserkersShout","champ:Endure"],"picked":"champ:GutPunch","floor":13},{"not_picked":["champ:ShieldSlam","champ:TornadoPunch"],"picked":"champ:FalseCounter","floor":15}],"player_experience":484511,"relics_obtained":[{"floor":13,"key":"Incense Burner"}],"event_choices":[{"damage_healed":0,"gold_gain":0,"player_choice":"Donut","damage_taken":0,"max_hp_gain":5,"max_hp_loss":0,"event_name":"Big Fish","floor":4,"gold_loss":0},{"damage_healed":0,"gold_gain":0,"player_choice":"Success","damage_taken":33,"relics_obtained":["The Courier"],"max_hp_gain":0,"max_hp_loss":0,"event_name":"Scrap Ooze","floor":5,"gold_loss":0}],"is_beta":false,"boss_relics":[],"items_purged_floors":[],"is_endless":false,"potions_floor_spawned":[3,9,15],"killed_by":"WA_ARCHETYPE_RETAIN","ascension_level":0}}