{"host":"7gewg82ormp6yt4e","time":1611389299,"event":{"mods":["BaseMod","Block Reminder","Colored Map","DeckTracker","Highlight Path","Minty Spire (QoL Compilation)","Relic Stats","StSLib","ojb\u0027s Info Mod"],"gold_per_floor":[110,110,110,110,130,130,169,169,249,282,33,33,76,137,137,233,233,251,251,265,0,0,0,0],"floor_reached":23,"language":"JPN","playtime":723,"items_purged":[],"score":436,"play_id":"a42e9aa4-ecee-44b9-bc09-683f8a2dddba","local_time":"20210123170819","is_ascension_mode":true,"campfire_choices":[{"data":"Coolheaded","floor":6,"key":"SMITH"},{"data":"Zap","floor":8,"key":"SMITH"},{"floor":12,"key":"REST"},{"data":"Biased Cognition","floor":15,"key":"SMITH"}],"circlet_count":0,"master_deck":["AscendersBane","Strike_B","Strike_B","Strike_B","Strike_B","Defend_B","Defend_B","Defend_B","Defend_B+1","Zap+1","Dualcast","Ball Lightning+1","Coolheaded+1","Chill","Ball Lightning+1","Biased Cognition+1","Electrodynamics","CurseOfTheBell","Conserve Battery","HandOfGreed+1"],"relics":["Cracked Core","NeowsBlessing","Bloody Idol","Gremlin Horn","Molten Egg 2","Odd Mushroom","Membership Card","Happy Flower","Lantern","Calling Bell","Toy Ornithopter","Pantograph","Ginger","Strange Spoon","Potion Belt"],"acts_visited":["Exordium","TheCity"],"potions_floor_usage":[10,16,16],"damage_taken":[{"damage":0,"enemies":"Cultist","floor":1,"turns":1},{"damage":0,"enemies":"2 Louse","floor":5,"turns":1},{"damage":0,"enemies":"Lagavulin","floor":7,"turns":1},{"damage":2,"enemies":"The Mushroom Lair","floor":10,"turns":2},{"damage":27,"enemies":"3 Sentries","floor":13,"turns":7},{"damage":25,"enemies":"The Guardian","floor":16,"turns":8},{"damage":0,"enemies":"Spheric Guardian","floor":18,"turns":3},{"damage":1,"enemies":"3 Byrds","floor":20,"turns":3},{"damage":57,"enemies":"Book of Stabbing","floor":23,"turns":5}],"seed_played":"3172046499202331197","potions_obtained":[{"floor":1,"key":"SpeedPotion"},{"floor":7,"key":"Explosive Potion"},{"floor":10,"key":"DuplicationPotion"},{"floor":20,"key":"SteroidPotion"}],"is_trial":false,"path_per_floor":["M","?","$","?","M","R","E","R","T","?","$","R","E","?","R","B",null,"M","?","M","$","?","E"],"character_chosen":"DEFECT","items_purchased":["Membership Card","Happy Flower","HandOfGreed+1","Strange Spoon","Potion Belt"],"campfire_rested":1,"item_purchase_floors":[11,11,21,21,21],"current_hp_per_floor":[64,64,64,45,45,45,45,45,45,43,43,62,35,35,35,10,51,51,51,55,55,55,0,0],"gold":0,"neow_bonus":"THREE_ENEMY_KILL","is_daily":false,"chose_seed":false,"campfire_upgraded":3,"win_rate":0.0,"timestamp":1611389299,"path_taken":["M","?","$","?","M","R","E","R","T","?","$","R","E","?","R","BOSS","M","?","M","$","?","E"],"items_purchased_type":["Relic","Relic","Card","Relic","Relic"],"build_version":"2020-12-22","purchased_purges":0,"victory":false,"max_hp_per_floor":[71,64,64,64,64,64,64,64,64,64,64,64,64,64,64,64,64,64,64,64,64,64,64,64],"relic_stats":{"Strange Spoon":[0],"Gremlin Horn":[4,4],"Happy Flower":[8],"counters":[9,31],"Bloody Idol":5,"Pantograph":0,"Ginger":[0],"obtain_stats":[{"Potion Belt":21,"Lantern":13,"NeowsBlessing":0,"Gremlin Horn":7,"Happy Flower":11,"Golden Idol":2,"Ginger":17,"Odd Mushroom":10,"Calling Bell":17,"Strange Spoon":21,"Pantograph":17,"Bloody Idol":19,"Molten Egg 2":9,"Membership Card":11,"Cracked Core":0,"Toy Ornithopter":17},{"Potion Belt":8,"Lantern":5,"NeowsBlessing":0,"Gremlin Horn":3,"Happy Flower":4,"Golden Idol":1,"Ginger":6,"Odd Mushroom":4,"Calling Bell":6,"Strange Spoon":8,"Pantograph":6,"Bloody Idol":7,"Molten Egg 2":3,"Membership Card":4,"Cracked Core":0,"Toy Ornithopter":6},{"Potion Belt":26,"Lantern":12,"NeowsBlessing":0,"Gremlin Horn":3,"Happy Flower":5,"Golden Idol":1,"Ginger":20,"Odd Mushroom":5,"Calling Bell":20,"Strange Spoon":26,"Pantograph":20,"Bloody Idol":23,"Molten Egg 2":3,"Membership Card":5,"Cracked Core":0,"Toy Ornithopter":20}],"Toy Ornithopter":0},"card_choices":[{"not_picked":["Genetic Algorithm","Coolheaded"],"picked":"Ball Lightning","floor":1},{"not_picked":["Streamline","Rebound"],"picked":"Coolheaded","floor":5},{"not_picked":["Skim","Stack"],"picked":"Chill","floor":7},{"not_picked":["Tempest","Conserve Battery"],"picked":"Ball Lightning+1","floor":10},{"not_picked":["Scrape+1","Cold Snap+1"],"picked":"Biased Cognition","floor":13},{"not_picked":["Fission","Rainbow"],"picked":"Electrodynamics","floor":16},{"not_picked":["Consume","Lockon+1"],"picked":"Conserve Battery","floor":18},{"not_picked":["Force Field","Leap","Conserve Battery"],"picked":"SKIP","floor":20}],"player_experience":2659608,"relics_obtained":[{"floor":7,"key":"Gremlin Horn"},{"floor":9,"key":"Molten Egg 2"},{"floor":10,"key":"Odd Mushroom"},{"floor":13,"key":"Lantern"},{"floor":17,"key":"Toy Ornithopter"},{"floor":17,"key":"Pantograph"},{"floor":17,"key":"Ginger"}],"event_choices":[{"damage_healed":0,"gold_gain":0,"player_choice":"Lose Max HP","damage_taken":0,"relics_obtained":["Golden Idol"],"max_hp_gain":0,"max_hp_loss":7,"event_name":"Golden Idol","floor":2,"gold_loss":0},{"damage_healed":0,"gold_gain":0,"player_choice":"Entered Light","damage_taken":19,"max_hp_gain":0,"max_hp_loss":0,"event_name":"Shining Light","floor":4,"gold_loss":0,"cards_upgraded":["Defend_B","Ball Lightning"]},{"damage_healed":0,"gold_gain":0,"player_choice":"Fought Mushrooms","damage_taken":0,"max_hp_gain":0,"max_hp_loss":0,"event_name":"Mushrooms","floor":10,"gold_loss":0},{"damage_healed":0,"gold_gain":61,"player_choice":"Gained Gold","damage_taken":0,"max_hp_gain":0,"max_hp_loss":0,"event_name":"Golden Wing","floor":14,"gold_loss":0},{"damage_healed":0,"gold_gain":0,"player_choice":"Gave Idol","damage_taken":0,"relics_obtained":["Bloody Idol"],"max_hp_gain":0,"max_hp_loss":0,"event_name":"Forgotten Altar","floor":19,"relics_lost":["Golden Idol"],"gold_loss":0}],"is_beta":false,"boss_relics":[{"not_picked":["SacredBark","Nuclear Battery"],"picked":"Calling Bell"}],"items_purged_floors":[],"is_endless":false,"potions_floor_spawned":[1,7,10,13,20],"killed_by":"Book of Stabbing","ascension_level":20}}