{"host":"w9399nasro87w70m","time":1611366759,"event":{"mods":["AchievementEnabler","BaseMod","Bestiary","Colored Map","Colored Powertips","Downfall","Highlight Path","Luminous","Minty Spire (QoL Compilation)","Rare Cards Sparkle","Relic Stats","Replay The Spire","StSLib"],"gold_per_floor":[213,19,36,51,51,80,80,80,80,91,91,103,103,103,115,126,193,193,193],"floor_reached":18,"language":"ENG","playtime":1569,"items_purged":["Strike_R"],"score":131,"play_id":"10c4f94e-45c2-40cb-99bd-4c8b2082b993","local_time":"20210122205239","is_ascension_mode":true,"campfire_choices":[{"data":"Shrug It Off","floor":7,"key":"SMITH"},{"data":"Inflame","floor":11,"key":"SMITH"}],"circlet_count":0,"master_deck":["Strike_R","Strike_R","Strike_R","Strike_R","Defend_R","Defend_R","Defend_R","Defend_R","Bash","Shrug It Off+1","Inflame+1","Shrug It Off+1","Pommel Strike","Warcry","Armaments"],"relics":["Burning Blood","Tiny Chest","InkBottle"],"acts_visited":["Exordium"],"potions_floor_usage":[6,12,18],"damage_taken":[{"damage":6,"enemies":"Cultist","floor":1,"turns":4},{"damage":3,"enemies":"Jaw Worm","floor":3,"turns":6},{"damage":5,"enemies":"Small Slimes","floor":4,"turns":3},{"damage":20,"enemies":"Replay:BlueRogue","floor":6,"turns":5},{"damage":10,"enemies":"3 Louse","floor":10,"turns":5},{"damage":26,"enemies":"Exordium Thugs","floor":12,"turns":6},{"damage":2,"enemies":"Red Slaver","floor":15,"turns":4},{"damage":4,"enemies":"Blue Slaver","floor":16,"turns":3},{"damage":50,"enemies":"Hexaghost","floor":18,"turns":13}],"seed_played":"1373060305219979370","potions_obtained":[{"floor":1,"key":"Languid Potion"},{"floor":3,"key":"FearPotion"},{"floor":15,"key":"BlessingOfTheForge"}],"is_trial":false,"path_per_floor":["M","$","M","M","$","E","R","?","T","M","R","M","PTL","PTL","M","M","R_BF","B"],"character_chosen":"IRONCLAD","items_purchased":["Shrug It Off","Inflame"],"campfire_rested":0,"item_purchase_floors":[2,2],"current_hp_per_floor":[80,80,80,80,80,66,66,66,66,62,62,42,42,42,46,48,48,0,0],"gold":193,"neow_bonus":"HUNDRED_GOLD","is_daily":false,"chose_seed":false,"campfire_upgraded":2,"win_rate":0.0,"timestamp":1611366759,"path_taken":["M","$","M","M","?","E","R","?","T","M","R","M","PTL","PTL","M","M","R_BF","BOSS"],"items_purchased_type":["Card","Card"],"build_version":"2020-12-22","purchased_purges":1,"victory":false,"max_hp_per_floor":[80,80,80,80,80,80,80,80,80,80,80,80,80,80,80,80,80,80,80],"relic_stats":{"counters":[9,49],"Tiny Chest":0,"obtain_stats":[{"Tiny Chest":6,"Burning Blood":0,"InkBottle":9},{"Tiny Chest":4,"Burning Blood":0,"InkBottle":4},{"Tiny Chest":18,"Burning Blood":0,"InkBottle":18}],"Burning Blood":44,"InkBottle":[8]},"card_choices":[{"not_picked":["Body Slam","Replay:Undeath\u0027s Touch","Rage"],"picked":"SKIP","floor":1},{"not_picked":["Clothesline","Headbutt"],"picked":"Shrug It Off","floor":3},{"not_picked":["ReplayTheSpireMod:Muscle Training","Thunderclap","ReplayTheSpireMod:Strike From Hell"],"picked":"SKIP","floor":4},{"not_picked":["Corruption","Iron Wave","Clash"],"picked":"SKIP","floor":6},{"not_picked":["Shrug It Off","Armaments","Reckless Charge"],"picked":"SKIP","floor":10},{"not_picked":["Abandon","Reckless Charge"],"picked":"Pommel Strike","floor":12},{"not_picked":["Thunderclap","Heavy Blade"],"picked":"Warcry","floor":15},{"not_picked":["Perfected Strike","Shrug It Off"],"picked":"Armaments","floor":16}],"player_experience":98690,"relics_obtained":[{"floor":6,"key":"Tiny Chest"},{"floor":9,"key":"InkBottle"}],"event_choices":[{"damage_healed":0,"gold_gain":0,"player_choice":"Forge","damage_taken":0,"max_hp_gain":0,"max_hp_loss":0,"event_name":"Accursed Blacksmith","floor":8,"gold_loss":0,"cards_upgraded":["Shrug It Off"]}],"is_beta":false,"boss_relics":[],"items_purged_floors":[2],"is_endless":false,"potions_floor_spawned":[1,3,15],"killed_by":"Hexaghost","ascension_level":3}}