{"host":"takgv9cv6xf64vhq","time":1611382496,"event":{"mods":["BaseMod","Colored Powertips","Downfall","Marisa£®ÏF”Í°°ƒß¿Ì…≥£©","Minty Spire (QoL Compilation)","Replay The Spire","StSLib","The Cursed"],"gold_per_floor":[115,135,26,40,52,52,77,88,164,164,19,43,58,76,76,82,82],"floor_reached":16,"language":"ZHS","playtime":966,"items_purged":["Decay"],"score":106,"play_id":"8a12132e-8198-4b25-8b8b-692778f164a9","local_time":"20210123141456","is_ascension_mode":false,"campfire_choices":[{"data":"ReplayTheSpireMod:Limb From Limb","floor":6,"key":"SMITH"},{"data":"ReplayTheSpireMod:Muscle Training","floor":10,"key":"SMITH"},{"data":"Shrug It Off","floor":15,"key":"SMITH"}],"circlet_count":0,"master_deck":["Strike_R","Strike_R","Defend_R","Defend_R","Bash","Delirium","ReplayReversal","ReplayTheSpireMod:Limb From Limb+1","Run Through+1","ReplayTheSpireMod:Muscle Training+1","Shrug It Off+1","Flame Barrier","Massacre","Clothesline","Flame Barrier","Headbutt"],"relics":["Kintsugi","ReplayTheSpireMod:TigerMarble","Pear","Replay:Bandana"],"acts_visited":["Exordium"],"potions_floor_usage":[7,13,16],"damage_taken":[{"damage":11,"enemies":"Cultist","floor":1,"turns":4},{"damage":17,"enemies":"Jaw Worm","floor":2,"turns":5},{"damage":5,"enemies":"2 Louse","floor":4,"turns":2},{"damage":25,"enemies":"Exordium Wildlife","floor":5,"turns":6},{"damage":8,"enemies":"Gremlin Nob","floor":7,"turns":4},{"damage":3,"enemies":"Looter","floor":8,"turns":4},{"damage":0,"enemies":"2 Fungi Beasts","floor":12,"turns":2},{"damage":0,"enemies":"Red Slaver","floor":13,"turns":2},{"damage":0,"enemies":"Looter","floor":14,"turns":2},{"damage":21,"enemies":"Hexaghost","floor":16,"turns":12}],"seed_played":"-6964711058303314717","potions_obtained":[{"floor":2,"key":"Flashbang"},{"floor":5,"key":"SteroidPotion"},{"floor":7,"key":"Weak Potion"},{"floor":14,"key":"Explosive Potion"}],"is_trial":false,"path_per_floor":["M","M","$","M","M","R","E","M","T","R","$","M","M","M","R","B"],"character_chosen":"IRONCLAD","items_purchased":["Run Through+1","Replay:Bandana"],"campfire_rested":0,"item_purchase_floors":[3,11],"current_hp_per_floor":[69,52,52,47,22,22,14,11,21,21,21,21,21,21,21,0,0],"gold":82,"neow_bonus":"BOSS_RELIC","is_daily":false,"chose_seed":false,"campfire_upgraded":3,"win_rate":0.0,"timestamp":1611382496,"path_taken":["M","?","?","M","?","R","E","M","T","R","?","M","M","M","R","BOSS"],"items_purchased_type":["Card","Relic"],"build_version":"2020-12-22","purchased_purges":1,"victory":false,"max_hp_per_floor":[80,80,80,80,80,80,80,80,90,90,90,90,90,90,90,90,90],"card_choices":[{"not_picked":["Rupture","Twin Strike"],"picked":"ReplayReversal","floor":1},{"not_picked":["Pummel","Warcry"],"picked":"ReplayTheSpireMod:Limb From Limb","floor":2},{"not_picked":["Body Slam","Flex"],"picked":"ReplayTheSpireMod:Muscle Training","floor":4},{"not_picked":["Rupture","Run Through"],"picked":"Shrug It Off","floor":5},{"not_picked":["Twin Strike","Impervious"],"picked":"Flame Barrier","floor":7},{"not_picked":["Pummel","Warcry"],"picked":"Massacre","floor":8},{"not_picked":["Anger","Combust"],"picked":"Clothesline","floor":12},{"not_picked":["Infernal Blade","Pommel Strike"],"picked":"Flame Barrier","floor":13},{"not_picked":["Sword Boomerang","True Grit"],"picked":"Headbutt","floor":14}],"player_experience":1594,"relics_obtained":[{"floor":7,"key":"ReplayTheSpireMod:TigerMarble"},{"floor":9,"key":"Pear"}],"event_choices":[],"is_beta":false,"boss_relics":[],"items_purged_floors":[3],"is_endless":false,"potions_floor_spawned":[2,5,7,14],"killed_by":"Hexaghost","ascension_level":0}}