{"host":"zmilr51mkqu4u6kc","time":1611439821,"event":{"mods":["AchievementEnabler","BaseMod","BetterRewards","Card Forge","Colored Map","Colored Powertips","DeckTracker","Downfall","Friendly Minions","Highlight Path","Infinite Spire","KinomotoSakuraMod(????)","Minty Spire (QoL Compilation)","Quick Restart","READ ME - Guardian Mod","Rare Cards Sparkle","Replay The Spire","Shop Mod","StSLib","vexMod"],"gold_per_floor":[99,274,351,351,343,143,143,143,185,215,127,48,48,71,96,203,203,203,221,221,240,267,305,305,305,315,315,377,395,413,413,440,440,440,440],"floor_reached":33,"language":"ENG","playtime":2583,"items_purged":[],"score":290,"play_id":"343f3499-47ff-4d5d-891e-1d86fd24dfb0","local_time":"20210123231021","is_ascension_mode":false,"campfire_choices":[{"floor":1.0,"key":"RECALL"},{"floor":6.0,"key":"REST"},{"floor":8.0,"key":"REST"},{"floor":11.0,"key":"REST"},{"floor":13.0,"key":"REST"},{"floor":18.0,"key":"REST"},{"floor":25.0,"key":"REST"}],"circlet_count":0,"master_deck":["hexamod:Strike+1","hexamod:Strike+1","hexamod:Strike+1","hexamod:Strike+1","hexamod:Defend+1","hexamod:Defend+1","hexamod:Defend+1","hexamod:Defend+1","hexamod:Sear+1","hexamod:Float+1","hexamod:FirstSeal","hexamod:SecondSeal","hexamod:DynamicBlow+1","hexamod:PhantomFireball+1","hexamod:SwordOfDarkness+1","expansioncontent:Hexaburn+1","hexamod:RadiantFlame+1","hexamod:DynamicBlow+1","hexamod:VolcanoVisage+1","hexamod:FastForward+1","hexamod:RadiantFlame+1","hexamod:EmpoweredFlame+1","hexamod:Hexaguard+1","hexamod:Rewind+1","hexamod:FastForward+1","hexamod:GhostOfSpirePresent+1","hexamod:Again+1","hexamod:Rewind+1"],"relics":["hexamod:SpiritBrand","Hammer of Thor","Seething Fire","Anvil of the Gods","Boot","downfall:HeartBlessingRed","downfall:HeartBlessingBlue","infinitespire:Broken Mirror","MawBank","downfall:HeartBlessingGreen","infinitespire:CursedDice","Bottled Flame","Toy Ornithopter","Replay:Bottled Flurry","WarpedTongs"],"acts_visited":["Exordium","TheCity"],"potions_floor_usage":[32],"damage_taken":[{"damage":57.0,"enemies":"Gremlin Nob","floor":9.0,"turns":6.0},{"damage":0.0,"enemies":"Jaw Worm","floor":10.0,"turns":3.0},{"damage":0.0,"enemies":"downfall:FleeingMerchant","floor":12.0,"turns":4.0},{"damage":1.0,"enemies":"2 Louse","floor":14.0,"turns":3.0},{"damage":3.0,"enemies":"Small Slimes","floor":15.0,"turns":2.0},{"damage":48.0,"enemies":"SI_SHIV_ARCHETYPE","floor":16.0,"turns":10.0},{"damage":17.0,"enemies":"Shell Parasite","floor":19.0,"turns":5.0},{"damage":19.0,"enemies":"3 Byrds","floor":21.0,"turns":5.0},{"damage":37.0,"enemies":"Snake Plant","floor":22.0,"turns":4.0},{"damage":70.0,"enemies":"Gremlin Leader","floor":23.0,"turns":6.0},{"damage":30.0,"enemies":"Centurion and Healer","floor":26.0,"turns":7.0},{"damage":37.0,"enemies":"Cultist and Chosen","floor":29.0,"turns":5.0},{"damage":10.0,"enemies":"Snake Plant","floor":30.0,"turns":3.0},{"damage":12,"enemies":"Centurion and Healer","floor":32,"turns":5},{"damage":19,"enemies":"IC_MUSHROOM_ARCHETYPE","floor":33,"turns":4}],"seed_played":"-1310433032291735194","potions_obtained":[{"floor":10.0,"key":"Dexterity Potion"},{"floor":14.0,"key":"SpeedPotion"},{"floor":19.0,"key":"FairyPotion"},{"floor":23.0,"key":"Regen Potion"},{"floor":28.0,"key":"FairyPotion"},{"floor":29.0,"key":"SkillPotion"}],"is_trial":false,"path_per_floor":["R","?","T","?","?","R","T","R","E","M","R","$","R","M","M","B",null,"R","M","AVR","M","M","E","T","R","M","?","?","M","M","?","M","B"],"character_chosen":"THE_SPIRIT","items_purchased":["expansioncontent:Hexaburn"],"campfire_rested":6,"item_purchase_floors":[12],"current_hp_per_floor":[77,77,77,70,63,87,87,87,37,44,70,77,87,86,87,46,87,87,77,77,65,28,31,31,57,54,54,20,26,16,16,16,0,0,0],"gold":440,"neow_bonus":"TEN_PERCENT_HP_BONUS","is_daily":false,"chose_seed":false,"campfire_upgraded":0,"win_rate":0.0,"timestamp":1611439821,"path_taken":["R","?","?","?","?","R","T","R","E","M","R","?","R","M","M","BOSS","R","M","AVR","M","M","E","T","R","M","?","?","M","?","?","M","BOSS"],"items_purchased_type":["Card"],"build_version":"2020-12-22","purchased_purges":0,"victory":false,"max_hp_per_floor":[77,77,77,77,77,87,87,87,87,87,87,87,87,87,87,87,87,87,87,87,87,87,87,87,87,87,87,87,87,87,87,87,87,87,87],"card_choices":[{"not_picked":["hexamod:NightmareStrike","hexamod:GhostShield"],"picked":"hexamod:DynamicBlow","floor":9.0},{"not_picked":["hexamod:BacktrackSmack","hexamod:AdvancingGuard"],"picked":"hexamod:PhantomFireball","floor":10.0},{"not_picked":["hexamod:AdvancingGuard","hexamod:RetreatToShadows"],"picked":"hexamod:SwordOfDarkness","floor":12.0},{"not_picked":["hexamod:ChargedBarrage","hexamod:SkipABeat"],"picked":"hexamod:RadiantFlame","floor":14.0},{"not_picked":["hexamod:SecondSeal","hexamod:GhostOfSpirePast"],"picked":"hexamod:DynamicBlow","floor":15.0},{"not_picked":["hexamod:GhostflameInferno","hexamod:WildfireWeapon"],"picked":"hexamod:VolcanoVisage","floor":16.0},{"not_picked":["hexamod:HeatMetal","hexamod:DynamicBlow"],"picked":"hexamod:FastForward","floor":19.0},{"not_picked":["hexamod:GhostflameBarrier+1","hexamod:AdvancingGuard"],"picked":"hexamod:RadiantFlame","floor":21.0},{"not_picked":["hexamod:HauntingEcho","hexamod:GhostShield"],"picked":"hexamod:EmpoweredFlame+1","floor":22.0},{"not_picked":["hexamod:GhostOfSpireFuture","hexamod:GhostLash"],"picked":"hexamod:Hexaguard+1","floor":23.0},{"not_picked":["hexamod:ThermalTransfer","hexamod:InspiringFlames"],"picked":"hexamod:Rewind","floor":26.0},{"not_picked":["hexamod:HeatMetal+1","hexamod:SwordOfDarkness"],"picked":"hexamod:FastForward","floor":28.0},{"not_picked":["hexamod:HeatShield+1","hexamod:InspiringFlames"],"picked":"hexamod:GhostOfSpirePresent","floor":29.0},{"not_picked":["hexamod:NightmareGuise","hexamod:ThermalTransfer"],"picked":"hexamod:Again","floor":30.0},{"not_picked":["hexamod:SwordOfDarkness+1","hexamod:SpectersWail"],"picked":"hexamod:Rewind","floor":32}],"player_experience":123825,"relics_obtained":[{"floor":7.0,"key":"infinitespire:Broken Mirror"},{"floor":9.0,"key":"MawBank"},{"floor":23.0,"key":"Bottled Flame"},{"floor":24.0,"key":"Toy Ornithopter"},{"floor":28.0,"key":"Replay:Bottled Flurry"}],"event_choices":[{"damage_healed":0.0,"max_hp_gain":0.0,"max_hp_loss":0.0,"gold_gain":0.0,"event_name":"Scrap Ooze","player_choice":"Success","floor":4.0,"gold_loss":0.0,"damage_taken":7.0,"relics_obtained":["Boot"]},{"damage_healed":0,"gold_gain":0,"player_choice":"Rummage","damage_taken":0,"relics_obtained":["WarpedTongs"],"max_hp_gain":0,"max_hp_loss":0,"event_name":"Accursed Blacksmith","floor":31,"gold_loss":0,"cards_obtained":["Pain"]}],"is_beta":false,"boss_relics":[{"not_picked":["vexMod:NewClearReactor","SacredBark","infinitespire:Cupcake"]}],"items_purged_floors":[],"is_endless":false,"potions_floor_spawned":[10,14,19,23,29,30],"killed_by":"IC_MUSHROOM_ARCHETYPE","ascension_level":0}}