{"host":"roto7j7840a50pxh","time":1611376816,"event":{"mods":["Act Like it!","BaseMod","Better Altar","Better Note","Better Sensory Stone","Better Skull","Better Third Choice","BetterRewards","Colored Map","Colored Powertips","Downfall","Hermit","Highlight Path","Hubris","Infinite Spire","Minty Spire (QoL Compilation)","Robot Space Explorer","Shade Mod","Spicy Shops","StSLib","The Cursed","The Dragon Tamer","The Hierophant","The Necromancer","The Runesmith","The Servant 0.9.4","TheVacant"],"gold_per_floor":[114,134,149,149,162,162,196,196,241,260,260,280,310,310,310,411,411,427,447,467,486,500,528,528,528,602,602,602,616,945,957,957,1054,1054,1072,1086,1100,1111,517,517,527,527,579,579,579,609,609,627,627,627,627,627],"floor_reached":50,"language":"ENG","playtime":5046,"items_purged":["DTMod:Strike","Regret"],"score":970,"play_id":"330fec80-988c-41e6-b50d-94d532f03fa0","local_time":"20210122234016","is_ascension_mode":true,"metric_token":1747,"campfire_choices":[{"floor":6.0,"key":"REST"},{"floor":8.0,"key":"REST"},{"floor":11.0,"key":"REST"},{"data":"Apotheosis","floor":15.0,"key":"SMITH"},{"data":"DTMod:Harmonize","floor":24.0,"key":"SMITH"},{"floor":27.0,"key":"REST"},{"floor":32.0,"key":"REST"},{"floor":40,"key":"REST"},{"floor":42,"key":"REST"},{"floor":47,"key":"REST"},{"data":"DTMod:ResonanceForm","floor":49,"key":"SMITH"}],"dtmod_dragon_data":[41,50,1,1,12,11],"circlet_count":0,"master_deck":["DTMod:Strike","DTMod:Strike","DTMod:Strike","DTMod:DoubleHit","DTMod:TargetDefense+1","DTMod:TargetDefense","DTMod:TargetDefense","DTMod:TargetDefense","DTMod:SwitchingTactic+1","DTMod:QuickFly","DTMod:Weaken","DTMod:DeepFocus","DTMod:BlazingStrike","DTMod:Threaten","DTMod:Dissolve","DTMod:BlueScale","DTMod:Threaten","DTMod:BurningForce","DTMod:Dissolve","DTMod:HeatWave","DTMod:BlazingStrike","DTMod:FlameSlash","DTMod:CleansingStrike","DTMod:HeatWave","DTMod:Cover","DTMod:PurifyingFlame","Apotheosis+1","DTMod:StunTrap","DTMod:Cover","DTMod:Harmonize+1","DTMod:Training+1","DTMod:MagiciansMark","DTMod:ForkedFire","DTMod:BlazingStrike","DTMod:QuickFly","DTMod:PurifyingFlame+1","DTMod:BalancedStrike","DTMod:FlameSlash","DTMod:ResonanceForm+1","DTMod:Safeguard","DTMod:MasterPlan","DTMod:PurifyingFlame","DTMod:LastStand+1","DTMod:Hide+1","DTMod:Punisher+1","DTMod:Overwhelm","DTMod:BizarreTactic","DTMod:RunningTactic","DTMod:Dissolve+1","DTMod:CleansingStrike+1","downfall:Aged","DTMod:BizarreTactic+1","DTMod:SneakAttack+1","DTMod:ShieldDrain"],"relics":["DTMod:PactStone","War Paint","Frozen Eye","DollysMirror","hubris:Towel","hubris:SlimyHat","Anchor","Eternal Feather","Cursed Key","Oddly Smooth Stone","White Beast Statue","Prayer Wheel","expansioncontent:StudyCardRelic","Old Coin","Black Star","Gremlin Horn","Blood Vial","DTMod:BasicTextbook","DTMod:AncientBone","hubris:BottledRain"],"acts_visited":["Exordium","TheCity","TheBeyond"],"potions_floor_usage":[33,33,36,37,38,46,50,50],"damage_taken":[{"damage":0.0,"enemies":"2 Louse","floor":1.0,"turns":1.0},{"damage":0.0,"enemies":"Small Slimes","floor":2.0,"turns":3.0},{"damage":0.0,"enemies":"infinitespire:Voidling","floor":3.0,"turns":2.0},{"damage":0.0,"enemies":"3 Louse","floor":5.0,"turns":2.0},{"damage":28.0,"enemies":"Lagavulin","floor":7.0,"turns":7.0},{"damage":0.0,"enemies":"Blue Slaver","floor":10.0,"turns":2.0},{"damage":0.0,"enemies":"Gremlin Gang","floor":12.0,"turns":3.0},{"damage":5.0,"enemies":"Gremlin Nob","floor":13.0,"turns":4.0},{"damage":3.0,"enemies":"Slime Boss","floor":16.0,"turns":8.0},{"damage":0.0,"enemies":"Shell Parasite","floor":18.0,"turns":4.0},{"damage":0.0,"enemies":"2 Thieves","floor":19.0,"turns":4.0},{"damage":4.0,"enemies":"Snake Plant","floor":20.0,"turns":5.0},{"damage":1.0,"enemies":"Snecko","floor":21.0,"turns":6.0},{"damage":0.0,"enemies":"Shelled Parasite and Fungi","floor":22.0,"turns":5.0},{"damage":10.0,"enemies":"Slavers","floor":23.0,"turns":6.0},{"damage":0.0,"enemies":"Snake Plant","floor":29.0,"turns":4.0},{"damage":0.0,"enemies":"Book of Stabbing","floor":30.0,"turns":5.0},{"damage":0.0,"enemies":"Snecko","floor":31.0,"turns":2.0},{"damage":0,"enemies":"Collector","floor":33,"turns":11},{"damage":3,"enemies":"3 Shapes","floor":35,"turns":4},{"damage":28,"enemies":"3 Darklings","floor":36,"turns":5},{"damage":10,"enemies":"Jaw Worm Horde","floor":37,"turns":3},{"damage":0,"enemies":"Sphere and 2 Shapes","floor":38,"turns":3},{"damage":0,"enemies":"Spire Growth","floor":41,"turns":6},{"damage":21,"enemies":"Reptomancer","floor":46,"turns":4},{"damage":0,"enemies":"Maw","floor":48,"turns":9},{"damage":171,"enemies":"hubris:GrandSnecko","floor":50,"turns":18}],"seed_played":"5978436469372016242","potions_obtained":[{"floor":10.0,"key":"FearPotion"},{"floor":12.0,"key":"Strength Potion"},{"floor":13.0,"key":"Fire Potion"},{"floor":16.0,"key":"BlessingOfTheForge"},{"floor":21.0,"key":"SteroidPotion"},{"floor":22.0,"key":"Swift Potion"},{"floor":23.0,"key":"ColorlessPotion"},{"floor":29.0,"key":"EssenceOfSteel"},{"floor":30.0,"key":"SkillPotion"},{"floor":31.0,"key":"champ:CounterPotion"},{"floor":33,"key":"SneckoOil"},{"floor":35,"key":"champ:CounterPotion"},{"floor":36,"key":"PowerPotion"},{"floor":37,"key":"FearPotion"},{"floor":38,"key":"LiquidBronze"},{"floor":41,"key":"hexamod:SoulburnPotion"},{"floor":46,"key":"Regen Potion"},{"floor":48,"key":"Energy Potion"}],"is_trial":false,"path_per_floor":["M","M","M","?","M","R","E","R","T","M","R","M","E","?","R","B",null,"M","M","M","M","M","E","R","?","T","R","AVR","M","E","M","R","B",null,"M","M","M","M","$","R","M","R","T","?","?","E","R","M","R","B"],"character_chosen":"THE_DT","items_purchased":["DTMod:CrossStep","DTMod:QuickFly","DTMod:Weaken","DTMod:DeepFocus","DTMod:BlazingStrike","DTMod:Threaten","War Paint","Frozen Eye","DTMod:Dissolve","DTMod:BlueScale","DTMod:Threaten","DTMod:BurningForce","DollysMirror","Gremlin Horn","DTMod:BizarreTactic","DTMod:RunningTactic","Blood Vial"],"campfire_rested":8,"item_purchase_floors":[0,0,0,0,0,0,0,0,0,0,0,0,0,39,39,39,39],"current_hp_per_floor":[16,16,16,16,16,29,1,14,14,14,27,27,22,22,37,34,45,45,45,41,40,40,30,45,55,55,55,55,55,55,55,55,55,55,52,24,14,14,14,55,55,55,55,55,55,34,55,55,55,0,0,0],"gold":627,"neow_bonus":"","is_daily":false,"chose_seed":false,"campfire_upgraded":3,"win_rate":0.0,"timestamp":1611376816,"path_taken":["M","M","M","?","M","R","E","R","T","M","R","M","E","?","R","BOSS","M","?","M","M","M","E","R","?","T","R","AVR","M","E","M","R","BOSS","M","M","?","M","$","R","?","R","T","?","?","E","R","M","R","BOSS"],"items_purchased_type":["Card","Card","Card","Card","Card","Card","Relic","Relic","Card","Card","Card","Card","Relic","Relic","Card","Card","Relic"],"build_version":"2020-12-22","purchased_purges":2,"victory":false,"max_hp_per_floor":[45,45,45,45,45,45,45,45,45,45,45,45,45,45,45,45,45,45,45,45,45,45,45,45,55,55,55,55,55,55,55,55,55,55,55,55,55,55,55,55,55,55,55,55,55,55,55,55,55,55,55,55],"card_choices":[{"not_picked":["DTMod:Training","DTMod:ShieldDrain"],"picked":"DTMod:HeatWave","floor":1.0},{"not_picked":["DTMod:HeatWave","DTMod:StarRain"],"picked":"DTMod:BlazingStrike","floor":2.0},{"not_picked":["DTMod:MasterPlan","DTMod:SneakAttack"],"picked":"DTMod:FlameSlash","floor":3.0},{"not_picked":["DTMod:RunningTactic","DTMod:SneakAttack"],"picked":"DTMod:CleansingStrike","floor":5.0},{"not_picked":["DTMod:RecklessFlurry","DTMod:Feint"],"picked":"DTMod:HeatWave","floor":7.0},{"not_picked":["DTMod:StarRain","DTMod:MagicField"],"picked":"DTMod:SealedStrike","floor":10.0},{"not_picked":["DTMod:Threaten","DTMod:Punisher"],"picked":"DTMod:Cover","floor":12.0},{"not_picked":["DTMod:DeepFocus","DTMod:FlameSlash"],"picked":"DTMod:PurifyingFlame","floor":13.0},{"not_picked":["Enlightenment","Transmutation"],"picked":"Apotheosis","floor":14.0},{"not_picked":["DTMod:OpeningTactic","DTMod:FierySynthesis"],"picked":"DTMod:StunTrap","floor":16.0},{"not_picked":["DTMod:PurifyingFlame","DTMod:FlameSlash+1"],"picked":"DTMod:Cover","floor":18.0},{"not_picked":["DTMod:MagicField+1","DTMod:InvisibleFlame+1"],"picked":"DTMod:Harmonize","floor":19.0},{"not_picked":["DTMod:BurningEnergy","DTMod:Cover"],"picked":"DTMod:Training+1","floor":20.0},{"not_picked":["DTMod:RunningTactic+1","DTMod:Multitask"],"picked":"DTMod:MagiciansMark","floor":21.0},{"not_picked":["DTMod:Punisher","DTMod:Hide"],"picked":"DTMod:ForkedFire","floor":22.0},{"not_picked":["DTMod:CleansingStrike","DTMod:LowKick"],"picked":"DTMod:BlazingStrike","floor":23.0},{"not_picked":["DTMod:BuildUp","DTMod:BurningEnergy+1"],"picked":"DTMod:QuickFly","floor":29.0},{"not_picked":["DTMod:Conduct","DTMod:CalculatedDefense"],"picked":"DTMod:PurifyingFlame+1","floor":29.0},{"not_picked":["DTMod:Hide","DTMod:Observe"],"picked":"DTMod:BalancedStrike","floor":30.0},{"not_picked":["DTMod:LowKick","DTMod:LastStand+1"],"picked":"DTMod:FlameSlash","floor":31.0},{"not_picked":["DTMod:Punisher","DTMod:ResonanceForm","DTMod:TauntingStrike+1"],"picked":"SKIP","floor":31.0},{"not_picked":["DTMod:Punisher","DTMod:TauntingStrike+1"],"picked":"DTMod:ResonanceForm","floor":31.0},{"not_picked":["DTMod:StunTrap","DTMod:FierySynthesis"],"picked":"DTMod:Safeguard","floor":33},{"not_picked":["DTMod:Training+1","DTMod:CrossStep"],"picked":"DTMod:MasterPlan","floor":35},{"not_picked":["DTMod:BuildUp","DTMod:Feint+1"],"picked":"DTMod:PurifyingFlame","floor":35},{"not_picked":["DTMod:ShieldDrain+1","DTMod:DeepFocus"],"picked":"DTMod:LastStand+1","floor":36},{"not_picked":["DTMod:GhostSkin","DTMod:Overwhelm","DTMod:BurningForce+1"],"picked":"SKIP","floor":36},{"not_picked":["DTMod:Punisher","DTMod:MasterPlan+1"],"picked":"DTMod:Hide+1","floor":37},{"not_picked":["DTMod:Weaken","DTMod:DeepFocus+1","DTMod:BurningEnergy+1"],"picked":"SKIP","floor":37},{"not_picked":["DTMod:CalculatedDefense+1","DTMod:MasterPlan+1"],"picked":"DTMod:Punisher+1","floor":38},{"not_picked":["DTMod:MagicField+1","DTMod:BreakAttack+1"],"picked":"DTMod:Overwhelm","floor":38},{"not_picked":["DTMod:Conduct+1","DTMod:BlazingStrike+1"],"picked":"DTMod:Dissolve+1","floor":41},{"not_picked":["DTMod:Hide","DTMod:QuickFly+1"],"picked":"DTMod:CleansingStrike+1","floor":41},{"not_picked":["DTMod:Cover+1","DTMod:LowKick"],"picked":"DTMod:BizarreTactic+1","floor":46},{"not_picked":["DTMod:LowKick+1","DTMod:Punisher"],"picked":"DTMod:SneakAttack+1","floor":48},{"not_picked":["DTMod:Safeguard","DTMod:RunningTactic"],"picked":"DTMod:ShieldDrain","floor":48}],"player_experience":1596866,"relics_obtained":[{"floor":7.0,"key":"hubris:SlimyHat"},{"floor":9.0,"key":"Anchor"},{"floor":13.0,"key":"Eternal Feather"},{"floor":23.0,"key":"Oddly Smooth Stone"},{"floor":26.0,"key":"White Beast Statue"},{"floor":30.0,"key":"Old Coin"},{"floor":43,"key":"DTMod:BasicTextbook"},{"floor":46,"key":"DTMod:AncientBone"},{"floor":46,"key":"hubris:BottledRain"}],"event_choices":[{"damage_healed":0.0,"max_hp_gain":0.0,"max_hp_loss":0.0,"gold_gain":1.0,"event_name":"betterStone:BetterStone","player_choice":"1","floor":14.0,"gold_loss":0.0,"damage_taken":0.0},{"cards_removed":["DTMod:SealedStrike"],"damage_healed":0.0,"max_hp_gain":10.0,"max_hp_loss":0.0,"gold_gain":0.0,"event_name":"Bonfire Elementals","player_choice":"Offered Rare","floor":25.0,"gold_loss":0.0,"damage_taken":0.0},{"cards_removed":["DTMod:CrossStep"],"damage_healed":0,"gold_gain":0,"player_choice":"Removed Power","damage_taken":0,"max_hp_gain":0,"max_hp_loss":0,"event_name":"Falling","floor":44,"gold_loss":0}],"is_beta":false,"boss_relics":[{"not_picked":["hubris:RunicObelisk","infinitespire:Cupcake"],"picked":"Cursed Key"},{"not_picked":["Velvet Choker","hubris:CrackedHourglass"],"picked":"Black Star"}],"items_purged_floors":[0,39],"is_endless":false,"potions_floor_spawned":[10,12,13,16,21,22,23,29,30,31,33,35,36,37,38,41,46,48],"killed_by":"hubris:GrandSnecko","ascension_level":3}}