{"host":"a3oe3gstxz77c7qu","time":1611410260,"event":{"mods":["2.2 Compatiblity","Act Like it!","Astrologer","BaseMod","Bestiary","Better Altar","Better Match","Better Note","Better Skull","Better Third Choice","Block Reminder","Curses Come First","Custom Start","Dark Map","Downfall","Fox Events","Friendly Minions","GifTheSpireLib","Hallownest","Hermit","Jorbs\u0027s Wanderer Trilogy","Lobotomy","LobotomyExtend","Marisa????????","Minty Spire (QoL Compilation)","Permanent Neow","Quick Restart","Relic Stats","Spire Arcade","StSLib","The Bug Knight","The Cursed","The Disciple","The Jungle","Uncapped","Unknown Chances","Wandering Minibosses"],"gold_per_floor":[111,127,127,92,92,136,136,11,11,32,56,92,92,54,54,184,184,204,204,219,243,267,267,291,291,291,329,342,381,301,301,301,427,427,448,448,29,47,71,71,105,105,128,2,2,16,35,91,91,91,91],"floor_reached":52,"language":"ENG","playtime":2732,"items_purged":["CentralCode","InformationCode","SpecialBullet"],"score":1104,"play_id":"ff590b30-6ab6-42f6-946e-3b168acb97bf","local_time":"20210123135740","is_ascension_mode":true,"campfire_choices":[],"circlet_count":0,"master_deck":["SpecialBullet","SpecialBullet","SpecialBullet","SpecialBullet","SpecialBullet","SpecialBullet","SpecialBullet","SecurityCode","Pinks","DisciplinaryCode","FourthMatchFlame","FourthMatchFlame","Variant","TheSmile+1","VoidDream","FourthMatchFlame","Diffraction+1","DaCapo+1","Diffraction+1","SoundOfStar+1","DaCapo+1","SolemnVow+1","Diffraction+1","SpecialBullet","SpecialBullet","SpecialBullet"],"relics":["CogitoBucket","RabbitCall","LetterFromLob","Golden Idol","Dead Branch","MealTicket","Toxic Egg 2","sneckomod:SneckoTalon","AspirationHeart","Question Card","The Courier","SkinProphecy","Red Mask","Fusion Hammer","Pen Nib","hexamod:CandleOfCauterizing","wanderingMiniBosses:AbyssPearl","AtMidnight","ChangeAnything","Happy Flower","Vajra","Potion Belt","Du-Vu Doll"],"acts_visited":["Exordium","TheCity","TheBeyond"],"potions_floor_usage":[10,18,20,50,50,50],"damage_taken":[{"damage":6,"enemies":"2 Louse","floor":1,"turns":2},{"damage":12,"enemies":"Jaw Worm","floor":2,"turns":2},{"damage":37,"enemies":"Gremlin Nob","floor":6,"turns":5},{"damage":8,"enemies":"Small Slimes","floor":10,"turns":6},{"damage":0,"enemies":"2 Fungi Beasts","floor":11,"turns":1},{"damage":5,"enemies":"3 Sentries","floor":12,"turns":3},{"damage":9,"enemies":"Hexaghost","floor":16,"turns":7},{"damage":6,"enemies":"Shell Parasite","floor":18,"turns":2},{"damage":0,"enemies":"3 Byrds","floor":20,"turns":3},{"damage":0,"enemies":"Centurion and Healer","floor":21,"turns":3},{"damage":2,"enemies":"Chosen and Byrds","floor":22,"turns":5},{"damage":3,"enemies":"Snake Plant","floor":24,"turns":3},{"damage":0,"enemies":"Slavers","floor":27,"turns":2},{"damage":2,"enemies":"Shelled Parasite and Fungi","floor":28,"turns":5},{"damage":0,"enemies":"Masked Bandits","floor":29,"turns":2},{"damage":48,"enemies":"Collector","floor":33,"turns":9},{"damage":0,"enemies":"Orb Walker","floor":35,"turns":1},{"damage":6,"enemies":"3 Shapes","floor":38,"turns":1},{"damage":4,"enemies":"Sphere and 2 Shapes","floor":39,"turns":3},{"damage":5,"enemies":"Nemesis","floor":41,"turns":7},{"damage":0,"enemies":"Jaw Worm Horde","floor":46,"turns":2},{"damage":8,"enemies":"4 Shapes","floor":47,"turns":1},{"damage":9,"enemies":"2 Orb Walkers","floor":48,"turns":4},{"damage":37,"enemies":"Donu and Deca","floor":50,"turns":4}],"seed_played":"-8405727594662341930","potions_obtained":[{"floor":0,"key":"Regen Potion"},{"floor":0,"key":"Explosive Potion"},{"floor":0,"key":"SmokeBomb"},{"floor":11,"key":"Fire Potion"},{"floor":18,"key":"LiquidBronze"},{"floor":22,"key":"Dexterity Potion"},{"floor":38,"key":"LiquidMemories"},{"floor":41,"key":"DuplicationPotion"},{"floor":45,"key":"Guardian:BlockOnCardUsePotion"},{"floor":45,"key":"Energy Potion"}],"is_trial":false,"path_per_floor":["M","M","?","?","?","E","R","$","T","M","M","E","R","?","R","B",null,"M","?","M","M","M","R","M","R","T","E","M","?","$","?","R","B",null,"M","?","$","M","M","R","E","R","T","$","?","M","M","?","R","B",null,null],"character_chosen":"Angela","items_purchased":["FourthMatchFlame","Pen Nib","hexamod:CandleOfCauterizing","Potion Belt"],"campfire_rested":0,"item_purchase_floors":[8,37,37,44],"current_hp_per_floor":[65,61,44,61,61,32,32,32,32,32,40,43,43,43,43,42,63,75,75,80,80,80,80,80,80,80,80,80,82,82,82,82,42,74,82,82,86,88,76,76,85,85,94,94,94,96,98,100,100,67,77],"gold":91,"neow_bonus":"THREE_SMALL_POTIONS","is_daily":false,"chose_seed":false,"campfire_upgraded":0,"win_rate":0.0,"timestamp":1611410260,"path_taken":["M","M","?","?","?","E","R","$","T","M","M","E","R","?","R","BOSS","M","?","M","?","M","R","M","R","T","E","M","?","$","?","R","BOSS","M","?","?","M","M","R","E","R","T","$","?","?","M","?","R","BOSS"],"items_purchased_type":["Card","Relic","Relic","Relic"],"build_version":"2020-12-22","purchased_purges":3,"victory":true,"max_hp_per_floor":[70,70,70,70,70,70,70,70,70,70,70,70,70,70,70,70,70,80,80,80,80,80,80,80,80,80,80,80,82,82,82,82,84,84,86,86,86,88,92,92,94,94,94,94,94,96,98,100,100,104,104],"relic_stats":{"Happy Flower":[4],"counters":[28,87],"Golden Idol":181,"Dead Branch":[222],"MealTicket":4,"Pen Nib":[4],"Question Card":38,"obtain_stats":[{"Potion Belt":44,"RabbitCall":0,"hexamod:CandleOfCauterizing":37,"Happy Flower":41,"Golden Idol":3,"Dead Branch":6,"AspirationHeart":18,"Vajra":43,"The Courier":27,"Pen Nib":37,"wanderingMiniBosses:AbyssPearl":39,"SkinProphecy":28,"sneckomod:SneckoTalon":17,"Question Card":26,"Du-Vu Doll":48,"CogitoBucket":0,"AtMidnight":39,"MealTicket":9,"Fusion Hammer":34,"LetterFromLob":1,"Red Mask":29,"Toxic Egg 2":12,"ChangeAnything":39},{"Potion Belt":23,"RabbitCall":0,"hexamod:CandleOfCauterizing":19,"Happy Flower":23,"Golden Idol":2,"Dead Branch":3,"AspirationHeart":9,"Vajra":23,"The Courier":14,"Pen Nib":19,"wanderingMiniBosses:AbyssPearl":22,"SkinProphecy":16,"sneckomod:SneckoTalon":7,"Question Card":13,"Du-Vu Doll":26,"CogitoBucket":0,"AtMidnight":22,"MealTicket":3,"Fusion Hammer":18,"LetterFromLob":1,"Red Mask":17,"Toxic Egg 2":6,"ChangeAnything":22},{"Potion Belt":75,"RabbitCall":0,"hexamod:CandleOfCauterizing":63,"Happy Flower":75,"Golden Idol":4,"Dead Branch":9,"AspirationHeart":29,"Vajra":75,"The Courier":45,"Pen Nib":63,"wanderingMiniBosses:AbyssPearl":68,"SkinProphecy":51,"sneckomod:SneckoTalon":26,"Question Card":43,"Du-Vu Doll":82,"CogitoBucket":0,"AtMidnight":68,"MealTicket":9,"Fusion Hammer":62,"LetterFromLob":2,"Red Mask":53,"Toxic Egg 2":19,"ChangeAnything":68}]},"card_choices":[{"not_picked":["Lantern","Harmony"],"picked":"SKIP","floor":1},{"not_picked":["BearPaw"],"picked":"Pinks","floor":2},{"not_picked":["Hornet","Loneliness"],"picked":"SKIP","floor":6},{"not_picked":["Hornet","Loneliness"],"picked":"SKIP","floor":6},{"not_picked":["FrostShard","LifeForTheDareDevil"],"picked":"SKIP","floor":10},{"not_picked":["Ecstasy"],"picked":"FourthMatchFlame","floor":11},{"not_picked":["ShyLook","OSAHOGD"],"picked":"Variant","floor":12},{"not_picked":["BloodyDesire+1","GrinderMk4"],"picked":"SKIP","floor":12},{"not_picked":["Adoration+1"],"picked":"TheSmile+1","floor":16},{"not_picked":["Scorched","UniverseFragment"],"picked":"VoidDream","floor":18},{"not_picked":["Soda","Hornet"],"picked":"SKIP","floor":18},{"not_picked":["Noise+1","Horn"],"picked":"SKIP","floor":20},{"not_picked":["CherryBlossom+1"],"picked":"FourthMatchFlame","floor":21},{"not_picked":["Discord","Wingbeat+1"],"picked":"SKIP","floor":22},{"not_picked":["TodaysExpression+1","Pinks+1"],"picked":"SKIP","floor":24},{"not_picked":["BlueScar+1","Discord","Lantern+1"],"picked":"SKIP","floor":27},{"not_picked":["Galaxy+1","BearPaw+1"],"picked":"Diffraction+1","floor":28},{"not_picked":["Lantern","CUTE+1"],"picked":"DaCapo+1","floor":29},{"not_picked":["Adoration+1","TheSmile+1"],"picked":"SoundOfStar+1","floor":33},{"not_picked":["Beak+1","Discord","MagicBullet+1"],"picked":"SKIP","floor":35},{"not_picked":["RedEyes+1","Horn","Wingbeat+1"],"picked":"SKIP","floor":38},{"not_picked":["TodaysExpression+1","DaCapo+1","Soda+1"],"picked":"SKIP","floor":39},{"not_picked":["Beak+1","Penitence+1"],"picked":"DaCapo+1","floor":41},{"not_picked":["Harvest","Horn"],"picked":"SolemnVow+1","floor":46},{"not_picked":["Horn","Hypocrisy+1"],"picked":"Diffraction+1","floor":47}],"player_experience":1082253,"relics_obtained":[{"floor":1,"key":"LetterFromLob"},{"floor":6,"key":"Dead Branch"},{"floor":9,"key":"MealTicket"},{"floor":12,"key":"Toxic Egg 2"},{"floor":26,"key":"Question Card"},{"floor":27,"key":"The Courier"},{"floor":29,"key":"Red Mask"},{"floor":39,"key":"wanderingMiniBosses:AbyssPearl"},{"floor":39,"key":"AtMidnight"},{"floor":41,"key":"Happy Flower"},{"floor":43,"key":"Vajra"},{"floor":48,"key":"Du-Vu Doll"}],"event_choices":[{"damage_healed":0,"gold_gain":0,"player_choice":"Take Damage","damage_taken":17,"relics_obtained":["Golden Idol"],"max_hp_gain":0,"max_hp_loss":0,"event_name":"Golden Idol","floor":3,"gold_loss":0},{"damage_healed":17,"gold_gain":0,"player_choice":"Healed","damage_taken":0,"max_hp_gain":0,"max_hp_loss":0,"event_name":"The Cleric","floor":4,"gold_loss":35},{"damage_healed":0,"gold_gain":0,"player_choice":"Left","damage_taken":0,"max_hp_gain":0,"max_hp_loss":0,"event_name":"betterThird:BetterGoop","floor":14,"gold_loss":38},{"damage_healed":0,"gold_gain":0,"player_choice":"Bought 0 Potions","damage_taken":0,"max_hp_gain":0,"max_hp_loss":0,"event_name":"The Woman in Blue","floor":19,"gold_loss":0},{"damage_healed":0,"gold_gain":0,"player_choice":"Fought Bandits","damage_taken":0,"max_hp_gain":0,"max_hp_loss":0,"event_name":"Masked Bandits","floor":29,"gold_loss":0},{"damage_healed":0,"gold_gain":0,"player_choice":"Read","damage_taken":0,"max_hp_gain":0,"max_hp_loss":0,"event_name":"The Library","floor":31,"gold_loss":0,"cards_obtained":["Diffraction"]},{"damage_healed":0,"gold_gain":0,"player_choice":"Got Potions","damage_taken":0,"max_hp_gain":0,"max_hp_loss":0,"event_name":"Lab","floor":45,"gold_loss":0},{"damage_healed":0,"gold_gain":0,"player_choice":"Fight","damage_taken":0,"max_hp_gain":0,"max_hp_loss":0,"event_name":"Mysterious Sphere","floor":48,"gold_loss":0}],"is_beta":false,"boss_relics":[{"not_picked":["bronze:MakeshiftBattery","Ectoplasm"],"picked":"sneckomod:SneckoTalon"},{"not_picked":["Black Star","Cursed Key"],"picked":"Fusion Hammer"}],"items_purged_floors":[8,30,37],"is_endless":false,"potions_floor_spawned":[1,11,18,22,27,33,38,41,46],"ascension_level":8}}