{"host":"u1dfzl6o6mfmauc3","time":1611364120,"event":{"mods":["2.2 Compatiblity","AchievementEnabler","BaseMod","Block Reminder","Challenge The Spire","Dark Map","Hermit","Minty Spire (QoL Compilation)","Relic Stats","Robot Space Explorer","StSLib","The Disciple"],"gold_per_floor":[111,111,186,186,207,207,241,256,337,337,357,395,458,488,500,632,644,669,696,273,309,309,309,347,347,394,394,417,460,125,149,149,278,278,298,321,384,402,402,402,438,438,491,491,507,550,574,275,295,319,319,319,319,319,98,131,131],"floor_reached":58,"language":"ENG","playtime":2849,"items_purged":["RobotSpaceExplorer:FreezeRay","RobotSpaceExplorer:ToxicBomb"],"score":1419,"play_id":"e6a5c31c-97f8-4ead-8fe2-a317fca81d13","local_time":"20210122200840","is_ascension_mode":true,"campfire_choices":[{"data":"RobotSpaceExplorer:ChargingLaser","floor":6.0,"key":"SMITH"},{"data":"RobotSpaceExplorer:Fix","floor":10.0,"key":"SMITH"},{"data":"RobotSpaceExplorer:MiniDrones","floor":15.0,"key":"SMITH"},{"data":"RobotSpaceExplorer:Multitool","floor":23.0,"key":"SMITH"},{"data":"RobotSpaceExplorer:MiniBoosters","floor":25.0,"key":"SMITH"},{"data":"RobotSpaceExplorer:PowerCollector","floor":32.0,"key":"SMITH"},{"data":"RobotSpaceExplorer:DoubleBlock","floor":40,"key":"SMITH"},{"floor":51,"key":"RECALL"},{"data":"RobotSpaceExplorer:Blaster","floor":54,"key":"SMITH"}],"circlet_count":0,"master_deck":["RobotSpaceExplorer:Scan","RobotSpaceExplorer:MiniLasers","RobotSpaceExplorer:DoubleBlock+1","RobotSpaceExplorer:ChargingLaser+1","RobotSpaceExplorer:Scanner+1","RobotSpaceExplorer:IronShell+1","RobotSpaceExplorer:FreezeRay","RobotSpaceExplorer:Fix+1","RobotSpaceExplorer:SurgingStrike","RobotSpaceExplorer:ToxicBomb","RobotSpaceExplorer:GlueShot+1","RobotSpaceExplorer:GearShield","RobotSpaceExplorer:DoubleFind","RobotSpaceExplorer:MiniDrones+1","RobotSpaceExplorer:Multitool+1","RobotSpaceExplorer:MiniBoosters+1","RobotSpaceExplorer:PowerCollector+1","RobotSpaceExplorer:FrostMissile","RobotSpaceExplorer:Blaster+1","RobotSpaceExplorer:DualCore","RobotSpaceExplorer:ShovelStrike+1","RobotSpaceExplorer:DoubleBlock+1"],"relics":["Pandora\u0027s Box","Golden Idol","Boot","Eternal Feather","MawBank","Dream Catcher","Velvet Choker","Medical Kit","War Paint","Red Mask","Thread and Needle","Nunchaku","Oddly Smooth Stone","Ancient Tea Set","RobotSpaceExplorer:SearchSpecs","RobotSpaceExplorer:RingOfTheNewt","Question Card","Bottled Lightning","PreservedInsect","Orichalcum","Strawberry","RobotSpaceExplorer:ClockworkSextant","Bag of Marbles","Vajra"],"acts_visited":["Exordium","TheCity","TheBeyond","TheEnding"],"potions_floor_usage":[35,49,50,57,57,57],"damage_taken":[{"damage":0.0,"enemies":"Small Slimes","floor":1.0,"turns":4.0},{"damage":4.0,"enemies":"2 Louse","floor":5.0,"turns":4.0},{"damage":14.0,"enemies":"Gremlin Nob","floor":7.0,"turns":5.0},{"damage":0.0,"enemies":"Cultist","floor":8.0,"turns":4.0},{"damage":9.0,"enemies":"Blue Slaver","floor":11.0,"turns":3.0},{"damage":2.0,"enemies":"3 Sentries","floor":12.0,"turns":4.0},{"damage":1.0,"enemies":"2 Fungi Beasts","floor":14.0,"turns":4.0},{"damage":15.0,"enemies":"The Guardian","floor":16.0,"turns":9.0},{"damage":11.0,"enemies":"Spheric Guardian","floor":18.0,"turns":5.0},{"damage":0.0,"enemies":"3 Byrds","floor":19.0,"turns":4.0},{"damage":9.0,"enemies":"Masked Bandits","floor":21.0,"turns":4.0},{"damage":12.0,"enemies":"Gremlin Leader","floor":24.0,"turns":5.0},{"damage":1.0,"enemies":"Centurion and Healer","floor":28.0,"turns":6.0},{"damage":12.0,"enemies":"Slavers","floor":29.0,"turns":4.0},{"damage":2.0,"enemies":"Cultist and Chosen","floor":31.0,"turns":6.0},{"damage":0.0,"enemies":"Champ","floor":33.0,"turns":9.0},{"damage":0,"enemies":"3 Shapes","floor":35,"turns":5},{"damage":12,"enemies":"Orb Walker","floor":36,"turns":4},{"damage":4,"enemies":"Mind Bloom Boss Battle","floor":37,"turns":6},{"damage":7,"enemies":"Transient","floor":38,"turns":5},{"damage":5,"enemies":"Reptomancer","floor":41,"turns":7},{"damage":0,"enemies":"Sphere and 2 Shapes","floor":45,"turns":4},{"damage":10,"enemies":"Nemesis","floor":46,"turns":5},{"damage":0,"enemies":"3 Darklings","floor":47,"turns":4},{"damage":4,"enemies":"Jaw Worm Horde","floor":49,"turns":4},{"damage":0,"enemies":"4 Shapes","floor":50,"turns":4},{"damage":20,"enemies":"Time Eater","floor":52,"turns":12},{"damage":0,"enemies":"Shield and Spear","floor":56,"turns":5},{"damage":25,"enemies":"The Heart","floor":57,"turns":12}],"seed_played":"-5500718171170469123","potions_obtained":[{"floor":7.0,"key":"Fire Potion"},{"floor":8.0,"key":"Swift Potion"},{"floor":11.0,"key":"GamblersBrew"},{"floor":18.0,"key":"RobotSpaceExplorer:RecyclePotion"},{"floor":29.0,"key":"Ancient Potion"},{"floor":37,"key":"FearPotion"},{"floor":41,"key":"PowerPotion"},{"floor":46,"key":"DistilledChaos"},{"floor":49,"key":"Dexterity Potion"}],"is_trial":false,"path_per_floor":["M","?","?","?","M","R","E","M","T","R","M","E","T","M","R","B",null,"M","M","$","?","?","R","E","R","T","?","M","E","$","M","R","B",null,"M","M","?","M","T","R","E","?","T","T","M","E","M","$","M","M","R","B",null,"R","$","E","B",null],"character_chosen":"RobotSpaceExplorer","items_purchased":["Medical Kit","War Paint","Block Potion","Ancient Tea Set","Block Potion","RobotSpaceExplorer:DualCore","Strawberry","RobotSpaceExplorer:ClockworkSextant","DuplicationPotion","Bag of Marbles"],"campfire_rested":0,"item_purchase_floors":[20,20,20,30,30,30,48,48,55,55],"current_hp_per_floor":[75,57,46,31,31,31,21,25,25,31,28,26,26,31,40,31,75,64,70,70,66,66,75,69,75,75,75,75,69,69,73,75,75,75,75,63,65,64,64,75,75,75,75,75,75,71,71,78,79,82,82,68,82,82,82,82,57],"gold":131,"neow_bonus":"BOSS_RELIC","is_daily":false,"chose_seed":false,"campfire_upgraded":8,"win_rate":0.0,"timestamp":1611364120,"path_taken":["M","?","?","?","M","R","E","M","T","R","M","E","?","M","R","BOSS","M","M","$","?","?","R","E","R","T","?","M","E","$","M","R","BOSS","M","M","?","M","?","R","E","?","T","T","M","E","M","$","?","M","R","BOSS","R","$","E","BOSS"],"items_purchased_type":["Relic","Relic","Potion","Relic","Potion","Card","Relic","Relic","Potion","Relic"],"build_version":"2020-12-22","purchased_purges":2,"victory":true,"max_hp_per_floor":[75,75,75,75,75,75,75,75,75,75,75,75,75,75,75,75,75,75,75,75,75,75,75,75,75,75,75,75,75,75,75,75,75,75,75,75,75,75,75,75,75,75,75,75,75,75,75,82,82,82,82,82,82,82,82,82,82],"relic_stats":{"counters":[29,157],"Golden Idol":235,"Eternal Feather":43,"PreservedInsect":115,"War Paint":["RobotSpaceExplorer:Ammunition","RobotSpaceExplorer:GlueShot"],"Orichalcum":[0],"Boot":[170],"MawBank":96,"Medical Kit":[9],"Question Card":8,"Dream Catcher":0,"Nunchaku":[18],"Pandora\u0027s Box":["RobotSpaceExplorer:DoubleBlock","RobotSpaceExplorer:FreezeRay","RobotSpaceExplorer:ChargingLaser","RobotSpaceExplorer:Scanner","RobotSpaceExplorer:IronShell","RobotSpaceExplorer:FreezeRay","RobotSpaceExplorer:Fix","RobotSpaceExplorer:Ammunition"],"obtain_stats":[{"RobotSpaceExplorer:ClockworkSextant":48,"Vajra":56,"Boot":7,"Ancient Tea Set":30,"Dream Catcher":13,"Nunchaku":26,"Strawberry":48,"Red Mask":21,"RobotSpaceExplorer:SearchSpecs":34,"Golden Idol":2,"Velvet Choker":17,"Oddly Smooth Stone":29,"RobotSpaceExplorer:RoboCore":0,"Eternal Feather":9,"Thread and Needle":24,"RobotSpaceExplorer:RingOfTheNewt":37,"PreservedInsect":43,"War Paint":20,"Orichalcum":46,"MawBank":12,"Medical Kit":20,"Question Card":39,"Pandora\u0027s Box":0,"Bag of Marbles":55,"Bottled Lightning":41},{"RobotSpaceExplorer:ClockworkSextant":24,"Vajra":28,"Boot":3,"Ancient Tea Set":14,"Dream Catcher":6,"Nunchaku":12,"Strawberry":24,"Red Mask":11,"RobotSpaceExplorer:SearchSpecs":16,"Golden Idol":1,"Velvet Choker":8,"Oddly Smooth Stone":14,"RobotSpaceExplorer:RoboCore":0,"Eternal Feather":4,"Thread and Needle":12,"RobotSpaceExplorer:RingOfTheNewt":19,"PreservedInsect":21,"War Paint":10,"Orichalcum":23,"MawBank":6,"Medical Kit":10,"Question Card":20,"Pandora\u0027s Box":0,"Bag of Marbles":27,"Bottled Lightning":21},{"RobotSpaceExplorer:ClockworkSextant":120,"Vajra":145,"Boot":13,"Ancient Tea Set":65,"Dream Catcher":24,"Nunchaku":55,"Strawberry":120,"Red Mask":50,"RobotSpaceExplorer:SearchSpecs":80,"Golden Idol":4,"Velvet Choker":37,"Oddly Smooth Stone":65,"RobotSpaceExplorer:RoboCore":0,"Eternal Feather":17,"Thread and Needle":55,"RobotSpaceExplorer:RingOfTheNewt":95,"PreservedInsect":107,"War Paint":46,"Orichalcum":116,"MawBank":24,"Medical Kit":46,"Question Card":100,"Pandora\u0027s Box":0,"Bag of Marbles":140,"Bottled Lightning":107}]},"card_choices":[{"not_picked":["RobotSpaceExplorer:Ammunition","RobotSpaceExplorer:SlimeMissile"],"picked":"RobotSpaceExplorer:SurgingStrike","floor":1.0},{"not_picked":["RobotSpaceExplorer:MakeshiftVolley","RobotSpaceExplorer:ScrapToss"],"picked":"RobotSpaceExplorer:StunGrenade","floor":5.0},{"not_picked":["RobotSpaceExplorer:RigExplosive","RobotSpaceExplorer:ScrapShield"],"picked":"RobotSpaceExplorer:ToxicBomb","floor":7.0},{"not_picked":["RobotSpaceExplorer:SlimeMissile","RobotSpaceExplorer:Explosion"],"picked":"RobotSpaceExplorer:GlueShot","floor":8.0},{"not_picked":["RobotSpaceExplorer:SurgingStrike","RobotSpaceExplorer:ShockKick"],"picked":"RobotSpaceExplorer:GearShield","floor":11.0},{"not_picked":["RobotSpaceExplorer:ShovelStrike","RobotSpaceExplorer:ToxicBomb"],"picked":"RobotSpaceExplorer:DoubleFind","floor":12.0},{"not_picked":["RobotSpaceExplorer:Counterblock","RobotSpaceExplorer:JunkDive"],"picked":"RobotSpaceExplorer:MiniDrones","floor":14.0},{"not_picked":["RobotSpaceExplorer:HighVoltage","RobotSpaceExplorer:BlastShield"],"picked":"RobotSpaceExplorer:Multitool","floor":16.0},{"not_picked":["RobotSpaceExplorer:MiniDrones+1","RobotSpaceExplorer:Pulsar"],"picked":"RobotSpaceExplorer:MiniBoosters","floor":18.0},{"not_picked":["RobotSpaceExplorer:SwiftStep+1","RobotSpaceExplorer:Counterblock+1","RobotSpaceExplorer:FreezeRay"],"picked":"SKIP","floor":19.0},{"not_picked":["RobotSpaceExplorer:Pulsar","RobotSpaceExplorer:MetalStrike"],"picked":"RobotSpaceExplorer:PowerCollector","floor":21.0},{"not_picked":["RobotSpaceExplorer:FranticSearch+1","RobotSpaceExplorer:MiniBoosters","RobotSpaceExplorer:StunGrenade+1"],"picked":"SKIP","floor":24.0},{"not_picked":["RobotSpaceExplorer:SlimeMissile+1","RobotSpaceExplorer:MiniDrones"],"picked":"RobotSpaceExplorer:Blaster","floor":28.0},{"not_picked":["RobotSpaceExplorer:ImprovisedAttack","RobotSpaceExplorer:ShockKick","RobotSpaceExplorer:MiniDrones+1"],"picked":"SKIP","floor":29.0},{"not_picked":["RobotSpaceExplorer:GlueShot+1","RobotSpaceExplorer:StunGrenade","RobotSpaceExplorer:SwiftStep"],"picked":"SKIP","floor":31.0},{"not_picked":["RobotSpaceExplorer:Reload+1","RobotSpaceExplorer:ScrapToss+1","RobotSpaceExplorer:SurgingStrike+1"],"picked":"SKIP","floor":35},{"not_picked":["RobotSpaceExplorer:MiniDrones","RobotSpaceExplorer:StunGrenade+1"],"picked":"RobotSpaceExplorer:ShovelStrike+1","floor":36},{"not_picked":["RobotSpaceExplorer:MiniDrones+1","RobotSpaceExplorer:Pulsar+1","RobotSpaceExplorer:Counterblock"],"picked":"SKIP","floor":38},{"not_picked":["RobotSpaceExplorer:RigExplosive","RobotSpaceExplorer:Blitz+1","RobotSpaceExplorer:SwiftStep","RobotSpaceExplorer:Probe"],"picked":"SKIP","floor":41},{"not_picked":["RobotSpaceExplorer:GlueShot+1","RobotSpaceExplorer:ShockKick+1","RobotSpaceExplorer:SurgingStrike","RobotSpaceExplorer:Probe+1"],"picked":"SKIP","floor":45},{"not_picked":["RobotSpaceExplorer:LaserBurst","RobotSpaceExplorer:Fix","RobotSpaceExplorer:FranticSearch+1"],"picked":"RobotSpaceExplorer:DoubleBlock+1","floor":46},{"not_picked":["RobotSpaceExplorer:SurgingStrike+1","RobotSpaceExplorer:Jetpack","RobotSpaceExplorer:SurgingShield","RobotSpaceExplorer:ScrapToss"],"picked":"SKIP","floor":47},{"not_picked":["RobotSpaceExplorer:MetalStrike","RobotSpaceExplorer:ToxicBomb+1","RobotSpaceExplorer:DroneSwarm","RobotSpaceExplorer:SurgingStrike+1"],"picked":"SKIP","floor":49},{"not_picked":["RobotSpaceExplorer:Ammunition+1","RobotSpaceExplorer:SlimeMissile+1","RobotSpaceExplorer:MakeshiftVolley+1","RobotSpaceExplorer:ScrapMissile"],"picked":"SKIP","floor":50},{"not_picked":["RobotSpaceExplorer:SwiftStep+1","RobotSpaceExplorer:ScrapMissile","RobotSpaceExplorer:Jetpack","RobotSpaceExplorer:ShovelStrike+1"],"picked":"SKIP","floor":56}],"player_experience":133426,"relics_obtained":[{"floor":7.0,"key":"Boot"},{"floor":9.0,"key":"Eternal Feather"},{"floor":12.0,"key":"MawBank"},{"floor":13.0,"key":"Dream Catcher"},{"floor":21.0,"key":"Red Mask"},{"floor":24.0,"key":"Thread and Needle"},{"floor":26.0,"key":"Nunchaku"},{"floor":29.0,"key":"Oddly Smooth Stone"},{"floor":37,"key":"RobotSpaceExplorer:RingOfTheNewt"},{"floor":39,"key":"Question Card"},{"floor":41,"key":"Bottled Lightning"},{"floor":43,"key":"PreservedInsect"},{"floor":46,"key":"Orichalcum"},{"floor":56,"key":"Vajra"}],"event_choices":[{"damage_healed":0.0,"max_hp_gain":0.0,"max_hp_loss":0.0,"gold_gain":0.0,"event_name":"Golden Idol","player_choice":"Take Damage","floor":2.0,"gold_loss":0.0,"damage_taken":18.0,"relics_obtained":["Golden Idol"]},{"damage_healed":0.0,"max_hp_gain":0.0,"max_hp_loss":0.0,"gold_gain":75.0,"event_name":"World of Goop","player_choice":"Gather Gold","floor":3.0,"gold_loss":0.0,"damage_taken":11.0},{"damage_healed":0.0,"max_hp_gain":0.0,"max_hp_loss":0.0,"gold_gain":0.0,"event_name":"Shining Light","player_choice":"Entered Light","floor":4.0,"gold_loss":0.0,"damage_taken":15.0,"cards_upgraded":["RobotSpaceExplorer:IronShell","RobotSpaceExplorer:Scanner"]},{"damage_healed":0.0,"max_hp_gain":0.0,"max_hp_loss":0.0,"gold_gain":0.0,"event_name":"Masked Bandits","player_choice":"Fought Bandits","floor":21.0,"gold_loss":0.0,"damage_taken":0.0},{"damage_healed":0.0,"max_hp_gain":0.0,"max_hp_loss":0.0,"gold_gain":0.0,"event_name":"Ghosts","player_choice":"Ignored","floor":22.0,"gold_loss":0.0,"damage_taken":0.0},{"damage_healed":0.0,"max_hp_gain":0.0,"max_hp_loss":0.0,"gold_gain":0.0,"cards_transformed":["RobotSpaceExplorer:Ammunition","RobotSpaceExplorer:StunGrenade"],"event_name":"Drug Dealer","player_choice":"Became Test Subject","floor":27.0,"gold_loss":0.0,"damage_taken":0.0,"cards_obtained":["RobotSpaceExplorer:FrostMissile","RobotSpaceExplorer:ToxicBomb"]},{"damage_healed":0,"gold_gain":0,"player_choice":"Fight","damage_taken":0,"max_hp_gain":0,"max_hp_loss":0,"event_name":"MindBloom","floor":37,"gold_loss":0},{"damage_healed":0,"gold_gain":0,"player_choice":"Memory 1","damage_taken":0,"max_hp_gain":0,"max_hp_loss":0,"event_name":"SensoryStone","floor":42,"gold_loss":0}],"is_beta":false,"boss_relics":[{"not_picked":["Tiny House","Calling Bell"],"picked":"Velvet Choker"},{"not_picked":["RobotSpaceExplorer:Reprocessor","Sozu"],"picked":"RobotSpaceExplorer:SearchSpecs"}],"items_purged_floors":[20,30],"is_endless":false,"potions_floor_spawned":[7,8,11,18,24,29,31,33,37,41,46,49],"ascension_level":2}}