{"host":"1h6wlms15myv5z1n","time":1611380948,"event":{"mods":["BaseMod","Koishi","LagranYue(©Ô®æ®Ô¡P¤ë)","Minty Spire (QoL Compilation)","Prisma Mod","StSLib","The Senshi","The Servant 0.9.4"],"gold_per_floor":[119,119,44,219,294,329,347,367,444,444,444,469,469,480,480,575,575,587,60,60,77,14,14,26,54,54,89,14,43,43,43,43,140,140,152,162,180,230,240,240,275,275,275,310,310,344,344,361,361,361,361,361,8,43,43],"floor_reached":56,"language":"ZHS","playtime":4527,"items_purged":["theSenshi:GatheringStrength","Doubt","Writhe","theSenshi:SailorKick","Shame"],"score":1526,"play_id":"4f643c4c-a8eb-4d66-8e9c-e0c2e780f7e4","local_time":"20210123134908","is_ascension_mode":true,"campfire_choices":[{"data":"theSenshi:MoonPrismPowerMakeUp","floor":11.0,"key":"SMITH"},{"data":"theSenshi:MarsPride","floor":13.0,"key":"SMITH"},{"data":"theSenshi:InTheNameOfTheMoon","floor":15.0,"key":"SMITH"},{"data":"theSenshi:MarsPride","floor":23.0,"key":"SMITH"},{"data":"theSenshi:SailorSaturnAssists","floor":32.0,"key":"SMITH"},{"floor":40.0,"key":"RECALL"},{"data":"theSenshi:SilverMoonCrystalPowerKiss","floor":42.0,"key":"SMITH"},{"data":"theSenshi:JupitersPower","floor":49.0,"key":"SMITH"},{"data":"theSenshi:WarriorOfTheMoon","floor":52,"key":"SMITH"}],"circlet_count":0,"master_deck":["theSenshi:SailorKick","theSenshi:SailorKick","theSenshi:SailorBlock","theSenshi:SailorBlock","theSenshi:RoseThrow","theSenshi:MoonPrismPowerMakeUp+1","theSenshi:TuxedoSmokingBomber","theSenshi:MoonPunch","theSenshi:EncouragingSpeech","theSenshi:InTheNameOfTheMoon+1","theSenshi:JupitersPower+1","theSenshi:MoonKick+1","theSenshi:MoonCosmicPowerMakeUp","theSenshi:MoonPrincessHalation","theSenshi:SailorSaturnAssists+1","theSenshi:SilverMoonCrystalPowerKiss+1","theSenshi:WarriorOfTheMoon+1","theSenshi:SteeledNerves"],"relics":["theSenshi:TransformationBroochRelic","Bag of Marbles","theSenshi:HolyMoonChaliceRelic","Sundial","Pen Nib","Gambling Chip","Busted Crown","Membership Card","theSenshi:CosmicHeartCompactRelic","Question Card","theSenshi:SuperSailorFukuRelic","Pantograph","Kunai","Meat on the Bone","theSenshi:TiaraRelic","Enchiridion","Empty Cage","FossilizedHelix","Blue Candle","Ornamental Fan","Incense Burner","Singing Bowl","Shuriken","Sling","Vajra"],"acts_visited":["TheBeyond","TheEnding"],"potions_floor_usage":[50,50,55],"damage_taken":[{"damage":12.0,"enemies":"2 Louse","floor":1.0,"turns":3.0},{"damage":70.0,"enemies":"Gremlin Nob","floor":6.0,"turns":7.0},{"damage":7.0,"enemies":"Small Slimes","floor":7.0,"turns":3.0},{"damage":10.0,"enemies":"Cultist","floor":8.0,"turns":4.0},{"damage":51.0,"enemies":"Lagavulin","floor":12.0,"turns":7.0},{"damage":2.0,"enemies":"Large Slime","floor":14.0,"turns":4.0},{"damage":62.0,"enemies":"The Guardian","floor":16.0,"turns":8.0},{"damage":0.0,"enemies":"Spheric Guardian","floor":18.0,"turns":3.0},{"damage":25.0,"enemies":"3 Byrds","floor":21.0,"turns":4.0},{"damage":42.0,"enemies":"Shelled Parasite and Fungi","floor":24.0,"turns":5.0},{"damage":8.0,"enemies":"Book of Stabbing","floor":25.0,"turns":3.0},{"damage":5.0,"enemies":"Slavers","floor":27.0,"turns":3.0},{"damage":6.0,"enemies":"Gremlin Leader","floor":29.0,"turns":4.0},{"damage":54.0,"enemies":"Champ","floor":33.0,"turns":9.0},{"damage":0.0,"enemies":"3 Shapes","floor":35.0,"turns":4.0},{"damage":0.0,"enemies":"Orb Walker","floor":36.0,"turns":3.0},{"damage":13.0,"enemies":"Sphere and 2 Shapes","floor":37.0,"turns":4.0},{"damage":13.0,"enemies":"Mind Bloom Boss Battle","floor":38.0,"turns":5.0},{"damage":0.0,"enemies":"Jaw Worm Horde","floor":39.0,"turns":4.0},{"damage":66.0,"enemies":"Giant Head","floor":41.0,"turns":8.0},{"damage":0.0,"enemies":"Nemesis","floor":44.0,"turns":3.0},{"damage":0.0,"enemies":"Giant Head","floor":46.0,"turns":6.0},{"damage":0.0,"enemies":"Writhing Mass","floor":48.0,"turns":2.0},{"damage":38,"enemies":"Time Eater","floor":50,"turns":7},{"damage":7,"enemies":"Shield and Spear","floor":54,"turns":4},{"damage":37,"enemies":"The Heart","floor":55,"turns":7}],"seed_played":"-1946121588471750675","potions_obtained":[{"floor":1.0,"key":"Swift Potion"},{"floor":6.0,"key":"SpeedPotion"},{"floor":16.0,"key":"AttackPotion"},{"floor":38.0,"key":"Fruit Juice"},{"floor":39.0,"key":"Explosive Potion"},{"floor":44.0,"key":"EssenceOfSteel"}],"is_trial":false,"path_per_floor":["M","?","$","?","?","E","M","M","T","?","R","E","R","M","R","B",null,"M","$","?","M","$","R","M","E","T","E","$","E","?","?","R","B",null,"M","M","M","?","M","R","E","R","T","E","?","E","T","M","R","B",null,"R","$","E","B",null],"character_chosen":"THE_SENSHI","items_purchased":["Membership Card","theSenshi:MoonCosmicPowerMakeUp","theSenshi:MarsPride","theSenshi:CosmicHeartCompactRelic","Question Card","theSenshi:MoonPrincessHalation","Shuriken","theSenshi:SteeledNerves","PowerPotion","Sling"],"campfire_rested":0,"item_purchase_floors":[19,19,19,19,19,19,53,53,53,53],"current_hp_per_floor":[75,75,75,75,75,37,30,75,75,75,75,75,75,75,75,44,75,75,75,75,50,50,50,75,67,67,62,62,61,61,45,45,43,75,75,75,67,67,77,77,31,31,31,43,43,53,53,55,55,48,82,82,82,82,54],"gold":43,"neow_bonus":"TRANSFORM_TWO_CARDS","is_daily":false,"chose_seed":false,"campfire_upgraded":8,"win_rate":0.0,"timestamp":1611380948,"path_taken":["M","?","$","?","?","E","M","M","T","?","R","E","R","M","R","BOSS","M","$","?","M","$","R","?","E","T","E","$","E","?","?","R","BOSS","M","M","M","?","M","R","E","R","T","E","?","E","?","M","R","BOSS","R","$","E","BOSS"],"items_purchased_type":["Relic","Card","Card","Relic","Relic","Card","Relic","Card","Potion","Relic"],"build_version":"2020-12-22","purchased_purges":5,"victory":true,"max_hp_per_floor":[75,75,75,75,75,75,75,75,75,75,75,75,75,75,75,75,75,75,75,75,75,75,75,75,75,75,75,75,75,75,75,75,75,75,75,75,75,75,80,80,80,80,80,80,80,80,80,82,82,82,82,82,82,84,84],"card_choices":[{"not_picked":["theSenshi:YouCanTalk","theSenshi:SchoolBag"],"picked":"theSenshi:MarsPride","floor":1.0},{"not_picked":["theSenshi:OdangoHead","theSenshi:MoonKick"],"picked":"theSenshi:MoonPunch","floor":6.0},{"not_picked":["theSenshi:InTheNickOfTime","theSenshi:SailorChibiMoonAssists"],"picked":"theSenshi:EncouragingSpeech","floor":7.0},{"not_picked":["theSenshi:MoonKick","theSenshi:SailorMarsAssists","theSenshi:TuxedoSmokingBomber"],"picked":"SKIP","floor":8.0},{"not_picked":["theSenshi:SailorMarsAssists","theSenshi:SailorVenusAssists"],"picked":"theSenshi:InTheNameOfTheMoon","floor":12.0},{"not_picked":["theSenshi:MoonKick","theSenshi:SailorChibiMoonAssists","theSenshi:MoonTiaraMagic"],"picked":"SKIP","floor":14.0},{"not_picked":["theSenshi:FatedKiss","theSenshi:SailorStarHealerAssists"],"picked":"theSenshi:JupitersPower","floor":16.0},{"not_picked":[],"picked":"theSenshi:MoonKick+1","floor":18.0},{"not_picked":["theSenshi:SailorMercuryAssists","theSenshi:MoonPrincessHalation"],"picked":"SKIP","floor":21.0},{"not_picked":["theSenshi:MoonPrincessHalation","theSenshi:SchoolBag"],"picked":"SKIP","floor":24.0},{"not_picked":["theSenshi:MoonPrincessHalation","theSenshi:SchoolBag"],"picked":"SKIP","floor":24.0},{"not_picked":["theSenshi:GatheringStrength+1","theSenshi:SailorMarsAssists"],"picked":"SKIP","floor":25.0},{"not_picked":["theSenshi:PlutosSolemnity"],"picked":"theSenshi:SailorSaturnAssists","floor":27.0},{"not_picked":["theSenshi:NeptunesGrace","theSenshi:SailorJupiterAssists"],"picked":"SKIP","floor":29.0},{"not_picked":["theSenshi:IWillPunishYou"],"picked":"theSenshi:SilverMoonCrystalPowerKiss","floor":33.0},{"not_picked":["theSenshi:SupersonicWaves+1","theSenshi:MarsPride+1"],"picked":"SKIP","floor":35.0},{"not_picked":["theSenshi:Sidestep+1","theSenshi:TuxedoSmokingBomber"],"picked":"SKIP","floor":36.0},{"not_picked":["theSenshi:SailorPlanetPower+1","theSenshi:SailorStarMakerAssists+1"],"picked":"SKIP","floor":37.0},{"not_picked":["theSenshi:EncouragingSpeech","theSenshi:MoonKick"],"picked":"SKIP","floor":39.0},{"not_picked":["theSenshi:MoonsReflection","theSenshi:LateForSchool"],"picked":"SKIP","floor":41.0},{"not_picked":["theSenshi:MoonsReflection","theSenshi:LateForSchool"],"picked":"SKIP","floor":41.0},{"not_picked":["theSenshi:MoonTiaraMagic"],"picked":"theSenshi:WarriorOfTheMoon","floor":44.0},{"not_picked":["theSenshi:SailorSaturnAssists","theSenshi:MoonPrincessHalation+1"],"picked":"SKIP","floor":46.0},{"not_picked":["theSenshi:LateForSchool+1","theSenshi:SteeledNerves+1"],"picked":"Singing Bowl","floor":48.0},{"not_picked":["theSenshi:SupersonicWaves","theSenshi:GatheringStrength+1"],"picked":"Singing Bowl","floor":54}],"player_experience":646598,"relics_obtained":[{"floor":6.0,"key":"theSenshi:HolyMoonChaliceRelic"},{"floor":9.0,"key":"Sundial"},{"floor":12.0,"key":"Gambling Chip"},{"floor":25.0,"key":"theSenshi:SuperSailorFukuRelic"},{"floor":26.0,"key":"Pantograph"},{"floor":27.0,"key":"Kunai"},{"floor":29.0,"key":"Meat on the Bone"},{"floor":31.0,"key":"Enchiridion"},{"floor":38.0,"key":"FossilizedHelix"},{"floor":41.0,"key":"Blue Candle"},{"floor":44.0,"key":"Ornamental Fan"},{"floor":46.0,"key":"Incense Burner"},{"floor":47.0,"key":"Singing Bowl"},{"floor":54,"key":"Vajra"}],"event_choices":[{"damage_healed":0.0,"max_hp_gain":0.0,"max_hp_loss":0.0,"gold_gain":0.0,"event_name":"Scrap Ooze","player_choice":"Success","floor":2.0,"gold_loss":0.0,"damage_taken":12.0,"relics_obtained":["Bag of Marbles"]},{"damage_healed":0.0,"max_hp_gain":0.0,"max_hp_loss":0.0,"gold_gain":175.0,"event_name":"Liars Game","player_choice":"AGREE","floor":4.0,"gold_loss":0.0,"damage_taken":0.0,"cards_obtained":["Doubt"]},{"damage_healed":0.0,"max_hp_gain":0.0,"max_hp_loss":0.0,"gold_gain":75.0,"event_name":"World of Goop","player_choice":"Gather Gold","floor":5.0,"gold_loss":0.0,"damage_taken":11.0},{"damage_healed":0.0,"max_hp_gain":0.0,"max_hp_loss":0.0,"gold_gain":0.0,"event_name":"Big Fish","player_choice":"Box","floor":10.0,"gold_loss":0.0,"damage_taken":0.0,"relics_obtained":["Pen Nib"],"cards_obtained":["Regret"]},{"damage_healed":0.0,"max_hp_gain":0.0,"max_hp_loss":0.0,"gold_gain":0.0,"cards_transformed":["Regret"],"event_name":"Transmorgrifier","player_choice":"Transformed","floor":20.0,"gold_loss":0.0,"damage_taken":0.0,"cards_obtained":["Writhe"]},{"damage_healed":0.0,"max_hp_gain":0.0,"max_hp_loss":0.0,"gold_gain":0.0,"event_name":"Addict","player_choice":"Stole Relic","floor":30.0,"gold_loss":0.0,"damage_taken":0.0,"relics_obtained":["theSenshi:TiaraRelic"],"cards_obtained":["Shame"]},{"damage_healed":0.0,"max_hp_gain":0.0,"max_hp_loss":0.0,"gold_gain":0.0,"event_name":"Cursed Tome","player_choice":"Obtained Book","floor":31.0,"gold_loss":0.0,"damage_taken":16.0},{"damage_healed":0.0,"max_hp_gain":0.0,"max_hp_loss":0.0,"gold_gain":0.0,"event_name":"MindBloom","player_choice":"Fight","floor":38.0,"gold_loss":0.0,"damage_taken":0.0},{"cards_removed":["theSenshi:MarsPride"],"damage_healed":0.0,"max_hp_gain":0.0,"max_hp_loss":0.0,"gold_gain":0.0,"event_name":"Falling","player_choice":"Removed Skill","floor":45.0,"gold_loss":0.0,"damage_taken":0.0}],"is_beta":false,"boss_relics":[{"not_picked":["White Beast Statue","Lizard Tail"],"picked":"Busted Crown"},{"not_picked":["Orrery","Philosopher\u0027s Stone"],"picked":"Empty Cage"}],"items_purged_floors":[3,19,22,28,53],"is_endless":false,"potions_floor_spawned":[1,6,16,21,24,38,39,44,48],"ascension_level":1}}