{"host":"kwv3wnqdhb5t0yxl","time":1611409138,"event":{"mods":["BaseMod","Minty Spire (QoL Compilation)","Quick Restart"],"gold_per_floor":[119,119,135,149,164,195,212,212,212],"floor_reached":8,"language":"ENG","playtime":296,"items_purged":[],"score":78,"play_id":"b1d42df4-a0b0-4219-afe0-0f82f3107ef5","local_time":"20210123143858","is_ascension_mode":true,"campfire_choices":[],"circlet_count":0,"master_deck":["Strike_R","Strike_R","Strike_R","Strike_R","Strike_R","Defend_R","Defend_R","Defend_R","Defend_R","Bash","Flex","Dual Wield","Clash","Rage","Armaments"],"relics":["Burning Blood","NeowsBlessing","InkBottle"],"acts_visited":["Exordium"],"potions_floor_usage":[8],"damage_taken":[{"damage":0,"enemies":"Small Slimes","floor":1,"turns":1},{"damage":0,"enemies":"Cultist","floor":3,"turns":1},{"damage":0,"enemies":"2 Louse","floor":4,"turns":1},{"damage":19,"enemies":"Blue Slaver","floor":5,"turns":5},{"damage":66,"enemies":"Lagavulin","floor":6,"turns":7},{"damage":3,"enemies":"3 Louse","floor":7,"turns":4},{"damage":6,"enemies":"Gremlin Nob","floor":8,"turns":3}],"seed_played":"-8087056515467448418","potions_obtained":[{"floor":1,"key":"Dexterity Potion"},{"floor":6,"key":"SkillPotion"}],"is_trial":false,"path_per_floor":["M","?","M","M","M","E","M","E"],"character_chosen":"IRONCLAD","items_purchased":[],"campfire_rested":0,"item_purchase_floors":[],"current_hp_per_floor":[78,80,80,80,67,7,10,4,4],"gold":212,"neow_bonus":"THREE_ENEMY_KILL","is_daily":false,"chose_seed":false,"campfire_upgraded":0,"win_rate":0.0,"timestamp":1611409138,"path_taken":["M","?","?","M","M","E","M","E"],"items_purchased_type":[],"build_version":"2020-12-22","purchased_purges":0,"victory":false,"max_hp_per_floor":[80,80,80,80,80,80,80,80,80],"card_choices":[{"not_picked":["Iron Wave","Anger"],"picked":"Intimidate","floor":1},{"not_picked":["Thunderclap","Clothesline"],"picked":"Flex","floor":3},{"not_picked":["Fire Breathing","Anger"],"picked":"Dual Wield","floor":4},{"not_picked":["Hemokinesis","Headbutt"],"picked":"Clash","floor":5},{"not_picked":["Inflame","Cleave"],"picked":"Rage","floor":6},{"not_picked":["Second Wind","Power Through"],"picked":"Armaments","floor":7}],"player_experience":274578,"relics_obtained":[{"floor":6,"key":"InkBottle"}],"event_choices":[{"cards_removed":["Intimidate"],"damage_healed":2,"gold_gain":0,"player_choice":"Offered Uncommon","damage_taken":0,"max_hp_gain":0,"max_hp_loss":0,"event_name":"Bonfire Elementals","floor":2,"gold_loss":0}],"is_beta":false,"boss_relics":[],"items_purged_floors":[],"is_endless":false,"potions_floor_spawned":[1,6],"killed_by":"Gremlin Nob","ascension_level":6}}