{"host":"7z9izfsmsy4azoxx","time":1611407497,"event":{"mods":["AchievementEnabler","BaseMod","Colored Map","Custom Start","Hermit","Minty Spire (QoL Compilation)","Replay The Spire","StSLib","SuperFastMode"],"gold_per_floor":[5465574,5465499,5464741,5464741,5464741,5464741,5464793,5464793,5464793,5463980,5463991,5464011,5464029,5464029,5464029,5464103,5464103,5464103,5464103,5463256,5463256,5463256,5463256,5462116,5462116,5462116,5462116,5462116,5462116,5462116,5462116,5462116,5462116,5462116,5462116,5462116,5462116,5461062,5461062,5461062,5460211,5460211,5460211,5460211,5460211,5460211,5460211,5460211,5460211],"floor_reached":50,"language":"KOR","playtime":1466,"items_purged":["Strike_R","Strike_R","Defend_R","Defend_R","Defend_R","Sickly"],"score":2066,"play_id":"1cffb3d1-9f60-4939-9d3f-2ee7f88c0b86","local_time":"20210123221137","is_ascension_mode":true,"campfire_choices":[{"data":"Fire Breathing","floor":6.0,"key":"SMITH"},{"data":"Feel No Pain","floor":8,"key":"SMITH"},{"data":"Bludgeon","floor":15,"key":"SMITH"},{"data":"Strike_R+1","floor":15,"key":"SMITH"},{"data":"Defend_R","floor":23,"key":"PURGE"},{"floor":25,"key":"DIG"},{"floor":32,"key":"DIG"},{"data":"Rupture","floor":40,"key":"SMITH"},{"data":"Brutality","floor":40,"key":"SMITH"}],"circlet_count":0,"master_deck":["AscendersBane","Strike_R+2","Strike_R+1","Bash","Brutality+1","Rage","Fire Breathing+1","Feel No Pain+1","True Grit","Bludgeon+1","Power Through","Bloodletting+1","Shrug It Off","Reckless Charge","Second Wind","Combust+1","Whirlwind+1","Finesse","Impervious","Impervious","Flame Barrier","Immolate","Run Through","True Grit+1","Reaper+1","Rupture+1"],"relics":["Burning Blood","Centennial Puzzle","Replay:Rubber Ducky","Toolbox","Simple Rune","Calipers","Prayer Wheel","Replay:Arrowhead","Ectoplasm","Lee\u0027s Waffle","Peace Pipe","Replay:Ringing Soul","Shovel","Sling","King of Hearts","Bronze Scales","Tiny Chest","Toxic Egg 2","Electric Blood","Quantum Egg","White Beast Statue","Molten Egg 2","Orrery","ReplayTheSpireMod:Ring of Addiction","Ring of Hypnosis","Potion Belt","Chameleon Ring","Torii","Dream Catcher","ClockworkSouvenir","Boot","Replay:Wax Seal","Divine Protection"],"acts_visited":["Exordium","TheCity","TheBeyond"],"potions_floor_usage":[7,7,11,16,16,28,29,29,29,30,31,42,44,44,48,48,49,49],"damage_taken":[{"damage":17.0,"enemies":"2 Louse","floor":1.0,"turns":3.0},{"damage":39,"enemies":"Lagavulin","floor":7,"turns":7},{"damage":30,"enemies":"Jaw Worm","floor":11,"turns":6},{"damage":0,"enemies":"Small Slimes","floor":12,"turns":4},{"damage":7,"enemies":"Looter","floor":13,"turns":4},{"damage":79,"enemies":"Fading Forest","floor":16,"turns":13},{"damage":49,"enemies":"3 Byrds","floor":18,"turns":6},{"damage":6,"enemies":"Spheric Guardian","floor":21,"turns":4},{"damage":25,"enemies":"Snecko","floor":22,"turns":5},{"damage":18,"enemies":"Shelled Parasite and Fungi","floor":27,"turns":5},{"damage":14,"enemies":"Replay:Snechameleon","floor":28,"turns":5},{"damage":0,"enemies":"Snake Plant","floor":29,"turns":4},{"damage":2,"enemies":"Book of Stabbing","floor":30,"turns":5},{"damage":21,"enemies":"Sentry and Sphere","floor":31,"turns":4},{"damage":38,"enemies":"Pondfish","floor":33,"turns":13},{"damage":16,"enemies":"3 Shapes","floor":35,"turns":1},{"damage":8,"enemies":"Orb Walker","floor":37,"turns":2},{"damage":25,"enemies":"Maw","floor":42,"turns":6},{"damage":33,"enemies":"R_Hoarder","floor":44,"turns":6},{"damage":24,"enemies":"4 Shapes","floor":46,"turns":4},{"damage":43,"enemies":"Replay:Hell Engine","floor":48,"turns":5},{"damage":98,"enemies":"Awakened One","floor":49,"turns":8}],"seed_played":"-8933237709531406201","potions_obtained":[{"floor":7,"key":"Milkshake"},{"floor":12,"key":"Fire Potion"},{"floor":18,"key":"Toxic Potion"},{"floor":28,"key":"LifebloodPotion"},{"floor":31,"key":"BloodPotion"},{"floor":33,"key":"Strength Potion"},{"floor":39,"key":"SteroidPotion"},{"floor":39,"key":"FearPotion"},{"floor":42,"key":"Swift Potion"}],"is_trial":false,"path_per_floor":["M","?","$","?","?","R","E","R","T","$","M","M","M","?","R","B",null,"M","?","$","M","M","R","$","R","T","M","E","M","E","M","R_BF","B",null,"M","T","M","$","?","R","$","M","T","E","T","M","?","B","B",null],"character_chosen":"IRONCLAD","items_purchased":["Centennial Puzzle","Replay:Rubber Ducky","Fire Breathing","Toolbox","Fire Potion","Energy Potion","Calipers","Prayer Wheel","BloodPotion","Lee\u0027s Waffle","Peace Pipe","Shrug It Off","Energy Potion","Reckless Charge","Replay:Ringing Soul","Shovel","Sling","Finesse","Impervious","White Beast Statue","Molten Egg 2","Reaper+1","Orrery","Torii","Dream Catcher","ClockworkSouvenir"],"campfire_rested":0,"item_purchase_floors":[3,3,3,3,3,3,10,10,10,20,20,20,20,20,24,24,24,24,24,38,38,38,38,41,41,41],"current_hp_per_floor":[57,57,57,57,57,57,24,24,24,24,15,21,20,20,20,67,73,30,30,82,82,63,63,66,66,66,54,49,55,59,61,61,32,76,69,69,67,70,73,73,73,78,78,58,58,40,40,80,45],"gold":5460211,"neow_bonus":"ONE_RANDOM_RARE_CARD","is_daily":false,"chose_seed":false,"campfire_upgraded":6,"win_rate":0.0,"timestamp":1611407497,"path_taken":["M","?","$","?","?","R","E","R","T","$","M","M","M","?","R","BOSS","M","?","$","?","M","R","$","R","T","M","E","M","E","M","R_BF","BOSS","M","?","?","$","?","R","$","M","T","E","?","M","?","BOSS","BOSS"],"items_purchased_type":["Relic","Relic","Card","Relic","Potion","Potion","Relic","Relic","Potion","Relic","Relic","Card","Potion","Card","Relic","Relic","Relic","Card","Card","Relic","Relic","Card","Relic","Relic","Relic","Relic"],"build_version":"2020-12-22","purchased_purges":6,"victory":true,"max_hp_per_floor":[75,75,75,75,75,75,75,75,75,75,75,75,75,75,75,75,75,75,75,82,82,82,82,85,85,85,85,88,88,88,88,88,91,91,94,94,94,97,100,100,100,100,100,100,100,100,100,98,98],"card_choices":[{"not_picked":["ReplayTheSpireMod:Strike From Hell","Headbutt"],"picked":"Rage","floor":1.0},{"not_picked":["Warcry","Shrug It Off"],"picked":"Feel No Pain","floor":7},{"not_picked":["Perfected Strike","Iron Wave"],"picked":"True Grit","floor":11},{"not_picked":["Anger","ReplayTheSpireMod:Strike From Hell","Warcry"],"picked":"SKIP","floor":11},{"not_picked":["Heavy Blade","Anger","Shockwave"],"picked":"SKIP","floor":12},{"not_picked":["Evolve","Sever Soul","Flex"],"picked":"SKIP","floor":12},{"not_picked":["Shrug It Off","Cleave"],"picked":"Bludgeon","floor":13},{"not_picked":["Infernal Blade","Cleave","ReplayTheSpireMod:Strike From Hell"],"picked":"SKIP","floor":13},{"not_picked":["Run Through","Anger"],"picked":"Power Through","floor":18},{"not_picked":["Heavy Blade","Hemokinesis"],"picked":"Bloodletting+1","floor":18},{"not_picked":["Heavy Blade","Clash"],"picked":"Second Wind","floor":21},{"not_picked":["Havoc+1","Intimidate"],"picked":"Combust+1","floor":21},{"not_picked":["Metallicize","Anger"],"picked":"Whirlwind+1","floor":22},{"not_picked":["Searing Blow","Clash","Shrug It Off"],"picked":"SKIP","floor":22},{"not_picked":["Flex","Feel No Pain","Heavy Blade"],"picked":"SKIP","floor":27},{"not_picked":["Burning Pact","Feed","Spot Weakness"],"picked":"SKIP","floor":27},{"not_picked":["Inflame+1","Demonic Infusion"],"picked":"Flame Barrier","floor":28},{"not_picked":["ReplayTheSpireMod:Strike From Hell+1","Twin Strike+1","Clash"],"picked":"SKIP","floor":29},{"not_picked":["Armaments","ReplayTheSpireMod:Strike From Hell","Combust"],"picked":"SKIP","floor":29},{"not_picked":["Power Through","Feed","Metallicize"],"picked":"SKIP","floor":30},{"not_picked":["ReplayTheSpireMod:Strike From Hell","Searing Blow","Shrug It Off"],"picked":"SKIP","floor":31},{"not_picked":["Life Link","Second Wind","Combust"],"picked":"SKIP","floor":31},{"not_picked":["Corruption","Demon Form"],"picked":"Immolate","floor":33},{"not_picked":["Entrench+1","True Grit+1"],"picked":"Run Through","floor":35},{"not_picked":["Thunderclap","Defy Death+1"],"picked":"True Grit+1","floor":35},{"not_picked":["Havoc+1","ReplayReversal+1","Warcry+1"],"picked":"SKIP","floor":37},{"not_picked":["Brutality","Defy Death+1","Hemokinesis"],"picked":"SKIP","floor":37},{"not_picked":["Replay:Undeath\u0027s Touch+1","ReplayTheSpireMod:Strike From Hell+1"],"picked":"Rupture","floor":38},{"not_picked":["Perfected Strike+1","True Grit+1","Metallicize"],"picked":"SKIP","floor":42},{"not_picked":["Warcry+1","Dropkick+1","Rage+1"],"picked":"SKIP","floor":42},{"not_picked":["Thunderclap+1","Fiend Fire+1","Feel No Pain"],"picked":"SKIP","floor":44},{"not_picked":["Perfected Strike+1","Cleave+1","Wild Strike+1"],"picked":"SKIP","floor":46},{"not_picked":["Warcry+1","Bloodletting+1","Hemokinesis+1"],"picked":"SKIP","floor":46}],"player_experience":544369,"relics_obtained":[{"floor":7,"key":"Simple Rune"},{"floor":25,"key":"King of Hearts"},{"floor":28,"key":"Bronze Scales"},{"floor":30,"key":"Tiny Chest"},{"floor":32,"key":"Toxic Egg 2"},{"floor":36,"key":"Quantum Egg"},{"floor":39,"key":"ReplayTheSpireMod:Ring of Addiction"},{"floor":39,"key":"Ring of Hypnosis"},{"floor":39,"key":"Potion Belt"},{"floor":39,"key":"Chameleon Ring"},{"floor":43,"key":"Boot"},{"floor":44,"key":"Replay:Wax Seal"},{"floor":45,"key":"Divine Protection"}],"event_choices":[{"cards_removed":["Strike_R"],"damage_healed":0.0,"max_hp_gain":0.0,"max_hp_loss":0.0,"gold_gain":0.0,"event_name":"The Cleric","player_choice":"Card Removal","floor":2.0,"gold_loss":75.0,"damage_taken":0.0},{"damage_healed":0.0,"max_hp_gain":0.0,"max_hp_loss":0.0,"gold_gain":0.0,"event_name":"Shining Light","player_choice":"Ignored","floor":4.0,"gold_loss":0.0,"damage_taken":0.0},{"damage_healed":0.0,"max_hp_gain":0.0,"max_hp_loss":0.0,"gold_gain":0.0,"event_name":"Golden Idol","player_choice":"Ignored","floor":5.0,"gold_loss":0.0,"damage_taken":0.0},{"damage_healed":0,"gold_gain":0,"player_choice":"Box","damage_taken":0,"relics_obtained":["Replay:Arrowhead"],"max_hp_gain":0,"max_hp_loss":0,"event_name":"Big Fish","floor":14,"gold_loss":0,"cards_obtained":["Regret"]},{"cards_removed":["Regret"],"damage_healed":0,"gold_gain":0,"player_choice":"Purged","damage_taken":0,"max_hp_gain":0,"max_hp_loss":0,"event_name":"Purifier","floor":19,"gold_loss":0},{"damage_healed":0,"gold_gain":0,"player_choice":"Took Portal","damage_taken":0,"max_hp_gain":0,"max_hp_loss":0,"event_name":"SecretPortal","floor":47,"gold_loss":0}],"is_beta":false,"boss_relics":[{"not_picked":["Philosopher\u0027s Stone","Coffee Dripper"],"picked":"Ectoplasm"},{"not_picked":["Runic Cube","Busted Crown"],"picked":"Electric Blood"}],"items_purged_floors":[3,10,20,24,38,41],"is_endless":false,"potions_floor_spawned":[7,12,13,18,28,31,33,42,44,46],"ascension_level":20}}