{"host":"skx52d3x4g37h2em","time":1611368381,"event":{"mods":["Act Like it!","BaseMod","Colored Map","Downfall","Highlight Path","Minty Spire (QoL Compilation)","Quick Restart","Relic Sorter","Replay The Spire","StSLib"],"gold_per_floor":[99,110,210,221,285,285,309,321,331,79,254,271,271,302,302,302],"floor_reached":14,"language":"ENG","playtime":611,"items_purged":["downfall:Malfunctioning"],"score":115,"play_id":"d40d1497-99c6-4730-8a8d-e582c43fb9bd","local_time":"20210123051941","is_ascension_mode":false,"campfire_choices":[],"circlet_count":0,"master_deck":["sneckomod:Strike","sneckomod:Strike","sneckomod:Strike+1","sneckomod:Defend","sneckomod:Defend+1","sneckomod:Defend","sneckomod:TailWhip","sneckomod:SnekBite","sneckomod:Unknown+1","hexamod:ThermalTransfer","sneckomod:UnknownStrike","sneckomod:SnakeSap","sneckomod:Unknown2Cost","sneckomod:UnknownClassSLIMEBOUND","sneckomod:UnendingSupply","sneckomod:UnknownDraw","sneckomod:QuickMove","Doubt","sneckomod:ImprovisedGuard","Slimebound:MassFeed","sneckomod:UnknownBlock"],"relics":["sneckomod:SneckoSoul","Replay:Mystery Machine","sneckomod:SneckoCommon","PreservedInsect"],"acts_visited":["Exordium"],"potions_floor_usage":[14,14],"damage_taken":[{"damage":6,"enemies":"2 Louse","floor":2,"turns":2},{"damage":0,"enemies":"Small Slimes","floor":4,"turns":3},{"damage":16,"enemies":"Gremlin Nob","floor":5,"turns":4},{"damage":3,"enemies":"Jaw Worm","floor":8,"turns":2},{"damage":9,"enemies":"2 Fungi Beasts","floor":9,"turns":3},{"damage":10,"enemies":"downfall:FleeingMerchant","floor":10,"turns":4},{"damage":6,"enemies":"Large Slime","floor":12,"turns":3},{"damage":48,"enemies":"3 Sentries","floor":14,"turns":5}],"seed_played":"-6255775247965210150","potions_obtained":[{"floor":5,"key":"Explosive Potion"},{"floor":9,"key":"Ancient Potion"},{"floor":12,"key":"LiquidMemories"}],"is_trial":false,"path_per_floor":["R","M","?","M","?","?","T","M","M","$","?","M","R","E"],"character_chosen":"THE_SNECKO","items_purchased":["sneckomod:UnknownRareAttack"],"campfire_rested":0,"item_purchase_floors":[10],"current_hp_per_floor":[99,93,93,93,77,77,77,74,65,55,55,49,49,7,7,7],"gold":302,"neow_bonus":"TEN_PERCENT_HP_BONUS","is_daily":false,"chose_seed":false,"campfire_upgraded":0,"win_rate":0.0,"timestamp":1611368381,"path_taken":["R","M","?","M","?","?","T","M","M","$","?","?","R","E"],"items_purchased_type":["Card"],"build_version":"2020-12-22","purchased_purges":1,"victory":false,"max_hp_per_floor":[99,99,99,99,99,99,99,99,99,99,99,99,99,105,105,105],"card_choices":[{"not_picked":["sneckomod:UnknownX","sneckomod:UnknownCommonAttack"],"picked":"sneckomod:UnknownStrike","floor":2},{"not_picked":["sneckomod:SnekBeam","sneckomod:SoulDraw"],"picked":"sneckomod:SnakeSap","floor":4},{"not_picked":["sneckomod:DiceBlock","sneckomod:UnknownCommonSkill"],"picked":"sneckomod:Unknown2Cost","floor":5},{"not_picked":["sneckomod:DiceBlock","sneckomod:UnknownStrike"],"picked":"sneckomod:UnendingSupply","floor":8},{"not_picked":["sneckomod:Unknown1Cost","sneckomod:UnknownBlock"],"picked":"sneckomod:UnknownDraw","floor":9},{"not_picked":["sneckomod:SoulRoll","sneckomod:WideSting"],"picked":"sneckomod:QuickMove","floor":10},{"not_picked":["sneckomod:UnknownUncommonAttack","sneckomod:IronFang"],"picked":"sneckomod:ImprovisedGuard","floor":12},{"not_picked":["sneckomod:UnknownExhaust","sneckomod:Nope"],"picked":"sneckomod:UnknownBlock","floor":14}],"player_experience":136190,"relics_obtained":[{"floor":5,"key":"Replay:Mystery Machine"},{"floor":7,"key":"sneckomod:SneckoCommon"},{"floor":14,"key":"PreservedInsect"}],"event_choices":[],"is_beta":false,"boss_relics":[],"items_purged_floors":[10],"is_endless":false,"potions_floor_spawned":[5,9,12],"killed_by":"3 Sentries","ascension_level":0}}