{"host":"nii9k1idymerq4qj","time":1611390640,"event":{"mods":["Act Like it!","BaseMod","Colored Powertips","Gensokyo","Minty Spire (QoL Compilation)","Prisma Mod","Remilia£®¿Ÿ√◊¿Ú—«£©","Replay The Spire","StSLib","Waifu the Spire"],"gold_per_floor":[112,126,126,72,90,103,134,59,105,105,124,124,159,172,172,272,272,285,317,330,343,359,391,408,408,408,443,143,143,163,190,190,286,286,302,302,367,379,0,25,70,97,146,146,162,162,222,263,263,263],"floor_reached":51,"language":"ZHS","playtime":6283,"items_purged":["PrismaMod:IllyaCommonAttack","PrismaMod:IllyaCommonDefend"],"score":986,"play_id":"b66429e6-724a-4a30-83c6-30347d82af4a","local_time":"20210123163040","is_ascension_mode":false,"campfire_choices":[{"data":"PrismaMod:IllyaCarnivalDefend","floor":12,"key":"SMITH"},{"data":"PrismaMod:IllyaCarnivalPrismaAstolfo","floor":15,"key":"SMITH"},{"data":"PrismaMod:IllyaCarnivalOrbs","floor":25,"key":"SMITH"},{"data":"PrismaMod:IllyaSaphire","floor":29,"key":"SMITH"},{"data":"PrismaMod:IllyaCommonAttack","floor":32,"key":"PURGE"},{"data":"PrismaMod:IllyaPartialInstallAssassin","floor":44,"key":"SMITH"},{"data":"PrismaMod:IllyaCarnivalPrismaAstolfo","floor":46,"key":"SMITH"},{"data":"PrismaMod:IllyaPoisonTippedWeapons","floor":49,"key":"SMITH"}],"circlet_count":0,"master_deck":["PrismaMod:IllyaCommonAttack","PrismaMod:IllyaCommonDefend","PrismaMod:IllyaCommonDefend","PrismaMod:IllyaCommonDefend","PrismaMod:IllyaCommonAttack","PrismaMod:IllyaCommonDefend","PrismaMod:IllyaUncommonAttack+1","PrismaMod:IllyaUncommonDefend","PrismaMod:IllyaBerserCAR","PrismaMod:IllyaStunPoison","PrismaMod:IllyaCarnivalDefend+1","PrismaMod:IllyaCarnivalPrismaAstolfo+1","PrismaMod:IllyaCheapAttack","PrismaMod:IllyaCarnivalOrbs+1","PrismaMod:IllyaCheapChannelPoison+1","PrismaMod:IllyaPartialInstallAssassin+1","PrismaMod:IllyaPoisonTippedWeapons+1","PrismaMod:IllyaUberChannel+1","PrismaMod:IllyaCommandSeal","PrismaMod:IllyaSaphire+1","PrismaMod:IllyaInstallAlterEgo","PrismaMod:IllyaCarnivalPrismaAstolfo+1","PrismaMod:IllyaPartialInstallAssassin+1","PrismaMod:IllyaCarnivalOrbs+1","PrismaMod:IllyaAlice","Parasite"],"relics":["PrismaMod:PrismaZwei","ReplayTheSpireMod:Shallot","Nunchaku","Centennial Puzzle","CaptainsWheel","Replay:Towering Pillar of Hats","TungstenRod","White Beast Statue","Pet Ghost","Bag of Preparation","Shuriken","SacredBark","Red Mask","Orichalcum","PrismaMod:AliceRelic","ReplayFunnel","Blue Doll","Thread and Needle"],"acts_visited":["Exordium","TheCity","TheBeyond"],"potions_floor_usage":[7,16,23,23,33,38,47,50,50],"damage_taken":[{"damage":0,"enemies":"2 Louse","floor":1,"turns":3},{"damage":0,"enemies":"Cultist","floor":2,"turns":3},{"damage":0,"enemies":"Jaw Worm","floor":5,"turns":3},{"damage":0,"enemies":"Blue Slaver","floor":6,"turns":4},{"damage":14,"enemies":"Lagavulin","floor":7,"turns":4},{"damage":0,"enemies":"Exordium Wildlife","floor":11,"turns":4},{"damage":0,"enemies":"3 Sentries","floor":13,"turns":14},{"damage":0,"enemies":"3 Louse","floor":14,"turns":4},{"damage":3,"enemies":"Fading Forest","floor":16,"turns":11},{"damage":0,"enemies":"3 Byrds","floor":18,"turns":4},{"damage":0,"enemies":"Spheric Guardian","floor":20,"turns":4},{"damage":0,"enemies":"Centurion and Healer","floor":21,"turns":6},{"damage":0,"enemies":"Snake Plant","floor":22,"turns":5},{"damage":13,"enemies":"Slavers","floor":23,"turns":4},{"damage":0,"enemies":"Sentry and Sphere","floor":24,"turns":4},{"damage":0,"enemies":"Gremlin Leader","floor":27,"turns":6},{"damage":0,"enemies":"Centurion and Healer","floor":30,"turns":3},{"damage":0,"enemies":"Replay:Snechameleon","floor":31,"turns":6},{"damage":0,"enemies":"Champ","floor":33,"turns":8},{"damage":2,"enemies":"3 Darklings","floor":35,"turns":5},{"damage":0,"enemies":"Orb Walker","floor":37,"turns":4},{"damage":5,"enemies":"4 Shapes","floor":38,"turns":2},{"damage":0,"enemies":"R_Hoarder","floor":40,"turns":5},{"damage":0,"enemies":"Writhing Mass","floor":41,"turns":6},{"damage":16,"enemies":"Nemesis","floor":42,"turns":7},{"damage":7,"enemies":"Transient","floor":45,"turns":5},{"damage":0,"enemies":"Reptomancer","floor":47,"turns":5},{"damage":7,"enemies":"4 Shapes","floor":48,"turns":3},{"damage":8,"enemies":"Awakened One","floor":50,"turns":9}],"seed_played":"-7589840283006717081","potions_obtained":[{"floor":5,"key":"ColorlessPotion"},{"floor":6,"key":"Death Potion"},{"floor":14,"key":"PowerPotion"},{"floor":18,"key":"Reflective Coating"},{"floor":22,"key":"GamblersBrew"},{"floor":24,"key":"ColorlessPotion"},{"floor":27,"key":"Milkshake"},{"floor":30,"key":"PowerPotion"},{"floor":31,"key":"Adrenaline Potion"},{"floor":33,"key":"Explosive Potion"},{"floor":35,"key":"Reflective Coating"},{"floor":37,"key":"SkillPotion"},{"floor":38,"key":"Weak Potion"},{"floor":47,"key":"ColorlessPotion"}],"is_trial":false,"path_per_floor":["M","M","?","?","M","M","E","$","T","?","M","R","E","M","R","B",null,"M","?","M","M","M","E","M","R","T","E","$","R","M","E","R","B",null,"M","?","M","M","?","E","M","E","T","R","M","R","E","M","R","B",null],"character_chosen":"ILLYA","items_purchased":["PrismaMod:IllyaSaphire","Bag of Preparation"],"campfire_rested":0,"item_purchase_floors":[28,28],"current_hp_per_floor":[82,82,75,75,75,75,61,61,61,61,61,61,61,61,61,68,84,84,84,87,87,90,77,80,80,80,86,86,86,92,96,96,96,96,99,99,99,99,99,101,101,90,90,90,93,93,99,95,95,95],"gold":263,"neow_bonus":"TEN_PERCENT_HP_BONUS","is_daily":false,"chose_seed":false,"campfire_upgraded":7,"win_rate":0.0,"timestamp":1611390640,"path_taken":["M","M","?","?","?","M","E","$","T","?","M","R","E","M","R","BOSS","M","?","M","M","M","E","M","R","T","E","$","R","M","E","R","BOSS","M","?","?","M","?","E","M","E","T","R","M","R","E","M","R","BOSS"],"items_purchased_type":["Card","Relic"],"build_version":"2020-12-22","purchased_purges":2,"victory":true,"max_hp_per_floor":[82,82,82,82,82,82,82,82,82,82,82,82,82,82,82,84,84,84,84,87,87,90,90,90,90,90,93,93,93,93,96,96,96,96,99,99,99,99,99,101,101,101,101,101,101,101,104,107,107,107],"card_choices":[{"not_picked":["PrismaMod:IllyaCheapChannelAttack","PrismaMod:IllyaUncommonAttack"],"picked":"PrismaMod:IllyaBerserCAR","floor":1},{"not_picked":["PrismaMod:IllyaMinorRapidFire","PrismaMod:IllyaPoisoningPhantasm","PrismaMod:IllyaCommonEvoke"],"picked":"SKIP","floor":2},{"not_picked":["PrismaMod:IllyaGrailKun","PrismaMod:IllyaRubysPotion"],"picked":"PrismaMod:IllyaStunPoison","floor":5},{"not_picked":["PrismaMod:IllyaCheapAttack","PrismaMod:IllyaFriendMaker"],"picked":"PrismaMod:IllyaCarnivalDefend","floor":6},{"not_picked":["PrismaMod:IllyaEvokeAll","PrismaMod:IllyaCommonEvoke","PrismaMod:IllyaDualEvoke"],"picked":"SKIP","floor":7},{"not_picked":["PrismaMod:IllyaGun","PrismaMod:IllyaPoisonBomb","PrismaMod:IllyaCheapDefend"],"picked":"SKIP","floor":11},{"not_picked":["PrismaMod:IllyaUncommonDefend","PrismaMod:IllyaMinorReinForce"],"picked":"PrismaMod:IllyaCarnivalPrismaAstolfo","floor":13},{"not_picked":["PrismaMod:IllyaGrailKun","PrismaMod:IllyaTestament"],"picked":"PrismaMod:IllyaCheapAttack","floor":14},{"not_picked":["PrismaMod:IllyaInstallAssassin","PrismaMod:IllyaUberAttackChannel"],"picked":"PrismaMod:IllyaCarnivalOrbs","floor":16},{"not_picked":["PrismaMod:IllyaAssassinRevenge+1","PrismaMod:IllyaBoysLove"],"picked":"PrismaMod:IllyaCheapChannelPoison+1","floor":18},{"not_picked":["PrismaMod:IllyaFriendMaker","PrismaMod:IllyaCheapChannelPoison"],"picked":"PrismaMod:IllyaPartialInstallAssassin+1","floor":19},{"not_picked":["PrismaMod:IllyaDualEvoke","PrismaMod:IllyaCheapChannelAttack"],"picked":"PrismaMod:IllyaPoisonTippedWeapons","floor":20},{"not_picked":["PrismaMod:IllyaFeed","PrismaMod:IllyaInstallAssassin"],"picked":"PrismaMod:IllyaUberChannel+1","floor":21},{"not_picked":["PrismaMod:IllyaAssassinRevenge","PrismaMod:IllyaUberPoisonBlock+1","PrismaMod:IllyaPoisonBlock+1"],"picked":"SKIP","floor":22},{"not_picked":["PrismaMod:IllyaUberChannel","PrismaMod:IllyaUberPoisonChannel"],"picked":"PrismaMod:IllyaCommandSeal","floor":23},{"not_picked":["PrismaMod:IllyaBride","PrismaMod:IllyaCheapChannelAttack","PrismaMod:IllyaCheapChannelDefend+1"],"picked":"SKIP","floor":24},{"not_picked":["PrismaMod:IllyaReinForce","PrismaMod:IllyaGun","PrismaMod:IllyaFeed"],"picked":"SKIP","floor":27},{"not_picked":["PrismaMod:IllyaGun+1","PrismaMod:IllyaUpgradeOrbs","PrismaMod:IllyaRussianRoulette"],"picked":"SKIP","floor":30},{"not_picked":["PrismaMod:IllyaBoysLove","PrismaMod:IllyaUncommonAOEAttack+1"],"picked":"PrismaMod:IllyaInstallAlterEgo","floor":31},{"not_picked":["PrismaMod:IllyaZwei","PrismaMod:IllyaUberAttackChannel"],"picked":"PrismaMod:IllyaCarnivalPrismaAstolfo","floor":33},{"not_picked":["PrismaMod:IllyaCommandSeal+1","PrismaMod:IllyaMaid+1"],"picked":"PrismaMod:IllyaPartialInstallAssassin","floor":35},{"not_picked":["PrismaMod:IllyaUncommonAOEAttack+1","PrismaMod:IllyaPoisoningPhantasm"],"picked":"PrismaMod:IllyaAlice","floor":37},{"not_picked":["PrismaMod:IllyaCheapAttack+1","PrismaMod:IllyaAOECommonAttack","PrismaMod:IllyaBoysLove+1"],"picked":"SKIP","floor":38},{"not_picked":["PrismaMod:IllyaSaphire","PrismaMod:IllyaUncommonAttack+1","PrismaMod:IllyaDevil+1"],"picked":"SKIP","floor":40},{"not_picked":["PrismaMod:IllyaPartialInstallAssassin","PrismaMod:IllyaHassanGift","PrismaMod:IllyaUncommonAttack"],"picked":"SKIP","floor":41},{"not_picked":["PrismaMod:IllyaFeed+1","PrismaMod:IllyaRussianRoulette+1","PrismaMod:IllyaUncommonEvoke+1"],"picked":"SKIP","floor":42},{"not_picked":["PrismaMod:IllyaCheapChannelPoison","PrismaMod:IllyaCommonEvoke+1","PrismaMod:IllyaCommandSeal"],"picked":"SKIP","floor":45},{"not_picked":["PrismaMod:IllyaInstallBerserker","PrismaMod:IllyaRubysPotion+1","PrismaMod:IllyaAOECommonAttack+1"],"picked":"SKIP","floor":47},{"not_picked":["PrismaMod:IllyaEvokeAll+1","PrismaMod:IllyaRussianRoulette+1","PrismaMod:IllyaMinorZwei+1"],"picked":"SKIP","floor":48}],"player_experience":150279,"relics_obtained":[{"floor":7,"key":"Nunchaku"},{"floor":9,"key":"Centennial Puzzle"},{"floor":13,"key":"CaptainsWheel"},{"floor":19,"key":"Replay:Towering Pillar of Hats"},{"floor":23,"key":"TungstenRod"},{"floor":26,"key":"White Beast Statue"},{"floor":27,"key":"Pet Ghost"},{"floor":31,"key":"Shuriken"},{"floor":40,"key":"Orichalcum"},{"floor":42,"key":"ReplayFunnel"},{"floor":43,"key":"Blue Doll"},{"floor":47,"key":"Thread and Needle"}],"event_choices":[{"cards_removed":["PrismaMod:IllyaCommonAttack"],"damage_healed":0,"gold_gain":0,"player_choice":"Card Removal","damage_taken":7,"max_hp_gain":0,"max_hp_loss":0,"event_name":"Golden Wing","floor":3,"gold_loss":0},{"damage_healed":0,"gold_gain":0,"player_choice":"Paid Gold","damage_taken":0,"relics_obtained":["ReplayTheSpireMod:Shallot"],"max_hp_gain":0,"max_hp_loss":0,"event_name":"WeMeetAgain","floor":4,"gold_loss":54},{"damage_healed":0,"gold_gain":0,"player_choice":"Copied","damage_taken":0,"max_hp_gain":0,"max_hp_loss":0,"event_name":"Duplicator","floor":36,"gold_loss":0,"cards_obtained":["PrismaMod:IllyaCarnivalOrbs"]},{"damage_healed":0,"gold_gain":0,"player_choice":"Paid","damage_taken":0,"relics_obtained":["Red Mask"],"max_hp_gain":0,"max_hp_loss":0,"event_name":"Tomb of Lord Red Mask","floor":39,"gold_loss":379}],"is_beta":false,"boss_relics":[{"not_picked":["Replay:Ancient Bell","Velvet Choker"],"picked":"PrismaMod:PrismaZwei"},{"not_picked":["Replay:Wanted Poster","Runic Dome"],"picked":"SacredBark"}],"items_purged_floors":[8,28],"is_endless":false,"potions_floor_spawned":[5,6,14,18,22,24,27,30,31,33,35,37,38,40,41,42,45,47,48],"ascension_level":0}}