{"host":"Jay","time":1611427514,"event":{"mods":["BaseMod","Better Altar","Better Sensory Stone","Better Skull","Better Third Choice","Better Vampires","Colored Map","Custom Start","Downfall","Highlight Path","Minty Spire (QoL Compilation)","Permanent Neow","StSLib"],"gold_per_floor":[111,111,71,36,49,49,75,75,124,151,151,171,181,181,181,256,256,267,267,280,280,299,299,330,330,330,365,378,378,135,168,168,246,246,246,246],"floor_reached":35,"language":"ENG","playtime":1682,"items_purged":["Strike_G"],"score":842,"play_id":"f2136d6b-ea13-482b-b31b-7bc7ef4ff360","local_time":"20210123134514","is_ascension_mode":true,"campfire_choices":[{"data":"Blade Dance","floor":6.0,"key":"SMITH"},{"data":"Finisher","floor":8.0,"key":"SMITH"},{"data":"Cloak And Dagger","floor":11.0,"key":"SMITH"},{"data":"Sucker Punch","floor":15.0,"key":"SMITH"},{"data":"Terror","floor":23.0,"key":"SMITH"},{"data":"1","floor":25.0,"key":"LIFT"},{"data":"Wraith Form v2","floor":29.0,"key":"SMITH"},{"floor":32.0,"key":"REST"}],"circlet_count":0,"master_deck":["AscendersBane","Strike_G","Strike_G","Strike_G","Strike_G","Defend_G","Defend_G+1","Defend_G","Defend_G","Defend_G+1","Survivor","Neutralize","Blade Dance+1","Finisher+1","Sucker Punch+1","Cloak And Dagger+1","Masterful Stab","PiercingWail","Malaise","Backflip+1","Blade Dance","Terror+1","Finisher","Wraith Form v2+1","Well Laid Plans","Dagger Spray","PiercingWail"],"relics":["Ring of the Snake","Juzu Bracelet","Smiling Mask","Akabeko","Paper Crane","HornCleat","SlaversCollar","Girya","Omamori","StrikeDummy","Nunchaku","Runic Pyramid"],"acts_visited":[],"potions_floor_usage":[],"damage_taken":[{"damage":1.0,"enemies":"Small Slimes","floor":1.0,"turns":4.0},{"damage":0.0,"enemies":"Cultist","floor":5.0,"turns":3.0},{"damage":11.0,"enemies":"Gremlin Nob","floor":7.0,"turns":3.0},{"damage":14.0,"enemies":"Lagavulin","floor":10.0,"turns":4.0},{"damage":0.0,"enemies":"Jaw Worm","floor":12.0,"turns":1.0},{"damage":0.0,"enemies":"Exordium Thugs","floor":13.0,"turns":3.0},{"damage":34.0,"enemies":"Hexaghost","floor":16.0,"turns":15.0},{"damage":0.0,"enemies":"Spheric Guardian","floor":18.0,"turns":3.0},{"damage":0.0,"enemies":"3 Byrds","floor":20.0,"turns":4.0},{"damage":0.0,"enemies":"Centurion and Healer","floor":22.0,"turns":6.0},{"damage":14.0,"enemies":"Gremlin Leader","floor":24.0,"turns":7.0},{"damage":14.0,"enemies":"Book of Stabbing","floor":27.0,"turns":5.0},{"damage":0.0,"enemies":"Cultist and Chosen","floor":28.0,"turns":2.0},{"damage":9.0,"enemies":"Slavers","floor":31.0,"turns":7.0},{"damage":23.0,"enemies":"Automaton","floor":33.0,"turns":8.0},{"damage":0,"enemies":"3 Darklings","floor":35,"turns":1}],"seed_played":"-1500789387502697753","potions_obtained":[{"floor":3.0,"key":"DistilledChaos"},{"floor":3.0,"key":"Strength Potion"},{"floor":7.0,"key":"Regen Potion"},{"floor":13.0,"key":"BlessingOfTheForge"},{"floor":20.0,"key":"Swift Potion"},{"floor":21.0,"key":"Ancient Potion"},{"floor":27.0,"key":"FearPotion"},{"floor":31.0,"key":"SteroidPotion"},{"floor":33.0,"key":"LiquidBronze"}],"is_trial":false,"path_per_floor":["M","?","?","?","M","R","E","R","T","E","R","M","M","T","R","B",null,"M","?","M","?","M","R","E","R","T","E","M","R","$","E","R","B",null,"M"],"character_chosen":"THE_SILENT","items_purchased":["Well Laid Plans","Dagger Spray","SteroidPotion"],"campfire_rested":1,"item_purchase_floors":[30,30,30],"current_hp_per_floor":[58,38,38,54,54,54,43,43,43,41,41,41,41,41,41,7,51,51,51,51,51,51,51,37,37,37,23,23,23,23,14,33,10,52,52,52],"gold":246,"neow_bonus":"RANDOM_COMMON_RELIC","is_daily":false,"chose_seed":false,"campfire_upgraded":6,"win_rate":0.0,"timestamp":1611427514,"path_taken":["M","?","?","?","M","R","E","R","T","E","R","M","M","?","R","BOSS","M","?","M","?","M","R","E","R","T","E","M","R","$","E","R","BOSS","M"],"items_purchased_type":["Card","Card","Potion"],"build_version":"2020-12-18","purchased_purges":1,"victory":false,"max_hp_per_floor":[66,66,66,66,66,66,66,66,66,66,66,66,66,66,66,66,66,66,66,66,66,66,66,66,66,66,66,66,66,66,66,66,66,66,66,66],"card_choices":[{"not_picked":["Sucker Punch","Tactician"],"picked":"Blade Dance","floor":1.0},{"not_picked":["Calculated Gamble","Dagger Spray"],"picked":"Finisher","floor":5.0},{"not_picked":["Poisoned Stab","Setup"],"picked":"Sucker Punch","floor":7.0},{"not_picked":["PiercingWail","Flying Knee"],"picked":"Cloak And Dagger","floor":10.0},{"not_picked":["Predator","Bane"],"picked":"Masterful Stab","floor":12.0},{"not_picked":["Underhanded Strike","Flying Knee"],"picked":"PiercingWail","floor":13.0},{"not_picked":["Venomology","Night Terror"],"picked":"Malaise","floor":16.0},{"not_picked":["Prepared","Catalyst"],"picked":"Backflip+1","floor":18.0},{"not_picked":["Concentrate","Bouncing Flask"],"picked":"Terror","floor":20.0},{"not_picked":["Terror","Poisoned Stab"],"picked":"Finisher","floor":22.0},{"not_picked":["Poisoned Stab","Predator","Finisher"],"picked":"SKIP","floor":24.0},{"not_picked":["Sucker Punch","Dagger Spray"],"picked":"Wraith Form v2","floor":27.0},{"not_picked":["Outmaneuver","Reflex","Flying Knee+1"],"picked":"SKIP","floor":28.0},{"not_picked":["Deflect","Sucker Punch"],"picked":"PiercingWail","floor":31.0}],"player_experience":3240204,"relics_obtained":[{"floor":7.0,"key":"Smiling Mask"},{"floor":9.0,"key":"Akabeko"},{"floor":10.0,"key":"Paper Crane"},{"floor":14.0,"key":"HornCleat"},{"floor":24.0,"key":"Girya"},{"floor":26.0,"key":"Omamori"},{"floor":27.0,"key":"StrikeDummy"},{"floor":31.0,"key":"Nunchaku"}],"event_choices":[{"damage_healed":0.0,"max_hp_gain":0.0,"max_hp_loss":0.0,"gold_gain":0.0,"event_name":"Shining Light","player_choice":"Entered Light","floor":2.0,"gold_loss":0.0,"damage_taken":20.0,"cards_upgraded":["Defend_G","Defend_G"]},{"damage_healed":0.0,"max_hp_gain":0.0,"max_hp_loss":0.0,"gold_gain":0.0,"event_name":"The Woman in Blue","player_choice":"Bought 3 Potions","floor":3.0,"gold_loss":0.0,"damage_taken":0.0},{"damage_healed":16.0,"max_hp_gain":0.0,"max_hp_loss":0.0,"gold_gain":0.0,"event_name":"The Cleric","player_choice":"Healed","floor":4.0,"gold_loss":35.0,"damage_taken":0.0},{"damage_healed":0.0,"max_hp_gain":0.0,"max_hp_loss":0.0,"gold_gain":0.0,"event_name":"The Library","player_choice":"Read","floor":19.0,"gold_loss":0.0,"damage_taken":0.0,"cards_obtained":["Blade Dance"]},{"damage_healed":0.0,"max_hp_gain":0.0,"max_hp_loss":0.0,"gold_gain":0.0,"event_name":"Lab","player_choice":"Got Potions","floor":21.0,"gold_loss":0.0,"damage_taken":0.0}],"is_beta":true,"boss_relics":[{"not_picked":["Runic Dome","Coffee Dripper"],"picked":"SlaversCollar"},{"not_picked":["Black Star","Empty Cage"],"picked":"Runic Pyramid"}],"items_purged_floors":[30],"is_endless":false,"potions_floor_spawned":[5,7,13,20,27,31,33],"killed_by":"3 Darklings","ascension_level":20}}