{"host":"srk2drlvga69hbot","time":1611397817,"event":{"mods":["BaseMod","Bestiary","Block Reminder","Colored Map","Colored Powertips","Dark Map","DeckTracker","Highlight Path","Minty Spire (QoL Compilation)","Quick Restart","Rare Cards Sparkle","Relic Stats","SuperFastMode","Unceasing Turn Reminder"],"gold_per_floor":[11,11,30,30,105,105,139,64,64,64,82,97,97,172,172,172,172],"floor_reached":16,"language":"ZHS","playtime":506,"items_purged":["Defend_R"],"score":123,"play_id":"d34a5018-6e27-4aad-8398-0aa109131d5e","local_time":"20210123183017","is_ascension_mode":true,"campfire_choices":[{"data":"Perfected Strike","floor":6.0,"key":"SMITH"},{"data":"Inflame","floor":10.0,"key":"SMITH"},{"data":"Warcry","floor":13.0,"key":"SMITH"},{"floor":15.0,"key":"REST"}],"circlet_count":0,"master_deck":["Strike_R","Strike_R","Strike_R","Strike_R","Strike_R","Defend_R","Defend_R","Defend_R","Bash","Perfected Strike+1","Inflame+1","Shrug It Off","Warcry+1","Cleave+1"],"relics":["Burning Blood","Magic Flower","Ginger","Molten Egg 2"],"acts_visited":["Exordium"],"potions_floor_usage":[16],"damage_taken":[{"damage":0.0,"enemies":"Small Slimes","floor":1.0,"turns":3.0},{"damage":0.0,"enemies":"Cultist","floor":3.0,"turns":2.0},{"damage":30.0,"enemies":"3 Sentries","floor":7.0,"turns":7.0},{"damage":3.0,"enemies":"2 Louse","floor":11.0,"turns":2.0},{"damage":26.0,"enemies":"Lots of Slimes","floor":12.0,"turns":5.0},{"damage":46,"enemies":"Hexaghost","floor":16,"turns":9}],"seed_played":"5619056033045433519","potions_obtained":[{"floor":2.0,"key":"Swift Potion"},{"floor":2.0,"key":"Ancient Potion"},{"floor":2.0,"key":"FearPotion"}],"is_trial":false,"path_per_floor":["M","?","M","$","?","R","E","$","T","R","M","M","R","?","R","B"],"character_chosen":"IRONCLAD","items_purchased":[],"campfire_rested":1,"item_purchase_floors":[],"current_hp_per_floor":[80,80,80,80,69,69,48,48,48,48,54,37,37,29,53,7,7],"gold":172,"neow_bonus":"ONE_RARE_RELIC","is_daily":false,"chose_seed":false,"campfire_upgraded":3,"win_rate":0.0,"timestamp":1611397817,"path_taken":["M","?","M","?","?","R","E","$","T","R","M","M","R","?","R","BOSS"],"items_purchased_type":[],"build_version":"2020-12-22","purchased_purges":1,"victory":false,"max_hp_per_floor":[80,80,80,80,80,80,80,80,80,80,80,80,80,80,80,80,80],"relic_stats":{"counters":[6,28],"Magic Flower":[9],"Ginger":[2],"obtain_stats":[{"Magic Flower":0,"Molten Egg 2":9,"Ginger":7,"Burning Blood":0},{"Magic Flower":0,"Molten Egg 2":3,"Ginger":3,"Burning Blood":0},{"Magic Flower":0,"Molten Egg 2":12,"Ginger":12,"Burning Blood":0}],"Burning Blood":27},"card_choices":[{"not_picked":["Pommel Strike","Thunderclap"],"picked":"Perfected Strike","floor":1.0},{"not_picked":["Havoc","Hemokinesis"],"picked":"Inflame","floor":3.0},{"not_picked":["Hemokinesis","Disarm"],"picked":"Shrug It Off","floor":7.0},{"not_picked":["Perfected Strike+1","Headbutt+1"],"picked":"Warcry","floor":11.0},{"not_picked":["Clash+1","Power Through"],"picked":"Cleave+1","floor":12.0}],"player_experience":161992,"relics_obtained":[{"floor":7.0,"key":"Ginger"},{"floor":9.0,"key":"Molten Egg 2"}],"event_choices":[{"damage_healed":0.0,"max_hp_gain":0.0,"max_hp_loss":0.0,"gold_gain":0.0,"event_name":"Lab","player_choice":"Got Potions","floor":2.0,"gold_loss":0.0,"damage_taken":0.0},{"damage_healed":0.0,"max_hp_gain":0.0,"max_hp_loss":0.0,"gold_gain":75.0,"event_name":"World of Goop","player_choice":"Gather Gold","floor":5.0,"gold_loss":0.0,"damage_taken":11.0},{"damage_healed":0.0,"max_hp_gain":0.0,"max_hp_loss":0.0,"gold_gain":75.0,"event_name":"FaceTrader","player_choice":"Touch","floor":14.0,"gold_loss":0.0,"damage_taken":8.0}],"is_beta":false,"boss_relics":[],"items_purged_floors":[8],"is_endless":false,"potions_floor_spawned":[3,7],"killed_by":"Hexaghost","ascension_level":5}}