{"host":"lbezuomzcjopy55u","time":1611421700,"event":{"mods":["BaseMod","Bestiary","Minty Spire (QoL Compilation)","Quick Restart","Slay-I","StSLib","Uncapped"],"gold_per_floor":[112,33,33,45,45,78,78,105,105,118,137,137,154,154,154,154,154],"floor_reached":16,"language":"ZHS","playtime":393,"items_purged":[],"score":257,"play_id":"21744180-6d69-45ad-80ee-dcc3309f7914","local_time":"20210124010820","is_ascension_mode":true,"campfire_choices":[{"data":"Bash","floor":7.0,"key":"SMITH"},{"data":"Body Slam","floor":12.0,"key":"SMITH"},{"data":"Juggernaut","floor":15,"key":"SMITH"}],"circlet_count":0,"master_deck":["AscendersBane","Strike_R","Strike_R","Strike_R","Strike_R","Defend_R","Defend_R","Defend_R","Defend_R","Bash+1","Evolve","Entrench+1","Body Slam","Second Wind","Body Slam+1","Juggernaut+1"],"relics":["Burning Blood","NeowsBlessing","NlothsMask","Self Forming Clay","Toy Ornithopter"],"acts_visited":["Exordium"],"potions_floor_usage":[13,16],"damage_taken":[{"damage":0.0,"enemies":"2 Louse","floor":1.0,"turns":1.0},{"damage":0.0,"enemies":"Cultist","floor":4.0,"turns":1.0},{"damage":0.0,"enemies":"3 Sentries","floor":6.0,"turns":1.0},{"damage":55.0,"enemies":"Gremlin Nob","floor":8.0,"turns":6.0},{"damage":6.0,"enemies":"Jaw Worm","floor":10.0,"turns":3.0},{"damage":15.0,"enemies":"Gremlin Gang","floor":11.0,"turns":7.0},{"damage":10,"enemies":"Large Slime","floor":13,"turns":6},{"damage":26,"enemies":"The Guardian","floor":16,"turns":5}],"seed_played":"2477663028039389595","potions_obtained":[{"floor":4.0,"key":"Energy Potion"},{"floor":6.0,"key":"Fruit Juice"},{"floor":11.0,"key":"Ancient Potion"}],"is_trial":false,"path_per_floor":["M","$","?","M","?","E","R","E","T","M","M","R","M","?","R","B"],"character_chosen":"IRONCLAD","items_purchased":["Entrench"],"campfire_rested":0,"item_purchase_floors":[2],"current_hp_per_floor":[74,74,74,75,75,75,75,31,31,31,22,22,23,23,23,2,2],"gold":154,"neow_bonus":"THREE_ENEMY_KILL","is_daily":false,"chose_seed":false,"campfire_upgraded":3,"win_rate":0.0,"timestamp":1611421700,"path_taken":["M","$","?","?","?","E","R","E","T","?","M","R","M","?","R","BOSS"],"items_purchased_type":["Card"],"build_version":"2020-12-22","purchased_purges":0,"victory":false,"max_hp_per_floor":[75,75,75,75,75,75,75,80,80,80,80,80,80,80,80,80,80],"card_choices":[{"not_picked":["Thunderclap","Intimidate"],"picked":"Evolve","floor":1.0},{"not_picked":["Anger","Rupture","Clothesline"],"picked":"SKIP","floor":4.0},{"not_picked":["Perfected Strike","Heavy Blade","Burning Pact"],"picked":"SKIP","floor":6.0},{"not_picked":["Clothesline","Clash"],"picked":"Body Slam","floor":8.0},{"not_picked":["Shockwave","Perfected Strike"],"picked":"Second Wind","floor":10.0},{"not_picked":["Rampage","Pummel"],"picked":"Body Slam","floor":11.0},{"not_picked":["Heavy Blade","Perfected Strike"],"picked":"Juggernaut","floor":13}],"player_experience":283108,"relics_obtained":[{"floor":6.0,"key":"Self Forming Clay"},{"floor":8.0,"key":"Toy Ornithopter"}],"event_choices":[{"damage_healed":0.0,"max_hp_gain":0.0,"max_hp_loss":0.0,"gold_gain":0.0,"event_name":"FaceTrader","player_choice":"Trade","floor":3.0,"gold_loss":0.0,"damage_taken":0.0,"relics_obtained":["NlothsMask"]},{"damage_healed":0.0,"max_hp_gain":0.0,"max_hp_loss":0.0,"gold_gain":0.0,"event_name":"Upgrade Shrine","player_choice":"Upgraded","floor":5.0,"gold_loss":0.0,"damage_taken":0.0,"cards_upgraded":["Entrench"]},{"cards_removed":["Strike_R"],"damage_healed":0,"gold_gain":0,"player_choice":"Purged","damage_taken":0,"max_hp_gain":0,"max_hp_loss":0,"event_name":"Purifier","floor":14,"gold_loss":0}],"is_beta":false,"boss_relics":[],"items_purged_floors":[],"is_endless":false,"potions_floor_spawned":[4,6,11],"killed_by":"The Guardian","ascension_level":18}}