{"host":"z9x5nldzhmx4jdfi","time":1611419634,"event":{"mods":["2.2 Compatiblity","BaseMod","Better Altar","Better Match","Better Note","Better Sensory Stone","Better Skull","Better Third Choice","BetterRewards","Block Reminder","Card Filter","Colored Powertips","Infinite Spire","Minty Spire (QoL Compilation)","Relic Filter","StSLib","Td1madao Mod","The Animator","The Servant 0.9.4","Wandering Minibosses"],"gold_per_floor":[114,114,114,114,145,180,197,225,225,243,275,275,315,328,328,427,427,443,454,495,495,186,186,212,212,212,241,221,221,221,238,238,340,340,352,405,405,43,57,57,92,106,130,157,189,217,217,227,227,227,227,227,567,617,672,672,672,81,156,236,236,236,343,343,343,343,458,458,458,458],"floor_reached":69,"language":"ENG","playtime":6940,"items_purged":["animator:Strike","animator:Strike","animator:Strike","animator:Defend","animator:Strike_Elsword"],"score":2034,"play_id":"4197674c-6534-4d91-a1cf-cb6a9bdf0cfa","local_time":"20210123103354","is_ascension_mode":true,"campfire_choices":[{"floor":15.0,"key":"REST"},{"floor":23.0,"key":"DIG"},{"floor":25.0,"key":"DIG"},{"floor":30.0,"key":"DIG"},{"floor":32.0,"key":"REST"},{"data":"animator:Eve","floor":40.0,"key":"SMITH"},{"floor":49.0,"key":"RECALL"},{"floor":52.0,"key":"DIG"},{"floor":62.0,"key":"REST"},{"floor":66.0,"key":"REST"},{"floor":68.0,"key":"REST"}],"circlet_count":0,"master_deck":["AscendersBane","animator:Defend_Elsword","animator:Chung","animator:Saber+1","animator:Laby+1","animator:Ciel","animator:Emilia+1","animator:NarberalGamma+1","animator:PandorasActor+1","animator:Rena+1","Master of Strategy+1","animator:Jibril","animator:Ain+1","animator:RinTohsaka+1","animator:Lu+1","animator:Albedo","animator:Ara+1","animator:Laby+1","animator:Aisha+1","animator:Elesis","animator:Caster","animator:MisaKurobane+1","animator:YunYun","animator:PandorasActor+1","animator:Ain","animator:Eve+1","animator:Raven+1","animator:Chung+1","animator:Laby+1","animator:Add+1","animator:Saber+1","animator:Add+1","animator:Arpeggio+1","animator:MisaKurobane+1","animator:Cirno+1","animator:Chung","animator:Magilou+1","animator:Arpeggio+1","animator:Tatsumaki+1","infinitespire:TheBestDefense+1","animator:Aisha"],"relics":["animator:TheEruzaStone","animator:LivingPicture","animator:TheMissingPiece","animator:AncientMedallion"],"acts_visited":["Exordium","TheCity","TheBeyond","TheEnding","EYB:TheUnnamedReign"],"potions_floor_usage":[69,69,69],"damage_taken":[{"damage":0.0,"enemies":"Small Slimes","floor":1.0,"turns":5.0},{"damage":0.0,"enemies":"2 Louse","floor":5.0,"turns":7.0},{"damage":0.0,"enemies":"Nightmare","floor":6.0,"turns":9.0},{"damage":0.0,"enemies":"Cultist","floor":7.0,"turns":3.0},{"damage":17.0,"enemies":"Gremlin Nob","floor":8.0,"turns":5.0},{"damage":0.0,"enemies":"Looter","floor":10.0,"turns":3.0},{"damage":0.0,"enemies":"Lagavulin","floor":11.0,"turns":7.0},{"damage":0.0,"enemies":"3 Sentries","floor":13.0,"turns":5.0},{"damage":0.0,"enemies":"Red Slaver","floor":14.0,"turns":3.0},{"damage":0.0,"enemies":"Slime Boss","floor":16.0,"turns":8.0},{"damage":16.0,"enemies":"Spheric Guardian","floor":18.0,"turns":6.0},{"damage":13.0,"enemies":"2 Thieves","floor":19.0,"turns":6.0},{"damage":14.0,"enemies":"Centurion and Healer","floor":20.0,"turns":6.0},{"damage":4.0,"enemies":"animator:HornedBat","floor":24.0,"turns":5.0},{"damage":3.0,"enemies":"Slavers","floor":27.0,"turns":4.0},{"damage":6.0,"enemies":"Cultist and Chosen","floor":31.0,"turns":6.0},{"damage":0.0,"enemies":"Collector","floor":33.0,"turns":10.0},{"damage":0.0,"enemies":"3 Darklings","floor":35.0,"turns":4.0},{"damage":41.0,"enemies":"2 Orb Walkers","floor":36.0,"turns":5.0},{"damage":0.0,"enemies":"Orb Walker","floor":39.0,"turns":3.0},{"damage":0.0,"enemies":"Nemesis","floor":41.0,"turns":5.0},{"damage":0.0,"enemies":"3 Darklings","floor":42.0,"turns":3.0},{"damage":0.0,"enemies":"Jaw Worm Horde","floor":45.0,"turns":3.0},{"damage":19.0,"enemies":"Giant Head","floor":46.0,"turns":8.0},{"damage":0.0,"enemies":"Sphere and 2 Shapes","floor":48.0,"turns":5.0},{"damage":9.0,"enemies":"Time Eater","floor":50.0,"turns":9.0},{"damage":0.0,"enemies":"animator:UNNAMED_HAT","floor":54.0,"turns":6.0},{"damage":0.0,"enemies":"animator:UNNAMED_CULTIST_1","floor":55.0,"turns":6.0},{"damage":40.0,"enemies":"animator:TRIPLE_LAGAVULIN","floor":59.0,"turns":10.0},{"damage":50.0,"enemies":"animator:UNNAMED_CULTIST_2","floor":60.0,"turns":7.0},{"damage":13.0,"enemies":"animator:ULTIMATE_CUBE","floor":63.0,"turns":11.0},{"damage":50.0,"enemies":"animator:ULTIMATE_WISP","floor":67.0,"turns":10.0},{"damage":67,"enemies":"animator:TheUnnamed","floor":69,"turns":16}],"seed_played":"7009907130251800465","potions_obtained":[{"floor":1.0,"key":"animator:FalseLifePotion"},{"floor":10.0,"key":"Dexterity Potion"},{"floor":13.0,"key":"DistilledChaos"},{"floor":16.0,"key":"DuplicationPotion"},{"floor":18.0,"key":"DistilledChaos"},{"floor":19.0,"key":"CultistPotion"},{"floor":28.0,"key":"DistilledChaos"},{"floor":39.0,"key":"infinitespire:BlackPotion"},{"floor":42.0,"key":"animator:GrowthPotion"},{"floor":48.0,"key":"Swift Potion"},{"floor":54.0,"key":"animator:FalseLifePotion"},{"floor":55.0,"key":"animator:FalseLifePotion"},{"floor":59.0,"key":"animator:FalseLifePotion"},{"floor":60.0,"key":"animator:FalseLifePotion"},{"floor":63.0,"key":"animator:FalseLifePotion"},{"floor":67.0,"key":"animator:FalseLifePotion"}],"is_trial":false,"path_per_floor":["M","?","?","AVR","M","NM","M","E","T","M","E","?","E","M","R","B",null,"M","M","M","?","$","R","E","R","T","E","?","?","R","M","R","B",null,"M","?","?","$","M","R","E","M","T","T","M","E","?","M","R","B",null,"R","??","M","M","T","?","$","M","M","?","R","E","T","?","R","E","R","B"],"character_chosen":"THE_ANIMATOR","items_purchased":["Juzu Bracelet","infinitespire:ShieldingShard","animator:Saber","animator:Laby","animator:Ciel","Sundial","animator:Emilia","OrangePellets","Membership Card","FossilizedHelix","animator:NarberalGamma","Regal Pillow","DataDisk","War Paint","animator:Caster","animator:MisaKurobane","animator:Add","animator:Saber","animator:FalseLifePotion","Shuriken","Brimstone","Dexterity Potion","animator:AncientMedallion","animator:AncientMedallion","animator:Magilou"],"campfire_rested":5,"item_purchase_floors":[0,0,0,0,0,0,0,0,0,0,0,0,22,22,22,22,38,38,38,38,38,38,58,58,58],"current_hp_per_floor":[18,18,18,18,18,18,19,2,2,2,2,2,2,2,67,67,67,52,39,25,25,25,25,21,21,21,18,18,18,18,12,68,70,70,70,29,61,61,61,61,61,61,61,61,61,42,42,42,42,33,54,54,86,86,86,86,86,86,46,8,19,44,43,43,22,47,17,42,0,0],"gold":458,"neow_bonus":"","is_daily":false,"chose_seed":false,"campfire_upgraded":1,"win_rate":0.0,"timestamp":1611419634,"path_taken":["M","?","?","AVR","M","NM","M","E","T","M","E","?","E","M","R","BOSS","M","M","M","?","$","R","E","R","T","E","?","?","R","M","R","BOSS","M","?","?","$","M","R","E","M","T","?","M","E","?","M","R","BOSS","R","??","M","M","T","?","$","M","M","?","R","E","T","?","R","E","R","BOSS"],"items_purchased_type":["Relic","Relic","Card","Card","Card","Relic","Card","Relic","Relic","Relic","Card","Relic","Relic","Relic","Card","Card","Card","Card","Potion","Relic","Relic","Potion","Relic","Relic","Card"],"build_version":"2020-12-22","purchased_purges":5,"victory":false,"max_hp_per_floor":[66,66,66,66,66,66,67,67,67,67,67,67,67,67,67,67,67,68,68,68,68,68,68,68,68,68,68,68,68,68,68,68,70,70,70,70,61,61,61,61,61,61,61,61,61,61,61,61,61,61,61,61,86,86,86,86,86,86,86,86,86,86,86,86,86,86,86,86,86,86],"card_choices":[{"not_picked":["animator:DolaCouronne","animator:IzunaHatsuse"],"picked":"animator:PandorasActor","floor":1.0},{"not_picked":["animator:PandorasActor","animator:Sebas"],"picked":"animator:Rena","floor":5.0},{"not_picked":["infinitespire:Execution","infinitespire:Menacing"],"picked":"infinitespire:Collect","floor":6.0},{"not_picked":["animator:YaoHaDucy","animator:TukaLunaMarceau"],"picked":"animator:Jibril","floor":6.0},{"not_picked":["animator:Elsword","animator:Ara"],"picked":"animator:Ain","floor":7.0},{"not_picked":["animator:Rider","animator:Bozes","animator:Alexander"],"picked":"SKIP","floor":8.0},{"not_picked":["animator:Kazuma","animator:Laby"],"picked":"animator:RinTohsaka","floor":10.0},{"not_picked":["animator:TukaLunaMarceau","animator:Aqua","animator:Geryuganshoop"],"picked":"SKIP","floor":11.0},{"not_picked":["animator:Ain","animator:Raven"],"picked":"animator:Lu","floor":13.0},{"not_picked":["animator:DolaSchwi","animator:Raven","animator:SilverFang"],"picked":"SKIP","floor":14.0},{"not_picked":["animator:Hans","animator:ItamiYouji"],"picked":"animator:Albedo","floor":16.0},{"not_picked":["animator:Ciel","animator:Kuribayashi+1"],"picked":"animator:Ara","floor":18.0},{"not_picked":["animator:DolaCouronne","animator:DolaSchwi"],"picked":"animator:Laby","floor":19.0},{"not_picked":["animator:Raven","animator:Ara"],"picked":"animator:Aisha","floor":20.0},{"not_picked":["animator:IzunaHatsuse","animator:TukaLunaMarceau+1"],"picked":"animator:YunYun+1","floor":24.0},{"not_picked":["animator:Saitama","animator:ChlammyZell"],"picked":"animator:PandorasActor","floor":27.0},{"not_picked":["animator:Illya","animator:SilverFang+1"],"picked":"animator:Ain","floor":31.0},{"not_picked":["animator:Albedo","animator:PinaCoLada"],"picked":"animator:Eve","floor":33.0},{"not_picked":["animator:Genos+1","animator:EmiyaShirou+1"],"picked":"animator:Add+1","floor":39.0},{"not_picked":["animator:Alexander+1","animator:Tet","animator:Entoma"],"picked":"SKIP","floor":41.0},{"not_picked":["animator:ChlammyZell","animator:Hans","animator:Genos+1"],"picked":"SKIP","floor":42.0},{"not_picked":["animator:Kuribayashi","animator:Bozes"],"picked":"animator:Arpeggio","floor":45.0},{"not_picked":["animator:YunYun","animator:TukaLunaMarceau+1","animator:Shalltear"],"picked":"SKIP","floor":46.0},{"not_picked":["animator:IchigoKurosaki","animator:HarukoHaruhara"],"picked":"animator:MisaKurobane","floor":47.0},{"not_picked":["animator:Canti","animator:IchigoKurosaki"],"picked":"animator:Cirno","floor":47.0},{"not_picked":["animator:YaoHaDucy","animator:Vanir","animator:Berserker"],"picked":"SKIP","floor":48.0},{"not_picked":["animator:Aqua","animator:Lancer","animator:MumenRider"],"picked":"SKIP","floor":54.0},{"not_picked":["animator:Elsword","animator:Laby"],"picked":"animator:Chung","floor":55.0},{"not_picked":["animator:Berserker","animator:Lancer","animator:Sebas"],"picked":"SKIP","floor":59.0},{"not_picked":["animator:Jibril","animator:Ciel+1"],"picked":"animator:Arpeggio","floor":60.0},{"not_picked":["animator:Ainz","animator:Elsword"],"picked":"animator:Tatsumaki+1","floor":63.0},{"not_picked":["infinitespire:Oblivion","infinitespire:FutureSight"],"picked":"infinitespire:TheBestDefense","floor":65.0},{"not_picked":["animator:Ara","animator:Elsword"],"picked":"animator:Aisha","floor":67.0}],"player_experience":1502958,"relics_obtained":[{"floor":6.0,"key":"Centennial Puzzle"},{"floor":8.0,"key":"Art of War"},{"floor":9.0,"key":"Ornamental Fan"},{"floor":11.0,"key":"Shovel"},{"floor":13.0,"key":"Bag of Preparation"},{"floor":23.0,"key":"infinitespire:Satchel"},{"floor":24.0,"key":"HornCleat"},{"floor":25.0,"key":"Happy Flower"},{"floor":26.0,"key":"Bottled Lightning"},{"floor":27.0,"key":"infinitespire:Beetle Shell"},{"floor":30.0,"key":"TungstenRod"},{"floor":36.0,"key":"Du-Vu Doll"},{"floor":41.0,"key":"animator:WornHelmet"},{"floor":44.0,"key":"Bag of Marbles"},{"floor":46.0,"key":"Omamori"},{"floor":48.0,"key":"wanderingMiniBosses:OtherGremlinHorn"},{"floor":52.0,"key":"Pantograph"},{"floor":53.0,"key":"animator:TheEruzaStone"},{"floor":56.0,"key":"animator:AncientMedallion"},{"floor":63.0,"key":"animator:AncientMedallion"},{"floor":64.0,"key":"animator:AncientMedallion"},{"floor":67.0,"key":"animator:AncientMedallion"}],"event_choices":[{"damage_healed":0.0,"max_hp_gain":0.0,"max_hp_loss":0.0,"gold_gain":1.0,"event_name":"betterThird:BetterScrap","player_choice":"LEAVE","floor":2.0,"gold_loss":0.0,"damage_taken":0.0,"cards_obtained":["FTL"]},{"damage_healed":0.0,"max_hp_gain":0.0,"max_hp_loss":0.0,"gold_gain":0.0,"event_name":"Living Wall","player_choice":"Grow","floor":12.0,"gold_loss":0.0,"damage_taken":0.0,"cards_upgraded":["infinitespire:Collect"]},{"cards_removed":["animator:Albedo"],"damage_healed":0.0,"max_hp_gain":0.0,"max_hp_loss":0.0,"gold_gain":0.0,"event_name":"betterNote:BetterNote","player_choice":"Take \u0026 Give","floor":21.0,"gold_loss":0.0,"damage_taken":0.0,"cards_obtained":["animator:Elesis"]},{"damage_healed":0.0,"max_hp_gain":0.0,"max_hp_loss":0.0,"gold_gain":0.0,"event_name":"The Woman in Blue","player_choice":"Bought 1 Potion","floor":28.0,"gold_loss":0.0,"damage_taken":0.0},{"damage_healed":0.0,"max_hp_gain":0.0,"max_hp_loss":0.0,"gold_gain":0.0,"event_name":"Cursed Tome","player_choice":"Ignored","floor":29.0,"gold_loss":0.0,"damage_taken":0.0},{"damage_healed":0.0,"max_hp_gain":0.0,"max_hp_loss":0.0,"gold_gain":0.0,"event_name":"Mysterious Sphere","player_choice":"Fight","floor":36.0,"gold_loss":0.0,"damage_taken":0.0},{"damage_healed":61.0,"max_hp_gain":0.0,"max_hp_loss":9.0,"gold_gain":0.0,"event_name":"The Moai Head","player_choice":"Heal","floor":37.0,"gold_loss":0.0,"damage_taken":0.0},{"damage_healed":0.0,"max_hp_gain":0.0,"max_hp_loss":0.0,"gold_gain":3.0,"event_name":"betterStone:BetterStone","player_choice":"1","floor":47.0,"gold_loss":0.0,"damage_taken":0.0}],"is_beta":false,"boss_relics":[{"not_picked":["Fusion Hammer","Cursed Key"],"picked":"SacredBark"},{"not_picked":["animator:CursedBlade","Tiny House"],"picked":"animator:RacePiece"}],"items_purged_floors":[0,0,0,4,22],"is_endless":false,"potions_floor_spawned":[1,10,13,14,16,18,19,33,39,42,45,48,63,67],"killed_by":"animator:TheUnnamed","ascension_level":10}}