{"host":"April","time":1611385006,"event":{"mods":["BaseMod","Minty Spire (QoL Compilation)"],"gold_per_floor":[14,33,33,33,33,73,87,87,87,131,131,162,176,207,207,331,331,344,54,63,162,207,207,287,314,338,388,30,30,62,85,85,214,214,248,313,646,665,686,725,757,757,757,793,861,895,24,24,24,24],"floor_reached":51,"language":"ENG","playtime":4127,"items_purged":[],"score":1021,"play_id":"be2a2e53-9918-4f08-bc54-8781c7f21b76","local_time":"20210122225646","is_ascension_mode":true,"campfire_choices":[{"data":"Pommel Strike","floor":8.0,"key":"SMITH"},{"data":"Barricade","floor":15.0,"key":"SMITH"},{"data":"Ghostly","floor":23.0,"key":"SMITH"},{"data":"Ghostly","floor":29.0,"key":"SMITH"},{"data":"Ghostly","floor":32.0,"key":"SMITH"},{"data":"Ghostly","floor":49,"key":"SMITH"}],"circlet_count":0,"master_deck":["Strike_R+1","Strike_R","Strike_R","Strike_R","Strike_R","Defend_R+1","Defend_R","Defend_R","Defend_R","Bash","Fire Breathing","Wild Strike","Ghostly Armor+1","Pommel Strike+1","Battle Trance","Reckless Charge","Immolate","Barricade+1","Juggernaut","Warcry+1","Shame","Ghostly+1","Ghostly+1","Ghostly+1","Ghostly+1","Ghostly","Inflame","Shockwave","Power Through","Evolve","Feel No Pain","Metallicize","Deep Breath","Sword Boomerang","Iron Wave+1","Impervious","Thunderclap","Infernal Blade+1","Clothesline+1","Seeing Red+1","Sever Soul","Parasite","Warcry+1","Entrench+1","Seeing Red+1","Limit Break+1","Infernal Blade+1","Impervious+1","Shockwave+1"],"relics":["Burning Blood","TungstenRod","Calipers","Pear","Oddly Smooth Stone","Spirit Poop","Pantograph","Bag of Preparation","Black Star","Tiny Chest","Cauldron","CeramicFish","Mercury Hourglass","Juzu Bracelet","The Courier","CaptainsWheel","Vajra","Philosopher\u0027s Stone","Thread and Needle","Boot","Potion Belt","Letter Opener","Ornamental Fan","Red Skull","Regal Pillow","Paper Frog","War Paint","Toxic Egg 2","ClockworkSouvenir","Orichalcum","Akabeko","Frozen Egg 2"],"acts_visited":["Exordium","TheCity","TheBeyond"],"potions_floor_usage":[50],"damage_taken":[{"damage":5.0,"enemies":"Jaw Worm","floor":1.0,"turns":3.0},{"damage":4.0,"enemies":"2 Louse","floor":2.0,"turns":3.0},{"damage":0.0,"enemies":"3 Sentries","floor":6.0,"turns":3.0},{"damage":0.0,"enemies":"Cultist","floor":7.0,"turns":3.0},{"damage":5.0,"enemies":"Gremlin Nob","floor":10.0,"turns":3.0},{"damage":23.0,"enemies":"Lagavulin","floor":12.0,"turns":7.0},{"damage":6.0,"enemies":"2 Fungi Beasts","floor":13.0,"turns":4.0},{"damage":10.0,"enemies":"3 Sentries","floor":14.0,"turns":4.0},{"damage":55.0,"enemies":"Hexaghost","floor":16.0,"turns":11.0},{"damage":26.0,"enemies":"2 Thieves","floor":18.0,"turns":4.0},{"damage":0.0,"enemies":"3 Byrds","floor":25.0,"turns":4.0},{"damage":9.0,"enemies":"Book of Stabbing","floor":27.0,"turns":8.0},{"damage":0.0,"enemies":"3 Cultists","floor":30.0,"turns":4.0},{"damage":9.0,"enemies":"Shelled Parasite and Fungi","floor":31.0,"turns":8.0},{"damage":0.0,"enemies":"Champ","floor":33.0,"turns":14.0},{"damage":3.0,"enemies":"Orb Walker","floor":35.0,"turns":5.0},{"damage":13.0,"enemies":"2 Orb Walkers","floor":36.0,"turns":5.0},{"damage":0.0,"enemies":"3 Shapes","floor":38.0,"turns":5.0},{"damage":6.0,"enemies":"3 Darklings","floor":39.0,"turns":6.0},{"damage":19.0,"enemies":"Reptomancer","floor":40.0,"turns":10.0},{"damage":0.0,"enemies":"Writhing Mass","floor":41.0,"turns":8.0},{"damage":0.0,"enemies":"Giant Head","floor":44.0,"turns":8.0},{"damage":0.0,"enemies":"Nemesis","floor":46.0,"turns":8.0},{"damage":35,"enemies":"Donu and Deca","floor":50,"turns":13}],"seed_played":"8137058096876773218","potions_obtained":[{"floor":1.0,"key":"EssenceOfSteel"},{"floor":2.0,"key":"EntropicBrew"},{"floor":5.0,"key":"AttackPotion"},{"floor":13.0,"key":"SneckoOil"},{"floor":19.0,"key":"LiquidMemories"},{"floor":19.0,"key":"Dexterity Potion"},{"floor":19.0,"key":"SteroidPotion"},{"floor":30.0,"key":"CultistPotion"},{"floor":35.0,"key":"ColorlessPotion"},{"floor":39.0,"key":"CultistPotion"},{"floor":40.0,"key":"Fruit Juice"},{"floor":44.0,"key":"SkillPotion"}],"is_trial":false,"path_per_floor":["M","M","?","?","?","E","M","R","T","E","?","E","M","E","R","B",null,"M","$","?","?","?","R","T","M","T","E","$","R","M","M","R","B",null,"M","?","?","M","M","E","M","T","T","E","T","E","$","?","R","B",null],"character_chosen":"IRONCLAD","items_purchased":["Tiny Chest","Cauldron","Vajra","Power Through","Evolve","Feel No Pain","Metallicize","Deep Breath","Limit Break+1","Infernal Blade+1","Impervious+1","Shockwave+1","ClockworkSouvenir","Orichalcum","Akabeko","Frozen Egg 2"],"campfire_rested":0,"item_purchase_floors":[19,19,28,28,28,28,28,28,47,47,47,47,47,47,47,47],"current_hp_per_floor":[80,80,80,80,80,80,80,80,90,90,90,73,73,69,69,41,90,70,70,70,70,45,45,45,45,45,42,42,42,45,42,42,45,45,45,38,38,44,44,31,37,37,37,43,43,45,45,45,45,21],"gold":24,"neow_bonus":"ONE_RARE_RELIC","is_daily":false,"chose_seed":false,"campfire_upgraded":6,"win_rate":0.0,"timestamp":1611385006,"path_taken":["M","M","?","?","?","E","?","R","T","E","?","E","M","E","R","BOSS","M","$","?","?","?","R","?","M","T","E","$","R","M","M","R","BOSS","M","?","?","M","M","E","M","?","T","E","?","E","$","?","R","BOSS"],"items_purchased_type":["Relic","Relic","Relic","Card","Card","Card","Card","Card","Card","Card","Card","Card","Relic","Relic","Relic","Relic"],"build_version":"2020-12-18","purchased_purges":0,"victory":true,"max_hp_per_floor":[80,80,80,80,80,80,80,80,90,90,90,90,90,90,90,90,90,90,90,90,90,45,45,45,45,45,45,45,45,45,45,45,45,45,45,45,45,45,45,45,45,45,45,45,45,45,45,45,45,50],"card_choices":[{"not_picked":["Metallicize","Uppercut"],"picked":"Fire Breathing","floor":1.0},{"not_picked":["Perfected Strike","Spot Weakness"],"picked":"Wild Strike","floor":2.0},{"not_picked":["Sentinel","Rage"],"picked":"Ghostly Armor","floor":6.0},{"not_picked":["Wild Strike","Twin Strike"],"picked":"Pommel Strike","floor":7.0},{"not_picked":["Clash","Cleave"],"picked":"Battle Trance","floor":10.0},{"not_picked":["Anger","Heavy Blade"],"picked":"Reckless Charge","floor":12.0},{"not_picked":["Sword Boomerang","Pummel"],"picked":"Immolate","floor":13.0},{"not_picked":["Thunderclap","Rupture"],"picked":"Barricade","floor":14.0},{"not_picked":["Fiend Fire","Berserk"],"picked":"Juggernaut","floor":16.0},{"not_picked":["Anger+1","Wild Strike"],"picked":"Warcry+1","floor":18.0},{"not_picked":["Clash","Anger"],"picked":"Inflame","floor":25.0},{"not_picked":["Blood for Blood","Rupture"],"picked":"Shockwave","floor":27.0},{"not_picked":["Ghostly Armor+1","Cleave"],"picked":"Sword Boomerang","floor":30.0},{"not_picked":["Cleave+1","Headbutt"],"picked":"Iron Wave+1","floor":31.0},{"not_picked":["Immolate","Brutality"],"picked":"Impervious","floor":33.0},{"not_picked":["Sword Boomerang","Iron Wave+1"],"picked":"Thunderclap","floor":35.0},{"not_picked":["Sentinel","Ghostly Armor"],"picked":"Infernal Blade+1","floor":36.0},{"not_picked":["Flex","Headbutt+1"],"picked":"Clothesline+1","floor":38.0},{"not_picked":["Pommel Strike+1","Body Slam+1"],"picked":"Seeing Red+1","floor":39.0},{"not_picked":["Ghostly Armor","Battle Trance+1"],"picked":"Sever Soul","floor":40.0},{"not_picked":["Havoc","True Grit"],"picked":"Warcry+1","floor":41.0},{"not_picked":["Dual Wield","Headbutt"],"picked":"Entrench+1","floor":44.0},{"not_picked":["Cleave","Wild Strike"],"picked":"Seeing Red+1","floor":46.0}],"player_experience":2591969,"relics_obtained":[{"floor":6.0,"key":"Calipers"},{"floor":9.0,"key":"Pear"},{"floor":10.0,"key":"Oddly Smooth Stone"},{"floor":12.0,"key":"Pantograph"},{"floor":14.0,"key":"Bag of Preparation"},{"floor":24.0,"key":"Mercury Hourglass"},{"floor":26.0,"key":"Juzu Bracelet"},{"floor":27.0,"key":"The Courier"},{"floor":27.0,"key":"CaptainsWheel"},{"floor":36.0,"key":"Thread and Needle"},{"floor":40.0,"key":"Boot"},{"floor":40.0,"key":"Potion Belt"},{"floor":42.0,"key":"Letter Opener"},{"floor":43.0,"key":"Ornamental Fan"},{"floor":44.0,"key":"Red Skull"},{"floor":44.0,"key":"Regal Pillow"},{"floor":45.0,"key":"Paper Frog"},{"floor":46.0,"key":"War Paint"},{"floor":46.0,"key":"Toxic Egg 2"}],"event_choices":[{"damage_healed":0.0,"max_hp_gain":0.0,"max_hp_loss":0.0,"gold_gain":0.0,"event_name":"Golden Idol","player_choice":"Take Wound","floor":3.0,"gold_loss":0.0,"damage_taken":0.0,"relics_obtained":["Golden Idol"],"cards_obtained":["Injury"]},{"damage_healed":0.0,"max_hp_gain":0.0,"max_hp_loss":0.0,"gold_gain":0.0,"event_name":"Living Wall","player_choice":"Grow","floor":4.0,"gold_loss":0.0,"damage_taken":0.0,"cards_upgraded":["Strike_R"]},{"damage_healed":0.0,"max_hp_gain":0.0,"max_hp_loss":0.0,"gold_gain":0.0,"event_name":"Lab","player_choice":"Got Potions","floor":5.0,"gold_loss":0.0,"damage_taken":0.0},{"cards_removed":["Injury"],"damage_healed":0.0,"max_hp_gain":0.0,"max_hp_loss":0.0,"gold_gain":0.0,"event_name":"Bonfire Elementals","player_choice":"Offered Curse","floor":11.0,"gold_loss":0.0,"damage_taken":0.0,"relics_obtained":["Spirit Poop"]},{"damage_healed":0.0,"max_hp_gain":0.0,"max_hp_loss":0.0,"gold_gain":0.0,"event_name":"Addict","player_choice":"Stole Relic","floor":20.0,"gold_loss":0.0,"damage_taken":0.0,"relics_obtained":["CeramicFish"],"cards_obtained":["Shame"]},{"damage_healed":0.0,"max_hp_gain":0.0,"max_hp_loss":0.0,"gold_gain":99.0,"event_name":"Nest","player_choice":"Stole From Cult","floor":21.0,"gold_loss":0.0,"damage_taken":0.0},{"damage_healed":0.0,"max_hp_gain":0.0,"max_hp_loss":45.0,"gold_gain":0.0,"event_name":"Ghosts","player_choice":"Became a Ghost","floor":22.0,"gold_loss":0.0,"damage_taken":0.0,"cards_obtained":["Ghostly","Ghostly","Ghostly","Ghostly","Ghostly"]},{"damage_healed":0.0,"max_hp_gain":0.0,"max_hp_loss":0.0,"gold_gain":0.0,"event_name":"Mysterious Sphere","player_choice":"Fight","floor":36.0,"gold_loss":0.0,"damage_taken":0.0},{"damage_healed":0.0,"max_hp_gain":0.0,"max_hp_loss":0.0,"gold_gain":333.0,"event_name":"The Moai Head","player_choice":"Gave Idol","floor":37.0,"relics_lost":["Golden Idol"],"gold_loss":0.0,"damage_taken":0.0},{"damage_healed":0,"gold_gain":0,"player_choice":"0 cards matched","damage_taken":0,"max_hp_gain":0,"max_hp_loss":0,"event_name":"Match and Keep!","floor":48,"gold_loss":0,"cards_obtained":[]}],"is_beta":true,"boss_relics":[{"not_picked":["Tiny House","Runic Cube"],"picked":"Black Star"},{"not_picked":["Coffee Dripper","Empty Cage"],"picked":"Philosopher\u0027s Stone"}],"items_purged_floors":[],"is_endless":false,"potions_floor_spawned":[1,2,13,25,30,35,39,40,44],"ascension_level":1}}