{"host":"fmb9x04chdot191d","time":1611373956,"event":{"mods":["2.2 Compatiblity","AchievementEnabler","BaseMod","BetterRewards","Colored Map","Downfall","Hermit","Highlight Path","Marisa（霧雨　魔理沙）","Minty Spire (QoL Compilation)","Permanent Neow","Quick Restart","Rare Cards Sparkle","StSLib","The Servant 0.9.4","[IsaacMod]以撒尖塔"],"gold_per_floor":[119,138,213,229,15,15,49,66,66,84,84,17,37,63,63,168,168,179,179,189,199,211,211,228,255,282,314,314,334,124,151,163,280,342,372,433,460,472,501,513,513],"floor_reached":40,"language":"ENG","playtime":2769,"items_purged":["Strike_S","Defend_S"],"score":550,"play_id":"5fd7b0ac-ee8f-4309-a279-8673b837107e","local_time":"20210123165236","is_ascension_mode":false,"campfire_choices":[{"data":"InstantArmor","floor":6.0,"key":"SMITH"},{"data":"TheWorld","floor":11.0,"key":"SMITH"},{"floor":15.0,"key":"REST"},{"floor":23.0,"key":"REST"},{"data":"SoulSculpture","floor":28.0,"key":"SMITH"},{"data":"Collapse","floor":32.0,"key":"SMITH"}],"circlet_count":0,"master_deck":["Strike_S","Strike_S","Strike_S","Defend_S","Defend_S","Defend_S","KidneyShot","Exchange","InstantArmor+1","BottledTime","Comet+1","Flash of Steel","TheWorld+1","Luminosity","Trip","BottledTime","BottledTime","Dilation","Contraction","Snipe","Rearm+1","SoulSculpture+1","BottledTime","Ricochet","Collapse+1","FanOfKnives","Dilation","Luminosity+1","GearUp+1","FloweringNight"],"relics":["Uniform","HushsDoor","SteamSale","Dream Catcher","Ornamental Fan","Omamori","DoctorsRemote","Odd Mushroom","Philosopher\u0027s Stone","Letter Opener","Blood Vial","Pen Nib","Shuriken","MawBank","Tiny House","GuppysPaw"],"acts_visited":["Exordium","TheCity","TheBeyond"],"potions_floor_usage":[],"damage_taken":[{"damage":1.0,"enemies":"2 Louse","floor":1.0,"turns":3.0},{"damage":0.0,"enemies":"Cultist","floor":2.0,"turns":4.0},{"damage":0.0,"enemies":"Jaw Worm","floor":4.0,"turns":3.0},{"damage":10.0,"enemies":"3 Sentries","floor":7.0,"turns":12.0},{"damage":0.0,"enemies":"Blue Slaver","floor":8.0,"turns":3.0},{"damage":0.0,"enemies":"Red Slaver","floor":10.0,"turns":2.0},{"damage":0.0,"enemies":"Lots of Slimes","floor":13.0,"turns":4.0},{"damage":0.0,"enemies":"The Mushroom Lair","floor":14.0,"turns":3.0},{"damage":21.0,"enemies":"Hexaghost","floor":16.0,"turns":10.0},{"damage":0.0,"enemies":"Chosen","floor":18.0,"turns":4.0},{"damage":0.0,"enemies":"Spheric Guardian","floor":20.0,"turns":5.0},{"damage":1.0,"enemies":"Snake Plant","floor":21.0,"turns":6.0},{"damage":12.0,"enemies":"Snecko","floor":22.0,"turns":5.0},{"damage":0.0,"enemies":"3 Cultists","floor":24.0,"turns":6.0},{"damage":0.0,"enemies":"Book of Stabbing","floor":25.0,"turns":5.0},{"damage":13.0,"enemies":"Slavers","floor":27.0,"turns":2.0},{"damage":0.0,"enemies":"Cultist and Chosen","floor":29.0,"turns":4.0},{"damage":0.0,"enemies":"Book of Stabbing","floor":31.0,"turns":3.0},{"damage":3.0,"enemies":"Automaton","floor":33.0,"turns":6.0},{"damage":0.0,"enemies":"Orb Walker","floor":35.0,"turns":2.0},{"damage":18.0,"enemies":"2 Orb Walkers","floor":36.0,"turns":4.0},{"damage":5.0,"enemies":"3 Darklings","floor":37.0,"turns":4.0},{"damage":6.0,"enemies":"4 Shapes","floor":39.0,"turns":3.0},{"damage":65,"enemies":"Reptomancer","floor":40,"turns":2}],"seed_played":"5069607871250291855","potions_obtained":[{"floor":1.0,"key":"SpeedPotion"},{"floor":2.0,"key":"champ:CounterPotion"},{"floor":7.0,"key":"hexamod:SoulburnPotion"},{"floor":29.0,"key":"EssenceOfSteel"},{"floor":31.0,"key":"DistilledChaos"},{"floor":33.0,"key":"Fruit Juice"},{"floor":34.0,"key":"Energy Potion"},{"floor":39.0,"key":"champ:CounterPotion"}],"is_trial":false,"path_per_floor":["M","M","?","M","$","R","E","M","T","M","R","$","M","?","R","B",null,"M","?","M","M","M","R","M","E","T","E","R","M","$","E","R","B",null,"M","?","M","?","M","E"],"character_chosen":"THE_SERVANT","items_purchased":["Flash of Steel","Ornamental Fan","Luminosity","Trip","Shuriken","Collapse"],"campfire_rested":2,"item_purchase_floors":[5,5,12,12,30,30],"current_hp_per_floor":[64,64,53,53,53,53,43,43,43,43,43,43,43,43,62,41,65,65,54,54,53,41,62,62,62,62,51,51,53,53,55,55,59,80,80,62,59,59,55,0,0],"gold":513,"neow_bonus":"RANDOM_COMMON_RELIC","is_daily":false,"chose_seed":false,"campfire_upgraded":4,"win_rate":0.0,"timestamp":1611373956,"path_taken":["M","M","?","M","?","R","E","M","T","?","R","$","M","?","R","BOSS","M","?","?","M","?","R","M","E","T","E","R","M","$","E","R","BOSS","M","?","M","?","M","E"],"items_purchased_type":["Card","Relic","Card","Card","Relic","Card"],"build_version":"2020-12-22","purchased_purges":2,"victory":false,"max_hp_per_floor":[65,65,65,65,65,65,65,65,65,65,65,65,65,65,65,65,65,65,70,70,70,70,70,70,70,70,70,70,70,70,70,70,75,80,80,80,80,80,80,80,80],"card_choices":[{"not_picked":["FastForward","SilverBlades"],"picked":"InstantArmor","floor":1.0},{"not_picked":["ShatteredReality","Bomb"],"picked":"BottledTime","floor":2.0},{"not_picked":["Misdirection","Ricochet"],"picked":"Comet","floor":4.0},{"not_picked":["Spin","Revamp","Rearm"],"picked":"SKIP","floor":7.0},{"not_picked":["Rearm","FastForward"],"picked":"TheWorld","floor":8.0},{"not_picked":["Ricochet","Spin","DoubleEdge"],"picked":"SKIP","floor":10.0},{"not_picked":["Defy","Rewind"],"picked":"BottledTime","floor":13.0},{"not_picked":["DoubleEdge","Sabotage"],"picked":"Bomb","floor":14.0},{"not_picked":["RealityMarble","Unruled"],"picked":"BottledTime","floor":15.0},{"not_picked":["Deny","TheWorld"],"picked":"Dilation","floor":16.0},{"not_picked":["FastForward","Spin"],"picked":"Contraction","floor":18.0},{"not_picked":["BestPractice","FastForward"],"picked":"Snipe","floor":20.0},{"not_picked":["FastForward","Potential+1"],"picked":"Rearm+1","floor":21.0},{"not_picked":["Rearm","SpecialFormula","ShatteredReality"],"picked":"SKIP","floor":22.0},{"not_picked":["Alleviate","Reset","FastForward"],"picked":"SKIP","floor":24.0},{"not_picked":["Replace","Advance+1"],"picked":"SoulSculpture","floor":25.0},{"not_picked":["Revamp","ShatteredReality"],"picked":"BottledTime","floor":27.0},{"not_picked":["TimeWarp","Shuttle"],"picked":"Ricochet","floor":29.0},{"not_picked":["Desolation","Ricochet+1"],"picked":"FanOfKnives","floor":31.0},{"not_picked":["MurderousAura","PendulumOfEternity"],"picked":"Dilation","floor":33.0},{"not_picked":["FastForward","DoubleEdge+1"],"picked":"Luminosity+1","floor":35.0},{"not_picked":["Replace","SilverBlades"],"picked":"GearUp+1","floor":37.0},{"not_picked":["Foresight+1","Revamp"],"picked":"FloweringNight","floor":39.0}],"player_experience":34279,"relics_obtained":[{"floor":7.0,"key":"Omamori"},{"floor":9.0,"key":"DoctorsRemote"},{"floor":14.0,"key":"Odd Mushroom"},{"floor":25.0,"key":"Letter Opener"},{"floor":26.0,"key":"Blood Vial"},{"floor":27.0,"key":"Pen Nib"},{"floor":31.0,"key":"MawBank"},{"floor":36.0,"key":"GuppysPaw"}],"event_choices":[{"damage_healed":0.0,"max_hp_gain":0.0,"max_hp_loss":0.0,"gold_gain":75.0,"event_name":"World of Goop","player_choice":"Gather Gold","floor":3.0,"gold_loss":0.0,"damage_taken":11.0},{"damage_healed":0.0,"max_hp_gain":0.0,"max_hp_loss":0.0,"gold_gain":0.0,"event_name":"Mushrooms","player_choice":"Fought Mushrooms","floor":14.0,"gold_loss":0.0,"damage_taken":0.0},{"damage_healed":0.0,"max_hp_gain":5.0,"max_hp_loss":0.0,"gold_gain":0.0,"event_name":"Forgotten Altar","player_choice":"Shed Blood","floor":19.0,"gold_loss":0.0,"damage_taken":16.0},{"damage_healed":0.0,"max_hp_gain":0.0,"max_hp_loss":0.0,"gold_gain":0.0,"event_name":"Mysterious Sphere","player_choice":"Fight","floor":36.0,"gold_loss":0.0,"damage_taken":0.0}],"is_beta":false,"boss_relics":[{"not_picked":["SacredBark","Runic Dome"],"picked":"Philosopher\u0027s Stone"},{"not_picked":[]},{"not_picked":["Busted Crown","bronze:MakeshiftBattery"],"picked":"Tiny House"},{"not_picked":[]}],"items_purged_floors":[5,30],"is_endless":false,"potions_floor_spawned":[1,2,7,22,24,29,31,33,39],"killed_by":"Reptomancer","ascension_level":0}}