{"host":"mnqy5xd9fdi0p1ot","time":1611398621,"event":{"mods":["BaseMod","Better Third Choice","Conspire","Dota2Spire","Downfall","Hubris","Minty Spire (QoL Compilation)","Spicy Shops","StSLib","??????REMEMod"],"gold_per_floor":[99,112,132,145,158,158,158,219,219,119,129,161,1,30,42,139,139,139,153,253,273,290,290,290,322,334,27,27,53,53,71,84,189,189,89,109,109,127,146,165,165,177,204,104,136,150,162,12,31,31,31,31,31,31],"floor_reached":52,"language":"ENG","playtime":1541,"items_purged":[],"score":1166,"play_id":"1b4f2895-c885-4714-a171-6b501faaf769","local_time":"20210123174341","is_ascension_mode":true,"campfire_choices":[{"data":"bronze:Replicate","floor":1.0,"key":"SMITH"},{"floor":6.0,"key":"RECALL"},{"data":"bronze:Goto","floor":10.0,"key":"SMITH"},{"data":"bronze:Library","floor":18.0,"key":"SMITH"},{"data":"hubris:DuctTapeCard","floor":28.0,"key":"SMITH"},{"data":"expansioncontent:DashGenerateEvil","floor":30.0,"key":"SMITH"},{"data":"bronze:DarkDash","floor":35.0,"key":"SMITH"},{"floor":44.0,"key":"REST"}],"circlet_count":0,"master_deck":["bronze:Strike","bronze:Strike","bronze:Strike","bronze:Strike","bronze:Defend","bronze:Defend+1","bronze:Defend","bronze:Replicate+1","bronze:Goto+1","REME_HeartOfCthun+1","bronze:BronzeOrb","bronze:Branch","bronze:Branch","bronze:Optimize","bronze:DelayedSlice","bronze:Assembly+1","bronze:DarkDash","bronze:Branch","bronze:Overheat+1","bronze:Backtrace","bronze:BronzeOrb","bronze:DarkDash+1","expansioncontent:DashGenerateEvil+1","bronze:DelayedSlice+1","bronze:FollowUp+1","bronze:Repulsor+1","bronze:Backtrace+1","bronze:Branch+1","hubris:DuctTapeCard"],"relics":["bronze:BronzeCore","REME_ComplimentaryCards","hubris:Metronome","Dota2Spire:PhaseBoots","bronze:BottledCode","downfall:HeartBlessingRed","Happy Flower","REME_HandOfSuture","Eternal Feather","hubris:Backtick","hubris:CrystalStatue","Dota2Spire:MantaStyle","bronze:DecasWashers","hubris:DuctTape","War Paint","sneckomod:BlankCard","hubris:TerracottaHorce","downfall:HeartBlessingGreen","Dota2Spire:Desolator","Ice Cream","Question Card","downfall:HeartBlessingBlue","Dota2Spire:MagicBottle","Orichalcum"],"acts_visited":["TheCity","TheBeyond","TheEnding"],"potions_floor_usage":[],"damage_taken":[{"damage":0.0,"enemies":"Cultist","floor":2.0,"turns":2.0},{"damage":3.0,"enemies":"conspire:RoseBush","floor":3.0,"turns":2.0},{"damage":0.0,"enemies":"Jaw Worm","floor":4.0,"turns":1.0},{"damage":0.0,"enemies":"2 Fungi Beasts","floor":5.0,"turns":2.0},{"damage":0.0,"enemies":"Gremlin Nob","floor":8.0,"turns":2.0},{"damage":0.0,"enemies":"3 Louse","floor":11.0,"turns":1.0},{"damage":0.0,"enemies":"Lagavulin","floor":12.0,"turns":2.0},{"damage":0.0,"enemies":"downfall:FleeingMerchant","floor":13.0,"turns":4.0},{"damage":0.0,"enemies":"3 Sentries","floor":14.0,"turns":1.0},{"damage":0.0,"enemies":"Red Slaver","floor":15.0,"turns":1.0},{"damage":14.0,"enemies":"WA_ARCHETYPE_RETAIN","floor":16.0,"turns":4.0},{"damage":0.0,"enemies":"Spheric Guardian","floor":19.0,"turns":1.0},{"damage":0.0,"enemies":"Chosen and Byrds","floor":21.0,"turns":3.0},{"damage":0.0,"enemies":"3 Cultists","floor":22.0,"turns":3.0},{"damage":0.0,"enemies":"Book of Stabbing","floor":25.0,"turns":2.0},{"damage":2.0,"enemies":"Snake Plant","floor":26.0,"turns":2.0},{"damage":0.0,"enemies":"downfall:FleeingMerchant","floor":27.0,"turns":4.0},{"damage":0.0,"enemies":"conspire:SneckoGhost","floor":29.0,"turns":3.0},{"damage":0.0,"enemies":"Centurion and Healer","floor":31.0,"turns":2.0},{"damage":0.0,"enemies":"Cultist and Chosen","floor":32.0,"turns":1.0},{"damage":0.0,"enemies":"IC_MUSHROOM_ARCHETYPE","floor":33.0,"turns":2.0},{"damage":0.0,"enemies":"Orb Walker","floor":36.0,"turns":1.0},{"damage":0.0,"enemies":"3 Shapes","floor":38.0,"turns":1.0},{"damage":0.0,"enemies":"3 Darklings","floor":39.0,"turns":1.0},{"damage":0.0,"enemies":"Spire Growth","floor":40.0,"turns":1.0},{"damage":0.0,"enemies":"Writhing Mass","floor":42.0,"turns":1.0},{"damage":0.0,"enemies":"Nemesis","floor":43.0,"turns":1.0},{"damage":0.0,"enemies":"Reptomancer","floor":45.0,"turns":1.0},{"damage":0.0,"enemies":"4 Shapes","floor":46.0,"turns":1.0},{"damage":0.0,"enemies":"Maw","floor":47.0,"turns":2.0},{"damage":0.0,"enemies":"Jaw Worm Horde","floor":49.0,"turns":1.0},{"damage":0.0,"enemies":"SI_POISON_ARCHETYPE","floor":50.0,"turns":2.0},{"damage":0,"enemies":"downfall:CharBossMerchant","floor":52,"turns":1}],"seed_played":"-5330685319384929987","potions_obtained":[{"floor":5.0,"key":"hexamod:SoulburnPotion"},{"floor":8.0,"key":"sneckomod:MuddlingPotion"},{"floor":14.0,"key":"sneckomod:MuddlingPotion"},{"floor":15.0,"key":"champ:CounterPotion"},{"floor":22.0,"key":"DistilledChaos"},{"floor":25.0,"key":"Swift Potion"},{"floor":29.0,"key":"DuplicationPotion"},{"floor":31.0,"key":"Guardian:BlockOnCardUsePotion"},{"floor":38.0,"key":"LiquidBronze"},{"floor":39.0,"key":"Regen Potion"},{"floor":46.0,"key":"CultistPotion"},{"floor":49.0,"key":"CultistPotion"}],"is_trial":false,"path_per_floor":["R","M","M","M","M","R","T","?","?","R","M","E","$","E","M","B",null,"R","M","?","M","M","?","T","E","M","$","R","E","R","M","M","B",null,"R","M","$","M","M","M","T","M","E","R","E","M","M","$","M","B",null,"E"],"character_chosen":"THE_AUTOMATON","items_purchased":["REME_HandOfSuture","bronze:DarkDash","expansioncontent:DashGenerateEvil","hubris:DuctTape","War Paint","Dota2Spire:Desolator","Ice Cream","Orichalcum"],"campfire_rested":1,"item_purchase_floors":[13,27,27,27,27,37,37,48],"current_hp_per_floor":[70,70,67,67,67,67,67,67,60,60,60,60,60,60,60,46,60,60,60,60,60,60,60,60,60,58,58,60,60,60,60,60,60,60,60,60,24,24,24,24,24,24,24,67,67,67,67,67,67,67,69,69,69,69],"gold":31,"neow_bonus":"UPGRADE_CARD","is_daily":false,"chose_seed":false,"campfire_upgraded":6,"win_rate":0.0,"timestamp":1611398621,"path_taken":["R","M","M","M","?","R","T","?","?","R","M","E","?","E","M","BOSS","R","M","?","?","M","?","T","E","M","$","R","E","R","M","M","BOSS","R","M","?","?","M","M","T","M","E","R","E","M","M","$","M","BOSS","E"],"items_purchased_type":["Relic","Card","Card","Relic","Relic","Relic","Relic","Relic"],"build_version":"2020-12-22","purchased_purges":0,"victory":false,"max_hp_per_floor":[70,70,70,70,70,70,70,70,60,60,60,60,60,60,60,60,60,60,60,60,60,60,60,60,60,60,60,60,60,60,60,60,60,60,60,60,60,60,60,60,60,60,60,70,70,70,70,70,70,70,70,70,70,70],"card_choices":[{"not_picked":["bronze:CutThrough","bronze:BugBarrage"],"picked":"bronze:BronzeOrb","floor":2.0},{"not_picked":["bronze:BugBarrage","bronze:WhirlingStrike"],"picked":"bronze:Branch","floor":3.0},{"not_picked":["bronze:Iterate","bronze:BitShift","bronze:ForLoop"],"picked":"SKIP","floor":4.0},{"not_picked":["bronze:Iterate","bronze:FineTuning","bronze:ForLoop"],"picked":"SKIP","floor":5.0},{"not_picked":["bronze:DelayedGuard","bronze:ChosenStrike"],"picked":"bronze:Branch","floor":8.0},{"not_picked":["bronze:Turbo","bronze:Boost"],"picked":"bronze:InfiniteBeams","floor":11.0},{"not_picked":["bronze:BitShift","bronze:OilSpill","bronze:BuggyMess"],"picked":"SKIP","floor":12.0},{"not_picked":["bronze:DelayedGuard","bronze:BitShift"],"picked":"bronze:Optimize","floor":13.0},{"not_picked":["bronze:Invalidate","bronze:DelayedGuard"],"picked":"bronze:Library","floor":14.0},{"not_picked":["bronze:CutThrough","bronze:Invalidate"],"picked":"bronze:DelayedSlice","floor":15.0},{"not_picked":["bronze:Library","bronze:Mutator"],"picked":"bronze:Assembly","floor":16.0},{"not_picked":["bronze:BuggyMess","bronze:BitShift","bronze:Allocate"],"picked":"SKIP","floor":19.0},{"not_picked":["bronze:MaxOutput","bronze:WildBeam"],"picked":"bronze:DarkDash","floor":21.0},{"not_picked":["bronze:Frontload","bronze:Turbo"],"picked":"bronze:Branch","floor":22.0},{"not_picked":["bronze:DigitalCarnage","bronze:FineTuning"],"picked":"bronze:Overheat+1","floor":25.0},{"not_picked":["bronze:Fortify","bronze:FineTuning"],"picked":"bronze:Backtrace","floor":26.0},{"not_picked":["bronze:Constructor","bronze:Turbo"],"picked":"bronze:BronzeOrb","floor":27.0},{"not_picked":["bronze:Flail","bronze:DelayedGuard","bronze:Separator"],"picked":"SKIP","floor":29.0},{"not_picked":["bronze:Iterate","bronze:SpaghettiCode","bronze:WhirlingStrike"],"picked":"SKIP","floor":31.0},{"not_picked":["bronze:Return","bronze:ChosenStrike","bronze:Overload"],"picked":"SKIP","floor":32.0},{"not_picked":["bronze:Deprecate+1","bronze:Flail+1"],"picked":"bronze:DelayedSlice+1","floor":36.0},{"not_picked":["bronze:BuggyMess+1","bronze:DelayedGuard+1"],"picked":"bronze:FollowUp+1","floor":38.0},{"not_picked":["bronze:BuggyMess","bronze:CutThrough"],"picked":"bronze:Repulsor+1","floor":39.0},{"not_picked":["bronze:ClassDefault","bronze:Deprecate","bronze:Fortify"],"picked":"SKIP","floor":40.0},{"not_picked":["bronze:ForLoop+1","bronze:BurnOut","bronze:Repair"],"picked":"SKIP","floor":42.0},{"not_picked":["bronze:Constructor","bronze:ForLoop"],"picked":"bronze:Backtrace+1","floor":43.0},{"not_picked":["bronze:Deprecate","bronze:CutThrough","bronze:Invalidate","bronze:BuggyMess+1"],"picked":"SKIP","floor":45.0},{"not_picked":["bronze:ChosenStrike+1","bronze:BitShift+1","bronze:Return","bronze:CloningBeam"],"picked":"SKIP","floor":46.0},{"not_picked":["bronze:WildBeam+1","bronze:Verify","bronze:Invalidate","bronze:DigitalCarnage"],"picked":"SKIP","floor":47.0},{"not_picked":["bronze:Allocate","bronze:Return","bronze:DelayedGuard"],"picked":"bronze:Branch+1","floor":49.0}],"player_experience":551100,"relics_obtained":[{"floor":7.0,"key":"hubris:Metronome"},{"floor":8.0,"key":"Dota2Spire:PhaseBoots"},{"floor":12.0,"key":"Happy Flower"},{"floor":14.0,"key":"Eternal Feather"},{"floor":24.0,"key":"Dota2Spire:MantaStyle"},{"floor":25.0,"key":"bronze:DecasWashers"},{"floor":29.0,"key":"sneckomod:BlankCard"},{"floor":43.0,"key":"Question Card"},{"floor":45.0,"key":"Dota2Spire:MagicBottle"}],"event_choices":[{"cards_removed":["bronze:Defend"],"damage_healed":0.0,"max_hp_gain":0.0,"max_hp_loss":0.0,"gold_gain":0.0,"event_name":"Wheel of Change","player_choice":"Card Removal","floor":23.0,"gold_loss":0.0,"damage_taken":0.0}],"is_beta":false,"boss_relics":[{"not_picked":["Coffee Dripper","Tiny House"],"picked":"hubris:Backtick"},{"not_picked":["conspire:SpecialSausage","hubris:ScarierMask"],"picked":"hubris:TerracottaHorce"}],"items_purged_floors":[],"is_endless":false,"potions_floor_spawned":[5,8,14,15,22,25,29,31,38,39,40,46,47,49],"killed_by":"downfall:CharBossMerchant","ascension_level":3}}