{"host":"j9ki0s1dicmcfq9y","time":1611412647,"event":{"mods":["Abigail Mod","BaseMod","Minty Spire (QoL Compilation)","StSLib"],"gold_per_floor":[117,63,138,153,153,153,153,36,63,63,82,82,82,105,105,230,230,246,161,161,185,185,218,241,280,305,158,171,198,231,231,231,357,357,373,373,706,706,724,757,776,793,843,843,858,858,858],"floor_reached":46,"language":"ENG","playtime":3833,"items_purged":[],"score":526,"play_id":"86e47955-5965-422a-b53f-0db1a57c73d7","local_time":"20210123093727","is_ascension_mode":false,"campfire_choices":[{"data":"AbbyMod:FleetingSanity","floor":6,"key":"SMITH"},{"data":"AbbyMod:SuperMuscular","floor":10,"key":"SMITH"},{"floor":15,"key":"REST"},{"floor":32,"key":"RECALL"},{"floor":44,"key":"DIG"}],"circlet_count":0,"master_deck":["AbbyMod:Ab_Strike+1","AbbyMod:Ab_Strike+1","AbbyMod:Ab_Strike+1","AbbyMod:Ab_Strike+1","AbbyMod:Ab_Defend+1","AbbyMod:Ab_Defend+1","AbbyMod:Ab_Defend+1","AbbyMod:FleetingSanity+1","AbbyMod:Ab_FiveStars","AbbyMod:SuperMuscular+1","AbbyMod:HolidayWishes","AbbyMod:SilverKey","AbbyMod:EyesOfMadness","AbbyMod:CosmicSpark","CurseOfTheBell","AbbyMod:FarAwayFriend","AbbyMod:Ab_SwirlOfMadness+1","AbbyMod:Kuroboshi+1","AbbyMod:AttoSecond+1","AbbyMod:TeddyBear+1","AbbyMod:LargeTentacle","AbbyMod:Ab_FiveStars+1","AbbyMod:LiftSkirt","AbbyMod:AdultWords+1"],"relics":["AbbyMod:Salem_Diary","MealTicket","Calling Bell","Omamori","Shovel","Oddly Smooth Stone","Toy Ornithopter","Red Mask","White Beast Statue","Centennial Puzzle","Bag of Marbles","Art of War","Blood Vial","Pear","Nloth\u0027s Gift","Velvet Choker","Boot","Pen Nib","Juzu Bracelet"],"acts_visited":["Exordium","TheCity","TheBeyond"],"potions_floor_usage":[16,18,23,25,28,30,30,30,39,40,40,40,41,42,45,46],"damage_taken":[{"damage":8,"enemies":"2 Louse","floor":1,"turns":4},{"damage":0,"enemies":"Small Slimes","floor":4,"turns":5},{"damage":0,"enemies":"Cultist","floor":11,"turns":3},{"damage":0,"enemies":"Large Slime","floor":14,"turns":5},{"damage":1,"enemies":"The Guardian","floor":16,"turns":10},{"damage":0,"enemies":"3 Byrds","floor":18,"turns":4},{"damage":7,"enemies":"Chosen","floor":21,"turns":6},{"damage":19,"enemies":"Gremlin Leader","floor":23,"turns":7},{"damage":6,"enemies":"Snecko","floor":24,"turns":5},{"damage":0,"enemies":"Masked Bandits","floor":25,"turns":4},{"damage":0,"enemies":"3 Cultists","floor":28,"turns":5},{"damage":4,"enemies":"Slavers","floor":30,"turns":3},{"damage":54,"enemies":"Collector","floor":33,"turns":9},{"damage":10,"enemies":"Orb Walker","floor":35,"turns":5},{"damage":5,"enemies":"3 Shapes","floor":39,"turns":4},{"damage":24,"enemies":"Nemesis","floor":40,"turns":7},{"damage":29,"enemies":"3 Darklings","floor":41,"turns":5},{"damage":36,"enemies":"Spire Growth","floor":42,"turns":5},{"damage":15,"enemies":"Writhing Mass","floor":45,"turns":5},{"damage":60,"enemies":"Giant Head","floor":46,"turns":9}],"seed_played":"4572596774121819242","potions_obtained":[{"floor":1,"key":"SkillPotion"},{"floor":4,"key":"SkillPotion"},{"floor":14,"key":"Energy Potion"},{"floor":16,"key":"PowerPotion"},{"floor":21,"key":"PowerPotion"},{"floor":23,"key":"Block Potion"},{"floor":24,"key":"Strength Potion"},{"floor":25,"key":"Dexterity Potion"},{"floor":28,"key":"Block Potion"},{"floor":30,"key":"ColorlessPotion"},{"floor":33,"key":"Fire Potion"},{"floor":35,"key":"Fire Potion"},{"floor":39,"key":"AttackPotion"},{"floor":40,"key":"GamblersBrew"},{"floor":41,"key":"SkillPotion"},{"floor":42,"key":"LiquidBronze"},{"floor":45,"key":"Fire Potion"}],"is_trial":false,"path_per_floor":["M","$","?","M","?","R","?","$","T","R","M","?","?","M","R","B",null,"M","?","?","M","?","E","M","?","T","$","M","T","E","?","R","B",null,"M","?","?","?","M","E","M","M","T","R","M","E"],"character_chosen":"Ab_Foreigner","items_purchased":["AbbyMod:SuperMuscular","AbbyMod:HolidayWishes","AbbyMod:SilverKey","Bag of Marbles"],"campfire_rested":1,"item_purchase_floors":[2,8,8,27],"current_hp_per_floor":[52,52,41,41,29,29,29,29,29,29,29,4,4,4,22,21,60,60,60,60,53,53,34,28,33,33,48,53,53,70,70,70,16,70,60,60,60,60,62,55,43,24,24,24,26,0,0],"gold":858,"neow_bonus":"THREE_CARDS","is_daily":false,"chose_seed":false,"campfire_upgraded":2,"win_rate":0.0,"timestamp":1611412647,"path_taken":["M","$","?","M","?","R","?","?","T","R","M","?","?","?","R","BOSS","M","?","?","M","?","E","?","?","T","?","M","?","E","?","R","BOSS","M","?","?","?","M","E","M","M","T","R","M","E"],"items_purchased_type":["Card","Card","Card","Relic"],"build_version":"2020-12-22","purchased_purges":0,"victory":false,"max_hp_per_floor":[60,60,60,60,60,60,60,60,60,60,60,60,60,60,60,60,60,60,60,60,60,60,60,60,60,60,60,60,60,70,70,70,70,70,70,70,70,70,70,70,70,70,70,70,70,70,70],"card_choices":[{"not_picked":["AbbyMod:PrayerOfFaith","AbbyMod:MeltBrain"],"picked":"AbbyMod:Ab_FiveStars","floor":1},{"not_picked":["AbbyMod:TentacleSwarm","AbbyMod:HeroCreationA","AbbyMod:ConsumeFlesh"],"picked":"SKIP","floor":4},{"not_picked":["AbbyMod:Memocide","AbbyMod:TentacleSwarm"],"picked":"AbbyMod:EyesOfMadness","floor":11},{"not_picked":["AbbyMod:ConsumeFlesh","AbbyMod:AbsoluteCorruption","AbbyMod:SilverKey"],"picked":"SKIP","floor":14},{"not_picked":["AbbyMod:BlackKey","AbbyMod:Ab_OldOneTrigger"],"picked":"AbbyMod:CosmicSpark","floor":16},{"not_picked":["AbbyMod:SanityCheck","AbbyMod:Dabigail+1","AbbyMod:HeroCreationA"],"picked":"SKIP","floor":18},{"not_picked":["AbbyMod:AceInTheHole","AbbyMod:CloneArmy","AbbyMod:OldOneLimb"],"picked":"SKIP","floor":21},{"not_picked":["AbbyMod:SuperMuscular","AbbyMod:AbsoluteCorruption"],"picked":"AbbyMod:Ab_SwirlOfMadness+1","floor":23},{"not_picked":["AbbyMod:Meteo+1","AbbyMod:WorldStrongest"],"picked":"AbbyMod:Kuroboshi+1","floor":24},{"not_picked":["AbbyMod:SilverKey","AbbyMod:PapaProtection"],"picked":"AbbyMod:AttoSecond+1","floor":28},{"not_picked":["AbbyMod:ChocoKey","AbbyMod:Meteo+1"],"picked":"AbbyMod:TeddyBear+1","floor":30},{"not_picked":["AbbyMod:RecklessSlam","AbbyMod:PapaProtection"],"picked":"AbbyMod:LargeTentacle","floor":35},{"not_picked":["AbbyMod:Ab_SwirlOfMadness+1","AbbyMod:Kuroboshi+1","AbbyMod:InsaneStrike"],"picked":"SKIP","floor":39},{"not_picked":["AbbyMod:LiftSkirt","AbbyMod:Kuroboshi"],"picked":"AbbyMod:Ab_FiveStars+1","floor":40},{"not_picked":["AbbyMod:SavingThrow+1","AbbyMod:WitchTrial","AbbyMod:CosmicSpark"],"picked":"SKIP","floor":41},{"not_picked":["AbbyMod:Dabigail","AbbyMod:ConsumeFlesh+1"],"picked":"AbbyMod:LiftSkirt","floor":42},{"not_picked":["AbbyMod:Kuroboshi","AbbyMod:AttoSecond+1"],"picked":"AbbyMod:AdultWords+1","floor":45}],"player_experience":670337,"relics_obtained":[{"floor":17,"key":"Omamori"},{"floor":17,"key":"Matryoshka"},{"floor":17,"key":"Shovel"},{"floor":23,"key":"Toy Ornithopter"},{"floor":25,"key":"Red Mask"},{"floor":26,"key":"White Beast Statue"},{"floor":26,"key":"Centennial Puzzle"},{"floor":29,"key":"Art of War"},{"floor":29,"key":"Blood Vial"},{"floor":30,"key":"Pear"},{"floor":40,"key":"Boot"},{"floor":43,"key":"Pen Nib"},{"floor":44,"key":"Juzu Bracelet"}],"event_choices":[{"damage_healed":0,"gold_gain":75,"player_choice":"Gather Gold","damage_taken":11,"max_hp_gain":0,"max_hp_loss":0,"event_name":"World of Goop","floor":3,"gold_loss":0},{"damage_healed":0,"gold_gain":0,"player_choice":"Entered Light","damage_taken":12,"max_hp_gain":0,"max_hp_loss":0,"event_name":"Shining Light","floor":5,"gold_loss":0,"cards_upgraded":["AbbyMod:Ab_Strike","AbbyMod:Ab_Strike"]},{"damage_healed":0,"gold_gain":0,"player_choice":"Take Wound","damage_taken":0,"relics_obtained":["Golden Idol"],"max_hp_gain":0,"max_hp_loss":0,"event_name":"Golden Idol","floor":7,"gold_loss":0,"cards_obtained":["Injury"]},{"damage_healed":0,"gold_gain":0,"player_choice":"Success","damage_taken":25,"relics_obtained":["MealTicket"],"max_hp_gain":0,"max_hp_loss":0,"event_name":"Scrap Ooze","floor":12,"gold_loss":0},{"cards_removed":["Injury"],"damage_healed":0,"gold_gain":0,"player_choice":"Removed Curses","damage_taken":0,"max_hp_gain":0,"max_hp_loss":0,"event_name":"Fountain of Cleansing","floor":13,"gold_loss":0},{"damage_healed":0,"gold_gain":0,"player_choice":"Obtained Relic","damage_taken":0,"relics_obtained":["Oddly Smooth Stone"],"max_hp_gain":0,"max_hp_loss":0,"event_name":"Addict","floor":19,"gold_loss":85},{"damage_healed":0,"gold_gain":0,"player_choice":"Read","damage_taken":0,"max_hp_gain":0,"max_hp_loss":0,"event_name":"The Library","floor":20,"gold_loss":0,"cards_obtained":["AbbyMod:FarAwayFriend"]},{"damage_healed":0,"gold_gain":0,"player_choice":"Simplicity","damage_taken":0,"max_hp_gain":0,"max_hp_loss":0,"event_name":"Back to Basics","floor":22,"gold_loss":0,"cards_upgraded":["AbbyMod:Ab_Strike","AbbyMod:Ab_Strike","AbbyMod:Ab_Defend","AbbyMod:Ab_Defend","AbbyMod:Ab_Defend"]},{"damage_healed":0,"gold_gain":0,"player_choice":"Fought Bandits","damage_taken":0,"max_hp_gain":0,"max_hp_loss":0,"event_name":"Masked Bandits","floor":25,"gold_loss":0},{"damage_healed":0,"gold_gain":0,"player_choice":"Traded Relic","damage_taken":0,"relics_obtained":["Nloth\u0027s Gift"],"max_hp_gain":0,"max_hp_loss":0,"event_name":"N\u0027loth","floor":31,"relics_lost":["Matryoshka"],"gold_loss":0},{"cards_removed":["AbbyMod:ForeheadBeam"],"damage_healed":0,"gold_gain":0,"player_choice":"Removed Attack","damage_taken":0,"max_hp_gain":0,"max_hp_loss":0,"event_name":"Falling","floor":36,"gold_loss":0},{"damage_healed":0,"gold_gain":333,"player_choice":"Gave Idol","damage_taken":0,"max_hp_gain":0,"max_hp_loss":0,"event_name":"The Moai Head","floor":37,"relics_lost":["Golden Idol"],"gold_loss":0},{"damage_healed":0,"gold_gain":0,"player_choice":"Memory 1","damage_taken":0,"max_hp_gain":0,"max_hp_loss":0,"event_name":"SensoryStone","floor":38,"gold_loss":0}],"is_beta":false,"boss_relics":[{"not_picked":["Ectoplasm","Runic Dome"],"picked":"Calling Bell"},{"not_picked":["Pandora\u0027s Box","Coffee Dripper"],"picked":"Velvet Choker"}],"items_purged_floors":[],"is_endless":false,"potions_floor_spawned":[1,4,14,16,21,23,24,25,28,30,33,35,39,40,41,42,45],"killed_by":"Giant Head","ascension_level":0}}