{"host":"w8xisjf5mgmfjvmt","time":1611385362,"event":{"mods":["BaseMod","BetterRewards","Challenge The Spire","Conspire","Dota2Spire","Energized Spire","Filter the Spire","Minty Spire (QoL Compilation)","Quarter Circle Forward PUNCH!","Quick Restart","Relic Stats","Replay The Spire","Shop Mod","Spicy Shops","StSLib","Starting Relic: Pandora\u0027s Box","¡¾ÒÅÎï¿¨ÅÆ¡¿REMEMod","óô»ðÖ¸ÄÏ"],"gold_per_floor":[115,135,135,0,13,13,47,47,47,75,25,41,41,60,60,131,131,166,184,184,203,260,298,309,348,348,348,87,106,31,54,54,132,132,170,170,222,253,267,315,336,58,58,104,166,166,191,252,252,273,298,298,276,6,38,63],"floor_reached":57,"language":"ZHS","playtime":2893,"items_purged":["Quick Slash"],"score":2720,"play_id":"7181862e-9f8d-449b-bc1e-0a76df0c3ce2","local_time":"20210123150242","is_ascension_mode":true,"campfire_choices":[{"data":"REME_Flogging","floor":6.0,"key":"SMITH"},{"data":"After Image","floor":13.0,"key":"SMITH"},{"data":"Purity","floor":15.0,"key":"SMITH"},{"data":"Acrobatics","floor":32.0,"key":"SMITH"},{"data":"ReplayTheSpireMod:Uncanny Aura","floor":46.0,"key":"SMITH"},{"floor":49.0,"key":"RECALL"}],"circlet_count":0,"master_deck":["AscendersBane","Survivor","Neutralize","Blade Dance+1","Dagger Spray+1","Blade Dance+1","Dagger Throw","Flechettes","After Image+1","Cloak And Dagger+1","REME_GreenPollution+1","REME_Flogging+1","Purity+1","Flash of Steel","Calculated Gamble+1","Cloak And Dagger+1","Backflip","Havoc+1","conspire:SpireCoStock","Backflip","Reaper","Burst+1","Reflex","Backflip","Glass Knife","Acrobatics+1","Adrenaline","PiercingWail+1","Tactician+1","Hidden Blade","ReplayTheSpireMod:Uncanny Aura+1","REME_MawOfCthun","Choke"],"relics":["REME_ComplimentaryCards","Runic Pyramid","ReplayTheSpireMod:ShopPack","qcfpunch:Necklace_of_Skulls","qcfpunch:School_Backpack","Dota2Spire:Desolator","Dota2Spire:Bloodstone","Red Mask","Akabeko","The Courier","qcfpunch:Black_Training_Shirt","qcfpunch:Extra_Skeleton","conspire:GiftBox","Dota2Spire:UrnOfShadows","REME_DuelDisc","Blue Candle","qcfpunch:Combat_Fatigues","Membership Card","Medical Kit","Torii","Pen Nib","Replay:PocketPolymizer","Bottled Lightning","War Paint"],"acts_visited":["Exordium","TheCity","TheBeyond","TheEnding"],"potions_floor_usage":[56,56,56],"damage_taken":[{"damage":3.0,"enemies":"Jaw Worm","floor":1.0,"turns":3.0},{"damage":0.0,"enemies":"Small Slimes","floor":2.0,"turns":2.0},{"damage":0.0,"enemies":"2 Louse","floor":5.0,"turns":2.0},{"damage":8.0,"enemies":"Gremlin Nob","floor":7.0,"turns":3.0},{"damage":0.0,"enemies":"Lagavulin","floor":10.0,"turns":4.0},{"damage":16.0,"enemies":"Exordium Wildlife","floor":12.0,"turns":2.0},{"damage":0.0,"enemies":"Looter","floor":14.0,"turns":2.0},{"damage":0.0,"enemies":"The Guardian","floor":16.0,"turns":6.0},{"damage":0.0,"enemies":"Spheric Guardian","floor":18.0,"turns":4.0},{"damage":5.0,"enemies":"2 Thieves","floor":19.0,"turns":2.0},{"damage":0.0,"enemies":"Centurion and Healer","floor":21.0,"turns":3.0},{"damage":0.0,"enemies":"Masked Bandits","floor":22.0,"turns":3.0},{"damage":16.0,"enemies":"Slavers","floor":23.0,"turns":3.0},{"damage":0.0,"enemies":"Cultist and Chosen","floor":24.0,"turns":3.0},{"damage":18.0,"enemies":"Gremlin Leader","floor":25.0,"turns":4.0},{"damage":0.0,"enemies":"Gremlin Leader","floor":27.0,"turns":2.0},{"damage":0.0,"enemies":"Snake Plant","floor":29.0,"turns":3.0},{"damage":0.0,"enemies":"Slavers","floor":31.0,"turns":3.0},{"damage":4.0,"enemies":"Pondfish","floor":33.0,"turns":5.0},{"damage":0.0,"enemies":"3 Darklings","floor":35.0,"turns":3.0},{"damage":0.0,"enemies":"3 Shapes","floor":37.0,"turns":1.0},{"damage":12.0,"enemies":"Writhing Mass","floor":38.0,"turns":4.0},{"damage":0.0,"enemies":"Maw","floor":39.0,"turns":4.0},{"damage":0.0,"enemies":"Giant Head","floor":40.0,"turns":3.0},{"damage":0.0,"enemies":"Spire Growth","floor":44.0,"turns":2.0},{"damage":0.0,"enemies":"R_Hoarder","floor":45.0,"turns":3.0},{"damage":0.0,"enemies":"Giant Head","floor":48.0,"turns":4.0},{"damage":0.0,"enemies":"Replay:Hell Engine","floor":50.0,"turns":3.0},{"damage":8.0,"enemies":"conspire:OrnateMirror","floor":51.0,"turns":5.0},{"damage":0.0,"enemies":"Shield and Spear","floor":55.0,"turns":3.0},{"damage":20,"enemies":"The Heart","floor":56,"turns":7}],"seed_played":"3268967751450034020","potions_obtained":[{"floor":2.0,"key":"Regen Potion"},{"floor":5.0,"key":"FearPotion"},{"floor":10.0,"key":"PowerPotion"},{"floor":21.0,"key":"CultistPotion"},{"floor":24.0,"key":"Energy Potion"},{"floor":29.0,"key":"Energy Potion"},{"floor":31.0,"key":"Block Potion"},{"floor":35.0,"key":"SteroidPotion"},{"floor":38.0,"key":"Dexterity Potion"}],"is_trial":false,"path_per_floor":["M","M","?","$","M","R","E","$","T","E","?","M","R","M","R","B",null,"M","M","?","M","?","E","M","E","T","?","R","M","?","E","R","B",null,"M","?","M","M","M","E","?","R","T","M","E","R","T","E","R","B","B",null,"R","$","E","B",null],"character_chosen":"THE_SILENT","items_purchased":["ReplayTheSpireMod:ShopPack","conspire:GiftBox","Membership Card","ReplayTheSpireMod:Uncanny Aura","Medical Kit","BlessingOfTheForge","ColorlessPotion","Bottled Lightning","REME_MawOfCthun","Choke"],"campfire_rested":0,"item_purchase_floors":[4,28,42,42,42,53,54,54,54,54],"current_hp_per_floor":[56,56,56,56,56,56,48,48,48,48,48,37,37,37,37,37,59,59,66,66,66,66,50,62,56,56,56,56,56,56,56,56,62,65,66,66,66,54,60,63,42,42,42,54,66,66,66,66,66,66,58,64,64,64,64,66],"gold":63,"neow_bonus":"BOSS_RELIC","is_daily":false,"chose_seed":false,"campfire_upgraded":5,"win_rate":0.0,"timestamp":1611385362,"path_taken":["M","M","?","$","M","R","E","$","T","E","?","M","R","?","R","BOSS","M","M","?","M","?","E","M","E","T","?","R","M","?","E","R","BOSS","M","?","M","M","M","E","?","R","T","M","E","R","?","E","R","BOSS","BOSS","R","$","E","BOSS"],"items_purchased_type":["Relic","Relic","Relic","Card","Relic","Potion","Potion","Relic","Card","Card"],"build_version":"2020-12-22","purchased_purges":1,"victory":true,"max_hp_per_floor":[66,66,66,66,66,66,66,66,66,66,66,66,66,66,66,66,66,66,66,66,66,66,66,66,66,66,66,66,66,66,66,66,66,66,66,66,66,66,66,66,66,66,66,66,66,66,66,66,66,66,66,66,66,66,66,66],"relic_stats":{"Torii":0,"counters":[31,101],"Blue Candle":[1],"Pen Nib":[12],"War Paint":["Blade Dance","Blade Dance"],"Medical Kit":[6],"obtain_stats":[{"Replay:PocketPolymizer":48,"Torii":45,"REME_DuelDisc":34,"qcfpunch:Necklace_of_Skulls":7,"Red Mask":22,"Runic Pyramid":0,"Dota2Spire:UrnOfShadows":31,"qcfpunch:Black_Training_Shirt":26,"Blue Candle":40,"Dota2Spire:Bloodstone":17,"The Courier":25,"Pen Nib":47,"War Paint":55,"Medical Kit":42,"Akabeko":23,"qcfpunch:Combat_Fatigues":41,"conspire:GiftBox":28,"qcfpunch:School_Backpack":9,"qcfpunch:Extra_Skeleton":27,"Pandora\u0027s Box":0,"Membership Card":42,"Bottled Lightning":54,"REME_ComplimentaryCards":0,"ReplayTheSpireMod:ShopPack":4,"Dota2Spire:Desolator":10},{"Replay:PocketPolymizer":27,"Torii":26,"REME_DuelDisc":19,"qcfpunch:Necklace_of_Skulls":4,"Red Mask":12,"Runic Pyramid":0,"Dota2Spire:UrnOfShadows":18,"qcfpunch:Black_Training_Shirt":15,"Blue Candle":24,"Dota2Spire:Bloodstone":8,"The Courier":15,"Pen Nib":26,"War Paint":30,"Medical Kit":24,"Akabeko":13,"qcfpunch:Combat_Fatigues":24,"conspire:GiftBox":16,"qcfpunch:School_Backpack":4,"qcfpunch:Extra_Skeleton":16,"Pandora\u0027s Box":0,"Membership Card":24,"Bottled Lightning":29,"REME_ComplimentaryCards":0,"ReplayTheSpireMod:ShopPack":2,"Dota2Spire:Desolator":5},{"Replay:PocketPolymizer":83,"Torii":79,"REME_DuelDisc":59,"qcfpunch:Necklace_of_Skulls":10,"Red Mask":36,"Runic Pyramid":0,"Dota2Spire:UrnOfShadows":54,"qcfpunch:Black_Training_Shirt":46,"Blue Candle":74,"Dota2Spire:Bloodstone":24,"The Courier":46,"Pen Nib":79,"War Paint":94,"Medical Kit":74,"Akabeko":39,"qcfpunch:Combat_Fatigues":74,"conspire:GiftBox":48,"qcfpunch:School_Backpack":10,"qcfpunch:Extra_Skeleton":48,"Pandora\u0027s Box":0,"Membership Card":74,"Bottled Lightning":91,"REME_ComplimentaryCards":0,"ReplayTheSpireMod:ShopPack":5,"Dota2Spire:Desolator":14}]},"card_choices":[{"not_picked":["Bane","Distraction"],"picked":"Cloak And Dagger","floor":1.0},{"not_picked":["Draining Mist","Endless Agony"],"picked":"REME_GreenPollution","floor":2.0},{"not_picked":["REME_WheelOfFate","Violence"],"picked":"REME_Flogging","floor":4.0},{"not_picked":["Swift Strike","Replay:Sssssssssstrike"],"picked":"Purity","floor":4.0},{"not_picked":["Metamorphosis","PanicButton"],"picked":"Flash of Steel","floor":4.0},{"not_picked":["Draining Mist","Sucker Punch"],"picked":"Calculated Gamble","floor":5.0},{"not_picked":["Outmaneuver","Crippling Poison"],"picked":"Cloak And Dagger","floor":7.0},{"not_picked":["Replay:Poison Smokescreen","Fluid Movement"],"picked":"Backflip","floor":10.0},{"not_picked":["Clothesline","Pummel"],"picked":"Havoc+1","floor":10.0},{"not_picked":["Beam Cell","Lockon","BasicCrystalCard"],"picked":"SKIP","floor":12.0},{"not_picked":["Prepared","Deflect","Backflip"],"picked":"SKIP","floor":12.0},{"not_picked":["Blade Dance","Prepared"],"picked":"Backflip","floor":14.0},{"not_picked":["CrushJoints+1","EmptyFist","SignatureMove"],"picked":"SKIP","floor":14.0},{"not_picked":["conspire:HitWhereItHurts","Corruption"],"picked":"Reaper","floor":16.0},{"not_picked":["Storm of Steel","REME_GrazeFinale"],"picked":"Burst","floor":16.0},{"not_picked":["Distraction","Noxious Fumes"],"picked":"Reflex","floor":18.0},{"not_picked":["Disarm","Perfected Strike","True Grit"],"picked":"SKIP","floor":18.0},{"not_picked":["Dagger Throw","Leg Sweep","REME_GrazeFinale"],"picked":"SKIP","floor":19.0},{"not_picked":["Deadly Poison+1","Dagger Throw","Outmaneuver"],"picked":"SKIP","floor":21.0},{"not_picked":["Sneak Up","Hidden Blade"],"picked":"Acrobatics","floor":23.0},{"not_picked":["Distraction","conspire:PoisonWeapons+1","Infinite Blades"],"picked":"SKIP","floor":24.0},{"not_picked":["Quick Slash","Endless Agony","Caltrops"],"picked":"SKIP","floor":25.0},{"not_picked":["Phantasmal Killer","Doppelganger"],"picked":"Adrenaline","floor":28.0},{"not_picked":["Poisoned Stab","Flying Knee+1","Bane"],"picked":"SKIP","floor":29.0},{"not_picked":["Outmaneuver","REME_GreenPollution","ReplayTheSpireMod:Exploit Weakness"],"picked":"SKIP","floor":31.0},{"not_picked":["Cloak And Dagger","Backflip"],"picked":"PiercingWail+1","floor":35.0},{"not_picked":["Prepared","Deadly Poison"],"picked":"Tactician","floor":37.0},{"not_picked":["Bane","Reflex"],"picked":"Hidden Blade","floor":38.0},{"not_picked":["Bouncing Flask+1","Blur","Distraction"],"picked":"SKIP","floor":39.0},{"not_picked":["Deflect+1","Crippling Poison+1","Outmaneuver"],"picked":"SKIP","floor":40.0},{"not_picked":["Acrobatics","Sucker Punch+1","conspire:DoublingDagger+1"],"picked":"SKIP","floor":44.0},{"not_picked":["Underhanded Strike","Prepared","Masterful Stab+1"],"picked":"SKIP","floor":45.0},{"not_picked":["Tactician","Dagger Spray+1","Outmaneuver"],"picked":"SKIP","floor":48.0},{"not_picked":["Hidden Blade","ReplayTheSpireMod:Tripwire+1","PiercingWail"],"picked":"SKIP","floor":55.0}],"player_experience":1223794,"relics_obtained":[{"floor":7.0,"key":"qcfpunch:Necklace_of_Skulls"},{"floor":9.0,"key":"qcfpunch:School_Backpack"},{"floor":10.0,"key":"Dota2Spire:Desolator"},{"floor":22.0,"key":"Red Mask"},{"floor":23.0,"key":"Akabeko"},{"floor":25.0,"key":"The Courier"},{"floor":26.0,"key":"qcfpunch:Black_Training_Shirt"},{"floor":31.0,"key":"Dota2Spire:UrnOfShadows"},{"floor":40.0,"key":"Blue Candle"},{"floor":41.0,"key":"qcfpunch:Combat_Fatigues"},{"floor":45.0,"key":"Torii"},{"floor":47.0,"key":"Pen Nib"},{"floor":48.0,"key":"Replay:PocketPolymizer"},{"floor":55.0,"key":"War Paint"}],"event_choices":[{"damage_healed":0.0,"max_hp_gain":0.0,"max_hp_loss":0.0,"gold_gain":0.0,"event_name":"conspire:Investor","player_choice":"Invest 1","floor":11.0,"gold_loss":0.0,"damage_taken":0.0},{"damage_healed":0.0,"max_hp_gain":0.0,"max_hp_loss":0.0,"gold_gain":0.0,"cards_transformed":["Outmaneuver","Well Laid Plans"],"event_name":"Drug Dealer","player_choice":"Became Test Subject","floor":20.0,"gold_loss":0.0,"damage_taken":0.0,"cards_obtained":["Backflip","Glass Knife"]},{"damage_healed":0.0,"max_hp_gain":0.0,"max_hp_loss":0.0,"gold_gain":0.0,"event_name":"Masked Bandits","player_choice":"Fought Bandits","floor":22.0,"gold_loss":0.0,"damage_taken":0.0},{"cards_removed":["Bane"],"damage_healed":0.0,"max_hp_gain":0.0,"max_hp_loss":0.0,"gold_gain":0.0,"event_name":"Beggar","player_choice":"Gave Gold","floor":30.0,"gold_loss":75.0,"damage_taken":0.0},{"cards_removed":["Bane"],"damage_healed":0.0,"max_hp_gain":0.0,"max_hp_loss":0.0,"gold_gain":0.0,"event_name":"Falling","player_choice":"Removed Attack","floor":36.0,"gold_loss":0.0,"damage_taken":0.0}],"is_beta":false,"boss_relics":[{"not_picked":["conspire:RoyalGoblet","Ring of Chaos"],"picked":"Dota2Spire:Bloodstone"},{"not_picked":["ReplayTheSpireMod:DimensionalGlitch","ChewingGum"],"picked":"REME_DuelDisc"}],"items_purged_floors":[42],"is_endless":false,"potions_floor_spawned":[2,5,10,21,24,27,29,31,35,38,44],"ascension_level":20}}