{"host":"y4sghvfd0ewtcchd","time":1611397489,"event":{"mods":["Aspiration","BaseMod","Better Debug","Better Note","Better Third Choice","BetterRewards","Block Reminder","Colored Map","Colored Powertips","Highlight Path","Hubris","Infinite Spire","Minty Spire (QoL Compilation)","Relic Sorter","Relic Stats","Replay The Spire","Robot Space Explorer","Shop Mod","Spicy Shops","StSLib","The Jungle","The Saiyan"],"gold_per_floor":[110,125,200,4,16,16,34,34,34,50,78,143,153,165,165,267,267,278,292,292,302,319,346,359,359,359,359,392,114,128,148,148,249,249,263,263,276,293,310,339,339,339,366,366,377,377,404,422,517,517,517,517,817,852,852],"floor_reached":56,"language":"ENG","playtime":3793,"items_purged":[],"score":2267,"play_id":"9e66ae27-728a-41d5-b307-7a33f7de0bdf","local_time":"20210123132449","is_ascension_mode":true,"campfire_choices":[{"floor":6.0,"key":"REST"},{"floor":8.0,"key":"REST"},{"data":"hubris:EnhanceAbility","floor":15.0,"key":"SMITH"},{"floor":25.0,"key":"RECALL"},{"floor":32.0,"key":"REST"},{"floor":41.0,"key":"DIG"},{"floor":44.0,"key":"DIG"},{"floor":52,"key":"REST"}],"circlet_count":0,"master_deck":["Strike_G","Strike_G","Strike_G","Strike_G","Strike_G","Defend_G+1","Defend_G+1","Defend_G+1","Defend_G+1","Defend_G+1","Survivor","Neutralize","Noxious Fumes","Eviscerate+1","Cloak And Dagger","Bane","Master of Strategy","Blade Dance","hubris:EnhanceAbility+1","Noxious Fumes","Slice","Crippling Poison","Deflect","Bane","hubris:Counter","aspiration:Lunge","Dodge and Roll","Flechettes","Expertise","Calculated Gamble","Venomology","Fluid Movement","Bullet Time","Replay:Poison Smokescreen","Poisoned Stab","Endless Agony+1","Deadly Poison+1","Backflip","Deflect+1","Outmaneuver","Sneak Up","Escape Plan+1","Bouncing Flask","Bouncing Flask","Poisoned Stab+1","Storm of Steel","Crippling Poison+1","Poisoned Stab+1","Catalyst+1","Prepared+1","Prepared","Deflect+1","After Image","Night Terror","Dash","Crippling Poison","Caltrops","Replay:Dark Deal+1","Noxious Fumes","PiercingWail+1","Escape Plan+1","Dodge and Roll+1","Bane+1"],"relics":["Ring of the Snake","infinitespire:Joker Card","Thread and Needle","infinitespire:Broken Mirror","Snake Skull","ReplayFunnel","Replay:Wax Seal","infinitespire:WardingShard","Pen Nib","Art of War","Membership Card","Omamori","Orichalcum","hubris:64BitClover","infinitespire:EmpoweringShard","Blue Doll","Anchor","ReplayTheSpireMod:CursedCoin","Vajra","Sling","Bottled Flame","ReplayTheSpireMod:TigerMarble","Replay:Bottled Eggs","Prayer Wheel","aspiration:HiddenCompartment","ChewingGum","Fusion Hammer","Replay:Multitool","Torii","MealTicket","hubris:EmptyBottle","Cursed Key","hubris:Towel","infinitespire:Golems Mask","Replay:Baseball","hubris:NiceRug","Centennial Puzzle","Garlic","Toolbox","ReplayTheSpireMod:Lightbulb","hubris:TinFlute","Orrery","Bag of Marbles"],"acts_visited":[],"potions_floor_usage":[50,50,50,50,55,55,55,55,55],"damage_taken":[{"damage":0.0,"enemies":"2 Louse","floor":1.0,"turns":3.0},{"damage":0.0,"enemies":"Cultist","floor":2.0,"turns":2.0},{"damage":0.0,"enemies":"Jaw Worm","floor":5.0,"turns":1.0},{"damage":0.0,"enemies":"Looter","floor":7.0,"turns":1.0},{"damage":0.0,"enemies":"Large Slime","floor":10.0,"turns":2.0},{"damage":0.0,"enemies":"Lagavulin","floor":11.0,"turns":2.0},{"damage":0.0,"enemies":"3 Sentries","floor":12.0,"turns":4.0},{"damage":0.0,"enemies":"Blue Slaver","floor":13.0,"turns":1.0},{"damage":0.0,"enemies":"3 Louse","floor":14.0,"turns":1.0},{"damage":9.0,"enemies":"Fading Forest","floor":16.0,"turns":11.0},{"damage":0.0,"enemies":"Shell Parasite","floor":18.0,"turns":2.0},{"damage":5.0,"enemies":"2 Thieves","floor":19.0,"turns":3.0},{"damage":0.0,"enemies":"Snake Plant","floor":21.0,"turns":2.0},{"damage":0.0,"enemies":"Centurion and Healer","floor":22.0,"turns":2.0},{"damage":3.0,"enemies":"Replay:Snechameleon","floor":23.0,"turns":3.0},{"damage":0.0,"enemies":"Shelled Parasite and Fungi","floor":24.0,"turns":2.0},{"damage":0.0,"enemies":"Slavers","floor":28.0,"turns":2.0},{"damage":0.0,"enemies":"Cultist and Chosen","floor":30.0,"turns":3.0},{"damage":0.0,"enemies":"Snecko","floor":31.0,"turns":2.0},{"damage":3.0,"enemies":"Champ","floor":33.0,"turns":7.0},{"damage":3.0,"enemies":"3 Shapes","floor":35.0,"turns":3.0},{"damage":0.0,"enemies":"3 Darklings","floor":37.0,"turns":3.0},{"damage":0.0,"enemies":"Transient","floor":38.0,"turns":5.0},{"damage":6.0,"enemies":"Spire Growth","floor":39.0,"turns":3.0},{"damage":1.0,"enemies":"R_Hoarder","floor":40.0,"turns":6.0},{"damage":0.0,"enemies":"Maw","floor":45.0,"turns":3.0},{"damage":0.0,"enemies":"Nemesis","floor":47.0,"turns":1.0},{"damage":0.0,"enemies":"Sphere and 2 Shapes","floor":48.0,"turns":3.0},{"damage":24,"enemies":"Awakened One","floor":50,"turns":11},{"damage":0,"enemies":"hubris:Merchant","floor":53,"turns":2},{"damage":0,"enemies":"Shield and Spear","floor":54,"turns":3},{"damage":2,"enemies":"The Heart","floor":55,"turns":6}],"seed_played":"-6964774115454042614","potions_obtained":[{"floor":1.0,"key":"Strength Potion"},{"floor":10.0,"key":"SkillPotion"},{"floor":12.0,"key":"SneckoOil"},{"floor":16.0,"key":"EntropicBrew"},{"floor":19.0,"key":"AttackPotion"},{"floor":23.0,"key":"Explosive Potion"},{"floor":28.0,"key":"SkillPotion"},{"floor":31.0,"key":"DuplicationPotion"},{"floor":33.0,"key":"BlessingOfTheForge"},{"floor":37.0,"key":"Strength Potion"},{"floor":39.0,"key":"PowerPotion"},{"floor":40.0,"key":"AttackPotion"},{"floor":53,"key":"Toxic Potion"},{"floor":53,"key":"SteroidPotion"},{"floor":54,"key":"Weak Potion"}],"is_trial":false,"path_per_floor":["M","M","?","$","M","R","M","R","T","M","E","?","M","M","R","B",null,"M","M","AVR","M","M","E","M","R","T","?","E","$","M","M","R","B",null,"M","?","M","M","M","E","R","?","T","R","M","$","E","M","R","B",null,"R","$","E","B",null],"character_chosen":"THE_SILENT","items_purchased":["Noxious Fumes","Eviscerate+1","Membership Card","Omamori","Orichalcum","hubris:64BitClover","Cloak And Dagger","Bane","Poisoned Stab","Master of Strategy","infinitespire:EmpoweringShard","Blue Doll","Blade Dance","infinitespire:Joker Card","Anchor","ReplayTheSpireMod:CursedCoin","hubris:EnhanceAbility","Vajra","Sling","Noxious Fumes","Energy Potion","Slice","Bottled Flame","ReplayTheSpireMod:TigerMarble","Bouncing Flask","MealTicket","hubris:EmptyBottle","Pen Nib"],"campfire_rested":4,"item_purchase_floors":[0,0,0,0,0,0,0,0,0,0,0,0,0,0,0,0,0,0,0,0,0,0,4,4,29,29,29,29],"current_hp_per_floor":[21,21,14,14,14,35,35,56,56,56,56,56,56,56,56,63,68,68,63,63,63,63,60,60,60,60,47,47,47,47,47,69,66,73,70,70,70,70,64,63,63,63,63,63,63,75,75,75,75,51,69,75,75,75,73],"gold":852,"neow_bonus":"","is_daily":false,"chose_seed":false,"campfire_upgraded":1,"win_rate":0.0,"timestamp":1611397489,"path_taken":["M","M","?","?","M","R","M","R","T","M","E","?","M","M","R","BOSS","M","M","AVR","M","M","E","M","R","T","?","E","$","M","M","R","BOSS","M","?","M","M","M","E","R","?","T","R","M","$","E","M","R","BOSS","R","$","E","BOSS"],"items_purchased_type":["Card","Card","Relic","Relic","Relic","Relic","Card","Card","Card","Card","Relic","Relic","Card","Relic","Relic","Relic","Card","Relic","Relic","Card","Potion","Card","Relic","Relic","Card","Relic","Relic","Relic"],"build_version":"2020-12-22","purchased_purges":0,"victory":true,"max_hp_per_floor":[70,70,70,70,70,70,70,70,70,70,70,70,70,70,70,70,70,70,70,70,70,70,70,70,70,70,75,75,75,75,75,75,75,75,75,75,75,75,75,75,75,75,75,75,75,75,75,75,75,75,75,75,75,75,75],"relic_stats":{"Centennial Puzzle":[4],"Torii":9,"counters":[355,1557],"Prayer Wheel":20,"MealTicket":41,"Snake Skull":[142],"Pen Nib":[15],"Art of War":[3],"Orichalcum":[84],"Cursed Key":1,"obtain_stats":[{"Vampiric Spirits":46,"downfall:HeartBlessingGreen":10,"aspiration:PoetsPen_weak":17,"hubris:MysteriousPyramids":9,"Sling":55,"Ring of Searing":38,"Blood Vial":43,"Replay:Wanted Poster":34,"infinitespire:ShieldingShard":13,"hubris:HerbalPaste":0,"hubris:AstralHammer":40,"Replay:Bronze Core":34,"Fusion Hammer":34,"Replay:Bottled Flurry":46,"Replay:Bottled Steam":53,"hubris:MobiusCoin":6,"MerchantsRug":53,"Eternal Feather":53,"Pen Nib":25,"ReplayTheSpireMod:SealedPack":17,"infinitespire:Magic Flask":9,"infinitespire:EvilPickle":33,"infinitespire:Broken Mirror":54,"Bird Faced Urn":39,"Unceasing Top":14,"hubris:Reverence":23,"Regal Pillow":29,"Torii":7,"hubris:EmptyBottle":29,"Ancient Tea Set":5,"Pet Ghost":41,"Ring of Fangs":46,"hubris:Backtick":34,"infinitespire:Bottled Soul":43,"aspiration:AnachronicSnailShell":41,"Toolbox":53,"hubris:CuriousFeather":38,"Replay:Bottled Eggs":53,"infinitespire:Eraser":23,"InkBottle":25,"aspiration:ChemicalBlood":24,"Ring of the Snake":0,"Potion Belt":44,"Lee\u0027s Waffle":53,"Replay:Fungal Core":29,"hubris:64BitClover":0,"PreservedInsect":26,"infinitespire:Lucky Rock":26,"hubris:Towel":30,"Ornamental Fan":6,"Art of War":37,"Garlic":11,"infinitespire:Midas Blood":0,"hubris:BottledRain":17,"Ice Cream":44,"Calipers":23,"hubris:TerracottaHorce":48,"Sozu":17,"Centennial Puzzle":48,"Prayer Wheel":11,"Iron Hammer":54,"hubris:DuctTape":34,"ReplayTheSpireMod:CursedCoin":53,"Replay:Grab Bag":34,"Ring of Chaos":34,"SaiyanHeart":0,"aspiration:HiddenCompartment":29,"hubris:PeanutButter":9,"infinitespire:EmpoweringShard":0,"aspiration:HatOfInfinitePower":37,"Mirror":9,"Pocketwatch":36,"aspiration:TomeofQuesting":38,"Snake Skull":7,"aspiration:StickyExplosives_weak":24,"hubris:Icosahedron":47,"aspiration:DefectSkillbook":34,"downfall:HeartBlessingBlue":18,"Red Mask":31,"Runic Pyramid":21,"hubris:KleinBottle":37,"Guide Book":0,"Replay:WaspNest":53,"Odd Mushroom":13,"Mercury Hourglass":6,"Calling Bell":47,"Strange Spoon":53,"Cauldron":53,"Pondfish Scales":29,"infinitespire:Satchel":31,"SaiyanSoul":0,"Bag of Marbles":6,"Membership Card":20,"hubris:AncientText":36,"FossilizedHelix":36,"hubris:OldNail":0,"TwistedFunnel":0,"infinitespire:BottledMercury":46,"Ginger":25,"Bottled Tornado":0,"Boot":52,"Replay:Ringing Soul":43,"MealTicket":48,"hubris:DeckOfHolding":28,"infinitespire:Golems Mask":48,"Kunai":47,"Replay:Wax Seal":18,"hubris:TinFlute":53,"Pear":20,"Counterbalance":38,"ReplayTheSpireMod:Ring of Addiction":46,"hubris:SphereOfDissonance":0,"Replay:Ancient Bell":34,"aspiration:IroncladSkillbook":17,"aspiration:FrozenJewel":9,"SlaversCollar":17,"Pandora\u0027s Box":34,"hubris:TenFootPole":2,"infinitespire:PuzzleCube":24,"Abe\u0027s Treasure":17,"aspiration:Lifesprig":0,"Lantern":40,"hubris:Metronome":41,"Blue Doll":52,"Bag of Preparation":42,"Replay:Multitool":20,"Cursed Key":34,"Replay:Rubber Ducky":36,"Shovel":3,"Ring of Peace":38,"WingedGreaves":36,"Ring of Panic":10,"hubris:GlazedTorus":46,"aspiration:VileToxins":42,"downfall:HeartBlessingRed":10,"Basket Of Snakes":31,"Damaru":6,"Thread and Needle":53,"The Courier":41,"infinitespire:Joker Card":0,"Omamori":45,"infinitespire:CheckeredPen":43,"Busted Crown":17,"Orrery":0,"ReplayTheSpireMod:Onyx Gauntlets":34,"ReplayTheSpireMod:Lightbulb":0,"Toy Ornithopter":46,"hubris:CrystalStatue":41,"Vajra":12,"Lizard Tail":13,"DollysMirror":20,"Strawberry":49,"aspiration:ArtOfWarUpgrade":49,"Toxic Egg 2":0,"Byrd Skull":41,"Happy Flower":43,"Oddly Smooth Stone":10,"infinitespire:Beetle Shell":53,"aspiration:SeaSaltIceCream":41,"War Paint":9,"Question Card":25,"Replay:Baseball":29,"Bottled Flame":8,"ReplayTheSpireMod:Shallot":36,"Shuriken":0,"Bronze Scales":54,"Molten Egg 2":23,"ReplayTheSpireMod:TigerMarble":43,"Black Star":17,"Grinning Jar":17,"Meat on the Bone":4,"ReplayFunnel":36,"Darkstone Periapt":24,"ReplayTheSpireMod:Ring of Exchange":3,"SacredBark":46,"Mango":20,"hubris:SlimyHat":36,"ClockworkSouvenir":53,"Replay:Bandana":0,"Mummified Hand":19,"Gambling Chip":0,"Gremlin Food":21,"BargainBundle":0,"ReplayTheSpireMod:Ninjato":41,"infinitespire:CursedDice":8,"Quantum Egg":43,"ReplayTheSpireMod:Ring of Sloth":10,"aspiration:HummingbirdHeart":0,"Orichalcum":47,"Anchor":37,"CaptainsWheel":17,"infinitespire:WardingShard":12,"ChewingGum":17,"Snack Pack":0,"PureWater":0,"TungstenRod":29,"hubris:Potato":0,"hubris:NiceRug":53},{"Vampiric Spirits":144,"downfall:HeartBlessingGreen":6,"aspiration:PoetsPen_weak":187,"hubris:MysteriousPyramids":97,"Sling":207,"Ring of Searing":83,"Blood Vial":85,"Replay:Wanted Poster":168,"infinitespire:ShieldingShard":70,"hubris:HerbalPaste":92,"hubris:AstralHammer":24,"Replay:Bronze Core":51,"Fusion Hammer":196,"Replay:Bottled Flurry":116,"Replay:Bottled Steam":321,"hubris:MobiusCoin":4,"MerchantsRug":32,"Eternal Feather":262,"Pen Nib":16,"ReplayTheSpireMod:SealedPack":244,"infinitespire:Magic Flask":37,"infinitespire:EvilPickle":51,"infinitespire:Broken Mirror":120,"Bird Faced Urn":113,"Unceasing Top":186,"hubris:Reverence":223,"Regal Pillow":18,"Torii":4,"hubris:EmptyBottle":18,"Ancient Tea Set":4,"Pet Ghost":24,"Ring of Fangs":27,"hubris:Backtick":196,"infinitespire:Bottled Soul":26,"aspiration:AnachronicSnailShell":114,"Toolbox":353,"hubris:CuriousFeather":54,"Replay:Bottled Eggs":32,"infinitespire:Eraser":249,"InkBottle":107,"aspiration:ChemicalBlood":15,"Ring of the Snake":0,"Potion Belt":86,"Lee\u0027s Waffle":177,"Replay:Fungal Core":165,"hubris:64BitClover":323,"PreservedInsect":223,"infinitespire:Lucky Rock":276,"hubris:Towel":136,"Ornamental Fan":151,"Art of War":23,"Garlic":98,"infinitespire:Midas Blood":92,"hubris:BottledRain":158,"Ice Cream":144,"Calipers":105,"hubris:TerracottaHorce":232,"Sozu":244,"Centennial Puzzle":29,"Prayer Wheel":329,"Iron Hammer":146,"hubris:DuctTape":196,"ReplayTheSpireMod:CursedCoin":60,"Replay:Grab Bag":196,"Ring of Chaos":22,"SaiyanHeart":0,"aspiration:HiddenCompartment":78,"hubris:PeanutButter":153,"infinitespire:EmpoweringShard":323,"aspiration:HatOfInfinitePower":23,"Mirror":127,"Pocketwatch":112,"aspiration:TomeofQuesting":24,"Snake Skull":184,"aspiration:StickyExplosives_weak":191,"hubris:Icosahedron":144,"aspiration:DefectSkillbook":225,"downfall:HeartBlessingBlue":11,"Red Mask":279,"Runic Pyramid":74,"hubris:KleinBottle":23,"Guide Book":147,"Replay:WaspNest":60,"Odd Mushroom":156,"Mercury Hourglass":295,"Calling Bell":88,"Strange Spoon":262,"Cauldron":321,"Pondfish Scales":18,"infinitespire:Satchel":80,"SaiyanSoul":0,"Bag of Marbles":36,"Membership Card":13,"hubris:AncientText":112,"FossilizedHelix":169,"hubris:OldNail":264,"TwistedFunnel":121,"infinitespire:BottledMercury":58,"Ginger":250,"Bottled Tornado":236,"Boot":32,"Replay:Ringing Soul":257,"MealTicket":59,"hubris:DeckOfHolding":77,"infinitespire:Golems Mask":144,"Kunai":88,"Replay:Wax Seal":11,"hubris:TinFlute":353,"Pear":189,"Counterbalance":24,"ReplayTheSpireMod:Ring of Addiction":27,"hubris:SphereOfDissonance":121,"Replay:Ancient Bell":253,"aspiration:IroncladSkillbook":42,"aspiration:FrozenJewel":67,"SlaversCollar":11,"Pandora\u0027s Box":137,"hubris:TenFootPole":180,"infinitespire:PuzzleCube":45,"Abe\u0027s Treasure":272,"aspiration:Lifesprig":62,"Lantern":171,"hubris:Metronome":200,"Blue Doll":32,"Bag of Preparation":85,"Replay:Multitool":335,"Cursed Key":111,"Replay:Rubber Ducky":23,"Shovel":2,"Ring of Peace":83,"WingedGreaves":140,"Ring of Panic":97,"hubris:GlazedTorus":88,"aspiration:VileToxins":257,"downfall:HeartBlessingRed":6,"Basket Of Snakes":224,"Damaru":67,"Thread and Needle":321,"The Courier":229,"infinitespire:Joker Card":323,"Omamori":27,"infinitespire:CheckeredPen":284,"Busted Crown":131,"Orrery":236,"ReplayTheSpireMod:Onyx Gauntlets":196,"ReplayTheSpireMod:Lightbulb":264,"Toy Ornithopter":27,"hubris:CrystalStatue":114,"Vajra":155,"Lizard Tail":216,"DollysMirror":13,"Strawberry":30,"aspiration:ArtOfWarUpgrade":175,"Toxic Egg 2":291,"Byrd Skull":257,"Happy Flower":114,"Oddly Smooth Stone":6,"infinitespire:Beetle Shell":32,"aspiration:SeaSaltIceCream":24,"War Paint":6,"Question Card":107,"Replay:Baseball":18,"Bottled Flame":127,"ReplayTheSpireMod:Shallot":112,"Shuriken":264,"Bronze Scales":120,"Molten Egg 2":105,"ReplayTheSpireMod:TigerMarble":26,"Black Star":100,"Grinning Jar":158,"Meat on the Bone":94,"ReplayFunnel":169,"Darkstone Periapt":305,"ReplayTheSpireMod:Ring of Exchange":266,"SacredBark":27,"Mango":13,"hubris:SlimyHat":23,"ClockworkSouvenir":32,"Replay:Bandana":147,"Mummified Hand":43,"Gambling Chip":33,"Gremlin Food":74,"BargainBundle":62,"ReplayTheSpireMod:Ninjato":143,"infinitespire:CursedDice":269,"Quantum Egg":56,"ReplayTheSpireMod:Ring of Sloth":97,"aspiration:HummingbirdHeart":236,"Orichalcum":88,"Anchor":83,"CaptainsWheel":158,"infinitespire:WardingShard":243,"ChewingGum":333,"Snack Pack":62,"PureWater":0,"TungstenRod":109,"hubris:Potato":179,"hubris:NiceRug":177},{"Vampiric Spirits":705,"downfall:HeartBlessingGreen":31,"aspiration:PoetsPen_weak":930,"hubris:MysteriousPyramids":480,"Sling":992,"Ring of Searing":418,"Blood Vial":426,"Replay:Wanted Poster":818,"infinitespire:ShieldingShard":356,"hubris:HerbalPaste":462,"hubris:AstralHammer":137,"Replay:Bronze Core":277,"Fusion Hammer":971,"Replay:Bottled Flurry":563,"Replay:Bottled Steam":1446,"hubris:MobiusCoin":22,"MerchantsRug":214,"Eternal Feather":1236,"Pen Nib":78,"ReplayTheSpireMod:SealedPack":1150,"infinitespire:Magic Flask":235,"infinitespire:EvilPickle":277,"infinitespire:Broken Mirror":585,"Bird Faced Urn":547,"Unceasing Top":919,"hubris:Reverence":1056,"Regal Pillow":94,"Torii":22,"hubris:EmptyBottle":94,"Ancient Tea Set":22,"Pet Ghost":137,"Ring of Fangs":167,"hubris:Backtick":971,"infinitespire:Bottled Soul":154,"aspiration:AnachronicSnailShell":555,"Toolbox":1548,"hubris:CuriousFeather":289,"Replay:Bottled Eggs":214,"infinitespire:Eraser":1173,"InkBottle":523,"aspiration:ChemicalBlood":72,"Ring of the Snake":0,"Potion Belt":431,"Lee\u0027s Waffle":867,"Replay:Fungal Core":804,"hubris:64BitClover":1452,"PreservedInsect":1056,"infinitespire:Lucky Rock":1305,"hubris:Towel":656,"Ornamental Fan":742,"Art of War":126,"Garlic":487,"infinitespire:Midas Blood":462,"hubris:BottledRain":773,"Ice Cream":705,"Calipers":517,"hubris:TerracottaHorce":1095,"Sozu":1150,"Centennial Puzzle":181,"Prayer Wheel":1463,"Iron Hammer":718,"hubris:DuctTape":971,"ReplayTheSpireMod:CursedCoin":314,"Replay:Grab Bag":971,"Ring of Chaos":116,"SaiyanHeart":0,"aspiration:HiddenCompartment":394,"hubris:PeanutButter":749,"infinitespire:EmpoweringShard":1452,"aspiration:HatOfInfinitePower":126,"Mirror":610,"Pocketwatch":545,"aspiration:TomeofQuesting":137,"Snake Skull":909,"aspiration:StickyExplosives_weak":948,"hubris:Icosahedron":705,"aspiration:DefectSkillbook":1067,"downfall:HeartBlessingBlue":49,"Red Mask":1318,"Runic Pyramid":381,"hubris:KleinBottle":126,"Guide Book":725,"Replay:WaspNest":314,"Odd Mushroom":763,"Mercury Hourglass":1373,"Calling Bell":441,"Strange Spoon":1236,"Cauldron":1446,"Pondfish Scales":94,"infinitespire:Satchel":402,"SaiyanSoul":0,"Bag of Marbles":233,"Membership Card":56,"hubris:AncientText":545,"FossilizedHelix":823,"hubris:OldNail":1248,"TwistedFunnel":591,"infinitespire:BottledMercury":304,"Ginger":1178,"Bottled Tornado":1121,"Boot":214,"Replay:Ringing Soul":1209,"MealTicket":307,"hubris:DeckOfHolding":389,"infinitespire:Golems Mask":705,"Kunai":441,"Replay:Wax Seal":49,"hubris:TinFlute":1548,"Pear":941,"Counterbalance":137,"ReplayTheSpireMod:Ring of Addiction":167,"hubris:SphereOfDissonance":591,"Replay:Ancient Bell":1192,"aspiration:IroncladSkillbook":246,"aspiration:FrozenJewel":343,"SlaversCollar":49,"Pandora\u0027s Box":666,"hubris:TenFootPole":883,"infinitespire:PuzzleCube":255,"Abe\u0027s Treasure":1290,"aspiration:Lifesprig":323,"Lantern":832,"hubris:Metronome":978,"Blue Doll":214,"Bag of Preparation":426,"Replay:Multitool":1485,"Cursed Key":542,"Replay:Rubber Ducky":126,"Shovel":12,"Ring of Peace":418,"WingedGreaves":683,"Ring of Panic":480,"hubris:GlazedTorus":441,"aspiration:VileToxins":1209,"downfall:HeartBlessingRed":31,"Basket Of Snakes":1060,"Damaru":343,"Thread and Needle":1446,"The Courier":1082,"infinitespire:Joker Card":1452,"Omamori":167,"infinitespire:CheckeredPen":1337,"Busted Crown":632,"Orrery":1121,"ReplayTheSpireMod:Onyx Gauntlets":971,"ReplayTheSpireMod:Lightbulb":1248,"Toy Ornithopter":167,"hubris:CrystalStatue":555,"Vajra":761,"Lizard Tail":1021,"DollysMirror":56,"Strawberry":193,"aspiration:ArtOfWarUpgrade":853,"Toxic Egg 2":1362,"Byrd Skull":1209,"Happy Flower":555,"Oddly Smooth Stone":31,"infinitespire:Beetle Shell":214,"aspiration:SeaSaltIceCream":137,"War Paint":31,"Question Card":523,"Replay:Baseball":94,"Bottled Flame":610,"ReplayTheSpireMod:Shallot":545,"Shuriken":1248,"Bronze Scales":585,"Molten Egg 2":517,"ReplayTheSpireMod:TigerMarble":154,"Black Star":500,"Grinning Jar":773,"Meat on the Bone":467,"ReplayFunnel":823,"Darkstone Periapt":1403,"ReplayTheSpireMod:Ring of Exchange":1257,"SacredBark":167,"Mango":56,"hubris:SlimyHat":126,"ClockworkSouvenir":214,"Replay:Bandana":725,"Mummified Hand":249,"Gambling Chip":226,"Gremlin Food":381,"BargainBundle":323,"ReplayTheSpireMod:Ninjato":699,"infinitespire:CursedDice":1272,"Quantum Egg":297,"ReplayTheSpireMod:Ring of Sloth":480,"aspiration:HummingbirdHeart":1121,"Orichalcum":441,"Anchor":418,"CaptainsWheel":773,"infinitespire:WardingShard":1143,"ChewingGum":1480,"Snack Pack":323,"PureWater":0,"TungstenRod":530,"hubris:Potato":879,"hubris:NiceRug":867}],"Ring of the Snake":[472]},"card_choices":[{"not_picked":["Bane","Masterful Stab"],"picked":"Crippling Poison","floor":1.0},{"not_picked":["Dagger Throw","Tactician"],"picked":"Deflect","floor":2.0},{"not_picked":["Setup","hubris:Counter"],"picked":"Bane","floor":5.0},{"not_picked":["hubris:SlightOfHand","Cloak And Dagger"],"picked":"hubris:Counter","floor":7.0},{"not_picked":["Escape Plan","Bane"],"picked":"aspiration:Lunge","floor":10.0},{"not_picked":["Cloak And Dagger","PiercingWail"],"picked":"Dodge and Roll","floor":11.0},{"not_picked":["Dodge and Roll","Finisher"],"picked":"Flechettes","floor":12.0},{"not_picked":["Reflex","Deflect"],"picked":"Expertise","floor":13.0},{"not_picked":["ReplayTheSpireMod:The Works","Deadly Poison"],"picked":"Calculated Gamble","floor":13.0},{"not_picked":["ReplayTheSpireMod:Exploit Weakness","Acrobatics"],"picked":"Venomology","floor":14.0},{"not_picked":["Dagger Spray","hubris:SlightOfHand"],"picked":"Fluid Movement","floor":14.0},{"not_picked":["Die Die Die","Wraith Form v2"],"picked":"Bullet Time","floor":16.0},{"not_picked":["Cloak And Dagger","Blade Dance"],"picked":"Replay:Poison Smokescreen","floor":18.0},{"not_picked":["Underhanded Strike","Flechettes"],"picked":"Poisoned Stab","floor":18.0},{"not_picked":["Skewer","Deflect"],"picked":"Endless Agony+1","floor":19.0},{"not_picked":["Sucker Punch","Acrobatics","hubris:TrickCloak"],"picked":"SKIP","floor":19.0},{"not_picked":["Toxin Wave","ReplayTheSpireMod:The Works"],"picked":"Deadly Poison+1","floor":21.0},{"not_picked":["Flying Knee","Accuracy"],"picked":"Backflip","floor":21.0},{"not_picked":["Infinite Blades","Flying Knee"],"picked":"Deflect+1","floor":22.0},{"not_picked":["PiercingWail","Cloak And Dagger"],"picked":"Outmaneuver","floor":22.0},{"not_picked":["Sucker Punch","Dagger Spray","hubris:SlightOfHand+1"],"picked":"SKIP","floor":23.0},{"not_picked":["Footwork","Quick Slash"],"picked":"Sneak Up","floor":24.0},{"not_picked":["PiercingWail","hubris:Counter","Blade Dance"],"picked":"SKIP","floor":24.0},{"not_picked":["Setup+1","Skewer"],"picked":"Escape Plan+1","floor":28.0},{"not_picked":["Doppelganger","Bane"],"picked":"Bouncing Flask","floor":30.0},{"not_picked":["Dodge and Roll","Predator+1","hubris:TrickCloak"],"picked":"SKIP","floor":30.0},{"not_picked":["Acrobatics","All Out Attack"],"picked":"Poisoned Stab+1","floor":31.0},{"not_picked":["Dagger Spray+1","Flying Knee","PiercingWail"],"picked":"SKIP","floor":31.0},{"not_picked":["Unload","Grand Finale"],"picked":"Storm of Steel","floor":33.0},{"not_picked":["Acrobatics+1","ReplayTheSpireMod:The Works+1"],"picked":"Crippling Poison+1","floor":35.0},{"not_picked":["Outmaneuver+1","Hidden Blade","hubris:SlightOfHand"],"picked":"SKIP","floor":35.0},{"not_picked":["Sucker Punch","Deadly Poison"],"picked":"Poisoned Stab+1","floor":37.0},{"not_picked":["hubris:SlightOfHand","Cloak And Dagger+1"],"picked":"Catalyst+1","floor":37.0},{"not_picked":["Deflect+1","Quick Slash+1"],"picked":"Prepared+1","floor":38.0},{"not_picked":["Dagger Spray+1","Dagger Throw"],"picked":"Prepared","floor":38.0},{"not_picked":["Cloak And Dagger+1","Expertise+1"],"picked":"Deflect+1","floor":39.0},{"not_picked":["Eviscerate+1","Well Laid Plans","Sneak Up+1"],"picked":"SKIP","floor":39.0},{"not_picked":["Reflex","Flying Knee","hubris:Sniper+1"],"picked":"SKIP","floor":40.0},{"not_picked":["Dagger Spray+1","Reflex"],"picked":"After Image","floor":45.0},{"not_picked":["Backflip+1","Dagger Throw","Acrobatics"],"picked":"SKIP","floor":45.0},{"not_picked":["Cloak And Dagger+1","Hidden Blade+1","Dagger Throw"],"picked":"SKIP","floor":47.0},{"not_picked":["Flying Knee","ReplayTheSpireMod:Exploit Weakness"],"picked":"Night Terror","floor":48.0},{"not_picked":["ReplayTheSpireMod:Shiv Toss","Footwork","Endless Agony"],"picked":"SKIP","floor":48.0},{"not_picked":[],"picked":"Dash","floor":53},{"not_picked":[],"picked":"Crippling Poison","floor":53},{"not_picked":[],"picked":"Caltrops","floor":53},{"not_picked":[],"picked":"Replay:Dark Deal+1","floor":53},{"not_picked":["Hidden Blade+1","Flying Knee"],"picked":"Noxious Fumes","floor":53},{"not_picked":["Slice","Eviscerate+1"],"picked":"PiercingWail+1","floor":53},{"not_picked":["Blade Dance","Bouncing Flask"],"picked":"Escape Plan+1","floor":53},{"not_picked":["hubris:Sniper","Accuracy+1"],"picked":"Dodge and Roll+1","floor":53},{"not_picked":["Crippling Poison","Acrobatics"],"picked":"Bane+1","floor":54}],"player_experience":664907,"relics_obtained":[{"floor":9.0,"key":"Replay:Bottled Eggs"},{"floor":11.0,"key":"Prayer Wheel"},{"floor":12.0,"key":"Art of War"},{"floor":14.0,"key":"aspiration:HiddenCompartment"},{"floor":23.0,"key":"Snake Skull"},{"floor":26.0,"key":"infinitespire:Broken Mirror"},{"floor":28.0,"key":"Torii"},{"floor":30.0,"key":"Thread and Needle"},{"floor":40.0,"key":"infinitespire:Golems Mask"},{"floor":41.0,"key":"Replay:Wax Seal"},{"floor":44.0,"key":"infinitespire:WardingShard"},{"floor":45.0,"key":"Replay:Baseball"},{"floor":47.0,"key":"ReplayFunnel"},{"floor":53,"key":"Centennial Puzzle"},{"floor":53,"key":"Garlic"},{"floor":53,"key":"Toolbox"},{"floor":53,"key":"ReplayTheSpireMod:Lightbulb"},{"floor":53,"key":"hubris:TinFlute"},{"floor":53,"key":"Orrery"},{"floor":54,"key":"Bag of Marbles"}],"event_choices":[{"damage_healed":0.0,"max_hp_gain":0.0,"max_hp_loss":0.0,"gold_gain":75.0,"event_name":"FaceTrader","player_choice":"Touch","floor":3.0,"gold_loss":0.0,"damage_taken":7.0},{"damage_healed":0.0,"max_hp_gain":0.0,"max_hp_loss":0.0,"gold_gain":0.0,"event_name":"Dead Adventurer","player_choice":"Searched \u00271\u0027 times","floor":12.0,"gold_loss":0.0,"damage_taken":0.0},{"damage_healed":0.0,"max_hp_gain":5.0,"max_hp_loss":0.0,"gold_gain":0.0,"event_name":"Forgotten Altar","player_choice":"Shed Blood","floor":27.0,"gold_loss":0.0,"damage_taken":18.0},{"cards_removed":["Poisoned Stab"],"damage_healed":0.0,"max_hp_gain":0.0,"max_hp_loss":0.0,"gold_gain":0.0,"event_name":"Falling","player_choice":"Removed Attack","floor":42.0,"gold_loss":0.0,"damage_taken":0.0}],"is_beta":false,"boss_relics":[{"not_picked":["SlaversCollar","Snecko Eye"],"picked":"ChewingGum"},{"not_picked":["hubris:RunicObelisk","hubris:HollowSoul"],"picked":"Cursed Key"}],"items_purged_floors":[],"is_endless":false,"potions_floor_spawned":[1,10,12,16,19,21,23,28,31,33,37,39,40,54],"ascension_level":9}}