{"host":"Ringo","time":1611375403,"event":{"mods":["BaseMod","Colored Map","Conspire","Dota2Spire","Minty Spire (QoL Compilation)","Replay The Spire","StSLib","[IsaacMod]ÒÔÈö¼âËþ","¡¾ÒÅÎï¿¨ÅÆ¡¿REMEMod"],"gold_per_floor":[111,111,36,49,65,94,127,152,152,209,269,303,336,351,351,453,503,522,532,187,219,238,300,330,362,362,397,443,463,495,95,95,173,173,188,236,249,259,27,61,87,142,218,243,273,282,310,321,321,351,351],"floor_reached":52,"language":"ZHS","playtime":1120,"items_purged":["Languid","Flex"],"score":3751,"play_id":"7ce1f8d5-9384-4e4b-8884-11274d8e6754","local_time":"20210123121643","daily_mods":["SealedDeck","Vintage","Heirloom","Time Dilation","Flight","DeadlyEvents","Elite Swarm","Lethality","Binary"],"is_ascension_mode":true,"campfire_choices":[{"data":"Replay:Undeath\u0027s Touch","floor":15,"key":"SMITH"},{"data":"Infernal Blade","floor":32,"key":"SMITH"},{"data":"Pummel","floor":46,"key":"SMITH"},{"data":"TalkToTheHand","floor":49,"key":"SMITH"}],"circlet_count":0,"master_deck":["AscendersBane","Sword Boomerang","Clash+1","Shrug It Off","Sword Boomerang","Cleave","Pommel Strike","Anger","Sword Boomerang","Replay:Undeath\u0027s Touch+1","Infernal Blade+1","TalkToTheHand+1","Twin Strike","REME_Flogging+1","Uppercut+1","Thunderclap+1","Pummel+1"],"relics":["Burning Blood","Busted Crown","HushsDoor","REME_ComplimentaryCards","replay:Trail_Library","Lizard Tail","GuppysTail","Centennial Puzzle","Dota2Spire:Dagon","Golden Egg","UnicornStump","Dota2Spire:DivineRapier","Dota2Spire:HandOfMidas","Ice Cream","GuppysHead","BloodBag","Art of War","SharpPlug","BelialBook","Tiny House","Incubus","Dream Catcher","HornCleat","conspire:TreasureMap","Tiny Chest","Red Mask","SatanicBible","Incubus","ReplayFunnel","Dota2Spire:LotusOrb","ReplayTheSpireMod:TigerMarble","Chameleon Ring","Red Skull","Replay:WaspNest","BookOfRevelations","conspire:SpecialSausage","GuppysHairball","Dota2Spire:ArcaneBoots","Damocles","Vajra","ReplayTheSpireMod:Shallot","Dota2Spire:MaskOfMadness","Ginger","ClockworkSouvenir","Replay:Wax Seal","Replay:Bottled Steam","PreservedInsect","Dota2Spire:AssaultCuirass","AnarchistCookbook","Thread and Needle","Dota2Spire:PowerTreads","CeramicFish","Ancient Tea Set","DoctorsRemote","Dota2Spire:EyeOfSkadi","Bag of Marbles","Snack Pack","TuHaoJin","Orichalcum"],"acts_visited":["Exordium","TheCity","TheBeyond"],"potions_floor_usage":[16,45],"damage_taken":[{"damage":7.0,"enemies":"Jaw Worm","floor":1.0,"turns":2.0},{"damage":0,"enemies":"Small Slimes","floor":4,"turns":1},{"damage":8,"enemies":"conspire:RoseBush","floor":5,"turns":1},{"damage":0,"enemies":"3 Sentries","floor":6,"turns":1},{"damage":0,"enemies":"Gremlin Nob","floor":7,"turns":2},{"damage":0,"enemies":"3 Sentries","floor":8,"turns":1},{"damage":0,"enemies":"Gremlin Nob","floor":10,"turns":1},{"damage":0,"enemies":"Replay:BlueRogue","floor":11,"turns":1},{"damage":0,"enemies":"Gremlin Nob","floor":12,"turns":1},{"damage":0,"enemies":"Lagavulin","floor":13,"turns":1},{"damage":0,"enemies":"Exordium Thugs","floor":14,"turns":1},{"damage":0,"enemies":"The Guardian","floor":16,"turns":2},{"damage":0,"enemies":"Spheric Guardian","floor":18,"turns":1},{"damage":0,"enemies":"2 Thieves","floor":19,"turns":1},{"damage":0,"enemies":"Masked Bandits","floor":21,"turns":1},{"damage":0,"enemies":"3 Cultists","floor":22,"turns":1},{"damage":0,"enemies":"Replay:Snechameleon","floor":23,"turns":1},{"damage":0,"enemies":"REME_1_Revenger","floor":24,"turns":1},{"damage":0,"enemies":"conspire:Head Lice","floor":25,"turns":2},{"damage":0,"enemies":"conspire:SneckoGhost","floor":27,"turns":1},{"damage":0,"enemies":"Snake Plant","floor":28,"turns":1},{"damage":0,"enemies":"Centurion and Healer","floor":29,"turns":1},{"damage":0,"enemies":"Slavers","floor":30,"turns":1},{"damage":0,"enemies":"Collector","floor":33,"turns":1},{"damage":0,"enemies":"3 Shapes","floor":35,"turns":1},{"damage":0,"enemies":"3 Darklings","floor":36,"turns":1},{"damage":0,"enemies":"Writhing Mass","floor":37,"turns":1},{"damage":0,"enemies":"Jaw Worm Horde","floor":38,"turns":1},{"damage":0,"enemies":"R_Hoarder","floor":40,"turns":1},{"damage":0,"enemies":"Nemesis","floor":41,"turns":1},{"damage":0,"enemies":"Reptomancer","floor":42,"turns":1},{"damage":0,"enemies":"R_Hoarder","floor":44,"turns":1},{"damage":0,"enemies":"Nemesis","floor":45,"turns":1},{"damage":0,"enemies":"R_Hoarder","floor":47,"turns":1},{"damage":0,"enemies":"3 Darklings","floor":48,"turns":1},{"damage":0,"enemies":"Time Eater","floor":50,"turns":1},{"damage":0,"enemies":"Donu and Deca","floor":51,"turns":1}],"seed_played":"-2211349990617864421","potions_obtained":[{"floor":4,"key":"Languid Potion"},{"floor":10,"key":"Adrenaline Potion"},{"floor":16,"key":"Swift Potion"},{"floor":45,"key":"REME_GoldPotion"}],"is_trial":true,"path_per_floor":["M","?","$","M","M","E","E","E","T","E","E","E","E","M","R","B",null,"M","M","$","?","M","E","E","E","T","E","M","M","E","$","R","B",null,"M","M","M","M","$","E","E","E","T","E","E","R","E","M","R","B","B",null],"character_chosen":"IRONCLAD","items_purchased":["Incubus","REME_Flogging","conspire:TreasureMap","Tiny Chest","GuppysHairball","Uppercut","ClockworkSouvenir","Thunderclap"],"campfire_rested":0,"item_purchase_floors":[17,17,20,20,34,34,39,39],"current_hp_per_floor":[67,67,67,73,71,75,75,75,75,75,80,82,82,82,82,82,63,63,63,63,63,63,63,63,63,63,63,63,63,63,63,63,63,50,50,50,50,50,50,50,50,50,50,50,55,55,55,55,55,55,55],"gold":351,"neow_bonus":"","is_daily":false,"chose_seed":false,"campfire_upgraded":4,"win_rate":0.0,"timestamp":1611375403,"path_taken":["M","?","$","M","M","E","E","E","T","E","E","E","E","M","R","BOSS","M","M","$","?","M","E","E","E","T","E","M","M","E","$","R","BOSS","M","M","M","M","$","E","E","E","T","E","E","R","E","M","R","BOSS","BOSS"],"items_purchased_type":["Relic","Card","Relic","Relic","Relic","Card","Relic","Card"],"build_version":"2020-12-18","purchased_purges":2,"victory":true,"max_hp_per_floor":[75,75,75,75,75,75,75,75,75,75,82,82,82,82,82,82,63,63,63,63,63,63,63,63,63,63,63,63,63,63,63,63,63,50,50,50,50,50,50,50,50,50,50,50,55,55,55,55,55,55,55],"card_choices":[{"not_picked":[],"picked":"Bomb","floor":0.0}],"player_experience":547757,"relics_obtained":[{"floor":1.0,"key":"Centennial Puzzle"},{"floor":4,"key":"Dota2Spire:Dagon"},{"floor":5,"key":"Golden Egg"},{"floor":6,"key":"UnicornStump"},{"floor":7,"key":"Dota2Spire:DivineRapier"},{"floor":8,"key":"Dota2Spire:HandOfMidas"},{"floor":9,"key":"Ice Cream"},{"floor":10,"key":"GuppysHead"},{"floor":11,"key":"BloodDonationMachine"},{"floor":12,"key":"Art of War"},{"floor":13,"key":"SharpPlug"},{"floor":14,"key":"BelialBook"},{"floor":18,"key":"Dream Catcher"},{"floor":19,"key":"HornCleat"},{"floor":21,"key":"Red Mask"},{"floor":22,"key":"SatanicBible"},{"floor":23,"key":"Diplopia"},{"floor":24,"key":"ReplayFunnel"},{"floor":25,"key":"Dota2Spire:LotusOrb"},{"floor":26,"key":"ReplayTheSpireMod:TigerMarble"},{"floor":27,"key":"Chameleon Ring"},{"floor":28,"key":"Red Skull"},{"floor":29,"key":"Replay:WaspNest"},{"floor":30,"key":"BookOfRevelations"},{"floor":35,"key":"Dota2Spire:ArcaneBoots"},{"floor":36,"key":"Damocles"},{"floor":37,"key":"Vajra"},{"floor":37,"key":"ReplayTheSpireMod:Shallot"},{"floor":38,"key":"Dota2Spire:MaskOfMadness"},{"floor":38,"key":"Ginger"},{"floor":40,"key":"Replay:Wax Seal"},{"floor":40,"key":"Replay:Bottled Steam"},{"floor":41,"key":"PreservedInsect"},{"floor":41,"key":"Dota2Spire:AssaultCuirass"},{"floor":42,"key":"AnarchistCookbook"},{"floor":42,"key":"Thread and Needle"},{"floor":43,"key":"Dota2Spire:PowerTreads"},{"floor":44,"key":"CeramicFish"},{"floor":44,"key":"Ancient Tea Set"},{"floor":45,"key":"DoctorsRemote"},{"floor":45,"key":"Dota2Spire:EyeOfSkadi"},{"floor":47,"key":"Bag of Marbles"},{"floor":47,"key":"Snack Pack"},{"floor":48,"key":"TuHaoJin"},{"floor":48,"key":"Orichalcum"}],"event_choices":[{"damage_healed":0,"gold_gain":0,"player_choice":"Fought Bandits","damage_taken":0,"max_hp_gain":0,"max_hp_loss":0,"event_name":"Masked Bandits","floor":21,"gold_loss":0}],"is_beta":true,"boss_relics":[{"not_picked":["Cursed Key","Replay:Drink Me"],"picked":"Tiny House"},{"not_picked":[]},{"not_picked":["ReplayTheSpireMod:DimensionalGlitch","Dota2Spire:Bloodstone"],"picked":"conspire:SpecialSausage"},{"not_picked":[]}],"items_purged_floors":[3,31],"is_endless":false,"potions_floor_spawned":[4,10,11,16,21,23,24,27,29,30,33,36,38,41,44,45],"ascension_level":20}}