{"host":"Alvar","time":1611417118,"event":{"mods":["AchievementEnabler","BaseMod","Minty Spire (QoL Compilation)","StSLib"],"gold_per_floor":[112,112,126,126,141,141,179,179,179,179,200,200,236,259,259,352,352,377,377,144,163,187,231,251,251,276,201,245,245,73,94,94,94,94],"floor_reached":33,"language":"ENG","playtime":1067,"items_purged":["Strike_G"],"score":640,"play_id":"cb30b6fe-f8dd-4113-8ca7-0776454cb9a1","local_time":"20210123225158","is_ascension_mode":true,"campfire_choices":[{"data":"Riddle With Holes","floor":6.0,"key":"SMITH"},{"data":"Neutralize","floor":8.0,"key":"SMITH"},{"data":"Blade Dance","floor":10.0,"key":"SMITH"},{"data":"Corpse Explosion","floor":15.0,"key":"SMITH"},{"data":"Ghostly","floor":25.0,"key":"SMITH"},{"data":"Catalyst","floor":32,"key":"SMITH"}],"circlet_count":0,"master_deck":["AscendersBane","Defend_G","Defend_G","Defend_G","Defend_G","Survivor","Neutralize+1","Blade Dance+1","Terror","Riddle With Holes+1","Poisoned Stab","PiercingWail","Slice","Corpse Explosion+1","Well Laid Plans","Envenom","Crippling Poison","Ghostly","Ghostly","Ghostly+1","Calculated Gamble+1","Dagger Spray","Catalyst+1","Leg Sweep","Cloak And Dagger"],"relics":["Philosopher\u0027s Stone","Golden Idol","Pear","Vajra","Pen Nib","HoveringKite","ClockworkSouvenir","Kunai","PreservedInsect","Du-Vu Doll","Frozen Eye"],"acts_visited":["Exordium","TheCity"],"potions_floor_usage":[31],"damage_taken":[{"damage":1.0,"enemies":"Small Slimes","floor":1.0,"turns":5.0},{"damage":0.0,"enemies":"Jaw Worm","floor":3.0,"turns":4.0},{"damage":6.0,"enemies":"2 Louse","floor":5.0,"turns":3.0},{"damage":9.0,"enemies":"Lagavulin","floor":7.0,"turns":7.0},{"damage":9.0,"enemies":"Large Slime","floor":11.0,"turns":4.0},{"damage":6.0,"enemies":"3 Sentries","floor":13.0,"turns":7.0},{"damage":0.0,"enemies":"2 Fungi Beasts","floor":14.0,"turns":3.0},{"damage":29.0,"enemies":"Hexaghost","floor":16.0,"turns":8.0},{"damage":14.0,"enemies":"2 Thieves","floor":18.0,"turns":2.0},{"damage":8.0,"enemies":"Spheric Guardian","floor":21.0,"turns":5.0},{"damage":0.0,"enemies":"Snake Plant","floor":22.0,"turns":4.0},{"damage":16.0,"enemies":"Book of Stabbing","floor":23.0,"turns":3.0},{"damage":7.0,"enemies":"Snecko","floor":24.0,"turns":4.0},{"damage":9,"enemies":"Gremlin Leader","floor":28,"turns":6},{"damage":3,"enemies":"Sentry and Sphere","floor":31,"turns":6},{"damage":11,"enemies":"Automaton","floor":33,"turns":2}],"seed_played":"-727550736778903554","potions_obtained":[{"floor":7.0,"key":"Swift Potion"},{"floor":11.0,"key":"Ancient Potion"},{"floor":13.0,"key":"SteroidPotion"},{"floor":22.0,"key":"Regen Potion"},{"floor":24.0,"key":"LiquidMemories"}],"is_trial":false,"path_per_floor":["M","?","M","?","M","R","E","R","T","R","M","?","E","M","R","B",null,"M","?","$","M","M","E","M","R","T","?","E","?","$","M","R","B"],"character_chosen":"THE_SILENT","items_purchased":["ClockworkSouvenir","Frozen Eye"],"campfire_rested":0,"item_purchase_floors":[20,30],"current_hp_per_floor":[58,51,51,51,45,45,46,46,46,46,37,37,31,31,31,2,53,39,35,35,27,27,11,16,16,16,16,7,7,7,4,4,0,0],"gold":94,"neow_bonus":"BOSS_RELIC","is_daily":false,"chose_seed":false,"campfire_upgraded":6,"win_rate":0.0,"timestamp":1611417118,"path_taken":["M","?","M","?","M","R","E","R","T","R","M","?","E","M","R","BOSS","M","?","$","M","M","E","M","R","T","?","E","?","?","M","R","BOSS"],"items_purchased_type":["Relic","Relic"],"build_version":"2020-12-18","purchased_purges":1,"victory":false,"max_hp_per_floor":[66,66,66,60,60,60,70,70,70,70,70,70,70,70,70,70,70,70,35,35,35,35,35,35,35,35,35,35,35,35,35,35,35,35],"card_choices":[{"not_picked":["Slice","Dodge and Roll"],"picked":"Blade Dance","floor":1.0},{"not_picked":["Acrobatics","Heel Hook"],"picked":"Terror","floor":3.0},{"not_picked":["Endless Agony","Sucker Punch"],"picked":"Riddle With Holes","floor":5.0},{"not_picked":["Bane","Prepared"],"picked":"Poisoned Stab","floor":7.0},{"not_picked":["Flying Knee","Deadly Poison"],"picked":"PiercingWail","floor":11.0},{"not_picked":["Flying Knee","Leg Sweep"],"picked":"Corpse Explosion","floor":13.0},{"not_picked":["Concentrate","PiercingWail"],"picked":"Well Laid Plans","floor":14.0},{"not_picked":["Grand Finale","A Thousand Cuts"],"picked":"Envenom","floor":16.0},{"not_picked":["Skewer","Underhanded Strike+1"],"picked":"Crippling Poison","floor":18.0},{"not_picked":["Dagger Spray","Cloak And Dagger"],"picked":"Calculated Gamble+1","floor":21.0},{"not_picked":["Masterful Stab","Poisoned Stab+1"],"picked":"Dagger Spray","floor":22.0},{"not_picked":["Caltrops","Distraction","Poisoned Stab"],"picked":"SKIP","floor":23.0},{"not_picked":["Deadly Poison","Accuracy","Poisoned Stab"],"picked":"SKIP","floor":24.0},{"not_picked":["Bouncing Flask","Slice","All Out Attack"],"picked":"SKIP","floor":28},{"not_picked":["Bouncing Flask","Slice","All Out Attack"],"picked":"SKIP","floor":28},{"not_picked":["Masterful Stab","Glass Knife"],"picked":"Cloak And Dagger","floor":31}],"player_experience":777938,"relics_obtained":[{"floor":7.0,"key":"Pear"},{"floor":9.0,"key":"Vajra"},{"floor":13.0,"key":"Pen Nib"},{"floor":23.0,"key":"Kunai"},{"floor":26.0,"key":"PreservedInsect"},{"floor":28,"key":"Du-Vu Doll"}],"event_choices":[{"cards_removed":["Strike_G"],"damage_healed":0.0,"max_hp_gain":0.0,"max_hp_loss":0.0,"gold_gain":0.0,"event_name":"Golden Wing","player_choice":"Card Removal","floor":2.0,"gold_loss":0.0,"damage_taken":7.0},{"damage_healed":0.0,"max_hp_gain":0.0,"max_hp_loss":6.0,"gold_gain":0.0,"event_name":"Golden Idol","player_choice":"Lose Max HP","floor":4.0,"gold_loss":0.0,"damage_taken":0.0,"relics_obtained":["Golden Idol"]},{"damage_healed":0.0,"max_hp_gain":0.0,"max_hp_loss":0.0,"gold_gain":0.0,"cards_transformed":["Strike_G"],"event_name":"Living Wall","player_choice":"Change","floor":12.0,"gold_loss":0.0,"damage_taken":0.0,"cards_obtained":["Slice"]},{"damage_healed":0.0,"max_hp_gain":0.0,"max_hp_loss":35.0,"gold_gain":0.0,"event_name":"Ghosts","player_choice":"Became a Ghost","floor":19.0,"gold_loss":0.0,"damage_taken":0.0,"cards_obtained":["Ghostly","Ghostly","Ghostly"]},{"cards_removed":["Strike_G"],"damage_healed":0.0,"max_hp_gain":0.0,"max_hp_loss":0.0,"gold_gain":0.0,"event_name":"Beggar","player_choice":"Gave Gold","floor":27.0,"gold_loss":75.0,"damage_taken":0.0},{"damage_healed":0,"gold_gain":0,"cards_transformed":["Strike_G","Defend_G"],"player_choice":"Became Test Subject","damage_taken":0,"max_hp_gain":0,"max_hp_loss":0,"event_name":"Drug Dealer","floor":29,"gold_loss":0,"cards_obtained":["Catalyst","Leg Sweep"]}],"is_beta":true,"boss_relics":[{"not_picked":["Velvet Choker","Busted Crown"],"picked":"HoveringKite"}],"items_purged_floors":[20],"is_endless":false,"potions_floor_spawned":[7,11,13,21,22,24],"killed_by":"Automaton","ascension_level":20}}