{"host":"50per11302020","time":1611378608,"event":{"mods":["AchievementEnabler","BaseMod","Colored Map","Minty Spire (QoL Compilation)","Relic Stats","StSLib"],"gold_per_floor":[115,115,15,90,90,115,115,147,147,162,162,176,2,33,33,105,105,118,130,145,161,177,177,209,209,209,209,235,245,313,413,413,487,487,500,500,281,291,291,291,368,397,476,486,486,3,23,55,55,55],"floor_reached":51,"language":"ENG","playtime":2835,"items_purged":["Normality"],"score":1397,"play_id":"a7451881-386e-4d85-b030-eb5b21d0e1f9","local_time":"20210122211008","is_ascension_mode":true,"campfire_choices":[{"data":"Clothesline","floor":7.0,"key":"SMITH"},{"data":"Spot Weakness","floor":11.0,"key":"SMITH"},{"data":"Sword Boomerang","floor":15.0,"key":"SMITH"},{"floor":23.0,"key":"REST"},{"floor":25.0,"key":"REST"},{"data":"Dual Wield","floor":27.0,"key":"SMITH"},{"floor":32.0,"key":"REST"},{"floor":40.0,"key":"REST"},{"data":"Offering","floor":45.0,"key":"SMITH"},{"data":"Limit Break","floor":49,"key":"SMITH"}],"circlet_count":0,"master_deck":["AscendersBane","Strike_R","Strike_R","Strike_R","Defend_R","Defend_R","Defend_R","Defend_R","Bash+1","Twin Strike","Spot Weakness+1","Clothesline+1","Sword Boomerang+1","Battle Trance","Headbutt","Inflame+1","Brutality+1","Dual Wield+1","Shrug It Off","Iron Wave+1","Intimidate","Shockwave+1","Injury","Feed","Sword Boomerang","Offering+1","Spot Weakness","Shrug It Off","Madness","Madness","Doubt","Ghostly Armor","Writhe","Pommel Strike+1","Limit Break+1","Mayhem+1","Ghostly Armor","Ghostly Armor","Metallicize+1"],"relics":["Burning Blood","NeowsBlessing","Bag of Preparation","Bag of Marbles","Tiny Chest","Pen Nib","Frozen Egg 2","Cursed Key","Oddly Smooth Stone","Orichalcum","Vajra","Bottled Lightning","Magic Flower","Mummified Hand","Black Star","Sling","HornCleat","Potion Belt","Ornamental Fan","The Courier","Lee\u0027s Waffle","Turnip","Nunchaku"],"acts_visited":["Exordium","TheCity","TheBeyond"],"potions_floor_usage":[50,50,50,50],"damage_taken":[{"damage":0.0,"enemies":"Jaw Worm","floor":1.0,"turns":1.0},{"damage":0.0,"enemies":"Lagavulin","floor":8.0,"turns":1.0},{"damage":0.0,"enemies":"Small Slimes","floor":10.0,"turns":1.0},{"damage":0.0,"enemies":"2 Louse","floor":12.0,"turns":1.0},{"damage":20.0,"enemies":"3 Sentries","floor":14.0,"turns":5.0},{"damage":0.0,"enemies":"Slime Boss","floor":16.0,"turns":5.0},{"damage":13.0,"enemies":"2 Thieves","floor":18.0,"turns":3.0},{"damage":9.0,"enemies":"Shell Parasite","floor":19.0,"turns":3.0},{"damage":21.0,"enemies":"Snake Plant","floor":20.0,"turns":4.0},{"damage":17.0,"enemies":"Chosen and Byrds","floor":21.0,"turns":6.0},{"damage":5.0,"enemies":"Sentry and Sphere","floor":22.0,"turns":3.0},{"damage":23.0,"enemies":"Book of Stabbing","floor":24.0,"turns":3.0},{"damage":30.0,"enemies":"Slavers","floor":28.0,"turns":5.0},{"damage":12.0,"enemies":"Snake Plant","floor":29.0,"turns":2.0},{"damage":17.0,"enemies":"Colosseum Slavers","floor":31.0,"turns":3.0},{"damage":6.0,"enemies":"Colosseum Nobs","floor":31.0,"turns":4.0},{"damage":82.0,"enemies":"Automaton","floor":33.0,"turns":10.0},{"damage":18.0,"enemies":"3 Darklings","floor":35.0,"turns":4.0},{"damage":1.0,"enemies":"Orb Walker","floor":38.0,"turns":2.0},{"damage":18.0,"enemies":"Reptomancer","floor":42.0,"turns":3.0},{"damage":15.0,"enemies":"Sphere and 2 Shapes","floor":44.0,"turns":3.0},{"damage":12.0,"enemies":"3 Darklings","floor":47.0,"turns":5.0},{"damage":26,"enemies":"Nemesis","floor":48,"turns":5},{"damage":26,"enemies":"Donu and Deca","floor":50,"turns":7}],"seed_played":"1353173689054032328","potions_obtained":[{"floor":8.0,"key":"Strength Potion"},{"floor":12.0,"key":"CultistPotion"},{"floor":14.0,"key":"SneckoOil"},{"floor":18.0,"key":"Swift Potion"},{"floor":28.0,"key":"GamblersBrew"},{"floor":31.0,"key":"Regen Potion"},{"floor":35.0,"key":"ElixirPotion"},{"floor":47.0,"key":"Ancient Potion"}],"is_trial":false,"path_per_floor":["M","?","$","?","?","T","R","E","T","M","R","M","$","E","R","B",null,"M","M","M","M","M","R","E","R","T","R","E","M","T","?","R","B",null,"M","?","$","M","?","R","T","E","T","M","R","$","M","E","R","B",null],"character_chosen":"IRONCLAD","items_purchased":["Spot Weakness","Clothesline","Headbutt","Pen Nib","Sling","Limit Break","Lee\u0027s Waffle","Mayhem+1","Ghostly Armor","Block Potion"],"campfire_rested":4,"item_purchase_floors":[3,3,13,13,37,46,46,46,46,46],"current_hp_per_floor":[78,78,78,67,60,60,60,66,66,72,72,78,78,64,64,70,78,71,68,53,42,43,67,50,74,74,74,50,47,47,36,60,11,65,56,56,56,64,54,78,78,74,74,68,68,93,95,78,78,61],"gold":55,"neow_bonus":"THREE_ENEMY_KILL","is_daily":false,"chose_seed":false,"campfire_upgraded":6,"win_rate":0.0,"timestamp":1611378608,"path_taken":["M","?","$","?","?","?","R","E","T","M","R","M","?","E","R","BOSS","M","?","M","?","M","R","E","R","T","R","E","M","?","?","R","BOSS","M","?","$","M","?","R","?","E","T","M","R","$","M","E","R","BOSS"],"items_purchased_type":["Card","Card","Card","Relic","Relic","Card","Relic","Card","Card","Potion"],"build_version":"2020-12-18","purchased_purges":1,"victory":true,"max_hp_per_floor":[80,80,80,80,80,80,80,80,80,80,80,80,80,80,80,80,80,80,80,80,80,80,80,80,80,80,80,80,83,83,83,83,83,83,83,83,83,83,83,83,83,86,86,86,86,93,96,96,96,96],"relic_stats":{"Lee\u0027s Waffle":25,"counters":[24,89],"Magic Flower":[37],"Pen Nib":[14],"Bag of Preparation":[46],"Orichalcum":[48],"Cursed Key":4,"Burning Blood":168,"Nunchaku":[1],"Mummified Hand":[28],"Ornamental Fan":[20],"Tiny Chest":2,"Turnip":[0],"Black Star":2,"obtain_stats":[{"Potion Belt":42,"Lee\u0027s Waffle":46,"NeowsBlessing":0,"Oddly Smooth Stone":24,"Vajra":28,"Magic Flower":31,"Pen Nib":13,"The Courier":43,"Bag of Preparation":6,"Frozen Egg 2":14,"Orichalcum":26,"Cursed Key":17,"Sling":37,"Burning Blood":0,"Nunchaku":48,"HornCleat":41,"Mummified Hand":31,"Ornamental Fan":42,"Tiny Chest":9,"Turnip":48,"Bag of Marbles":8,"Black Star":34,"Bottled Lightning":30},{"Potion Belt":20,"Lee\u0027s Waffle":21,"NeowsBlessing":0,"Oddly Smooth Stone":12,"Vajra":13,"Magic Flower":16,"Pen Nib":4,"The Courier":20,"Bag of Preparation":1,"Frozen Egg 2":5,"Orichalcum":12,"Cursed Key":6,"Sling":18,"Burning Blood":0,"Nunchaku":23,"HornCleat":19,"Mummified Hand":16,"Ornamental Fan":20,"Tiny Chest":2,"Turnip":23,"Bag of Marbles":2,"Black Star":17,"Bottled Lightning":14},{"Potion Belt":69,"Lee\u0027s Waffle":72,"NeowsBlessing":0,"Oddly Smooth Stone":36,"Vajra":41,"Magic Flower":50,"Pen Nib":4,"The Courier":69,"Bag of Preparation":1,"Frozen Egg 2":9,"Orichalcum":36,"Cursed Key":14,"Sling":64,"Burning Blood":0,"Nunchaku":82,"HornCleat":66,"Mummified Hand":50,"Ornamental Fan":69,"Tiny Chest":2,"Turnip":82,"Bag of Marbles":2,"Black Star":60,"Bottled Lightning":43}]},"card_choices":[{"not_picked":["Perfected Strike","Wild Strike"],"picked":"Twin Strike","floor":1.0},{"not_picked":["Burning Pact","True Grit"],"picked":"Sword Boomerang","floor":8.0},{"not_picked":["Searing Blow","Flex","Body Slam"],"picked":"SKIP","floor":10.0},{"not_picked":["Bloodletting","Iron Wave"],"picked":"Battle Trance","floor":12.0},{"not_picked":["Wild Strike","Carnage"],"picked":"Inflame+1","floor":14.0},{"not_picked":["Bludgeon","Feed"],"picked":"Brutality+1","floor":16.0},{"not_picked":["Pommel Strike","Sword Boomerang"],"picked":"Dual Wield","floor":18.0},{"not_picked":["Sentinel","Flex"],"picked":"Shrug It Off","floor":19.0},{"not_picked":["Heavy Blade","Dropkick"],"picked":"Iron Wave+1","floor":20.0},{"not_picked":["Perfected Strike+1","Power Through"],"picked":"Intimidate","floor":21.0},{"not_picked":["Fire Breathing+1","Second Wind"],"picked":"Shockwave+1","floor":22.0},{"not_picked":["Pummel","Shockwave","Thunderclap"],"picked":"SKIP","floor":24.0},{"not_picked":["Shrug It Off+1","Blood for Blood"],"picked":"Feed","floor":28.0},{"not_picked":["Flex","Pommel Strike"],"picked":"Sword Boomerang","floor":29.0},{"not_picked":["Bludgeon","Fiend Fire"],"picked":"Offering","floor":33.0},{"not_picked":["Pommel Strike","Headbutt+1"],"picked":"Spot Weakness","floor":35.0},{"not_picked":["Twin Strike","Uppercut"],"picked":"Shrug It Off","floor":38.0},{"not_picked":["Wild Strike","Clothesline"],"picked":"Ghostly Armor","floor":42.0},{"not_picked":["Cleave+1","Iron Wave+1"],"picked":"Pommel Strike+1","floor":44.0},{"not_picked":["Heavy Blade+1","Clash+1"],"picked":"Ghostly Armor","floor":47.0},{"not_picked":["Infernal Blade","Cleave+1"],"picked":"Metallicize+1","floor":48}],"player_experience":330323,"relics_obtained":[{"floor":6.0,"key":"Bag of Preparation"},{"floor":8.0,"key":"Bag of Marbles"},{"floor":9.0,"key":"Tiny Chest"},{"floor":14.0,"key":"Frozen Egg 2"},{"floor":24.0,"key":"Oddly Smooth Stone"},{"floor":26.0,"key":"Orichalcum"},{"floor":28.0,"key":"Vajra"},{"floor":30.0,"key":"Bottled Lightning"},{"floor":31.0,"key":"Magic Flower"},{"floor":31.0,"key":"Mummified Hand"},{"floor":41.0,"key":"HornCleat"},{"floor":42.0,"key":"Potion Belt"},{"floor":42.0,"key":"Ornamental Fan"},{"floor":43.0,"key":"The Courier"},{"floor":48,"key":"Turnip"},{"floor":48,"key":"Nunchaku"}],"event_choices":[{"damage_healed":0.0,"max_hp_gain":0.0,"max_hp_loss":0.0,"gold_gain":0.0,"event_name":"Living Wall","player_choice":"Grow","floor":2.0,"gold_loss":0.0,"damage_taken":0.0,"cards_upgraded":["Bash"]},{"damage_healed":0.0,"max_hp_gain":0.0,"max_hp_loss":0.0,"gold_gain":75.0,"event_name":"World of Goop","player_choice":"Gather Gold","floor":4.0,"gold_loss":0.0,"damage_taken":11.0},{"cards_removed":["Strike_R"],"damage_healed":0.0,"max_hp_gain":0.0,"max_hp_loss":0.0,"gold_gain":0.0,"event_name":"Golden Wing","player_choice":"Card Removal","floor":5.0,"gold_loss":0.0,"damage_taken":7.0},{"damage_healed":0.0,"max_hp_gain":0.0,"max_hp_loss":0.0,"gold_gain":0.0,"event_name":"Colosseum","player_choice":"Fight","floor":31.0,"gold_loss":0.0,"damage_taken":0.0},{"damage_healed":0.0,"max_hp_gain":0.0,"max_hp_loss":0.0,"gold_gain":0.0,"event_name":"Colosseum","player_choice":"Fought Nobs","floor":31.0,"gold_loss":0.0,"damage_taken":0.0},{"cards_removed":["Strike_R"],"damage_healed":0.0,"max_hp_gain":0.0,"max_hp_loss":0.0,"gold_gain":0.0,"event_name":"Falling","player_choice":"Removed Attack","floor":36.0,"gold_loss":0.0,"damage_taken":0.0},{"damage_healed":0.0,"max_hp_gain":0.0,"max_hp_loss":0.0,"gold_gain":0.0,"event_name":"Winding Halls","player_choice":"Embrace Madness","floor":39.0,"gold_loss":0.0,"damage_taken":10.0,"cards_obtained":["Madness","Madness"]}],"is_beta":true,"boss_relics":[{"not_picked":["Runic Cube","Philosopher\u0027s Stone"],"picked":"Cursed Key"},{"not_picked":["Busted Crown","Astrolabe"],"picked":"Black Star"}],"items_purged_floors":[37],"is_endless":false,"potions_floor_spawned":[8,12,14,18,20,21,24,28,31,35,47],"ascension_level":13}}