{"host":"Qube","time":1611364278,"event":{"mods":["AchievementEnabler","BaseMod","Colored Map","Colored Powertips","Highlight Path","Minty Spire (QoL Compilation)","Permanent Neow","Quick Restart","Random Character Button","StSLib"],"gold_per_floor":[109,123,133,133,149,149,207,238,262,302,329,359,403,415,427,439,439],"floor_reached":16,"language":"ENG","playtime":740,"items_purged":[],"score":244,"play_id":"c82445d0-0c79-4da5-ae42-01d139709f6b","local_time":"20210122171118","is_ascension_mode":true,"campfire_choices":[{"data":"Cloak And Dagger","floor":6.0,"key":"SMITH"},{"floor":15,"key":"REST"}],"circlet_count":0,"master_deck":["AscendersBane","Strike_G","Strike_G","Strike_G","Strike_G","Strike_G","Defend_G","Defend_G+1","Defend_G","Defend_G+1","Defend_G","Survivor+1","Neutralize","Dagger Spray+1","Skewer","Underhanded Strike","Cloak And Dagger+1","Dagger Throw","Phantasmal Killer+1","Backflip","Eviscerate","Deflect","Acrobatics"],"relics":["Ring of the Snake","Thread and Needle","Regal Pillow","War Paint","MawBank","Orichalcum","Juzu Bracelet"],"acts_visited":["Exordium"],"potions_floor_usage":[7,7],"damage_taken":[{"damage":0.0,"enemies":"Jaw Worm","floor":1.0,"turns":4.0},{"damage":0.0,"enemies":"Small Slimes","floor":2.0,"turns":4.0},{"damage":0.0,"enemies":"2 Louse","floor":3.0,"turns":2.0},{"damage":3.0,"enemies":"Large Slime","floor":5.0,"turns":6.0},{"damage":1,"enemies":"3 Sentries","floor":7,"turns":5},{"damage":20,"enemies":"Gremlin Nob","floor":8,"turns":4},{"damage":6,"enemies":"Lagavulin","floor":10,"turns":6},{"damage":0,"enemies":"Lots of Slimes","floor":11,"turns":4},{"damage":2,"enemies":"Exordium Wildlife","floor":12,"turns":5},{"damage":14,"enemies":"Gremlin Nob","floor":13,"turns":4},{"damage":13,"enemies":"Slime Boss","floor":16,"turns":8}],"seed_played":"258226099344031674","potions_obtained":[{"floor":1.0,"key":"DistilledChaos"},{"floor":2.0,"key":"Fire Potion"},{"floor":3.0,"key":"FearPotion"},{"floor":8,"key":"FairyPotion"}],"is_trial":false,"path_per_floor":["M","M","M","?","M","R","?","E","T","E","M","M","E","?","R","B"],"character_chosen":"THE_SILENT","items_purchased":[],"campfire_rested":1,"item_purchase_floors":[],"current_hp_per_floor":[59,59,59,41,38,38,37,17,17,11,11,9,18,18,51,38,38],"gold":439,"neow_bonus":"ONE_RARE_RELIC","is_daily":false,"chose_seed":false,"campfire_upgraded":1,"win_rate":0.0,"timestamp":1611364278,"path_taken":["M","M","M","?","M","R","?","E","T","E","?","M","E","?","R","BOSS"],"items_purchased_type":[],"build_version":"2020-12-18","purchased_purges":0,"victory":false,"max_hp_per_floor":[60,60,60,60,60,60,60,60,60,60,60,60,60,60,60,60,60],"card_choices":[{"not_picked":["Flechettes","Outmaneuver"],"picked":"Dagger Spray","floor":1.0},{"not_picked":["Distraction","Dagger Throw"],"picked":"Skewer","floor":2.0},{"not_picked":["Sucker Punch","Prepared"],"picked":"Underhanded Strike","floor":3.0},{"not_picked":["Crippling Poison","Deadly Poison"],"picked":"Cloak And Dagger","floor":5.0},{"not_picked":["Deadly Poison","Unload"],"picked":"Dagger Throw","floor":7},{"not_picked":["Blur","Poisoned Stab"],"picked":"Phantasmal Killer","floor":8},{"not_picked":["Flechettes","Poisoned Stab"],"picked":"Backflip","floor":10},{"not_picked":["Prepared","Skewer"],"picked":"Eviscerate","floor":11},{"not_picked":["Bane","Dodge and Roll"],"picked":"Deflect","floor":12},{"not_picked":["Prepared","Backflip"],"picked":"Acrobatics","floor":13}],"player_experience":959077,"relics_obtained":[{"floor":8,"key":"War Paint"},{"floor":9,"key":"MawBank"},{"floor":10,"key":"Orichalcum"},{"floor":13,"key":"Juzu Bracelet"}],"event_choices":[{"damage_healed":0.0,"max_hp_gain":0.0,"max_hp_loss":0.0,"gold_gain":0.0,"event_name":"Shining Light","player_choice":"Entered Light","floor":4.0,"gold_loss":0.0,"damage_taken":18.0,"cards_upgraded":["Survivor","Dagger Spray"]},{"damage_healed":0,"gold_gain":30,"player_choice":"Searched \u00273\u0027 times","damage_taken":0,"relics_obtained":["Regal Pillow"],"max_hp_gain":0,"max_hp_loss":0,"event_name":"Dead Adventurer","floor":7,"gold_loss":0},{"damage_healed":0,"gold_gain":0,"player_choice":"Grow","damage_taken":0,"max_hp_gain":0,"max_hp_loss":0,"event_name":"Living Wall","floor":14,"gold_loss":0,"cards_upgraded":["Phantasmal Killer"]}],"is_beta":true,"boss_relics":[],"items_purged_floors":[],"is_endless":false,"potions_floor_spawned":[1,2,3,8],"killed_by":"Slime Boss","ascension_level":20}}