{"host":"Bilverbakes","time":1611424232,"event":{"mods":["2.2 Compatiblity","AchievementEnabler","BaseMod","Bestiary","Colored Map","Minty Spire (QoL Compilation)","Relic Stats","StSLib","ojb\u0027s Info Mod"],"gold_per_floor":[139,149,163,1,1,36,36,89,135,135,191,228,258,302,302,381,381,425,463,463,433,470,470,495,495,519,440,440,8,73,123,123,200,200,246,293,293,316,360,360,360,389,389,424,466,466,506,282,282,282,282,282,282,126,151,151],"floor_reached":57,"language":"ENG","playtime":3687,"items_purged":[],"score":3161,"play_id":"b72ff5c7-2f92-4907-a22d-d8aaa9033a9a","local_time":"20210123115032","is_ascension_mode":true,"campfire_choices":[{"data":"Scrawl","floor":7.0,"key":"SMITH"},{"data":"TalkToTheHand","floor":15.0,"key":"SMITH"},{"data":"Omniscience","floor":23.0,"key":"SMITH"},{"data":"Vault","floor":25.0,"key":"SMITH"},{"data":"Wish","floor":28.0,"key":"SMITH"},{"data":"Prostrate","floor":32.0,"key":"SMITH"},{"data":"Worship","floor":40,"key":"SMITH"},{"floor":46,"key":"RECALL"},{"data":"Establishment","floor":49,"key":"SMITH"},{"data":"ThirdEye","floor":53,"key":"SMITH"}],"circlet_count":0,"master_deck":["AscendersBane","Eruption+1","Vigilance+1","BowlingBash","WheelKick","Consecrate+1","Scrawl+1","WindmillStrike+1","TalkToTheHand+1","Wish+1","Prostrate+1","Perseverance","Prostrate+1","CarveReality","Consecrate","Vault+1","FollowUp","ThirdEye+1","Omniscience+1","Wallop","Worship+1","Omniscience+1","Sanctity+1","Brilliance","Establishment+1","Scrawl+1","CutThroughFate+1","Panacea+1","Trip+1","WaveOfTheHand+1","InnerPeace+1","InnerPeace+1","Wallop","Protect+1"],"relics":["Pandora\u0027s Box","Whetstone","Omamori","Odd Mushroom","Potion Belt","StrikeDummy","Anchor","Coffee Dripper","Turnip","Damaru","Toxic Egg 2","DollysMirror","Bronze Scales","SacredBark","Art of War","War Paint","Prayer Wheel","Nunchaku","Pantograph"],"acts_visited":["Exordium","TheCity","TheBeyond","TheEnding"],"potions_floor_usage":[44,50,51,51,54,56,56,56,56],"damage_taken":[{"damage":0.0,"enemies":"Small Slimes","floor":1.0,"turns":4.0},{"damage":0.0,"enemies":"2 Louse","floor":2.0,"turns":3.0},{"damage":0.0,"enemies":"Cultist","floor":3.0,"turns":3.0},{"damage":12.0,"enemies":"3 Sentries","floor":6.0,"turns":6.0},{"damage":1.0,"enemies":"The Mushroom Lair","floor":8.0,"turns":4.0},{"damage":0.0,"enemies":"Gremlin Nob","floor":11.0,"turns":2.0},{"damage":1.0,"enemies":"Looter","floor":12.0,"turns":4.0},{"damage":0.0,"enemies":"3 Sentries","floor":13.0,"turns":2.0},{"damage":0.0,"enemies":"Lots of Slimes","floor":14.0,"turns":2.0},{"damage":0.0,"enemies":"Hexaghost","floor":16.0,"turns":6.0},{"damage":0.0,"enemies":"Chosen","floor":18.0,"turns":5.0},{"damage":0.0,"enemies":"3 Byrds","floor":19.0,"turns":3.0},{"damage":0.0,"enemies":"Snecko","floor":22.0,"turns":5.0},{"damage":0.0,"enemies":"Book of Stabbing","floor":24.0,"turns":4.0},{"damage":0.0,"enemies":"Gremlin Leader","floor":30.0,"turns":3.0},{"damage":0.0,"enemies":"Shelled Parasite and Fungi","floor":31.0,"turns":3.0},{"damage":4.0,"enemies":"Automaton","floor":33.0,"turns":4.0},{"damage":1.0,"enemies":"3 Shapes","floor":35.0,"turns":4.0},{"damage":1.0,"enemies":"Orb Walker","floor":36.0,"turns":3.0},{"damage":0,"enemies":"3 Darklings","floor":39,"turns":2},{"damage":0,"enemies":"Giant Head","floor":42,"turns":3},{"damage":0,"enemies":"Reptomancer","floor":44,"turns":3},{"damage":0,"enemies":"Maw","floor":45,"turns":5},{"damage":0,"enemies":"Spire Growth","floor":47,"turns":1},{"damage":6,"enemies":"Time Eater","floor":50,"turns":5},{"damage":5,"enemies":"Donu and Deca","floor":51,"turns":7},{"damage":0,"enemies":"Shield and Spear","floor":55,"turns":3},{"damage":4,"enemies":"The Heart","floor":56,"turns":8}],"seed_played":"1836783841608980481","potions_obtained":[{"floor":3.0,"key":"Ancient Potion"},{"floor":6.0,"key":"Fire Potion"},{"floor":8.0,"key":"LiquidBronze"},{"floor":16.0,"key":"EntropicBrew"},{"floor":18.0,"key":"ColorlessPotion"},{"floor":19.0,"key":"StancePotion"},{"floor":21.0,"key":"SkillPotion"},{"floor":21.0,"key":"SkillPotion"},{"floor":22.0,"key":"Fire Potion"},{"floor":35.0,"key":"DuplicationPotion"},{"floor":36.0,"key":"SpeedPotion"},{"floor":47,"key":"Block Potion"},{"floor":55,"key":"DistilledChaos"}],"is_trial":false,"path_per_floor":["M","M","M","$","?","E","R","?","T","?","E","M","E","M","R","B",null,"M","M","?","?","M","R","E","R","T","$","R","$","E","M","R","B",null,"M","M","?","T","M","R","?","E","T","E","M","R","M","$","R","B","B",null,"R","$","E","B",null],"character_chosen":"WATCHER","items_purchased":["Whetstone","Worship","Toxic Egg 2","DollysMirror","Strength Potion","Nunchaku","SteroidPotion","Wallop","AttackPotion"],"campfire_rested":0,"item_purchase_floors":[4,27,29,29,48,48,54,54,54],"current_hp_per_floor":[61,61,61,61,61,49,49,48,48,48,48,47,47,47,47,47,63,63,63,63,63,63,63,63,63,63,63,63,63,63,63,63,59,66,65,64,64,64,64,64,59,59,59,59,59,59,59,59,59,53,48,63,63,63,63,64],"gold":151,"neow_bonus":"BOSS_RELIC","is_daily":false,"chose_seed":false,"campfire_upgraded":9,"win_rate":0.0,"timestamp":1611424232,"path_taken":["M","M","M","$","?","E","R","?","T","?","E","?","E","M","R","BOSS","M","M","?","?","M","R","E","R","T","$","R","$","E","M","R","BOSS","M","?","?","?","?","R","?","E","T","E","M","R","M","$","R","BOSS","BOSS","R","$","E","BOSS"],"items_purchased_type":["Relic","Card","Relic","Relic","Potion","Relic","Potion","Card","Potion"],"build_version":"2020-12-18","purchased_purges":0,"victory":true,"max_hp_per_floor":[68,68,68,68,68,68,68,68,68,68,68,68,68,68,68,68,68,68,68,68,68,68,68,68,68,68,68,68,68,68,68,68,68,68,68,68,68,68,68,68,68,68,68,68,68,68,68,68,68,68,68,68,68,68,68,68],"relic_stats":{"Nunchaku":[6],"counters":[28,107],"Bronze Scales":[177],"Pantograph":5,"Pandora\u0027s Box":["BowlingBash","WheelKick","ReachHeaven","Consecrate","Scrawl","WindmillStrike","TalkToTheHand","Wish"],"Prayer Wheel":2,"Turnip":[9],"Art of War":[4],"Whetstone":["WindmillStrike","Consecrate"],"War Paint":["Prostrate","Vigilance"],"obtain_stats":[{"Potion Belt":9,"SacredBark":34,"Damaru":26,"Omamori":6,"Whetstone":4,"Odd Mushroom":8,"War Paint":43,"Anchor":13,"Nunchaku":48,"DollysMirror":29,"Bronze Scales":30,"Pantograph":55,"Pandora\u0027s Box":0,"Prayer Wheel":44,"Turnip":24,"Coffee Dripper":17,"Art of War":42,"PureWater":0,"Toxic Egg 2":29,"StrikeDummy":11},{"Potion Belt":5,"SacredBark":17,"Damaru":14,"Omamori":4,"Whetstone":3,"Odd Mushroom":5,"War Paint":21,"Anchor":8,"Nunchaku":24,"DollysMirror":14,"Bronze Scales":15,"Pantograph":27,"Pandora\u0027s Box":0,"Prayer Wheel":22,"Turnip":14,"Coffee Dripper":10,"Art of War":21,"PureWater":0,"Toxic Egg 2":14,"StrikeDummy":6},{"Potion Belt":20,"SacredBark":63,"Damaru":53,"Omamori":16,"Whetstone":10,"Odd Mushroom":20,"War Paint":75,"Anchor":28,"Nunchaku":84,"DollysMirror":53,"Bronze Scales":56,"Pantograph":99,"Pandora\u0027s Box":0,"Prayer Wheel":78,"Turnip":53,"Coffee Dripper":36,"Art of War":75,"PureWater":0,"Toxic Egg 2":53,"StrikeDummy":22}]},"card_choices":[{"not_picked":["CrushJoints","FlurryOfBlows"],"picked":"Prostrate","floor":1.0},{"not_picked":["CrushJoints","Brilliance"],"picked":"Perseverance","floor":2.0},{"not_picked":["PathToVictory","Perseverance","BowlingBash"],"picked":"SKIP","floor":3.0},{"not_picked":["CrushJoints","EmptyBody"],"picked":"Prostrate","floor":6.0},{"not_picked":["SashWhip","BowlingBash"],"picked":"CarveReality","floor":8.0},{"not_picked":["Crescendo","PathToVictory"],"picked":"Vault","floor":11.0},{"not_picked":["BowlingBash","FlurryOfBlows","Weave"],"picked":"SKIP","floor":12.0},{"not_picked":["Study","Crescendo"],"picked":"FollowUp","floor":13.0},{"not_picked":["Crescendo","PathToVictory"],"picked":"ThirdEye","floor":14.0},{"not_picked":["Ragnarok","Blasphemy"],"picked":"Omniscience","floor":16.0},{"not_picked":["LikeWater","ReachHeaven"],"picked":"Wallop","floor":18.0},{"not_picked":["PathToVictory","JustLucky","Vengeance"],"picked":"SKIP","floor":19.0},{"not_picked":["BowlingBash","Fasting2","FlyingSleeves"],"picked":"SKIP","floor":22.0},{"not_picked":["WindmillStrike","CutThroughFate","CrushJoints"],"picked":"SKIP","floor":24.0},{"not_picked":["Conclude","FlyingSleeves+1"],"picked":"Sanctity+1","floor":30.0},{"not_picked":["Crescendo+1","CrushJoints"],"picked":"Brilliance","floor":31.0},{"not_picked":["Alpha+1","Devotion"],"picked":"Establishment","floor":33.0},{"not_picked":["BowlingBash","ClearTheMind+1","PathToVictory+1"],"picked":"SKIP","floor":35.0},{"not_picked":["TalkToTheHand+1","BowlingBash"],"picked":"Scrawl+1","floor":36.0},{"not_picked":["WaveOfTheHand+1","JustLucky"],"picked":"CutThroughFate+1","floor":39},{"not_picked":["Trip+1","Forethought+1"],"picked":"Panacea+1","floor":41},{"not_picked":["Purity+1","Metamorphosis+1"],"picked":"Trip+1","floor":41},{"not_picked":["WindmillStrike","ClearTheMind+1"],"picked":"WaveOfTheHand+1","floor":42},{"not_picked":["CrushJoints","Fasting2"],"picked":"InnerPeace+1","floor":44},{"not_picked":["CutThroughFate","BowlingBash"],"picked":"InnerPeace+1","floor":45},{"not_picked":["Weave+1","Tantrum","BowlingBash"],"picked":"SKIP","floor":45},{"not_picked":["Prostrate+1","ClearTheMind+1","SignatureMove"],"picked":"SKIP","floor":47},{"not_picked":["Evaluate+1","FollowUp","SandsOfTime"],"picked":"SKIP","floor":47},{"not_picked":["MasterReality","Evaluate+1"],"picked":"Protect+1","floor":55}],"player_experience":778438,"relics_obtained":[{"floor":6.0,"key":"Omamori"},{"floor":8.0,"key":"Odd Mushroom"},{"floor":9.0,"key":"Potion Belt"},{"floor":11.0,"key":"StrikeDummy"},{"floor":13.0,"key":"Anchor"},{"floor":24.0,"key":"Turnip"},{"floor":26.0,"key":"Damaru"},{"floor":30.0,"key":"Bronze Scales"},{"floor":42,"key":"Art of War"},{"floor":43,"key":"War Paint"},{"floor":44,"key":"Prayer Wheel"},{"floor":55,"key":"Pantograph"}],"event_choices":[{"damage_healed":0.0,"max_hp_gain":0.0,"max_hp_loss":0.0,"gold_gain":0.0,"event_name":"Living Wall","player_choice":"Grow","floor":5.0,"gold_loss":0.0,"damage_taken":0.0,"cards_upgraded":["Eruption"]},{"damage_healed":0.0,"max_hp_gain":0.0,"max_hp_loss":0.0,"gold_gain":0.0,"event_name":"Mushrooms","player_choice":"Fought Mushrooms","floor":8.0,"gold_loss":0.0,"damage_taken":0.0},{"damage_healed":0.0,"max_hp_gain":0.0,"max_hp_loss":0.0,"gold_gain":0.0,"cards_transformed":["ReachHeaven"],"event_name":"Transmorgrifier","player_choice":"Transformed","floor":10.0,"gold_loss":0.0,"damage_taken":0.0,"cards_obtained":["Consecrate"]},{"damage_healed":0.0,"max_hp_gain":0.0,"max_hp_loss":0.0,"gold_gain":0.0,"event_name":"Beggar","player_choice":"Ignored","floor":20.0,"gold_loss":0.0,"damage_taken":0.0},{"damage_healed":0.0,"max_hp_gain":0.0,"max_hp_loss":0.0,"gold_gain":0.0,"event_name":"The Woman in Blue","player_choice":"Bought 2 Potions","floor":21.0,"gold_loss":0.0,"damage_taken":0.0},{"damage_healed":0.0,"max_hp_gain":0.0,"max_hp_loss":0.0,"gold_gain":0.0,"event_name":"Tomb of Lord Red Mask","player_choice":"Ignored","floor":37.0,"gold_loss":0.0,"damage_taken":0.0},{"damage_healed":0,"gold_gain":0,"player_choice":"Memory 2","damage_taken":5,"max_hp_gain":0,"max_hp_loss":0,"event_name":"SensoryStone","floor":41,"gold_loss":0}],"is_beta":true,"boss_relics":[{"not_picked":["VioletLotus","Sozu"],"picked":"Coffee Dripper"},{"not_picked":["Tiny House","Runic Dome"],"picked":"SacredBark"}],"items_purged_floors":[],"is_endless":false,"potions_floor_spawned":[3,6,8,16,18,19,22,35,36,47,55],"ascension_level":20}}