{"host":"mydft8i2zzydgggw","time":1611443698,"event":{"mods":["AchievementEnabler","BaseMod","BetterRewards","Colored Map","Colored Powertips","DeckTracker","Keyboard Shortcuts","Minty Spire (QoL Compilation)","Rare Cards Sparkle","StSLib","SuperFastMode","everything is the same but u backflip on backflip"],"gold_per_floor":[109,126,145,163,163,163,176,176,176,209,209,225,285,51,51,149,149,160,173,190,200,24,24,58,58,81,100,117,117,131,159,159,254,254,269,73,73,73,89,89,114,114,137,151,183,202,245,273,282,282],"floor_reached":51,"language":"KOR","playtime":2177,"items_purged":["Strike_B","Strike_B"],"score":1363,"play_id":"6293a4f7-7a7c-40b2-a712-def6189d98cb","local_time":"20210124081458","is_ascension_mode":true,"campfire_choices":[{"data":"Coolheaded","floor":6.0,"key":"SMITH"},{"data":"Loop","floor":8.0,"key":"SMITH"},{"floor":11.0,"key":"DIG"},{"floor":15.0,"key":"REST"},{"data":"Defragment","floor":23.0,"key":"SMITH"},{"data":"Seek","floor":25.0,"key":"SMITH"},{"floor":29,"key":"DIG"},{"floor":32,"key":"DIG"},{"floor":40,"key":"DIG"},{"floor":42,"key":"DIG"},{"floor":49,"key":"REST"}],"circlet_count":0,"master_deck":["AscendersBane","Defend_B","Defend_B","Defend_B","Defend_B","Zap","Dualcast","Cold Snap","Coolheaded+1","Glacier","Go for the Eyes","Consume","Loop+1","Blizzard+1","Streamline","Undo","Seek+1","Compile Driver+1","Skim","Self Repair","Echo Form","Redo","Rip and Tear","Echo Form","Redo+1","Defragment+1","Capacitor","Coolheaded","Coolheaded+1","Aggregate+1","Reinforced Body+1","Electrodynamics","Aggregate+1","Glacier+1","Fusion"],"relics":["Cracked Core","Shovel","CaptainsWheel","FossilizedHelix","Dream Catcher","Orrery","Busted Crown","DataDisk","Bag of Marbles","Smiling Mask","Lizard Tail","Sozu","PreservedInsect","Dead Branch","Mummified Hand","Orichalcum","MealTicket","CeramicFish","Whetstone"],"acts_visited":["Exordium","TheCity","TheBeyond"],"potions_floor_usage":[33,50],"damage_taken":[{"damage":2.0,"enemies":"Jaw Worm","floor":1.0,"turns":3.0},{"damage":1.0,"enemies":"2 Louse","floor":2.0,"turns":3.0},{"damage":0.0,"enemies":"Small Slimes","floor":3.0,"turns":3.0},{"damage":1.0,"enemies":"2 Fungi Beasts","floor":4.0,"turns":4.0},{"damage":0.0,"enemies":"Red Slaver","floor":7.0,"turns":4.0},{"damage":19.0,"enemies":"3 Sentries","floor":10.0,"turns":6.0},{"damage":0.0,"enemies":"Exordium Thugs","floor":12.0,"turns":6.0},{"damage":16.0,"enemies":"3 Sentries","floor":13.0,"turns":8.0},{"damage":20.0,"enemies":"Hexaghost","floor":16.0,"turns":11.0},{"damage":1.0,"enemies":"Shell Parasite","floor":18.0,"turns":5.0},{"damage":15.0,"enemies":"3 Byrds","floor":19.0,"turns":6.0},{"damage":14.0,"enemies":"Snake Plant","floor":20.0,"turns":7.0},{"damage":9.0,"enemies":"Centurion and Healer","floor":21.0,"turns":7.0},{"damage":2.0,"enemies":"Book of Stabbing","floor":24.0,"turns":8.0},{"damage":13.0,"enemies":"Cultist and Chosen","floor":27.0,"turns":7.0},{"damage":0.0,"enemies":"Chosen and Byrds","floor":28.0,"turns":8.0},{"damage":26,"enemies":"Snake Plant","floor":30,"turns":7},{"damage":12,"enemies":"Gremlin Leader","floor":31,"turns":7},{"damage":48,"enemies":"Collector","floor":33,"turns":13},{"damage":11,"enemies":"3 Darklings","floor":35,"turns":7},{"damage":0,"enemies":"Orb Walker","floor":39,"turns":7},{"damage":0,"enemies":"Giant Head","floor":41,"turns":7},{"damage":28,"enemies":"3 Darklings","floor":44,"turns":6},{"damage":0,"enemies":"Nemesis","floor":45,"turns":11},{"damage":0,"enemies":"Transient","floor":46,"turns":5},{"damage":0,"enemies":"Reptomancer","floor":47,"turns":5},{"damage":0,"enemies":"Writhing Mass","floor":48,"turns":4},{"damage":6,"enemies":"Awakened One","floor":50,"turns":17}],"seed_played":"3918523555053588922","potions_obtained":[{"floor":3.0,"key":"PowerPotion"},{"floor":10.0,"key":"AttackPotion"},{"floor":12.0,"key":"SmokeBomb"},{"floor":13.0,"key":"BlessingOfTheForge"},{"floor":18.0,"key":"SpeedPotion"},{"floor":19.0,"key":"PotionOfCapacity"},{"floor":30,"key":"Explosive Potion"},{"floor":33,"key":"PowerPotion"}],"is_trial":false,"path_per_floor":["M","M","M","M","?","R","M","R","T","E","R","M","?","$","R","B",null,"M","M","M","M","$","R","E","R","T","M","M","R","M","E","R","B",null,"M","$","?","?","M","R","E","R","T","M","E","M","E","M","R","B",null],"character_chosen":"DEFECT","items_purchased":["Seek","Orrery","Capacitor","Coolheaded","PreservedInsect"],"campfire_rested":2,"item_purchase_floors":[14,14,22,22,36],"current_hp_per_floor":[66,65,65,64,64,64,64,64,64,45,45,45,29,29,51,45,68,74,73,66,71,71,71,75,75,75,69,75,75,56,58,58,17,61,64,64,64,64,71,71,71,71,71,57,64,71,71,71,71,65],"gold":282,"neow_bonus":"TRANSFORM_CARD","is_daily":false,"chose_seed":false,"campfire_upgraded":4,"win_rate":0.0,"timestamp":1611443698,"path_taken":["M","M","M","M","?","R","M","R","T","E","R","M","?","$","R","BOSS","M","M","M","M","$","R","E","R","T","M","M","R","M","E","R","BOSS","M","$","?","?","?","R","E","R","T","M","E","M","E","M","R","BOSS"],"items_purchased_type":["Card","Relic","Card","Card","Relic"],"build_version":"2020-12-22","purchased_purges":2,"victory":true,"max_hp_per_floor":[75,75,75,75,75,75,75,75,75,75,75,75,75,75,75,75,75,75,75,75,75,75,75,75,75,75,75,75,75,75,75,75,75,75,75,75,71,71,71,71,71,71,71,71,71,71,71,71,71,71],"card_choices":[{"not_picked":["Self Repair","Turbo"],"picked":"Coolheaded","floor":1.0},{"not_picked":["Compile Driver","Cold Snap"],"picked":"Glacier","floor":2.0},{"not_picked":["Stack","Cold Snap"],"picked":"Go for the Eyes","floor":3.0},{"not_picked":["Sunder","Barrage"],"picked":"Consume","floor":4.0},{"not_picked":["Doom and Gloom","Sweeping Beam"],"picked":"Loop","floor":7.0},{"not_picked":["Gash","Static Discharge"],"picked":"Blizzard","floor":10.0},{"not_picked":["Streamline","Turbo","Barrage"],"picked":"SKIP","floor":12.0},{"not_picked":["Turbo","Barrage"],"picked":"Streamline","floor":12.0},{"not_picked":["Ball Lightning","Redo"],"picked":"Undo","floor":13.0},{"not_picked":["Streamline","Beam Cell"],"picked":"Compile Driver","floor":14.0},{"not_picked":["Melter","Conserve Battery"],"picked":"Skim","floor":14.0},{"not_picked":["Cold Snap","Stack"],"picked":"Self Repair","floor":14.0},{"not_picked":["Tempest","FTL"],"picked":"Echo Form","floor":14.0},{"not_picked":["Consume","Darkness"],"picked":"Redo","floor":14.0},{"not_picked":["Streamline","Stack"],"picked":"Rip and Tear","floor":15.0},{"not_picked":["Fission","Hyperbeam"],"picked":"Echo Form","floor":16.0},{"not_picked":["Go for the Eyes"],"picked":"SKIP","floor":18.0},{"not_picked":["Redo"],"picked":"SKIP","floor":19.0},{"not_picked":[],"picked":"Redo+1","floor":20.0},{"not_picked":[],"picked":"Defragment","floor":21.0},{"not_picked":[],"picked":"Coolheaded+1","floor":24.0},{"not_picked":[],"picked":"Aggregate+1","floor":27.0},{"not_picked":["Reinforced Body+1"],"picked":"SKIP","floor":28.0},{"not_picked":["Go for the Eyes"],"picked":"SKIP","floor":30},{"not_picked":["Steam"],"picked":"SKIP","floor":31},{"not_picked":["Cold Snap"],"picked":"SKIP","floor":35},{"not_picked":[],"picked":"Reinforced Body+1","floor":39},{"not_picked":["Redo"],"picked":"SKIP","floor":41},{"not_picked":["Gash"],"picked":"SKIP","floor":44},{"not_picked":["Ball Lightning"],"picked":"SKIP","floor":45},{"not_picked":[],"picked":"Electrodynamics","floor":46},{"not_picked":[],"picked":"Aggregate+1","floor":47},{"not_picked":[],"picked":"Glacier+1","floor":48},{"not_picked":[],"picked":"Fusion","floor":49}],"player_experience":197068,"relics_obtained":[{"floor":9.0,"key":"Shovel"},{"floor":10.0,"key":"CaptainsWheel"},{"floor":11.0,"key":"FossilizedHelix"},{"floor":13.0,"key":"Dream Catcher"},{"floor":24.0,"key":"DataDisk"},{"floor":29,"key":"Bag of Marbles"},{"floor":31,"key":"Smiling Mask"},{"floor":32,"key":"Lizard Tail"},{"floor":40,"key":"Dead Branch"},{"floor":41,"key":"Mummified Hand"},{"floor":42,"key":"Orichalcum"},{"floor":43,"key":"MealTicket"},{"floor":45,"key":"CeramicFish"},{"floor":47,"key":"Whetstone"}],"event_choices":[{"cards_removed":["Strike_B"],"damage_healed":0.0,"max_hp_gain":0.0,"max_hp_loss":0.0,"gold_gain":0.0,"event_name":"Living Wall","player_choice":"Forget","floor":5.0,"gold_loss":0.0,"damage_taken":0.0},{"damage_healed":0.0,"max_hp_gain":0.0,"max_hp_loss":0.0,"gold_gain":0.0,"event_name":"Dead Adventurer","player_choice":"Searched \u00271\u0027 times","floor":13.0,"gold_loss":0.0,"damage_taken":0.0},{"damage_healed":0,"gold_gain":0,"player_choice":"Max HP","damage_taken":0,"max_hp_gain":0,"max_hp_loss":4,"event_name":"Winding Halls","floor":37,"gold_loss":0},{"damage_healed":0,"gold_gain":0,"player_choice":"Bought 0 Potions","damage_taken":0,"max_hp_gain":0,"max_hp_loss":0,"event_name":"The Woman in Blue","floor":38,"gold_loss":0}],"is_beta":false,"boss_relics":[{"not_picked":["SlaversCollar","Fusion Hammer"],"picked":"Busted Crown"},{"not_picked":["Runic Pyramid","Philosopher\u0027s Stone"],"picked":"Sozu"}],"items_purged_floors":[22,36],"is_endless":false,"potions_floor_spawned":[3,10,12,13,18,19,30,31,33,35,44,45,46,48],"ascension_level":11}}