{"host":"j7tjb4cvlhh9ur1i","time":1611418707,"event":{"mods":["BaseMod","Hermit","Marisa????????","Minty Spire (QoL Compilation)","StSLib","The Animator","The Cursed","The Dragon Tamer","The Marked","The Servant 0.9.4"],"gold_per_floor":[116,116,13,88,53,91,91,119,172,26,26,41,119,162,162,287,287,273,316,337,252,252,252,276,276,276,310,310,310],"floor_reached":28,"language":"ENG","playtime":1768,"items_purged":[],"score":265,"play_id":"3e8f7cac-02ed-49e0-9848-c872a6d35cbd","local_time":"20210123171827","is_ascension_mode":false,"campfire_choices":[{"floor":15,"key":"REST"},{"floor":23,"key":"REST"}],"circlet_count":0,"master_deck":["animator:Strike_Konosuba","animator:Defend_Konosuba","animator:Strike","animator:Strike","animator:Strike","animator:Defend","animator:Defend","animator:Defend","animator:Kazuma","animator:Aqua","animator:TukaLunaMarceau","animator:Genos","animator:Assassin","animator:Kuribayashi","animator:Jibril","animator:Jibril","animator:Darkness","animator:Kazuma","animator:Ainz","animator:YunYun","animator:Scar","animator:Cocytus","animator:PandorasActor","animator:Tyuule"],"relics":["animator:LivingPicture","animator:TheMissingPiece","animator:PurgingStone","NeowsBlessing","Golden Idol","Toy Ornithopter","Odd Mushroom","animator:ShionDessert","PreservedInsect","Vajra","Oddly Smooth Stone","Black Star","Red Mask","Pear","MutagenicStrength","Red Skull","animator:BattleDrones"],"acts_visited":["Exordium","TheCity"],"potions_floor_usage":[16,18,19,27],"damage_taken":[{"damage":0,"enemies":"2 Louse","floor":1,"turns":1},{"damage":0,"enemies":"3 Sentries","floor":6,"turns":2},{"damage":0,"enemies":"The Mushroom Lair","floor":8,"turns":2},{"damage":6,"enemies":"Small Slimes","floor":12,"turns":2},{"damage":40,"enemies":"3 Sentries","floor":13,"turns":5},{"damage":16,"enemies":"Lagavulin","floor":14,"turns":5},{"damage":22,"enemies":"Hexaghost","floor":16,"turns":11},{"damage":29,"enemies":"2 Thieves","floor":18,"turns":4},{"damage":39,"enemies":"Masked Bandits","floor":19,"turns":5},{"damage":14,"enemies":"Spheric Guardian","floor":20,"turns":4},{"damage":21,"enemies":"Chosen and Byrds","floor":24,"turns":7},{"damage":34,"enemies":"Book of Stabbing","floor":27,"turns":4},{"damage":23,"enemies":"Centurion and Healer","floor":28,"turns":3}],"seed_played":"-511614056747566536","potions_obtained":[{"floor":12,"key":"Swift Potion"},{"floor":14,"key":"SteroidPotion"},{"floor":16,"key":"ColorlessPotion"},{"floor":24,"key":"Regen Potion"},{"floor":27,"key":"Weak Potion"}],"is_trial":false,"path_per_floor":["M","?","$","?","?","E","$","?","T","$","?","M","?","E","R","B",null,"M","?","M","?","?","R","M","?","T","E","M"],"character_chosen":"THE_ANIMATOR","items_purchased":["animator:Genos","animator:Assassin","PreservedInsect"],"campfire_rested":2,"item_purchase_floors":[3,3,10],"current_hp_per_floor":[66,61,61,50,61,61,61,61,61,61,66,60,22,8,27,12,66,45,13,1,11,36,59,40,40,40,18,0,0],"gold":310,"neow_bonus":"THREE_ENEMY_KILL","is_daily":false,"chose_seed":false,"campfire_upgraded":0,"win_rate":0.0,"timestamp":1611418707,"path_taken":["M","?","$","?","?","E","?","?","T","$","?","?","?","E","R","BOSS","M","?","M","?","?","R","M","?","T","E","M"],"items_purchased_type":["Card","Card","Relic"],"build_version":"2020-12-22","purchased_purges":0,"victory":false,"max_hp_per_floor":[66,61,61,61,61,61,61,61,61,61,66,66,66,66,66,66,66,67,67,67,77,77,77,77,77,77,77,77,77],"card_choices":[{"not_picked":["animator:Demiurge","animator:GazelDwargon"],"picked":"animator:TukaLunaMarceau","floor":1},{"not_picked":["animator:Vesta","animator:Hakurou"],"picked":"animator:Kuribayashi","floor":6},{"not_picked":["animator:SilverFang","animator:Tet"],"picked":"animator:Jibril","floor":8},{"not_picked":["animator:Witch","animator:Demiurge"],"picked":"animator:Jibril","floor":12},{"not_picked":["animator:Vanir","animator:Mitsurugi"],"picked":"animator:Darkness","floor":13},{"not_picked":["animator:ElricAlphonse","animator:Shizu"],"picked":"animator:Kazuma","floor":14},{"not_picked":["animator:Sora","animator:GoblinSlayer"],"picked":"animator:Ainz","floor":16},{"not_picked":["animator:Illya","animator:Gluttony"],"picked":"animator:YunYun","floor":18},{"not_picked":["animator:Kazuma","animator:Geryuganshoop+1"],"picked":"animator:Scar","floor":19},{"not_picked":["animator:Tyuule+1","animator:Scar+1"],"picked":"animator:Cocytus","floor":20},{"not_picked":["animator:Cocytus","animator:Entoma"],"picked":"animator:PandorasActor","floor":24},{"not_picked":["animator:Souei","animator:Shion+1"],"picked":"animator:Tyuule","floor":27}],"player_experience":57988,"relics_obtained":[{"floor":6,"key":"Toy Ornithopter"},{"floor":8,"key":"Odd Mushroom"},{"floor":9,"key":"animator:ShionDessert"},{"floor":13,"key":"Vajra"},{"floor":14,"key":"Oddly Smooth Stone"},{"floor":19,"key":"Red Mask"},{"floor":27,"key":"Red Skull"},{"floor":27,"key":"animator:BattleDrones"}],"event_choices":[{"damage_healed":0,"gold_gain":0,"player_choice":"Lose Max HP","damage_taken":0,"relics_obtained":["Golden Idol"],"max_hp_gain":0,"max_hp_loss":5,"event_name":"Golden Idol","floor":2,"gold_loss":0},{"damage_healed":0,"gold_gain":75,"player_choice":"Gather Gold","damage_taken":11,"max_hp_gain":0,"max_hp_loss":0,"event_name":"World of Goop","floor":4,"gold_loss":0},{"damage_healed":15,"gold_gain":0,"player_choice":"Healed","damage_taken":0,"max_hp_gain":0,"max_hp_loss":0,"event_name":"The Cleric","floor":5,"gold_loss":35},{"damage_healed":0,"gold_gain":0,"player_choice":"Fought Mushrooms","damage_taken":0,"max_hp_gain":0,"max_hp_loss":0,"event_name":"Mushrooms","floor":8,"gold_loss":0},{"damage_healed":0,"gold_gain":0,"player_choice":"Donut","damage_taken":0,"max_hp_gain":5,"max_hp_loss":0,"event_name":"Big Fish","floor":11,"gold_loss":0},{"damage_healed":0,"gold_gain":30,"player_choice":"Searched \u00272\u0027 times","damage_taken":0,"max_hp_gain":0,"max_hp_loss":0,"event_name":"Dead Adventurer","floor":13,"gold_loss":0},{"damage_healed":0,"gold_gain":0,"player_choice":"Fought Bandits","damage_taken":0,"max_hp_gain":0,"max_hp_loss":0,"event_name":"Masked Bandits","floor":19,"gold_loss":0},{"damage_healed":0,"gold_gain":0,"player_choice":"Obtained Relic","damage_taken":0,"relics_obtained":["Pear"],"max_hp_gain":0,"max_hp_loss":0,"event_name":"Addict","floor":21,"gold_loss":85},{"damage_healed":25,"gold_gain":0,"player_choice":"Heal","damage_taken":0,"max_hp_gain":0,"max_hp_loss":0,"event_name":"The Library","floor":22,"gold_loss":0},{"damage_healed":0,"gold_gain":0,"player_choice":"Inject Mutagens","damage_taken":0,"relics_obtained":["MutagenicStrength"],"max_hp_gain":0,"max_hp_loss":0,"event_name":"Drug Dealer","floor":25,"gold_loss":0}],"is_beta":false,"boss_relics":[{"not_picked":["SacredBark","Runic Dome"],"picked":"Black Star"}],"items_purged_floors":[],"is_endless":false,"potions_floor_spawned":[12,14,16,24,27],"killed_by":"Centurion and Healer","ascension_level":0}}