{"host":"szzymzkf8nw8othj","time":1611367497,"event":{"mods":["AchievementEnabler","BaseMod","Downfall","Minty Spire (QoL Compilation)","Replay The Spire","StSLib","The Animator"],"gold_per_floor":[99,119,119,136,53,53,53,53,64,82,96,96,111,142,174,282,294,6,34,146,143,171,183,219,250,262,290,302,314,343,365,393,405,405,405],"floor_reached":33,"language":"ENG","playtime":3988,"items_purged":[],"score":278,"play_id":"24dd1eb0-f499-4e90-ab8e-c47343d768e6","local_time":"20210122210457","is_ascension_mode":false,"campfire_choices":[{"data":"champ:Taunt","floor":1,"key":"SMITH"},{"floor":6,"key":"RECALL"},{"data":"champ:Duel","floor":12,"key":"SMITH"},{"data":"champ:FanOfKnives","floor":18,"key":"SMITH"},{"data":"champ:FancyFootwork","floor":26,"key":"SMITH"},{"data":"champ:AdrenalArmor","floor":28,"key":"SMITH"}],"circlet_count":0,"master_deck":["champ:Strike","champ:Strike","champ:Strike","champ:Defend","champ:Defend","champ:Execute","champ:Taunt+1","champ:FlashCut","champ:FalseCounter+1","champ:Duel+1","champ:AdrenalArmor+1","champ:IronFortress","champ:FancyFootwork+1","champ:RisingSlash","champ:MurderStrike","champ:FanOfKnives+1","champ:VampiricStrike","champ:Encircle+1"],"relics":["champ:ChampionCrown","MawBank","Replay:Grab Bag","Busted Crown","bronze:MakeshiftBattery","Empty Cage","downfall:HeartBlessingRed","downfall:HeartBlessingGreen","downfall:HeartBlessingBlue","Replay:Baseball"],"acts_visited":["Exordium","TheCity"],"potions_floor_usage":[11,14,33,33],"damage_taken":[{"damage":10,"enemies":"2 Louse","floor":2,"turns":3},{"damage":0,"enemies":"Small Slimes","floor":4,"turns":3},{"damage":20,"enemies":"downfall:FleeingMerchant","floor":5,"turns":4},{"damage":0,"enemies":"Cultist","floor":9,"turns":4},{"damage":17,"enemies":"Blue Slaver","floor":10,"turns":4},{"damage":23,"enemies":"Exordium Thugs","floor":11,"turns":4},{"damage":28,"enemies":"2 Fungi Beasts","floor":13,"turns":5},{"damage":7,"enemies":"Gremlin Nob","floor":14,"turns":5},{"damage":22,"enemies":"Large Slime","floor":15,"turns":6},{"damage":17,"enemies":"SI_SHIV_ARCHETYPE","floor":16,"turns":8},{"damage":34,"enemies":"Chosen","floor":19,"turns":5},{"damage":36,"enemies":"downfall:FleeingMerchant","floor":21,"turns":4},{"damage":41,"enemies":"3 Byrds","floor":22,"turns":4},{"damage":11,"enemies":"3 Cultists","floor":25,"turns":4},{"damage":60,"enemies":"Centurion and Healer","floor":27,"turns":3},{"damage":10,"enemies":"Snecko","floor":30,"turns":4},{"damage":30,"enemies":"Sentry and Sphere","floor":31,"turns":4},{"damage":15,"enemies":"Centurion and Healer","floor":32,"turns":3},{"damage":121,"enemies":"IC_MUSHROOM_ARCHETYPE","floor":33,"turns":7}],"seed_played":"5849596094101171007","potions_obtained":[{"floor":4,"key":"PowerPotion"},{"floor":11,"key":"EssenceOfSteel"},{"floor":19,"key":"Elixir"},{"floor":27,"key":"Elixir"},{"floor":32,"key":"Strength Potion"}],"is_trial":false,"path_per_floor":["R","M","?","M","$","R","T","?","M","M","M","R","M","E","M","B",null,"R","M","?","$","M","?","T","M","R","M","R","?","M","M","M","B"],"character_chosen":"THE_CHAMP","items_purchased":["champ:IronFortress"],"campfire_rested":0,"item_purchase_floors":[5],"current_hp_per_floor":[99,99,99,99,99,99,99,99,99,92,89,89,76,69,57,50,99,109,90,90,84,73,109,109,108,108,88,88,88,88,78,78,0,0,0],"gold":405,"neow_bonus":"TEN_PERCENT_HP_BONUS","is_daily":false,"chose_seed":false,"campfire_upgraded":5,"win_rate":0.0,"timestamp":1611367497,"path_taken":["R","M","?","M","$","R","T","?","M","M","M","R","M","E","M","BOSS","R","M","?","$","M","?","T","M","R","M","R","?","?","M","M","BOSS"],"items_purchased_type":["Card"],"build_version":"2020-12-22","purchased_purges":0,"victory":false,"max_hp_per_floor":[99,99,99,99,99,99,99,99,99,99,99,99,99,99,99,99,99,109,109,109,109,109,109,109,109,109,109,109,109,109,109,109,109,109,109],"card_choices":[{"not_picked":["champ:HeartStrike","champ:SkillfulDodge"],"picked":"champ:FlashCut","floor":2},{"not_picked":["champ:RapidStrikes","champ:DefensiveShout"],"picked":"champ:Duel","floor":4},{"not_picked":["champ:DancingMaster","champ:Haymaker"],"picked":"champ:AdrenalArmor","floor":5},{"not_picked":["champ:StanceDance","champ:DefensiveShout"],"picked":"champ:FancyFootwork","floor":9},{"not_picked":["champ:PreciseThrust","champ:Shatter"],"picked":"champ:RisingSlash","floor":10},{"not_picked":["champ:TornadoPunch","champ:StanceDance"],"picked":"champ:MurderStrike","floor":11},{"not_picked":["champ:GutPunch","champ:Lariat","champ:BerserkersShout"],"picked":"SKIP","floor":13},{"not_picked":["champ:Circumvent","champ:DefensiveShout"],"picked":"champ:FanOfKnives","floor":14},{"not_picked":["champ:FaceSlap","champ:FancyFootwork","champ:TornadoPunch"],"picked":"SKIP","floor":15},{"not_picked":["champ:HoldFirm","champ:ShieldThrow"],"picked":"champ:VampiricStrike","floor":16},{"not_picked":["champ:PerfectedStrike+1"],"picked":"SKIP","floor":19},{"not_picked":["champ:RapidStrikes"],"picked":"SKIP","floor":21},{"not_picked":["champ:RecklessLeap+1"],"picked":"SKIP","floor":22},{"not_picked":[],"picked":"champ:Encircle+1","floor":25},{"not_picked":["champ:ArenaPreparation"],"picked":"SKIP","floor":27},{"not_picked":["champ:Shatter"],"picked":"SKIP","floor":30},{"not_picked":["champ:BringItOn+1"],"picked":"SKIP","floor":31},{"not_picked":["champ:Shatter"],"picked":"SKIP","floor":32}],"player_experience":752956,"relics_obtained":[{"floor":14,"key":"MawBank"},{"floor":24,"key":"Replay:Baseball"}],"event_choices":[{"damage_healed":36,"gold_gain":0,"player_choice":"Heal","damage_taken":0,"max_hp_gain":0,"max_hp_loss":0,"event_name":"The Library","floor":23,"gold_loss":0}],"is_beta":false,"boss_relics":[{"not_picked":["Fusion Hammer","Honey Jar"],"picked":"Replay:Grab Bag"},{"not_picked":["Velvet Choker","Replay:Wanted Poster"],"picked":"Busted Crown"},{"not_picked":["Sozu","Cursed Key"],"picked":"bronze:MakeshiftBattery"},{"not_picked":["Ring of Chaos","Runic Pyramid"],"picked":"Empty Cage"}],"items_purged_floors":[],"is_endless":false,"potions_floor_spawned":[4,11,16,19,27,32],"killed_by":"IC_MUSHROOM_ARCHETYPE","ascension_level":0}}