{"host":"b7mawubrjc2hdxhd","time":1611402596,"event":{"mods":["AchievementEnabler","BaseMod","BetterRewards","Ironclad Rager","Minty Spire (QoL Compilation)","Relic Stats","Spicy Shops","Spire Arcade","StSLib"],"gold_per_floor":[111,123,298,298,318,344,344,344,344,344,344,378,173,204,204,204,204],"floor_reached":16,"language":"ENG","playtime":638,"items_purged":[],"score":122,"play_id":"919477cc-d982-4726-92f3-2bdee1b43842","local_time":"20210123114956","is_ascension_mode":true,"campfire_choices":[{"floor":7,"key":"REST"},{"floor":11,"key":"RECALL"},{"floor":15,"key":"REST"}],"circlet_count":0,"master_deck":["Strike_G","Strike_G","Strike_G","Strike_G","Strike_G","Defend_G","Defend_G","Defend_G","Defend_G","Defend_G","Survivor","Neutralize","Dodge and Roll","Sucker Punch","Noxious Fumes","Prepared","Backstab","Clumsy","Backstab","Deflect"],"relics":["Ring of the Snake","NeowsBlessing","Ornamental Fan","Golden Idol","Darkstone Periapt","Tiny Chest","DollysMirror","The Courier"],"acts_visited":["Exordium"],"potions_floor_usage":[],"damage_taken":[{"damage":0,"enemies":"Jaw Worm","floor":1,"turns":1},{"damage":0,"enemies":"Small Slimes","floor":2,"turns":1},{"damage":0,"enemies":"Cultist","floor":5,"turns":1},{"damage":26,"enemies":"3 Sentries","floor":6,"turns":11},{"damage":31,"enemies":"Lagavulin","floor":12,"turns":9},{"damage":2,"enemies":"3 Sentries","floor":14,"turns":11},{"damage":66,"enemies":"Hexaghost","floor":16,"turns":14}],"seed_played":"327341205182369448","potions_obtained":[{"floor":2,"key":"CunningPotion"},{"floor":14,"key":"ColorlessPotion"}],"is_trial":false,"path_per_floor":["M","M","?","?","M","E","R","?","T","?","R","E","$","E","R","B"],"character_chosen":"THE_SILENT","items_purchased":["Tiny Chest","DollysMirror"],"campfire_rested":2,"item_purchase_floors":[13,13],"current_hp_per_floor":[70,70,70,70,70,44,65,65,65,65,65,34,40,38,60,0,0],"gold":204,"neow_bonus":"THREE_ENEMY_KILL","is_daily":false,"chose_seed":false,"campfire_upgraded":0,"win_rate":0.0,"timestamp":1611402596,"path_taken":["M","M","?","?","?","E","R","?","T","?","R","E","$","E","R","BOSS"],"items_purchased_type":["Relic","Relic"],"build_version":"2020-12-22","purchased_purges":0,"victory":false,"max_hp_per_floor":[70,70,70,70,70,70,70,70,70,70,70,70,76,76,76,76,76],"relic_stats":{"Darkstone Periapt":6,"counters":[54,258],"Ornamental Fan":[36],"Golden Idol":13,"Tiny Chest":0,"obtain_stats":[{"Darkstone Periapt":12,"Lantern":21,"Regal Pillow":39,"CeramicFish":43,"HoveringKite":17,"Ginger":10,"PrismaticShard":4,"Smiling Mask":9,"Blood Vial":9,"TheAbacus":21,"Matryoshka":6,"WristBlade":0,"Mummified Hand":41,"DollysMirror":13,"Tiny Chest":13,"HandDrill":0,"Ring of the Snake":0,"NeowsBlessing":0,"Golden Idol":8,"The Courier":23,"Letter Opener":3,"Frozen Egg 2":9,"Orichalcum":5,"Paper Crane":7,"Question Card":9,"Akabeko":41,"White Beast Statue":8,"WarpedTongs":13,"SlaversCollar":17,"Ornamental Fan":27,"Shuriken":46,"Molten Egg 2":11,"Black Star":34,"StrikeDummy":7,"Pocketwatch":0,"Meat on the Bone":26},{"Darkstone Periapt":52,"Lantern":12,"Regal Pillow":22,"CeramicFish":23,"HoveringKite":36,"Ginger":33,"PrismaticShard":3,"Smiling Mask":45,"Blood Vial":33,"TheAbacus":12,"Matryoshka":31,"WristBlade":37,"Mummified Hand":23,"DollysMirror":52,"Tiny Chest":52,"HandDrill":27,"Ring of the Snake":0,"NeowsBlessing":47,"Golden Idol":51,"The Courier":13,"Letter Opener":28,"Frozen Egg 2":5,"Orichalcum":44,"Paper Crane":45,"Question Card":33,"Akabeko":23,"White Beast Statue":33,"WarpedTongs":34,"SlaversCollar":10,"Ornamental Fan":14,"Shuriken":25,"Molten Egg 2":46,"Black Star":19,"StrikeDummy":5,"Pocketwatch":0,"Meat on the Bone":14},{"Darkstone Periapt":233,"Lantern":45,"Regal Pillow":91,"CeramicFish":98,"HoveringKite":169,"Ginger":153,"PrismaticShard":12,"Smiling Mask":207,"Blood Vial":153,"TheAbacus":45,"Matryoshka":137,"WristBlade":174,"Mummified Hand":98,"DollysMirror":233,"Tiny Chest":233,"HandDrill":115,"Ring of the Snake":0,"NeowsBlessing":210,"Golden Idol":224,"The Courier":49,"Letter Opener":120,"Frozen Egg 2":21,"Orichalcum":203,"Paper Crane":207,"Question Card":153,"Akabeko":98,"White Beast Statue":153,"WarpedTongs":156,"SlaversCollar":38,"Ornamental Fan":54,"Shuriken":108,"Molten Egg 2":209,"Black Star":76,"StrikeDummy":21,"Pocketwatch":0,"Meat on the Bone":54}],"Ring of the Snake":[26]},"card_choices":[{"not_picked":["Outmaneuver","Bane"],"picked":"Dodge and Roll","floor":1},{"not_picked":["Eviscerate","Bane"],"picked":"Sucker Punch","floor":2},{"not_picked":["Bane","Acrobatics"],"picked":"Noxious Fumes","floor":5},{"not_picked":["Doppelganger","Concentrate"],"picked":"Prepared","floor":6},{"not_picked":["Predator","Accuracy"],"picked":"Backstab","floor":12},{"not_picked":["Dodge and Roll","Expertise"],"picked":"Deflect","floor":14}],"player_experience":58718,"relics_obtained":[{"floor":6,"key":"Ornamental Fan"},{"floor":12,"key":"Darkstone Periapt"},{"floor":14,"key":"The Courier"}],"event_choices":[{"damage_healed":0,"gold_gain":175,"player_choice":"AGREE","damage_taken":0,"max_hp_gain":0,"max_hp_loss":0,"event_name":"Liars Game","floor":3,"gold_loss":0,"cards_obtained":["Doubt"]},{"cards_removed":["Doubt"],"damage_healed":0,"gold_gain":0,"player_choice":"Removed Curses","damage_taken":0,"max_hp_gain":0,"max_hp_loss":0,"event_name":"Fountain of Cleansing","floor":4,"gold_loss":0},{"damage_healed":0,"gold_gain":0,"player_choice":"Take Wound","damage_taken":0,"relics_obtained":["Golden Idol"],"max_hp_gain":0,"max_hp_loss":0,"event_name":"Golden Idol","floor":8,"gold_loss":0,"cards_obtained":["Injury"]},{"cards_removed":["Injury"],"damage_healed":0,"gold_gain":0,"player_choice":"Purged","damage_taken":0,"max_hp_gain":0,"max_hp_loss":0,"event_name":"Purifier","floor":10,"gold_loss":0}],"is_beta":false,"boss_relics":[],"items_purged_floors":[],"is_endless":false,"potions_floor_spawned":[2,14],"killed_by":"Hexaghost","ascension_level":1}}