{"host":"vddkjx04kiwje1tk","time":1611398037,"event":{"mods":["AchievementEnabler","BaseMod","Colored Map","Minty Spire (QoL Compilation)","Quick Restart","SuperFastMode"],"gold_per_floor":[114,114,64,64,79,79,94,94,94,109,124,124,154,169,169,169,169],"floor_reached":16,"language":"KOR","playtime":266,"items_purged":[],"score":102,"play_id":"6de69f79-ac28-497d-89d4-2191d1125142","local_time":"20210123193357","daily_mods":["Cursed Run","Purple Cards","DeadlyEvents"],"is_ascension_mode":false,"campfire_choices":[{"data":"Bash","floor":6,"key":"SMITH"},{"data":"Defend_R","floor":8,"key":"SMITH"},{"data":"Combust","floor":12,"key":"SMITH"},{"floor":15,"key":"REST"}],"circlet_count":0,"master_deck":["Strike_R","Strike_R","Strike_R","Defend_R+1","Defend_R","Defend_R","Defend_R","Bash+1","Shame","Combust+1","Evolve"],"relics":["Cursed Key","Darkstone Periapt","Du-Vu Doll","InkBottle","Turnip"],"acts_visited":["Exordium"],"potions_floor_usage":[11,16],"damage_taken":[{"damage":1,"enemies":"Jaw Worm","floor":1,"turns":3},{"damage":2,"enemies":"2 Louse","floor":5,"turns":2},{"damage":1,"enemies":"Cultist","floor":7,"turns":3},{"damage":14,"enemies":"Exordium Thugs","floor":10,"turns":5},{"damage":7,"enemies":"Exordium Wildlife","floor":11,"turns":3},{"damage":25,"enemies":"Lagavulin","floor":13,"turns":7},{"damage":4,"enemies":"3 Louse","floor":14,"turns":2},{"damage":33,"enemies":"Hexaghost","floor":16,"turns":6}],"seed_played":"-4692305807027556167","potions_obtained":[{"floor":5,"key":"FearPotion"},{"floor":11,"key":"Fruit Juice"},{"floor":13,"key":"Regen Potion"},{"floor":14,"key":"Weak Potion"}],"is_trial":false,"path_per_floor":["M","?","?","$","M","R","M","R","T","M","M","R","E","M","R","B"],"character_chosen":"IRONCLAD","items_purchased":[],"campfire_rested":1,"item_purchase_floors":[],"current_hp_per_floor":[79,79,79,79,77,77,76,76,82,68,66,66,41,37,64,46,46],"gold":169,"neow_bonus":"","is_daily":true,"chose_seed":false,"campfire_upgraded":3,"win_rate":0.0,"timestamp":1611398037,"path_taken":["M","?","?","$","M","R","M","R","T","?","M","R","?","M","R","BOSS"],"items_purchased_type":[],"build_version":"2020-12-22","purchased_purges":0,"victory":false,"max_hp_per_floor":[80,80,80,80,80,80,80,80,86,86,91,91,91,91,91,91,91],"card_choices":[{"not_picked":["CrushJoints","Thunderclap","Prostrate"],"picked":"SKIP","floor":1},{"not_picked":["BowlingBash","Consecrate","Shrug It Off"],"picked":"SKIP","floor":5},{"not_picked":["Carnage","FearNoEvil","LikeWater"],"picked":"SKIP","floor":7},{"not_picked":["Halt","Swivel","FlyingSleeves"],"picked":"SKIP","floor":10},{"not_picked":["Evaluate","DevaForm"],"picked":"Combust","floor":11},{"not_picked":["Inflame","Flex"],"picked":"Evolve","floor":13},{"not_picked":["EmptyFist","JustLucky","Pommel Strike"],"picked":"SKIP","floor":14}],"player_experience":214416,"relics_obtained":[{"floor":9,"key":"InkBottle"},{"floor":13,"key":"Turnip"}],"event_choices":[{"cards_removed":["Strike_R"],"damage_healed":0,"gold_gain":0,"player_choice":"Forget","damage_taken":0,"max_hp_gain":0,"max_hp_loss":0,"event_name":"Living Wall","floor":2,"gold_loss":0},{"cards_removed":["Strike_R"],"damage_healed":0,"gold_gain":0,"player_choice":"Card Removal","damage_taken":0,"max_hp_gain":0,"max_hp_loss":0,"event_name":"The Cleric","floor":3,"gold_loss":50}],"is_beta":false,"boss_relics":[],"items_purged_floors":[],"is_endless":false,"potions_floor_spawned":[5,11,13,14],"killed_by":"Hexaghost","ascension_level":0}}