{"host":"qsusua7l529r8z9k","time":1611416109,"event":{"mods":["Aspiration","BaseMod","Good Game Mod","Minty Spire (QoL Compilation)","Spicy Shops","StSLib"],"gold_per_floor":[119,133,133,148,73,73,116,116,193,209,236,275,285,314,314,397,424,451,451,462,489,489,525,525,525,604,632,632,661,661,686,686,686,686],"floor_reached":33,"language":"ZHS","playtime":858,"items_purged":["Regret"],"score":844,"play_id":"31c2f502-e4a5-482c-8de9-72c71d6c45c2","local_time":"20210123233509","is_ascension_mode":true,"campfire_choices":[{"data":"Eruption","floor":6.0,"key":"SMITH"},{"data":"ForeignInfluence","floor":15.0,"key":"SMITH"},{"data":"Scrawl","floor":24.0,"key":"SMITH"},{"data":"Fasting2","floor":28.0,"key":"SMITH"},{"data":"TalkToTheHand","floor":30,"key":"SMITH"},{"data":"Tantrum","floor":32,"key":"SMITH"}],"circlet_count":0,"master_deck":["AscendersBane","Defend_P","Defend_P+1","Defend_P","Eruption+1","Vigilance+1","Blade Dance","ForeignInfluence+1","Dagger Spray","Dagger Spray","Tantrum+1","Conclude","Scrawl+1","Scrawl+1","CrushJoints+1","Collect+1","Fasting2+1","FlurryOfBlows+1","TalkToTheHand+1","BowlingBash+1","EmptyMind"],"relics":["PureWater","REME:ComplimentaryCards","NeowsBlessing","Eternal Feather","CeramicFish","Gremlin Horn","Orichalcum","Astrolabe","Mango","MutagenicStrength","Dead Branch","Oddly Smooth Stone","The Courier","aspiration:FrozenJewel"],"acts_visited":["Exordium","TheCity"],"potions_floor_usage":[],"damage_taken":[{"damage":0.0,"enemies":"Jaw Worm","floor":1.0,"turns":1.0},{"damage":0.0,"enemies":"Small Slimes","floor":2.0,"turns":1.0},{"damage":0.0,"enemies":"Cultist","floor":4.0,"turns":1.0},{"damage":22.0,"enemies":"Lagavulin","floor":7.0,"turns":6.0},{"damage":2.0,"enemies":"Red Slaver","floor":10.0,"turns":3.0},{"damage":0.0,"enemies":"3 Sentries","floor":12.0,"turns":2.0},{"damage":0.0,"enemies":"Gremlin Gang","floor":13.0,"turns":1.0},{"damage":0.0,"enemies":"Large Slime","floor":14.0,"turns":2.0},{"damage":0.0,"enemies":"Slime Boss","floor":16.0,"turns":3.0},{"damage":0.0,"enemies":"Spheric Guardian","floor":18.0,"turns":1.0},{"damage":0.0,"enemies":"Chosen","floor":20.0,"turns":2.0},{"damage":0.0,"enemies":"Snecko","floor":21.0,"turns":3.0},{"damage":0.0,"enemies":"Gremlin Leader","floor":23.0,"turns":2.0},{"damage":0.0,"enemies":"Snake Plant","floor":27.0,"turns":2.0},{"damage":0,"enemies":"Book of Stabbing","floor":29,"turns":3},{"damage":0,"enemies":"3 Cultists","floor":31,"turns":2},{"damage":148,"enemies":"Automaton","floor":33,"turns":6}],"seed_played":"891587042786478980","potions_obtained":[{"floor":4.0,"key":"Swift Potion"},{"floor":10.0,"key":"Dexterity Potion"},{"floor":13.0,"key":"BlessingOfTheForge"},{"floor":14.0,"key":"AttackPotion"},{"floor":23.0,"key":"Ancient Potion"},{"floor":29,"key":"SpeedPotion"}],"is_trial":false,"path_per_floor":["M","M","?","M","$","R","E","?","T","M","?","E","M","M","R","B",null,"M","T","M","M","?","E","R","T","T","M","R","E","R","M","R","B"],"character_chosen":"WATCHER","items_purchased":[],"campfire_rested":0,"item_purchase_floors":[],"current_hp_per_floor":[61,61,61,61,61,67,45,25,25,23,23,23,23,23,32,32,59,59,73,73,73,73,73,82,82,82,82,82,82,82,82,82,0,0],"gold":686,"neow_bonus":"THREE_ENEMY_KILL","is_daily":false,"chose_seed":false,"campfire_upgraded":6,"win_rate":0.0,"timestamp":1611416109,"path_taken":["M","M","?","M","$","R","E","?","T","M","?","E","?","M","R","BOSS","BOSS","M","?","?","M","?","E","R","?","T","M","R","E","R","M","R","BOSS"],"items_purchased_type":[],"build_version":"2020-12-22","purchased_purges":1,"victory":false,"max_hp_per_floor":[68,68,68,68,68,68,68,68,68,68,68,68,68,68,68,68,68,68,82,82,82,82,82,82,82,82,82,82,82,82,82,82,82,82],"card_choices":[{"not_picked":["Vengeance","JustLucky","SashWhip"],"picked":"SKIP","floor":1.0},{"not_picked":["SashWhip","Fasting2","Wireheading"],"picked":"SKIP","floor":2.0},{"not_picked":["Nirvana","FlyingSleeves","EmptyBody"],"picked":"SKIP","floor":4.0},{"not_picked":["CrushJoints","Perseverance"],"picked":"ForeignInfluence","floor":7.0},{"not_picked":["FollowUp","FlyingSleeves","Prostrate"],"picked":"SKIP","floor":10.0},{"not_picked":["FearNoEvil","ForeignInfluence"],"picked":"Tantrum","floor":12.0},{"not_picked":["EmptyBody","Consecrate","ThirdEye"],"picked":"SKIP","floor":13.0},{"not_picked":["ThirdEye","Collect"],"picked":"Conclude","floor":14.0},{"not_picked":["DevaForm","Ragnarok"],"picked":"Scrawl","floor":16.0},{"not_picked":["Perseverance","Consecrate"],"picked":"Fasting2","floor":18.0},{"not_picked":["Halt","Pray+1","EmptyFist"],"picked":"SKIP","floor":20.0},{"not_picked":["MentalFortress","Crescendo"],"picked":"FlurryOfBlows+1","floor":21.0},{"not_picked":["Crescendo","Alpha"],"picked":"TalkToTheHand","floor":23.0},{"not_picked":["CrushJoints+1","EmptyBody"],"picked":"BowlingBash+1","floor":27.0},{"not_picked":["PathToVictory","Crescendo","EmptyFist+1"],"picked":"SKIP","floor":29},{"not_picked":["BowlingBash","Conclude"],"picked":"EmptyMind","floor":31}],"player_experience":483903,"relics_obtained":[{"floor":7.0,"key":"CeramicFish"},{"floor":9.0,"key":"Gremlin Horn"},{"floor":12.0,"key":"Orichalcum"},{"floor":19.0,"key":"Mango"},{"floor":23.0,"key":"Dead Branch"},{"floor":25.0,"key":"Oddly Smooth Stone"},{"floor":26.0,"key":"The Courier"},{"floor":29,"key":"aspiration:FrozenJewel"}],"event_choices":[{"damage_healed":0.0,"max_hp_gain":0.0,"max_hp_loss":0.0,"gold_gain":0.0,"event_name":"Big Fish","player_choice":"Box","floor":3.0,"gold_loss":0.0,"damage_taken":0.0,"relics_obtained":["Eternal Feather"],"cards_obtained":["Regret"]},{"damage_healed":0.0,"max_hp_gain":0.0,"max_hp_loss":0.0,"gold_gain":0.0,"event_name":"Shining Light","player_choice":"Entered Light","floor":8.0,"gold_loss":0.0,"damage_taken":20.0,"cards_upgraded":["Defend_P","Vigilance"]},{"damage_healed":0.0,"max_hp_gain":0.0,"max_hp_loss":0.0,"gold_gain":0.0,"event_name":"Drug Dealer","player_choice":"Inject Mutagens","floor":22.0,"gold_loss":0.0,"damage_taken":0.0,"relics_obtained":["MutagenicStrength"]}],"is_beta":false,"boss_relics":[{"not_picked":["aspiration:FutureDiary","aspiration:RitualDagger"],"picked":"Astrolabe"}],"items_purged_floors":[5],"is_endless":false,"potions_floor_spawned":[4,10,13,14,21,23,29],"killed_by":"Automaton","ascension_level":20}}