{"host":"lg2j834m1ujxvni0","time":1611360081,"event":{"mods":["AchievementEnabler","BaseMod","Beaked The Cultist","BetterRewards","Colored Map","Colored Powertips","Conspire","Friendly Minions","Googly Eyes","Hermit","Highlight Path","Hubris","Infinite Spire","Marisa????????","Minty Spire (QoL Compilation)","Quick Restart","Replay The Spire","Shop Mod","StSLib","The Bladedancer","The Bug Knight","The Construct","The Cursed","The Disciple","The Hierophant","The Jungle","The Necromancer","The Runesmith","The Servant 0.9.4"],"gold_per_floor":[112,167,183,15,25,25,52,52,79,79,79,96,96,46,46,151,151,178,178,178,178],"floor_reached":20,"language":"ENG","playtime":1296,"items_purged":[],"score":195,"play_id":"0c70aee8-f74b-44f7-af6c-2f10ecf25e99","local_time":"20210122190121","is_ascension_mode":false,"campfire_choices":[{"data":"construct:ModeShift","floor":6,"key":"SMITH"},{"data":"construct:Synchronize","floor":8,"key":"SMITH"},{"data":"construct:GuardCore","floor":15,"key":"SMITH"}],"circlet_count":0,"master_deck":["construct:Defend_Gold","construct:Defend_Gold","construct:Defend_Gold","construct:Defend_Gold","construct:Defend_Gold","construct:AttackMode","construct:DefenseMode","construct:Boost","construct:GuardCore+1","construct:ShiftGuard","construct:ElectricArmor","construct:Backfire","construct:ShiftGuard","construct:ModeShift+1","construct:Synchronize+1","construct:Versatility","conspire:SpireCoStock","construct:BatteryCore","construct:PointDefense+1","Bite","Bite","Bite","Bite","Bite"],"relics":["construct:Cogwheel","NeowsBlessing","Replay:Bottled Flurry","Potion Belt","Nunchaku","hubris:Towel","Orichalcum","hubris:ScarierMask"],"acts_visited":["Exordium","TheCity"],"potions_floor_usage":[16,16,16],"damage_taken":[{"damage":0,"enemies":"2 Louse","floor":1,"turns":1},{"damage":0,"enemies":"conspire:RoseBush","floor":3,"turns":1},{"damage":0,"enemies":"Jaw Worm","floor":5,"turns":1},{"damage":15,"enemies":"Replay:BlueRogue","floor":7,"turns":5},{"damage":5,"enemies":"Blue Slaver","floor":12,"turns":3},{"damage":8,"enemies":"The Guardian","floor":16,"turns":8},{"damage":3,"enemies":"2 Thieves","floor":18,"turns":4},{"damage":0,"enemies":"Shell Parasite","floor":20,"turns":1}],"seed_played":"7614570163364959152","potions_obtained":[{"floor":2,"key":"ColorlessPotion"},{"floor":7,"key":"AttackPotion"},{"floor":12,"key":"LifebloodPotion"}],"is_trial":false,"path_per_floor":["M","?","M","$","M","R","E","R","T","?","?","M","?","?","R","B",null,"M","?","M"],"character_chosen":"THE_CONSTRUCT_MOD","items_purchased":["construct:ElectricArmor","construct:Backfire","construct:ShiftGuard"],"campfire_rested":0,"item_purchase_floors":[4,4,4],"current_hp_per_floor":[85,51,51,51,51,51,36,36,36,36,64,59,52,52,52,44,85,82,59,59,59],"gold":178,"neow_bonus":"THREE_ENEMY_KILL","is_daily":false,"chose_seed":false,"campfire_upgraded":3,"win_rate":0.0,"timestamp":1611360081,"path_taken":["M","?","M","$","M","R","E","R","T","?","?","?","?","?","R","BOSS","M","?","M"],"items_purchased_type":["Card","Card","Card"],"build_version":"2020-12-22","purchased_purges":0,"victory":false,"max_hp_per_floor":[85,85,85,85,85,85,85,85,85,85,85,85,85,85,85,85,85,85,59,59,59],"card_choices":[{"not_picked":["construct:GuardCore","construct:VentSteam"],"picked":"construct:Boost","floor":1},{"not_picked":["construct:Dampening","construct:Forcefield"],"picked":"construct:GuardCore","floor":2},{"not_picked":["construct:VentSteam","construct:Boost"],"picked":"construct:ShiftGuard","floor":3},{"not_picked":["construct:Chainstrike","construct:Analyze"],"picked":"construct:ModeShift","floor":5},{"not_picked":["construct:MassProduction","construct:ClusterMines"],"picked":"construct:Synchronize","floor":7},{"not_picked":["construct:Boost","construct:Electrocute"],"picked":"construct:Versatility","floor":12},{"not_picked":["construct:Multistage","construct:SiegeForm"],"picked":"construct:BatteryCore","floor":16},{"not_picked":["construct:VentSteam","construct:Autoturret"],"picked":"construct:PointDefense+1","floor":18}],"player_experience":140020,"relics_obtained":[{"floor":2,"key":"Replay:Bottled Flurry"},{"floor":7,"key":"Potion Belt"},{"floor":9,"key":"Nunchaku"}],"event_choices":[{"damage_healed":28,"gold_gain":0,"player_choice":"Banana","damage_taken":0,"max_hp_gain":0,"max_hp_loss":0,"event_name":"Big Fish","floor":11,"gold_loss":0},{"damage_healed":0,"gold_gain":0,"player_choice":"Success","damage_taken":7,"relics_obtained":["Orichalcum"],"max_hp_gain":0,"max_hp_loss":0,"event_name":"Scrap Ooze","floor":13,"gold_loss":0},{"damage_healed":0,"gold_gain":0,"player_choice":"Invest 1","damage_taken":0,"max_hp_gain":0,"max_hp_loss":0,"event_name":"conspire:Investor","floor":14,"gold_loss":0},{"damage_healed":0,"gold_gain":0,"player_choice":"Became a vampire","damage_taken":0,"max_hp_gain":0,"max_hp_loss":26,"event_name":"Vampires","floor":19,"gold_loss":0,"cards_obtained":["Bite","Bite","Bite","Bite","Bite"]}],"is_beta":false,"boss_relics":[{"not_picked":["SacredBark","Painkiller Herb"],"picked":"hubris:ScarierMask"}],"items_purged_floors":[],"is_endless":false,"potions_floor_spawned":[7,12],"killed_by":"Shell Parasite","ascension_level":0}}