{"host":"6xsbn6ynqlzwllfm","time":1611418814,"event":{"mods":["2.2 Compatiblity","BaseMod","Bestiary","Colored Map","Colored Powertips","Curses Come First","Highlight Path","Keyboard Shortcuts","Minty Spire (QoL Compilation)","Quick Restart","Relic Stats","Slay the Relics Exporter","StSLib","SuperFastMode"],"gold_per_floor":[109,129,1,19,19,53,53,79,102,129,129,148,148,173,173,249,249,266,18,35,52,65,65,91,91,91,141,159,187,200,235,235,308,308,327,327,342,362,64,99,113,143,221,221,85,35,46,46,46,46,46],"floor_reached":52,"language":"ENG","playtime":4146,"items_purged":["Strike_R","Strike_R","Anger"],"score":2000,"play_id":"27a6172a-3164-469f-9509-d108383d5e5b","local_time":"20210123112014","daily_mods":["Diverse","Colorless Cards"],"is_ascension_mode":true,"campfire_choices":[{"data":"Reprogram","floor":7,"key":"SMITH"},{"data":"Deep Breath","floor":11,"key":"SMITH"},{"data":"Bash","floor":15,"key":"SMITH"},{"floor":23,"key":"REST"},{"data":"Aggregate","floor":25,"key":"SMITH"},{"data":"Secret Technique","floor":32,"key":"SMITH"},{"floor":44,"key":"REST"},{"floor":49,"key":"REST"}],"circlet_count":0,"master_deck":["AscendersBane","Strike_R","Strike_R","Strike_R","Defend_R","Defend_R","Defend_R","Defend_R","Bash+1","EmptyMind+1","Reprogram+1","Conserve Battery","Battle Trance","Deep Breath+1","Sweeping Beam","Secret Technique+1","Backflip","Reprogram+1","Uppercut","Aggregate+1","Burning Pact+1","Riddle With Holes+1","Dodge and Roll","Creative AI","Finesse","Turbo","Dropkick","True Grit"],"relics":["Burning Blood","Strawberry","Centennial Puzzle","Omamori","Red Skull","WarpedTongs","Oddly Smooth Stone","Calling Bell","Magic Flower","Ornamental Fan","Anchor","DollysMirror","Bag of Preparation","Smiling Mask","Toy Ornithopter","MealTicket","Fusion Hammer","PreservedInsect","Akabeko","Darkstone Periapt","Mercury Hourglass"],"acts_visited":["Exordium","TheCity","TheBeyond"],"potions_floor_usage":[6,10,31,36,37,40,42,42,51],"damage_taken":[{"damage":1,"enemies":"2 Louse","floor":1,"turns":2},{"damage":1,"enemies":"Cultist","floor":2,"turns":3},{"damage":9,"enemies":"Jaw Worm","floor":4,"turns":4},{"damage":29,"enemies":"3 Sentries","floor":6,"turns":9},{"damage":4,"enemies":"Lagavulin","floor":8,"turns":7},{"damage":8,"enemies":"Gremlin Nob","floor":10,"turns":3},{"damage":2,"enemies":"Red Slaver","floor":12,"turns":4},{"damage":21,"enemies":"3 Sentries","floor":14,"turns":8},{"damage":21,"enemies":"Slime Boss","floor":16,"turns":10},{"damage":30,"enemies":"Chosen","floor":18,"turns":7},{"damage":11,"enemies":"Shell Parasite","floor":20,"turns":5},{"damage":17,"enemies":"Snecko","floor":21,"turns":4},{"damage":35,"enemies":"Sentry and Sphere","floor":22,"turns":6},{"damage":7,"enemies":"Book of Stabbing","floor":24,"turns":4},{"damage":3,"enemies":"Cultist and Chosen","floor":28,"turns":5},{"damage":0,"enemies":"Gremlin Leader","floor":29,"turns":4},{"damage":0,"enemies":"3 Cultists","floor":30,"turns":3},{"damage":9,"enemies":"Slavers","floor":31,"turns":5},{"damage":32,"enemies":"Automaton","floor":33,"turns":12},{"damage":1,"enemies":"3 Shapes","floor":35,"turns":3},{"damage":9,"enemies":"3 Darklings","floor":37,"turns":5},{"damage":5,"enemies":"Transient","floor":38,"turns":6},{"damage":0,"enemies":"Reptomancer","floor":40,"turns":2},{"damage":0,"enemies":"4 Shapes","floor":41,"turns":4},{"damage":52,"enemies":"Giant Head","floor":42,"turns":8},{"damage":1,"enemies":"3 Darklings","floor":47,"turns":5},{"damage":14,"enemies":"Awakened One","floor":50,"turns":12},{"damage":54,"enemies":"Time Eater","floor":51,"turns":11}],"seed_played":"325379024429561378","potions_obtained":[{"floor":2,"key":"SneckoOil"},{"floor":4,"key":"DistilledChaos"},{"floor":6,"key":"LiquidMemories"},{"floor":16,"key":"EssenceOfSteel"},{"floor":18,"key":"Block Potion"},{"floor":20,"key":"Fire Potion"},{"floor":31,"key":"EntropicBrew"},{"floor":36,"key":"Fruit Juice"},{"floor":36,"key":"DuplicationPotion"},{"floor":37,"key":"Fire Potion"},{"floor":42,"key":"SpeedPotion"},{"floor":47,"key":"LiquidMemories"}],"is_trial":true,"path_per_floor":["M","M","$","M","?","E","R","E","T","E","R","M","?","E","R","B",null,"M","$","M","M","M","R","E","R","T","?","M","E","M","E","R","B",null,"M","?","M","M","$","E","M","E","T","R","$","?","M","$","R","B","B",null],"character_chosen":"IRONCLAD","items_purchased":["Reprogram","Fire Potion","DollysMirror","Dropkick","PreservedInsect","ElixirPotion"],"campfire_rested":3,"item_purchase_floors":[3,3,19,39,39,45],"current_hp_per_floor":[73,75,75,72,77,61,61,63,63,61,61,65,65,50,50,35,74,53,53,51,43,17,43,45,45,45,37,43,52,61,69,69,46,77,85,92,92,92,92,92,92,59,59,86,92,92,92,92,92,87,47],"gold":46,"neow_bonus":"","is_daily":false,"chose_seed":false,"campfire_upgraded":5,"win_rate":0.0,"timestamp":1611418814,"path_taken":["M","M","$","M","?","E","R","E","T","E","R","M","?","E","R","BOSS","M","$","?","M","?","R","E","R","T","?","?","E","M","E","R","BOSS","M","?","M","?","$","E","M","E","T","R","$","?","M","?","R","BOSS","BOSS"],"items_purchased_type":["Card","Potion","Relic","Card","Relic","Potion"],"build_version":"2020-12-22","purchased_purges":3,"victory":true,"max_hp_per_floor":[75,75,75,75,80,87,87,87,87,87,87,87,87,87,87,87,87,87,87,87,87,87,87,87,87,87,87,87,87,87,87,87,87,87,87,92,92,92,92,92,92,92,92,92,92,92,92,92,92,92,92],"relic_stats":{"Darkstone Periapt":0,"counters":[28,161],"Magic Flower":[51],"PreservedInsect":192,"Bag of Preparation":[28],"Smiling Mask":125,"Burning Blood":192,"WarpedTongs":[124],"Mercury Hourglass":[99],"Centennial Puzzle":[57],"Ornamental Fan":[128],"MealTicket":6,"obtain_stats":[{"Darkstone Periapt":42,"Oddly Smooth Stone":14,"Magic Flower":17,"PreservedInsect":39,"Omamori":9,"Bag of Preparation":24,"Smiling Mask":26,"Burning Blood":0,"Akabeko":40,"WarpedTongs":13,"Mercury Hourglass":43,"Calling Bell":17,"Centennial Puzzle":8,"Anchor":17,"Ornamental Fan":17,"DollysMirror":19,"Strawberry":6,"MealTicket":31,"Fusion Hammer":34,"Red Skull":10,"Toy Ornithopter":29},{"Darkstone Periapt":25,"Oddly Smooth Stone":8,"Magic Flower":9,"PreservedInsect":22,"Omamori":5,"Bag of Preparation":14,"Smiling Mask":14,"Burning Blood":0,"Akabeko":23,"WarpedTongs":7,"Mercury Hourglass":25,"Calling Bell":9,"Centennial Puzzle":5,"Anchor":9,"Ornamental Fan":9,"DollysMirror":10,"Strawberry":4,"MealTicket":18,"Fusion Hammer":19,"Red Skull":6,"Toy Ornithopter":16},{"Darkstone Periapt":133,"Oddly Smooth Stone":40,"Magic Flower":50,"PreservedInsect":119,"Omamori":25,"Bag of Preparation":76,"Smiling Mask":76,"Burning Blood":0,"Akabeko":121,"WarpedTongs":32,"Mercury Hourglass":133,"Calling Bell":50,"Centennial Puzzle":25,"Anchor":50,"Ornamental Fan":50,"DollysMirror":57,"Strawberry":18,"MealTicket":93,"Fusion Hammer":105,"Red Skull":28,"Toy Ornithopter":85}],"Toy Ornithopter":25},"card_choices":[{"not_picked":["Havoc","Wallop"],"picked":"Anger","floor":1},{"not_picked":["Vengeance","Crescendo"],"picked":"EmptyMind","floor":2},{"not_picked":["Sentinel","Ghostly Armor"],"picked":"Conserve Battery","floor":4},{"not_picked":["EmptyBody","Compile Driver"],"picked":"Battle Trance","floor":6},{"not_picked":["Redo","All Out Attack","ReachHeaven"],"picked":"SKIP","floor":8},{"not_picked":["Escape Plan","Dash"],"picked":"Deep Breath","floor":10},{"not_picked":["Chill","Gash"],"picked":"Sweeping Beam","floor":12},{"not_picked":["Consume","Catalyst","Stack"],"picked":"SKIP","floor":14},{"not_picked":["MasterReality","Juggernaut"],"picked":"Secret Technique","floor":16},{"not_picked":["PanicButton","Barrage"],"picked":"Backflip","floor":18},{"not_picked":["Deadly Poison","Slice+1"],"picked":"Uppercut","floor":20},{"not_picked":["Chaos+1","Flying Knee","Multi-Cast"],"picked":"SKIP","floor":21},{"not_picked":["Catalyst","Clothesline+1"],"picked":"Aggregate","floor":22},{"not_picked":["Beam Cell","Go for the Eyes"],"picked":"Burning Pact+1","floor":24},{"not_picked":["Predator","Genetic Algorithm"],"picked":"Riddle With Holes+1","floor":28},{"not_picked":["Entrench","Clash"],"picked":"Dodge and Roll","floor":29},{"not_picked":["Inflame","Swift Strike","Backstab"],"picked":"SKIP","floor":30},{"not_picked":["Flex","Compile Driver","Beam Cell"],"picked":"SKIP","floor":31},{"not_picked":["Transmutation","Demon Form"],"picked":"Creative AI","floor":33},{"not_picked":["Outmaneuver+1","Pommel Strike"],"picked":"Finesse","floor":35},{"not_picked":["WindmillStrike","Intimidate"],"picked":"Turbo","floor":37},{"not_picked":["Halt+1","White Noise","Iron Wave"],"picked":"SKIP","floor":40},{"not_picked":["Leg Sweep+1","Dagger Throw","Dramatic Entrance"],"picked":"SKIP","floor":41},{"not_picked":["Coolheaded","Turbo+1"],"picked":"True Grit","floor":47}],"player_experience":1080211,"relics_obtained":[{"floor":6,"key":"Strawberry"},{"floor":8,"key":"Centennial Puzzle"},{"floor":9,"key":"Omamori"},{"floor":10,"key":"Red Skull"},{"floor":14,"key":"Oddly Smooth Stone"},{"floor":17,"key":"Magic Flower"},{"floor":17,"key":"Ornamental Fan"},{"floor":17,"key":"Anchor"},{"floor":24,"key":"Bag of Preparation"},{"floor":26,"key":"Smiling Mask"},{"floor":29,"key":"Toy Ornithopter"},{"floor":31,"key":"MealTicket"},{"floor":40,"key":"Akabeko"},{"floor":42,"key":"Darkstone Periapt"},{"floor":43,"key":"Mercury Hourglass"}],"event_choices":[{"damage_healed":0,"gold_gain":0,"player_choice":"Donut","damage_taken":0,"max_hp_gain":5,"max_hp_loss":0,"event_name":"Big Fish","floor":5,"gold_loss":0},{"damage_healed":0,"gold_gain":0,"player_choice":"Rummage","damage_taken":0,"relics_obtained":["WarpedTongs"],"max_hp_gain":0,"max_hp_loss":0,"event_name":"Accursed Blacksmith","floor":13,"gold_loss":0,"cards_obtained":["Pain"]},{"damage_healed":0,"gold_gain":50,"player_choice":"Touch","damage_taken":8,"max_hp_gain":0,"max_hp_loss":0,"event_name":"FaceTrader","floor":27,"gold_loss":0},{"damage_healed":0,"gold_gain":0,"player_choice":"Got Potions","damage_taken":0,"max_hp_gain":0,"max_hp_loss":0,"event_name":"Lab","floor":36,"gold_loss":0},{"damage_healed":0,"gold_gain":0,"player_choice":"Upgrade","damage_taken":0,"max_hp_gain":0,"max_hp_loss":0,"event_name":"Designer","floor":46,"gold_loss":50,"cards_upgraded":["EmptyMind"]}],"is_beta":false,"boss_relics":[{"not_picked":["Sozu","SacredBark"],"picked":"Calling Bell"},{"not_picked":["Runic Cube","Empty Cage"],"picked":"Fusion Hammer"}],"items_purged_floors":[19,39,45],"is_endless":false,"potions_floor_spawned":[2,4,6,16,18,20,29,31,37,42,47],"ascension_level":20}}