{"host":"wmtpv4eernmufsky","time":1611423338,"event":{"mods":["ATMod(阿瑾Mod)","Act Like it!","Arknights The Spire","Ascension Reborn","Aspiration","BaseMod","Decade(王小明)","FoggyMod","Friendly Minions","Gensokyo","KinomotoSakuraMod(木之本樱)","Lobotomy","LobotomyExtend","Minty Spire (QoL Compilation)","MostiFishMod","Remilia（蕾米莉亚）","StSLib","The Servant 0.9.4","TheWitcher","Waifu the Spire","Yakumo Yukari mod","Youmu（魂魄妖梦）","【功能Mod】混沌之环修复补丁","【功能Mod】聪明的最终Boss","残留之物"],"gold_per_floor":[110,64,29,29,29,29,45,45,99,99,99],"floor_reached":10,"language":"ZHS","playtime":357,"items_purged":[],"score":54,"play_id":"d52da235-eef1-4054-8acd-7bf11e9933aa","local_time":"20210124013538","is_ascension_mode":true,"campfire_choices":[{"data":"PlaceholderMod:DirectingGroup","floor":6,"key":"SMITH"},{"data":"PlaceholderMod:PoisonAbsorb","floor":8,"key":"SMITH"}],"circlet_count":0,"master_deck":["PlaceholderMod:BaseStrike","PlaceholderMod:BaseStrike","PlaceholderMod:BaseStrike","PlaceholderMod:BaseStrike","PlaceholderMod:BaseStrike","PlaceholderMod:BaseDefend","PlaceholderMod:BaseDefend","PlaceholderMod:BaseDefend","PlaceholderMod:BaseDefend","PlaceholderMod:BaseDefend","PlaceholderMod:Crystal","PlaceholderMod:PoisonWhip","AT_FamilyPortrait+1","OSAHOGD","PlaceholderMod:DirectingGroup+1","PlaceholderMod:ProliferateStrike","PunishingBird","PlaceholderMod:PoisonAbsorb+1"],"relics":["PlaceholderMod:Tancle","AT_ATBox","DaveBox","CogitoBucket","BrkXgEgg","LetterFromLob","SynthV:TestCard","Bag of Marbles"],"acts_visited":["Exordium"],"potions_floor_usage":[],"damage_taken":[{"damage":13,"enemies":"Cultist","floor":1,"turns":5},{"damage":12,"enemies":"2 Louse","floor":7,"turns":3},{"damage":100,"enemies":"Lagavulin","floor":10,"turns":1}],"seed_played":"37544175485311039","potions_obtained":[],"is_trial":false,"path_per_floor":["M","$","?","?","$","R","M","R","T","E"],"character_chosen":"THE_PLACEHOLDER","items_purchased":["PlaceholderMod:ProliferateStrike"],"campfire_rested":0,"item_purchase_floors":[2],"current_hp_per_floor":[65,65,78,78,78,78,66,66,66,0,0],"gold":99,"neow_bonus":"","is_daily":false,"chose_seed":false,"campfire_upgraded":2,"win_rate":0.0,"timestamp":1611423338,"path_taken":["M","$","?","?","?","R","?","R","T","E"],"items_purchased_type":["Card"],"build_version":"2020-12-22","purchased_purges":0,"victory":false,"max_hp_per_floor":[78,78,78,78,78,78,78,78,78,78,78],"card_choices":[{"not_picked":["FieryBird","WallGazer"],"picked":"OSAHOGD","floor":1},{"not_picked":["PlaceholderMod:RadicalHit","PlaceholderMod:FastReaction"],"picked":"PlaceholderMod:DirectingGroup","floor":1},{"not_picked":["GalaxyChild","Rudolta"],"picked":"PunishingBird","floor":7},{"not_picked":["PlaceholderMod:RadicalHit","PlaceholderMod:Stratification","PlaceholderMod:Internalization","PlaceholderMod:ContinueSpray"],"picked":"PlaceholderMod:PoisonAbsorb","floor":7}],"player_experience":248123,"relics_obtained":[{"floor":1,"key":"LetterFromLob"},{"floor":1,"key":"SynthV:TestCard"},{"floor":9,"key":"Bag of Marbles"}],"event_choices":[{"damage_healed":19,"gold_gain":0,"player_choice":"Healed","damage_taken":0,"max_hp_gain":0,"max_hp_loss":0,"event_name":"The Cleric","floor":3,"gold_loss":35}],"is_beta":false,"boss_relics":[],"items_purged_floors":[],"is_endless":false,"potions_floor_spawned":[],"killed_by":"Lagavulin","ascension_level":0}}