{"host":"344lv32hnei0mdhu","time":1611436742,"event":{"mods":["Act Like it!","BaseMod","Better Match","Better Sensory Stone","Better Skull","Better Third Choice","Better Vampires","Colored Powertips","Highlight Path","Minty Spire (QoL Compilation)","Quick Restart","Random Character Button","Rare Cards Sparkle","StSLib"],"gold_per_floor":[113,61,61,25,25,25,60,60,60,71,82,99,126,137,137,242,242,262,23,23,35,35,35,68,68,68,80,92,122,41,61,61,161,161,172,172,189,189,189,189,0,0,25,25,25],"floor_reached":44,"language":"ENG","playtime":1773,"items_purged":[],"score":742,"play_id":"bb4a8e71-7885-4a7a-97eb-32dedc469874","local_time":"20210123151902","is_ascension_mode":true,"campfire_choices":[{"data":"Blade Dance","floor":6,"key":"SMITH"},{"data":"Cloak And Dagger","floor":8,"key":"SMITH"},{"data":"Footwork","floor":15,"key":"SMITH"},{"floor":23,"key":"REST"},{"floor":25,"key":"REST"},{"floor":32,"key":"REST"},{"floor":40,"key":"REST"},{"floor":42,"key":"RECALL"}],"circlet_count":0,"master_deck":["AscendersBane","Strike_G+1","Strike_G+1","Strike_G+1","Strike_G+1","Strike_G+1","Defend_G+1","Defend_G+1","Defend_G+1","Defend_G+1","Defend_G+1","Survivor","Neutralize","Cloak And Dagger+1","Blade Dance+1","Choke+1","After Image","Backflip","Footwork+1","Dash+1","Night Terror","Burst","Accuracy+1","Backstab+1","Accuracy","Die Die Die+1","Noxious Fumes+1","Writhe"],"relics":["Ring of the Snake","NeowsBlessing","Nunchaku","Molten Egg 2","Ancient Tea Set","WristBlade","Kunai","Potion Belt","InkBottle","SlaversCollar","Red Mask","Orichalcum"],"acts_visited":["Exordium","TheCity","TheBeyond"],"potions_floor_usage":[12,12,16,24,29,33,44],"damage_taken":[{"damage":0,"enemies":"2 Louse","floor":1,"turns":1},{"damage":0,"enemies":"Gremlin Nob","floor":7,"turns":1},{"damage":0,"enemies":"Jaw Worm","floor":10,"turns":1},{"damage":0,"enemies":"Small Slimes","floor":11,"turns":3},{"damage":0,"enemies":"3 Louse","floor":12,"turns":4},{"damage":6,"enemies":"Lagavulin","floor":13,"turns":8},{"damage":0,"enemies":"Exordium Wildlife","floor":14,"turns":2},{"damage":6,"enemies":"Hexaghost","floor":16,"turns":9},{"damage":27,"enemies":"Shell Parasite","floor":18,"turns":8},{"damage":0,"enemies":"Chosen","floor":21,"turns":3},{"damage":20,"enemies":"Book of Stabbing","floor":24,"turns":4},{"damage":29,"enemies":"Shelled Parasite and Fungi","floor":27,"turns":7},{"damage":2,"enemies":"Snecko","floor":28,"turns":3},{"damage":37,"enemies":"Gremlin Leader","floor":29,"turns":10},{"damage":0,"enemies":"Centurion and Healer","floor":31,"turns":5},{"damage":9,"enemies":"Automaton","floor":33,"turns":10},{"damage":3,"enemies":"3 Darklings","floor":35,"turns":8},{"damage":20,"enemies":"Orb Walker","floor":37,"turns":5},{"damage":86,"enemies":"Transient","floor":44,"turns":5}],"seed_played":"-1142149400048377789","potions_obtained":[{"floor":7,"key":"Poison Potion"},{"floor":11,"key":"Poison Potion"},{"floor":12,"key":"Swift Potion"},{"floor":13,"key":"Strength Potion"},{"floor":21,"key":"Regen Potion"},{"floor":24,"key":"EssenceOfSteel"},{"floor":29,"key":"Block Potion"},{"floor":37,"key":"CunningPotion"}],"is_trial":false,"path_per_floor":["M","$","?","$","?","R","E","R","T","M","M","M","E","M","R","B",null,"M","$","?","M","?","R","E","R","T","M","M","E","$","M","R","B",null,"M","?","M","?","?","R","?","R","T","M"],"character_chosen":"THE_SILENT","items_purchased":["Blade Dance","Choke","Kunai","Accuracy"],"campfire_rested":4,"item_purchase_floors":[2,4,19,30],"current_hp_per_floor":[63,63,63,63,63,63,63,63,63,63,63,63,57,57,57,51,65,38,38,38,38,38,59,48,69,69,40,38,1,1,1,22,13,56,53,53,33,51,51,70,70,70,70,0,0],"gold":25,"neow_bonus":"THREE_ENEMY_KILL","is_daily":false,"chose_seed":false,"campfire_upgraded":3,"win_rate":0.0,"timestamp":1611436742,"path_taken":["M","$","?","$","?","R","E","R","T","M","M","M","E","M","R","BOSS","M","$","?","M","?","R","E","R","T","M","M","E","$","M","R","BOSS","M","?","?","?","?","R","?","R","T","M"],"items_purchased_type":["Card","Card","Relic","Card"],"build_version":"2020-12-22","purchased_purges":0,"victory":false,"max_hp_per_floor":[70,70,70,70,70,70,70,70,70,70,70,70,70,70,70,70,70,70,70,70,70,70,70,70,70,70,70,70,70,70,70,70,70,70,70,70,70,70,70,70,70,70,70,70,70],"card_choices":[{"not_picked":["Dagger Throw","Deadly Poison"],"picked":"Cloak And Dagger","floor":1},{"not_picked":["Glass Knife","Catalyst"],"picked":"After Image","floor":7},{"not_picked":["Acrobatics","Bane+1"],"picked":"Backflip","floor":10},{"not_picked":["Dodge and Roll","Reflex"],"picked":"Footwork","floor":11},{"not_picked":["Poisoned Stab+1","Prepared"],"picked":"Dash+1","floor":12},{"not_picked":["PiercingWail","Outmaneuver"],"picked":"Night Terror","floor":13},{"not_picked":["Underhanded Strike+1","Calculated Gamble","Heel Hook+1"],"picked":"SKIP","floor":14},{"not_picked":["Bullet Time","Storm of Steel"],"picked":"Burst","floor":16},{"not_picked":["PiercingWail","Noxious Fumes"],"picked":"Accuracy+1","floor":18},{"not_picked":["Riddle With Holes+1","Dodge and Roll","Deadly Poison+1"],"picked":"SKIP","floor":21},{"not_picked":["Endless Agony+1","Deflect+1","Riddle With Holes+1"],"picked":"SKIP","floor":24},{"not_picked":["Blade Dance","Sucker Punch+1","Dagger Spray+1"],"picked":"SKIP","floor":27},{"not_picked":["Bouncing Flask","Cloak And Dagger","Sucker Punch+1"],"picked":"SKIP","floor":28},{"not_picked":["Underhanded Strike+1","Blade Dance+1"],"picked":"Backstab+1","floor":29},{"not_picked":["Bouncing Flask+1","Tactician+1","Calculated Gamble+1"],"picked":"SKIP","floor":31},{"not_picked":["Tools of the Trade","Burst"],"picked":"Die Die Die+1","floor":33},{"not_picked":["Acrobatics+1","Riddle With Holes+1"],"picked":"Noxious Fumes+1","floor":35},{"not_picked":["Deflect","Blade Dance","Dodge and Roll+1"],"picked":"SKIP","floor":37}],"player_experience":376159,"relics_obtained":[{"floor":7,"key":"Nunchaku"},{"floor":9,"key":"Molten Egg 2"},{"floor":13,"key":"Ancient Tea Set"},{"floor":24,"key":"Potion Belt"},{"floor":29,"key":"InkBottle"},{"floor":43,"key":"Orichalcum"}],"event_choices":[{"damage_healed":0,"gold_gain":0,"player_choice":"Ignored","damage_taken":61,"max_hp_gain":0,"max_hp_loss":0,"event_name":"betterThird:BetterSerpent","floor":3,"gold_loss":0},{"damage_healed":0,"gold_gain":0,"player_choice":"Grow","damage_taken":0,"max_hp_gain":0,"max_hp_loss":0,"event_name":"Living Wall","floor":5,"gold_loss":0,"cards_upgraded":["Choke"]},{"damage_healed":0,"gold_gain":0,"player_choice":"Ignored","damage_taken":0,"max_hp_gain":0,"max_hp_loss":0,"event_name":"The Mausoleum","floor":20,"gold_loss":0},{"damage_healed":0,"gold_gain":0,"player_choice":"Simplicity","damage_taken":0,"max_hp_gain":0,"max_hp_loss":10,"event_name":"betterThird:BetterWriting","floor":22,"gold_loss":0},{"damage_healed":0,"gold_gain":0,"player_choice":"Ignored","damage_taken":0,"max_hp_gain":0,"max_hp_loss":0,"event_name":"betterThird:BetterPortal","floor":36,"gold_loss":0},{"damage_healed":18,"gold_gain":0,"player_choice":"Writhe","damage_taken":0,"max_hp_gain":0,"max_hp_loss":0,"event_name":"Winding Halls","floor":38,"gold_loss":0,"cards_obtained":["Writhe"]},{"damage_healed":0,"gold_gain":0,"player_choice":"Ignored","damage_taken":0,"max_hp_gain":0,"max_hp_loss":0,"event_name":"Mysterious Sphere","floor":39,"gold_loss":0},{"damage_healed":0,"gold_gain":0,"player_choice":"Paid","damage_taken":0,"relics_obtained":["Red Mask"],"max_hp_gain":0,"max_hp_loss":0,"event_name":"Tomb of Lord Red Mask","floor":41,"gold_loss":189}],"is_beta":false,"boss_relics":[{"not_picked":["Busted Crown","Snecko Eye"],"picked":"WristBlade"},{"not_picked":["Philosopher\u0027s Stone","Pandora\u0027s Box"],"picked":"SlaversCollar"}],"items_purged_floors":[],"is_endless":false,"potions_floor_spawned":[7,11,12,13,21,24,29,37],"killed_by":"Transient","ascension_level":11}}