{"host":"2b0fqapnd02ydmuo","time":1611442674,"event":{"mods":["AchievementEnabler","Aspiration","BaseMod","Better Altar","Better Match","Better Note","Better Sensory Stone","Better Skull","Better Third Choice","BetterRewards","CCEM","Clawfect","Colored Map","Conspire","GifTheSpireLib","Googly Eyes","Halation","Highlight Path","Hubris","Infinite Spire","Jedi Mod","Jorbs\u0027s Wanderer Trilogy","Marisa????????","Mimic Mod","Minty Spire (QoL Compilation)","Permanent Neow","Replay The Spire","Shade Mod","Shop Mod","Spicy Shops","StSLib","Stuff the Spire","The Blackbeard","The Bug Knight","The Elementalist","The Jungle","Unceasing Turn Reminder","everything is the same but u backflip on backflip","slay the spire mod where everything is the same but ironclad has a cowboy hat"],"gold_per_floor":[132,132,161,161,161,161,178,178,178,208,8,108,173,226,226,298,298,298],"floor_reached":16,"language":"ENG","playtime":394,"items_purged":[],"score":138,"play_id":"692ef6e9-7c75-465f-a8de-47aedf92a392","local_time":"20210123235754","is_ascension_mode":true,"campfire_choices":[{"data":"blackbeard:Sword","floor":6,"key":"SMITH"},{"floor":15,"key":"REST"}],"circlet_count":0,"master_deck":["blackbeard:BlackbeardStrike","blackbeard:BlackbeardStrike","blackbeard:BlackbeardStrike","blackbeard:BlackbeardStrike+1","blackbeard:IntimidatingStrike+1","blackbeard:BlackbeardDefend","blackbeard:BlackbeardDefend","blackbeard:BlackbeardDefend","blackbeard:BlackbeardDefend","blackbeard:Cutlass","blackbeard:BuriedTreasure+1","blackbeard:Dagger","blackbeard:Sword+1","Regret","blackbeard:Bandana","conspire:SpireCoStock","conspire:SpireCoStock","conspire:SpireCoStock","conspire:SpireCoStock","blackbeard:Spear"],"relics":["blackbeard:LoadTheCannons","StuffTheSpire:RedRose","Whetstone"],"acts_visited":["Exordium"],"potions_floor_usage":[14,16],"damage_taken":[{"damage":3,"enemies":"Small Slimes","floor":1,"turns":4},{"damage":7,"enemies":"conspire:RoseBush","floor":3,"turns":2},{"damage":0,"enemies":"Cultist","floor":7,"turns":2},{"damage":19,"enemies":"conspire:2 RoseBushes","floor":10,"turns":3},{"damage":24,"enemies":"Large Slime","floor":12,"turns":5},{"damage":22,"enemies":"3 Louse","floor":13,"turns":3},{"damage":7,"enemies":"Exordium Thugs","floor":14,"turns":4},{"damage":35,"enemies":"The Guardian","floor":16,"turns":5}],"seed_played":"143139576196215738","potions_obtained":[{"floor":1,"key":"Weak Potion"},{"floor":12,"key":"EssenceOfSteel"},{"floor":13,"key":"jedi:mysterypotion"}],"is_trial":false,"path_per_floor":["M","?","M","?","?","R","M","?","T","M","?","M","M","M","R","B"],"character_chosen":"BLACKBEARD_CLASS","items_purchased":[],"campfire_rested":1,"item_purchase_floors":[],"current_hp_per_floor":[72,77,70,70,78,78,78,78,78,59,59,35,13,6,30,0,0,0],"gold":298,"neow_bonus":"RANDOM_EVENT","is_daily":false,"chose_seed":false,"campfire_upgraded":1,"win_rate":0.0,"timestamp":1611442674,"path_taken":["M","?","M","?","?","R","?","?","T","M","?","M","M","M","R","BOSS"],"items_purchased_type":[],"build_version":"2020-12-22","purchased_purges":0,"victory":false,"max_hp_per_floor":[75,80,80,80,80,80,80,80,80,80,80,80,80,80,80,80,80,80],"card_choices":[{"not_picked":["blackbeard:Fencing","blackbeard:RearmingStrike"],"picked":"blackbeard:Dagger","floor":1},{"not_picked":["blackbeard:BlindAttacks","blackbeard:SwordDance"],"picked":"blackbeard:Sword","floor":3},{"not_picked":["blackbeard:SwordDance","blackbeard:Toast","blackbeard:DoubleBottom"],"picked":"SKIP","floor":7},{"not_picked":["blackbeard:DangerousBlow","blackbeard:BeatUp"],"picked":"blackbeard:Bandana","floor":10},{"not_picked":["blackbeard:CloakAndCannonball","blackbeard:PirateEarring","blackbeard:ArmorUp"],"picked":"SKIP","floor":12},{"not_picked":["blackbeard:SwordDance","blackbeard:BlindAttacks"],"picked":"blackbeard:Spear","floor":13},{"not_picked":["blackbeard:WiseDefense","blackbeard:Sword","blackbeard:SwordDance"],"picked":"SKIP","floor":14}],"player_experience":93996,"relics_obtained":[{"floor":9,"key":"Whetstone"}],"event_choices":[{"damage_healed":0,"gold_gain":0,"player_choice":"Donut","damage_taken":0,"max_hp_gain":5,"max_hp_loss":0,"event_name":"Big Fish","floor":2,"gold_loss":0},{"damage_healed":0,"gold_gain":0,"player_choice":"Grow","damage_taken":0,"max_hp_gain":0,"max_hp_loss":0,"event_name":"Living Wall","floor":4,"gold_loss":0,"cards_upgraded":["blackbeard:BuriedTreasure"]},{"damage_healed":0,"gold_gain":0,"player_choice":"Invest 4","damage_taken":0,"max_hp_gain":0,"max_hp_loss":0,"event_name":"conspire:Investor","floor":11,"gold_loss":0}],"is_beta":false,"boss_relics":[],"items_purged_floors":[],"is_endless":false,"potions_floor_spawned":[1,12,13],"killed_by":"The Guardian","ascension_level":4}}