{"host":"5kerkh94hj8hofz6","time":1611444083,"event":{"mods":["AchievementEnabler","BaseMod","Colored Powertips","Minty Spire (QoL Compilation)","StSLib","The Cursed"],"gold_per_floor":[116,116,116,38,11,11,24,24,49,75,75,75,75,89,89,190,190,208,208,208,223,237,272,272,303,303,303,313,313,326,352,352,457,457,470,470,316,336,352,686,700,447,447,447,460,506,506,516,516,516,516,516,132,165,165],"floor_reached":56,"language":"ENG","playtime":3942,"items_purged":["TheCursedMod:Strike_TheCursed+1","TheCursedMod:Defend_TheCursed+1","TheCursedMod:Defend_TheCursed+1"],"score":1233,"play_id":"c6c7ebd6-985a-40e2-8479-51e0b2279dbb","local_time":"20210124122123","is_ascension_mode":false,"campfire_choices":[{"data":"TheCursedMod:Stigma","floor":6.0,"key":"SMITH"},{"data":"TheCursedMod:CursedWand","floor":8.0,"key":"SMITH"},{"data":"TheCursedMod:CleanUpWorkshop","floor":13.0,"key":"SMITH"},{"data":"TheCursedMod:SpreadPlague","floor":15.0,"key":"SMITH"},{"data":"TheCursedMod:VoidForm","floor":24.0,"key":"SMITH"},{"data":"TheCursedMod:LuckyCharm","floor":27.0,"key":"SMITH"},{"data":"TheCursedMod:Neurasthenia","floor":29.0,"key":"SMITH"},{"floor":32.0,"key":"REST"},{"floor":44.0,"key":"RECALL"},{"data":"TheCursedMod:BloodBarrier","floor":47,"key":"SMITH"},{"data":"TheCursedMod:DarkBarrier","floor":49,"key":"SMITH"},{"data":"TheCursedMod:FleshFromBone","floor":52,"key":"SMITH"}],"circlet_count":0,"master_deck":["TheCursedMod:Strike_TheCursed+1","TheCursedMod:Strike_TheCursed+1","TheCursedMod:Strike_TheCursed+1","TheCursedMod:Defend_TheCursed+1","TheCursedMod:CursedWand+1","TheCursedMod:CleanUpWorkshop+1","TheCursedMod:Dregs","TheCursedMod:CursedAmulet","TheCursedMod:SpitefulStrike","TheCursedMod:Stigma+1","TheCursedMod:ReleasedKnowledge","TheCursedMod:SpreadPlague+1","TheCursedMod:Neurasthenia+1","TheCursedMod:TroublousMinions","Necronomicurse","TheCursedMod:BloodBarrier+1","TheCursedMod:FleshFromBone+1","TheCursedMod:VoidForm+1","TheCursedMod:LuckyCharm+1","TheCursedMod:Evocation","TheCursedMod:DarkBarrier+1","TheCursedMod:CursedAmulet+1","TheCursedMod:Hemoplague","TheCursedMod:CursedArmor+1","TheCursedMod:HellsGateOpen+1","TheCursedMod:SpitefulPray+1"],"relics":["TheCursedMod:BlackMagic101","Vajra","Oddly Smooth Stone","InkBottle","StrikeDummy","TheCursedMod:FourLeafCloverCharm","Necronomicon","Kunai","Blood Vial","Singing Bowl","Akabeko","Coffee Dripper","Old Coin","Sling","Smiling Mask","Incense Burner","TheCursedMod:BloodyHarpoon"],"acts_visited":["Exordium","TheCity","TheBeyond","TheEnding"],"potions_floor_usage":[45,55,55,55],"damage_taken":[{"damage":0.0,"enemies":"2 Louse","floor":1.0,"turns":3.0},{"damage":0.0,"enemies":"Small Slimes","floor":7.0,"turns":3.0},{"damage":15.0,"enemies":"3 Sentries","floor":10.0,"turns":8.0},{"damage":0.0,"enemies":"Jaw Worm","floor":14.0,"turns":2.0},{"damage":22.0,"enemies":"The Guardian","floor":16.0,"turns":8.0},{"damage":6.0,"enemies":"Chosen","floor":18.0,"turns":3.0},{"damage":0.0,"enemies":"Spheric Guardian","floor":21.0,"turns":3.0},{"damage":4.0,"enemies":"Snake Plant","floor":22.0,"turns":3.0},{"damage":3.0,"enemies":"Book of Stabbing","floor":23.0,"turns":5.0},{"damage":3.0,"enemies":"Gremlin Leader","floor":25.0,"turns":5.0},{"damage":7.0,"enemies":"Shelled Parasite and Fungi","floor":28.0,"turns":6.0},{"damage":10.0,"enemies":"Centurion and Healer","floor":30.0,"turns":6.0},{"damage":10.0,"enemies":"Slavers","floor":31.0,"turns":6.0},{"damage":11.0,"enemies":"Champ","floor":33.0,"turns":9.0},{"damage":3.0,"enemies":"Orb Walker","floor":35.0,"turns":4.0},{"damage":0.0,"enemies":"3 Shapes","floor":38.0,"turns":7.0},{"damage":3.0,"enemies":"3 Darklings","floor":39.0,"turns":6.0},{"damage":4.0,"enemies":"Reptomancer","floor":40.0,"turns":7.0},{"damage":17.0,"enemies":"Maw","floor":41.0,"turns":7.0},{"damage":30,"enemies":"Sphere and 2 Shapes","floor":45,"turns":6},{"damage":0,"enemies":"4 Shapes","floor":48,"turns":6},{"damage":0,"enemies":"Awakened One","floor":50,"turns":15},{"damage":12,"enemies":"Shield and Spear","floor":54,"turns":7},{"damage":50,"enemies":"The Heart","floor":55,"turns":8}],"seed_played":"-4322228162882496486","potions_obtained":[{"floor":1.0,"key":"Block Potion"},{"floor":14.0,"key":"SpeedPotion"},{"floor":18.0,"key":"SkillPotion"},{"floor":23.0,"key":"ColorlessPotion"},{"floor":25.0,"key":"Explosive Potion"},{"floor":28.0,"key":"AttackPotion"},{"floor":35.0,"key":"AttackPotion"},{"floor":39.0,"key":"Ancient Potion"},{"floor":41.0,"key":"DuplicationPotion"}],"is_trial":false,"path_per_floor":["M","?","?","$","$","R","M","R","T","E","T","T","R","M","R","B",null,"M","?","?","M","M","E","R","E","T","R","M","R","M","E","R","B",null,"M","?","$","M","M","E","M","$","T","R","M","T","R","M","R","B",null,"R","$","E","B",null],"character_chosen":"THE_CURSED","items_purchased":["TheCursedMod:SpitefulStrike","FearPotion","TheCursedMod:Stigma","TheCursedMod:Hemoplague","Sling","PowerPotion","Incense Burner"],"campfire_rested":1,"item_purchase_floors":[4,4,5,37,42,53,53],"current_hp_per_floor":[82,87,80,80,80,80,80,80,80,65,65,65,65,65,65,43,87,81,81,65,65,61,58,58,55,55,55,50,50,44,38,65,56,91,88,88,88,90,90,90,77,77,77,77,49,49,49,51,51,53,97,97,97,87,39],"gold":165,"neow_bonus":"TEN_PERCENT_HP_BONUS","is_daily":false,"chose_seed":false,"campfire_upgraded":10,"win_rate":0.0,"timestamp":1611444083,"path_taken":["M","?","?","?","$","R","M","R","T","E","?","?","R","M","R","BOSS","M","?","?","M","M","E","R","E","T","R","M","R","M","E","R","BOSS","M","?","$","?","M","E","M","$","T","R","M","?","R","M","R","BOSS","R","$","E","BOSS"],"items_purchased_type":["Card","Potion","Card","Card","Relic","Potion","Relic"],"build_version":"2020-12-22","purchased_purges":3,"victory":true,"max_hp_per_floor":[82,87,87,87,87,87,87,87,87,87,87,87,87,87,87,87,87,87,87,87,87,87,87,87,87,87,87,87,87,89,91,91,91,91,91,91,91,91,93,95,97,97,97,97,97,97,97,97,97,97,97,97,97,99,99],"card_choices":[{"not_picked":["TheCursedMod:HellsGateOpen","TheCursedMod:Torture"],"picked":"TheCursedMod:CursedAmulet","floor":1.0},{"not_picked":["TheCursedMod:ManaBullet","TheCursedMod:FleshFromBone","TheCursedMod:Wield"],"picked":"SKIP","floor":7.0},{"not_picked":["TheCursedMod:Obscuration","TheCursedMod:DoubleShield"],"picked":"TheCursedMod:ReleasedKnowledge","floor":10.0},{"not_picked":["TheCursedMod:Grudge","TheCursedMod:BlessingInDisguise"],"picked":"TheCursedMod:SpreadPlague","floor":14.0},{"not_picked":["TheCursedMod:DarkBarrier","TheCursedMod:ManaCirculation"],"picked":"TheCursedMod:Neurasthenia","floor":16.0},{"not_picked":["TheCursedMod:ReleasedStrength+1","TheCursedMod:CursedShiv"],"picked":"TheCursedMod:TroublousMinions","floor":18.0},{"not_picked":["TheCursedMod:SpitefulStrike","TheCursedMod:Stretching"],"picked":"TheCursedMod:BloodBarrier","floor":21.0},{"not_picked":["TheCursedMod:ReleasedStrength","TheCursedMod:RavingStaff"],"picked":"TheCursedMod:FleshFromBone","floor":22.0},{"not_picked":["TheCursedMod:DoubleShield","TheCursedMod:CursedBlade"],"picked":"TheCursedMod:VoidForm","floor":23.0},{"not_picked":["TheCursedMod:RavingStaff","TheCursedMod:SmokeScreen+1"],"picked":"TheCursedMod:LuckyCharm","floor":25.0},{"not_picked":["TheCursedMod:CursedBlade","TheCursedMod:CursedShiv"],"picked":"TheCursedMod:Evocation","floor":28.0},{"not_picked":["TheCursedMod:RavingStaff","TheCursedMod:CircleOfCorruption+1","TheCursedMod:CircleOfFlame"],"picked":"Singing Bowl","floor":30.0},{"not_picked":["TheCursedMod:RapidMovement","TheCursedMod:SpitefulPlan","TheCursedMod:SpitefulStrike"],"picked":"Singing Bowl","floor":31.0},{"not_picked":["TheCursedMod:ForbiddenAlchemy","TheCursedMod:UltimatePain"],"picked":"TheCursedMod:DarkBarrier","floor":33.0},{"not_picked":["TheCursedMod:RapidMovement+1","TheCursedMod:FleshFromBone"],"picked":"TheCursedMod:CursedAmulet+1","floor":35.0},{"not_picked":["TheCursedMod:Wield+1","TheCursedMod:Obscuration+1"],"picked":"TheCursedMod:CursedArmor+1","floor":38.0},{"not_picked":["TheCursedMod:Stigma+1","TheCursedMod:RapidMovement","TheCursedMod:TacticalStrike+1"],"picked":"Singing Bowl","floor":39.0},{"not_picked":["TheCursedMod:Mangle+1","TheCursedMod:ReleasedKnowledge","TheCursedMod:VitalStrike"],"picked":"Singing Bowl","floor":40.0},{"not_picked":["TheCursedMod:SpitefulPray","TheCursedMod:SpitefulStrike+1","TheCursedMod:CircleOfFocus"],"picked":"Singing Bowl","floor":41.0},{"not_picked":["TheCursedMod:CursedAmulet+1","TheCursedMod:Stretching"],"picked":"TheCursedMod:HellsGateOpen+1","floor":45},{"not_picked":["TheCursedMod:Torture","TheCursedMod:SpitefulStrike+1"],"picked":"TheCursedMod:SpitefulPray+1","floor":48},{"not_picked":["TheCursedMod:BloodBarrier+1","TheCursedMod:SaltUponWound","TheCursedMod:CircleOfFlame+1"],"picked":"Singing Bowl","floor":54}],"player_experience":401232,"relics_obtained":[{"floor":9.0,"key":"Vajra"},{"floor":10.0,"key":"Oddly Smooth Stone"},{"floor":11.0,"key":"InkBottle"},{"floor":12.0,"key":"StrikeDummy"},{"floor":20.0,"key":"Necronomicon"},{"floor":23.0,"key":"Kunai"},{"floor":25.0,"key":"Blood Vial"},{"floor":26.0,"key":"Singing Bowl"},{"floor":31.0,"key":"Akabeko"},{"floor":40.0,"key":"Old Coin"},{"floor":46,"key":"Smiling Mask"},{"floor":54,"key":"TheCursedMod:BloodyHarpoon"}],"event_choices":[{"damage_healed":0.0,"max_hp_gain":5.0,"max_hp_loss":0.0,"gold_gain":0.0,"event_name":"Big Fish","player_choice":"Donut","floor":2.0,"gold_loss":0.0,"damage_taken":0.0},{"cards_removed":["TheCursedMod:Defend_TheCursed"],"damage_healed":0.0,"max_hp_gain":0.0,"max_hp_loss":0.0,"gold_gain":0.0,"event_name":"Golden Wing","player_choice":"Card Removal","floor":3.0,"gold_loss":0.0,"damage_taken":7.0},{"damage_healed":0.0,"max_hp_gain":0.0,"max_hp_loss":0.0,"gold_gain":0.0,"event_name":"Back to Basics","player_choice":"Simplicity","floor":19.0,"gold_loss":0.0,"damage_taken":0.0,"cards_upgraded":["TheCursedMod:Strike_TheCursed","TheCursedMod:Strike_TheCursed","TheCursedMod:Strike_TheCursed","TheCursedMod:Strike_TheCursed","TheCursedMod:Defend_TheCursed","TheCursedMod:Defend_TheCursed","TheCursedMod:Defend_TheCursed"]},{"damage_healed":0.0,"max_hp_gain":0.0,"max_hp_loss":0.0,"gold_gain":0.0,"event_name":"Cursed Tome","player_choice":"Obtained Book","floor":20.0,"gold_loss":0.0,"damage_taken":16.0},{"damage_healed":0.0,"max_hp_gain":0.0,"max_hp_loss":0.0,"gold_gain":0.0,"event_name":"Match and Keep!","player_choice":"0 cards matched","floor":36.0,"gold_loss":0.0,"damage_taken":0.0,"cards_obtained":[]}],"is_beta":false,"boss_relics":[{"not_picked":["Calling Bell","Snecko Eye"],"picked":"TheCursedMod:FourLeafCloverCharm"},{"not_picked":["Empty Cage","Fusion Hammer"],"picked":"Coffee Dripper"}],"items_purged_floors":[37,42,53],"is_endless":false,"potions_floor_spawned":[1,14,18,23,25,28,35,39,41],"ascension_level":0}}