{"host":"8f5cu9y0fpol72qs","time":1611362238,"event":{"mods":["AlwaysNeverKeys","BaseMod","Colored Map","Colored Powertips","Curses Come First","Highlight Path","Key Reminder","Minty Spire (QoL Compilation)","StSLib"],"gold_per_floor":[20,32,45,45,63,91,91,126,126,144,163,184,214,224,224,301,301,314,314,103,103,122,166,166,197,197,297,318,355,381,395,395,395,395],"floor_reached":33,"language":"ENG","playtime":2389,"items_purged":["Strike_P"],"score":620,"play_id":"55dfb5b0-e6ef-4081-ae86-733326f50e4f","local_time":"20210122163718","is_ascension_mode":true,"campfire_choices":[{"data":"Vigilance","floor":7.0,"key":"SMITH"},{"data":"TalkToTheHand","floor":15.0,"key":"SMITH"},{"floor":24.0,"key":"REST"},{"floor":32.0,"key":"REST"}],"circlet_count":0,"master_deck":["AscendersBane","Strike_P","Strike_P+1","Defend_P+1","Defend_P+1","Defend_P+1","Eruption+1","Vigilance+1","ReachHeaven+1","ClearTheMind+1","WheelKick","DevaForm+1","Tantrum","TalkToTheHand+1","LessonLearned+1","Adaptation+1","Vault+1","CutThroughFate","Necronomicurse","Wireheading+1","Nirvana+1","Blasphemy","WaveOfTheHand+1","EmptyBody+1","Meditate+1"],"relics":["PureWater","Akabeko","Frozen Egg 2","Question Card","Odd Mushroom","The Courier","Fusion Hammer","Necronomicon","Strawberry","CeramicFish","Bag of Marbles","Toxic Egg 2","Ginger","Bottled Flame","Blue Candle"],"acts_visited":["Exordium","TheCity"],"potions_floor_usage":[33],"damage_taken":[{"damage":1.0,"enemies":"2 Louse","floor":1.0,"turns":4.0},{"damage":0.0,"enemies":"Small Slimes","floor":2.0,"turns":2.0},{"damage":0.0,"enemies":"Jaw Worm","floor":3.0,"turns":3.0},{"damage":0.0,"enemies":"3 Louse","floor":5.0,"turns":3.0},{"damage":0.0,"enemies":"Gremlin Nob","floor":6.0,"turns":2.0},{"damage":10.0,"enemies":"3 Sentries","floor":8.0,"turns":3.0},{"damage":0.0,"enemies":"Exordium Wildlife","floor":10.0,"turns":1.0},{"damage":0.0,"enemies":"Looter","floor":11.0,"turns":2.0},{"damage":0.0,"enemies":"The Mushroom Lair","floor":12.0,"turns":2.0},{"damage":14.0,"enemies":"Gremlin Nob","floor":13.0,"turns":3.0},{"damage":0.0,"enemies":"3 Louse","floor":14.0,"turns":3.0},{"damage":13.0,"enemies":"Hexaghost","floor":16.0,"turns":6.0},{"damage":12.0,"enemies":"Chosen","floor":18.0,"turns":2.0},{"damage":6.0,"enemies":"2 Thieves","floor":22.0,"turns":4.0},{"damage":27.0,"enemies":"Slavers","floor":23.0,"turns":6.0},{"damage":18.0,"enemies":"Gremlin Leader","floor":25.0,"turns":4.0},{"damage":0.0,"enemies":"Colosseum Slavers","floor":27.0,"turns":3.0},{"damage":7.0,"enemies":"Colosseum Nobs","floor":27.0,"turns":2.0},{"damage":0.0,"enemies":"Snake Plant","floor":28.0,"turns":1.0},{"damage":32.0,"enemies":"Slavers","floor":29.0,"turns":4.0},{"damage":0.0,"enemies":"Cultist and Chosen","floor":30.0,"turns":3.0},{"damage":1.0,"enemies":"Sentry and Sphere","floor":31.0,"turns":3.0},{"damage":27,"enemies":"Collector","floor":33,"turns":3}],"seed_played":"9053344541377603865","potions_obtained":[{"floor":3.0,"key":"Block Potion"},{"floor":5.0,"key":"Energy Potion"},{"floor":10.0,"key":"FearPotion"},{"floor":12.0,"key":"FairyPotion"},{"floor":14.0,"key":"SteroidPotion"},{"floor":18.0,"key":"Regen Potion"},{"floor":23.0,"key":"Fire Potion"},{"floor":27.0,"key":"Dexterity Potion"},{"floor":30.0,"key":"LiquidBronze"}],"is_trial":false,"path_per_floor":["M","M","M","?","M","E","R","E","T","M","M","?","E","M","R","B",null,"M","?","$","?","M","E","R","E","T","?","M","E","M","M","R","B"],"character_chosen":"WATCHER","items_purchased":["Wireheading+1","Strawberry"],"campfire_rested":2,"item_purchase_floors":[20,20],"current_hp_per_floor":[60,60,60,60,60,60,60,50,50,50,50,50,36,36,36,23,57,45,24,31,31,25,13,35,17,17,10,10,2,2,1,23,0,0],"gold":395,"neow_bonus":"REMOVE_TWO","is_daily":false,"chose_seed":false,"campfire_upgraded":2,"win_rate":0.0,"timestamp":1611362238,"path_taken":["M","M","M","?","M","E","R","E","T","M","M","?","E","M","R","BOSS","M","?","$","?","M","E","R","E","T","?","M","E","M","M","R","BOSS"],"items_purchased_type":["Card","Relic"],"build_version":"2020-12-22","purchased_purges":1,"victory":false,"max_hp_per_floor":[68,68,68,68,68,68,68,68,68,68,68,68,68,68,68,68,68,68,68,75,75,75,75,75,75,75,75,75,75,75,75,75,75,75],"card_choices":[{"not_picked":["FollowUp","BowlingBash"],"picked":"ReachHeaven","floor":1.0},{"not_picked":["WaveOfTheHand","EmptyBody"],"picked":"ClearTheMind","floor":2.0},{"not_picked":["WaveOfTheHand","Consecrate"],"picked":"WheelKick","floor":3.0},{"not_picked":["MentalFortress","PathToVictory","Indignation"],"picked":"SKIP","floor":5.0},{"not_picked":["ThirdEye","Weave"],"picked":"DevaForm","floor":6.0},{"not_picked":["Crescendo","Meditate"],"picked":"Tantrum","floor":8.0},{"not_picked":["ClearTheMind","CrushJoints","Crescendo","Perseverance"],"picked":"SKIP","floor":10.0},{"not_picked":["FlurryOfBlows","Brilliance","Evaluate"],"picked":"TalkToTheHand","floor":11.0},{"not_picked":["Perseverance","Wireheading+1","ClearTheMind"],"picked":"LessonLearned","floor":13.0},{"not_picked":["Protect","Crescendo","Halt"],"picked":"Adaptation+1","floor":14.0},{"not_picked":["Alpha","Establishment+1","DeusExMachina"],"picked":"Vault","floor":16.0},{"not_picked":["SashWhip+1","CrushJoints","WreathOfFlame"],"picked":"CutThroughFate","floor":18.0},{"not_picked":["Prostrate","Meditate","Evaluate"],"picked":"Nirvana+1","floor":22.0},{"not_picked":["WaveOfTheHand","ReachHeaven","Pray"],"picked":"Blasphemy","floor":23.0},{"not_picked":["BowlingBash","EmptyBody","WindmillStrike","FlurryOfBlows"],"picked":"SKIP","floor":25.0},{"not_picked":["Crescendo+1","FlurryOfBlows","BattleHymn+1"],"picked":"WaveOfTheHand+1","floor":28.0},{"not_picked":["Perseverance+1","Indignation+1","FlyingSleeves"],"picked":"EmptyBody+1","floor":29.0},{"not_picked":["CutThroughFate","EmptyFist","Nirvana+1"],"picked":"Meditate+1","floor":30.0},{"not_picked":["WaveOfTheHand+1","PathToVictory+1","Evaluate+1","CarveReality"],"picked":"SKIP","floor":31.0}],"player_experience":877871,"relics_obtained":[{"floor":6.0,"key":"Akabeko"},{"floor":8.0,"key":"Frozen Egg 2"},{"floor":9.0,"key":"Question Card"},{"floor":12.0,"key":"Odd Mushroom"},{"floor":13.0,"key":"The Courier"},{"floor":19.0,"key":"Necronomicon"},{"floor":23.0,"key":"CeramicFish"},{"floor":25.0,"key":"Bag of Marbles"},{"floor":26.0,"key":"Toxic Egg 2"},{"floor":27.0,"key":"Ginger"},{"floor":27.0,"key":"Bottled Flame"},{"floor":29.0,"key":"Blue Candle"}],"event_choices":[{"damage_healed":0.0,"max_hp_gain":0.0,"max_hp_loss":0.0,"gold_gain":0.0,"event_name":"Liars Game","player_choice":"Ignored","floor":4.0,"gold_loss":0.0,"damage_taken":0.0},{"damage_healed":0.0,"max_hp_gain":0.0,"max_hp_loss":0.0,"gold_gain":0.0,"event_name":"Mushrooms","player_choice":"Fought Mushrooms","floor":12.0,"gold_loss":0.0,"damage_taken":0.0},{"damage_healed":0.0,"max_hp_gain":0.0,"max_hp_loss":0.0,"gold_gain":0.0,"event_name":"Cursed Tome","player_choice":"Obtained Book","floor":19.0,"gold_loss":0.0,"damage_taken":21.0},{"damage_healed":0.0,"max_hp_gain":0.0,"max_hp_loss":0.0,"gold_gain":0.0,"event_name":"Vampires","player_choice":"Ignored","floor":21.0,"gold_loss":0.0,"damage_taken":0.0},{"damage_healed":0.0,"max_hp_gain":0.0,"max_hp_loss":0.0,"gold_gain":0.0,"event_name":"Colosseum","player_choice":"Fight","floor":27.0,"gold_loss":0.0,"damage_taken":0.0},{"damage_healed":0.0,"max_hp_gain":0.0,"max_hp_loss":0.0,"gold_gain":0.0,"event_name":"Colosseum","player_choice":"Fought Nobs","floor":27.0,"gold_loss":0.0,"damage_taken":0.0}],"is_beta":false,"boss_relics":[{"not_picked":["Astrolabe","Ectoplasm"],"picked":"Fusion Hammer"}],"items_purged_floors":[20],"is_endless":false,"potions_floor_spawned":[3,5,10,12,14,18,23,27,27,30],"killed_by":"Collector","ascension_level":15}}