{"host":"l5xpox9cbdko122s","time":1611429599,"event":{"mods":["AchievementEnabler","BaseMod","Better Skull","Colored Map","Colored Powertips","Curses Come First","Displayed Cursed Tome","Hermit","Highlight Path","Minty Spire (QoL Compilation)","Quick Restart","Shop Mod","StSLib"],"gold_per_floor":[117,135,135,135,135,135,147,162,185,203,60,70,89,124,124,224,224,224],"floor_reached":17,"language":"ENG","playtime":1078,"items_purged":[],"score":159,"play_id":"5a097250-254f-4797-9479-bfdb02e24f02","local_time":"20210123141959","is_ascension_mode":false,"campfire_choices":[{"floor":6,"key":"RECALL"},{"floor":15,"key":"REST"}],"circlet_count":0,"master_deck":["hermit:Strike_Hermit","hermit:Strike_Hermit","hermit:Strike_Hermit","hermit:Strike_Hermit","hermit:Defend_Hermit","hermit:Defend_Hermit","hermit:Defend_Hermit","hermit:Defend_Hermit","hermit:Snapshot","hermit:Covet","hermit:TrackingShot+1","hermit:Snipe","hermit:Headshot","hermit:GhostlyPresence"],"relics":["Black Star","MerchantsRug","Orichalcum","Gremlin Horn","Sozu"],"acts_visited":["Exordium","TheCity"],"potions_floor_usage":[8,8,13,14,14,16],"damage_taken":[{"damage":0,"enemies":"Cultist","floor":1,"turns":4},{"damage":5,"enemies":"Small Slimes","floor":2,"turns":3},{"damage":6,"enemies":"Jaw Worm","floor":7,"turns":3},{"damage":0,"enemies":"3 Louse","floor":8,"turns":1},{"damage":5,"enemies":"Looter","floor":10,"turns":3},{"damage":0,"enemies":"Exordium Wildlife","floor":12,"turns":2},{"damage":12,"enemies":"Exordium Thugs","floor":13,"turns":4},{"damage":29,"enemies":"3 Sentries","floor":14,"turns":10},{"damage":45,"enemies":"Hexaghost","floor":16,"turns":15}],"seed_played":"-2575355050148639851","potions_obtained":[{"floor":5,"key":"SteroidPotion"},{"floor":5,"key":"Strength Potion"},{"floor":5,"key":"Explosive Potion"},{"floor":8,"key":"Fruit Juice"},{"floor":12,"key":"PowerPotion"},{"floor":14,"key":"SteroidPotion"},{"floor":16,"key":"LiquidMemories"}],"is_trial":false,"path_per_floor":["M","M","?","?","?","R","M","M","T","M","$","M","M","E","R","B",null],"character_chosen":"HERMIT","items_purchased":["MerchantsRug"],"campfire_rested":1,"item_purchase_floors":[11],"current_hp_per_floor":[75,70,70,70,70,70,64,69,69,64,64,64,52,23,47,2,80,80],"gold":224,"neow_bonus":"BOSS_RELIC","is_daily":false,"chose_seed":false,"campfire_upgraded":0,"win_rate":0.0,"timestamp":1611429599,"path_taken":["M","?","?","?","?","R","M","M","T","M","$","?","M","E","R","BOSS"],"items_purchased_type":["Relic"],"build_version":"2020-12-22","purchased_purges":0,"victory":false,"max_hp_per_floor":[75,75,75,75,75,75,75,80,80,80,80,80,80,80,80,80,80,80],"card_choices":[{"not_picked":["hermit:SprayPray","hermit:BodyArmor","hermit:ShadowCloak"],"picked":"SKIP","floor":1},{"not_picked":["hermit:PistolWhip","hermit:Feint"],"picked":"hermit:TrackingShot","floor":2},{"not_picked":["hermit:TrackingShot","hermit:Showdown"],"picked":"hermit:Snipe","floor":7},{"not_picked":["hermit:GoldenBullet","hermit:CalledShot","hermit:LowProfile"],"picked":"SKIP","floor":8},{"not_picked":["hermit:Misfire","hermit:Virtue"],"picked":"hermit:Headshot","floor":10},{"not_picked":["hermit:Showdown","hermit:BodyArmor","hermit:TrackingShot"],"picked":"SKIP","floor":12},{"not_picked":["hermit:Coalescence","hermit:Brawl"],"picked":"hermit:GhostlyPresence","floor":13},{"not_picked":["hermit:Feint","hermit:Brawl","hermit:Shortfuse"],"picked":"SKIP","floor":14}],"player_experience":182667,"relics_obtained":[{"floor":14,"key":"Orichalcum"},{"floor":14,"key":"Gremlin Horn"}],"event_choices":[{"damage_healed":0,"gold_gain":0,"player_choice":"Ignored","damage_taken":0,"max_hp_gain":0,"max_hp_loss":0,"event_name":"Shining Light","floor":3,"gold_loss":0},{"damage_healed":0,"gold_gain":0,"player_choice":"Grow","damage_taken":0,"max_hp_gain":0,"max_hp_loss":0,"event_name":"Living Wall","floor":4,"gold_loss":0,"cards_upgraded":["hermit:TrackingShot"]},{"damage_healed":0,"gold_gain":0,"player_choice":"Got Potions","damage_taken":0,"max_hp_gain":0,"max_hp_loss":0,"event_name":"Lab","floor":5,"gold_loss":0}],"is_beta":false,"boss_relics":[{"not_picked":["Busted Crown","Tiny House"],"picked":"Sozu"}],"items_purged_floors":[],"is_endless":false,"potions_floor_spawned":[7,8,12,14,16],"ascension_level":0}}