{"host":"3l94tha3a4jgu0q4","time":1611429476,"event":{"mods":["2.2 Compatiblity","AchievementEnabler","BaseMod","Colored Map","Colored Powertips","Highlight Path","Minty Spire (QoL Compilation)","Permanent Neow","StSLib","SuperFastMode","The IronCluck","slay the spire mod where everything is the same but ironclad has a cowboy hat"],"gold_per_floor":[119,119,134,134,151,179,197,197,197],"floor_reached":8,"language":"ENG","playtime":314,"items_purged":[],"score":110,"play_id":"8c5db25d-a2ad-43f2-be68-8e5f899fb382","local_time":"20210123111756","is_ascension_mode":true,"campfire_choices":[],"circlet_count":0,"master_deck":["AscendersBane","Strike_P","Strike_P+1","Strike_P","Strike_P","Defend_P","Defend_P","Defend_P","Defend_P+1","Eruption","Vigilance","Halt","WaveOfTheHand","Crescendo","ClearTheMind","ClearTheMind"],"relics":["Fusion Hammer","Blue Candle"],"acts_visited":["Exordium"],"potions_floor_usage":[6],"damage_taken":[{"damage":2,"enemies":"Jaw Worm","floor":1,"turns":2},{"damage":0,"enemies":"Cultist","floor":3,"turns":3},{"damage":0,"enemies":"2 Louse","floor":5,"turns":3},{"damage":49,"enemies":"3 Sentries","floor":6,"turns":13},{"damage":2,"enemies":"Red Slaver","floor":7,"turns":3},{"damage":20,"enemies":"Lagavulin","floor":8,"turns":2}],"seed_played":"1176179165257360752","potions_obtained":[{"floor":3,"key":"Block Potion"},{"floor":4,"key":"FairyPotion"},{"floor":6,"key":"BottledMiracle"}],"is_trial":false,"path_per_floor":["M","?","M","?","M","E","M","E"],"character_chosen":"WATCHER","items_purchased":[],"campfire_rested":0,"item_purchase_floors":[],"current_hp_per_floor":[59,39,39,39,39,17,15,0,0],"gold":197,"neow_bonus":"BOSS_RELIC","is_daily":false,"chose_seed":false,"campfire_upgraded":0,"win_rate":0.0,"timestamp":1611429476,"path_taken":["M","?","M","?","M","E","?","E"],"items_purchased_type":[],"build_version":"2020-12-22","purchased_purges":0,"victory":false,"max_hp_per_floor":[68,68,68,68,68,68,68,68,68],"card_choices":[{"not_picked":["CutThroughFate","PathToVictory"],"picked":"Halt","floor":1},{"not_picked":["CutThroughFate","BowlingBash"],"picked":"WaveOfTheHand","floor":3},{"not_picked":["Weave","Sanctity"],"picked":"Crescendo","floor":5},{"not_picked":["CrushJoints","PathToVictory"],"picked":"ClearTheMind","floor":6},{"not_picked":["Study","Blasphemy"],"picked":"ClearTheMind","floor":7}],"player_experience":1952498,"relics_obtained":[{"floor":6,"key":"Blue Candle"}],"event_choices":[{"damage_healed":0,"gold_gain":0,"player_choice":"Entered Light","damage_taken":20,"max_hp_gain":0,"max_hp_loss":0,"event_name":"Shining Light","floor":2,"gold_loss":0,"cards_upgraded":["Defend_P","Strike_P"]},{"damage_healed":0,"gold_gain":0,"player_choice":"Got Potions","damage_taken":0,"max_hp_gain":0,"max_hp_loss":0,"event_name":"Lab","floor":4,"gold_loss":0}],"is_beta":false,"boss_relics":[],"items_purged_floors":[],"is_endless":false,"potions_floor_spawned":[3,6],"killed_by":"Lagavulin","ascension_level":18}}