{"host":"7z9izfsmsy4azoxx","time":1611411470,"event":{"mods":["AchievementEnabler","BaseMod","Colored Map","Custom Start","Hermit","Minty Spire (QoL Compilation)","Replay The Spire","StSLib","SuperFastMode"],"gold_per_floor":[554764,553946,553996,554008,554008,554008,552922,552922,552922,552938,552950,552230,552247,552257,552257,552328,552328,552338,552372,552312,552312,551427,551427,551427,551427],"floor_reached":24,"language":"KOR","playtime":542,"items_purged":["Strike_G","Strike_G","Strike_G","Doubt"],"score":447,"play_id":"2e6e3e04-b9ec-475c-8166-50b9ec528832","local_time":"20210123231750","is_ascension_mode":true,"campfire_choices":[{"data":"Blade Dance","floor":6,"key":"SMITH"},{"data":"Dagger Throw","floor":8,"key":"SMITH"},{"floor":15,"key":"REST"},{"floor":23,"key":"REST"}],"circlet_count":0,"master_deck":["AscendersBane","Strike_G","Defend_G","Defend_G","Defend_G","Defend_G","Defend_G+1","Survivor","Neutralize","Dagger Throw+1","Blade Dance+1","Escape Plan+1","Escape Plan","Dagger Spray+1","Hidden Blade+1","Noxious Fumes+1","Acrobatics+1","CurseOfTheBell","Reflex","Riddle With Holes","Deadly Poison","Backstab+1"],"relics":["Ring of the Snake","Onion Ring","Potion Belt","ReplayTheSpireMod:Ring of Addiction","Ring of Greed","SacredBark","White Beast Statue","Tiny Chest","Golden Egg","Counterbalance","ReplayTheSpireMod:Shallot","Gremlin Food","Gambling Chip","BargainBundle","Calling Bell","Dream Catcher","StrikeDummy","Shovel","Replay:Rubber Ducky","Vampiric Spirits","Bronze Scales"],"acts_visited":["Exordium","TheCity"],"potions_floor_usage":[7,10,13,14,16,16,16,16,20,20,24],"damage_taken":[{"damage":25,"enemies":"Jaw Worm","floor":1,"turns":8},{"damage":5,"enemies":"2 Louse","floor":4,"turns":2},{"damage":0,"enemies":"Small Slimes","floor":10,"turns":1},{"damage":0,"enemies":"Looter","floor":11,"turns":1},{"damage":0,"enemies":"3 Louse","floor":13,"turns":1},{"damage":2,"enemies":"Large Slime","floor":14,"turns":3},{"damage":26,"enemies":"Hexaghost","floor":16,"turns":6},{"damage":7,"enemies":"3 Byrds","floor":18,"turns":4},{"damage":3,"enemies":"2 Thieves","floor":20,"turns":4},{"damage":44,"enemies":"Replay:Snechameleon","floor":24,"turns":5}],"seed_played":"-5398608927981431118","potions_obtained":[{"floor":3,"key":"Reflective Coating"},{"floor":10,"key":"LiquidBronze"},{"floor":13,"key":"EssenceOfSteel"},{"floor":14,"key":"Flashbang"},{"floor":16,"key":"GhostInAJar"},{"floor":18,"key":"EssenceOfSteel"},{"floor":19,"key":"Poison Potion"},{"floor":20,"key":"LiquidBronze"}],"is_trial":false,"path_per_floor":["M","$","?","M","?","R","$","R","T","M","M","$","M","M","R","B",null,"M","?","M","?","$","R","E"],"character_chosen":"THE_SILENT","items_purchased":["Onion Ring","Potion Belt","Blade Dance","SkillPotion","Block Potion","FearPotion","Escape Plan","Counterbalance","ReplayTheSpireMod:Shallot","Dagger Spray","Fruit Juice","Hidden Blade","Noxious Fumes","CultistPotion","Gremlin Food","Gambling Chip","BargainBundle","Acrobatics","Vampiric Spirits","Bronze Scales","Backstab","DistilledChaos","Milkshake"],"campfire_rested":2,"item_purchase_floors":[2,2,2,2,2,2,2,7,7,7,7,7,7,7,12,12,12,12,22,22,22,22,22],"current_hp_per_floor":[34,34,34,29,29,29,39,39,39,39,39,39,39,37,59,33,64,57,33,30,10,10,33,0,0],"gold":551427,"neow_bonus":"REMOVE_CARD","is_daily":false,"chose_seed":false,"campfire_upgraded":2,"win_rate":0.0,"timestamp":1611411470,"path_taken":["M","$","?","M","?","R","$","R","T","M","M","$","M","M","R","BOSS","M","?","M","?","$","R","E"],"items_purchased_type":["Relic","Relic","Card","Potion","Potion","Potion","Card","Relic","Relic","Card","Potion","Card","Card","Potion","Relic","Relic","Relic","Card","Relic","Relic","Card","Potion","Potion"],"build_version":"2020-12-22","purchased_purges":4,"victory":false,"max_hp_per_floor":[66,66,66,66,66,66,74,74,74,74,74,74,74,74,74,74,74,74,74,72,77,77,77,75,75],"card_choices":[{"not_picked":["Underhanded Strike","ReplayTheSpireMod:Tripwire"],"picked":"Dagger Throw","floor":1},{"not_picked":["Deflect","Masterful Stab","Flying Knee"],"picked":"SKIP","floor":4},{"not_picked":["Predator","Sucker Punch","Bane"],"picked":"SKIP","floor":10},{"not_picked":["Flechettes","Bane","Replay:Bag of Tricks"],"picked":"SKIP","floor":11},{"not_picked":["Quick Slash","Bane","Fluid Movement"],"picked":"SKIP","floor":13},{"not_picked":["ReplayTheSpireMod:The Works","Slice","Leg Sweep"],"picked":"SKIP","floor":14},{"not_picked":["ReplayTheSpireMod:Tripwire","Dash"],"picked":"Reflex","floor":18},{"not_picked":["ReplayTheSpireMod:Speed Training","Cloak And Dagger"],"picked":"Riddle With Holes","floor":19},{"not_picked":["Outmaneuver","ReplayTheSpireMod:Speed Training"],"picked":"Deadly Poison","floor":19},{"not_picked":["Endless Agony","Underhanded Strike","Backstab+1"],"picked":"SKIP","floor":20}],"player_experience":545835,"relics_obtained":[{"floor":3,"key":"ReplayTheSpireMod:Ring of Addiction"},{"floor":3,"key":"Ring of Greed"},{"floor":3,"key":"SacredBark"},{"floor":3,"key":"White Beast Statue"},{"floor":3,"key":"Tiny Chest"},{"floor":3,"key":"Golden Egg"},{"floor":17,"key":"Dream Catcher"},{"floor":17,"key":"StrikeDummy"},{"floor":17,"key":"Shovel"},{"floor":19,"key":"Replay:Rubber Ducky"}],"event_choices":[{"cards_removed":["Normality"],"damage_healed":0,"gold_gain":0,"player_choice":"Forget","damage_taken":0,"max_hp_gain":0,"max_hp_loss":0,"event_name":"Living Wall","floor":5,"gold_loss":0},{"damage_healed":0,"gold_gain":0,"player_choice":"Shed Blood","damage_taken":25,"max_hp_gain":5,"max_hp_loss":0,"event_name":"Forgotten Altar","floor":21,"gold_loss":0}],"is_beta":false,"boss_relics":[{"not_picked":["Cursed Key","ReplayTheSpireMod:DimensionalGlitch"],"picked":"Calling Bell"}],"items_purged_floors":[2,7,12,22],"is_endless":false,"potions_floor_spawned":[4,10,11,13,14,16,18,20],"killed_by":"Replay:Snechameleon","ascension_level":20}}