{"host":"sav7uxregyirlf69","time":1611417115,"event":{"mods":["AchievementEnabler","BaseMod","Colored Map","DeckTracker","Keyboard Shortcuts","Minty Spire (QoL Compilation)","READ ME - Guardian Mod","StSLib","SuperFastMode"],"gold_per_floor":[117,192,208,228,228,228,257,273,350,350,400,415,440,195,195,273,273,287,300,300,300,16,16,27,27,27,27,27],"floor_reached":27,"language":"KOR","playtime":459,"items_purged":["Strike_G"],"score":442,"play_id":"a3f7061f-8fdb-4bb2-8a10-d8af9528310c","local_time":"20210124005155","is_ascension_mode":true,"campfire_choices":[{"data":"Dash","floor":6,"key":"SMITH"},{"data":"Reflex","floor":10,"key":"SMITH"},{"data":"Noxious Fumes","floor":15,"key":"SMITH"},{"data":"Prepared","floor":23,"key":"SMITH"},{"floor":25,"key":"REST"}],"circlet_count":0,"master_deck":["AscendersBane","Strike_G","Strike_G","Strike_G","Defend_G","Defend_G","Defend_G","Defend_G","Defend_G","Survivor","Neutralize","Dash+1","Backstab","Blade Dance","Reflex+1","Backflip","Acrobatics","Blur","Noxious Fumes+1","Prepared","Prepared+1","Finesse"],"relics":["Ring of the Snake","NeowsBlessing","Tingsha","Ninja Scroll","Anchor","SacredBark","TheAbacus","Dream Catcher"],"acts_visited":["Exordium","TheCity"],"potions_floor_usage":[7,13,16,16,18,27],"damage_taken":[{"damage":0,"enemies":"Cultist","floor":1,"turns":1},{"damage":0,"enemies":"2 Louse","floor":3,"turns":1},{"damage":0,"enemies":"Jaw Worm","floor":4,"turns":1},{"damage":20,"enemies":"3 Sentries","floor":7,"turns":9},{"damage":0,"enemies":"Blue Slaver","floor":8,"turns":4},{"damage":0,"enemies":"Gremlin Gang","floor":12,"turns":4},{"damage":17,"enemies":"Lagavulin","floor":13,"turns":7},{"damage":9,"enemies":"Hexaghost","floor":16,"turns":9},{"damage":0,"enemies":"Shell Parasite","floor":18,"turns":1},{"damage":23,"enemies":"Spheric Guardian","floor":19,"turns":6},{"damage":24,"enemies":"Snake Plant","floor":24,"turns":7},{"damage":33,"enemies":"Slavers","floor":27,"turns":4}],"seed_played":"-6626144239345952273","potions_obtained":[{"floor":3,"key":"GamblersBrew"},{"floor":4,"key":"CultistPotion"},{"floor":12,"key":"PowerPotion"},{"floor":16,"key":"SteroidPotion"},{"floor":18,"key":"Weak Potion"}],"is_trial":false,"path_per_floor":["M","?","M","M","?","R","E","M","T","R","?","M","E","$","R","B",null,"M","M","?","?","$","R","M","R","T","E"],"character_chosen":"THE_SILENT","items_purchased":["Blur","Noxious Fumes","Poison Potion","TheAbacus","Prepared","Finesse"],"campfire_rested":1,"item_purchase_floors":[14,14,14,22,22,22],"current_hp_per_floor":[59,48,48,48,53,53,33,33,33,33,33,33,16,16,16,7,55,55,32,32,32,32,32,8,29,29,0,0],"gold":27,"neow_bonus":"THREE_ENEMY_KILL","is_daily":false,"chose_seed":false,"campfire_upgraded":4,"win_rate":0.0,"timestamp":1611417115,"path_taken":["M","?","M","M","?","R","E","?","T","R","?","?","E","$","R","BOSS","M","M","?","?","$","R","M","R","T","E"],"items_purchased_type":["Card","Card","Potion","Relic","Card","Card"],"build_version":"2020-12-22","purchased_purges":1,"victory":false,"max_hp_per_floor":[66,66,66,66,71,71,71,71,71,71,71,71,71,71,71,71,71,71,71,71,71,71,71,71,71,71,71,71],"card_choices":[{"not_picked":["Slice","Underhanded Strike"],"picked":"Dash","floor":1},{"not_picked":["Outmaneuver","Poisoned Stab"],"picked":"Backstab","floor":3},{"not_picked":["Poisoned Stab","Well Laid Plans"],"picked":"Blade Dance","floor":4},{"not_picked":["Flying Knee","Footwork"],"picked":"Reflex","floor":7},{"not_picked":["Deflect","Heel Hook"],"picked":"Backflip","floor":8},{"not_picked":["Dagger Spray","Quick Slash","Blade Dance"],"picked":"SKIP","floor":12},{"not_picked":["Footwork","Dagger Spray"],"picked":"Acrobatics","floor":13},{"not_picked":["Backflip","Bane","Flying Knee"],"picked":"SKIP","floor":18},{"not_picked":["Outmaneuver","Underhanded Strike"],"picked":"Prepared","floor":19},{"not_picked":["Poisoned Stab","Cloak And Dagger","Acrobatics"],"picked":"SKIP","floor":24}],"player_experience":1367113,"relics_obtained":[{"floor":7,"key":"Tingsha"},{"floor":9,"key":"Ninja Scroll"},{"floor":13,"key":"Anchor"},{"floor":26,"key":"Dream Catcher"}],"event_choices":[{"damage_healed":0,"gold_gain":75,"player_choice":"Gather Gold","damage_taken":11,"max_hp_gain":0,"max_hp_loss":0,"event_name":"World of Goop","floor":2,"gold_loss":0},{"damage_healed":0,"gold_gain":0,"player_choice":"Donut","damage_taken":0,"max_hp_gain":5,"max_hp_loss":0,"event_name":"Big Fish","floor":5,"gold_loss":0},{"damage_healed":0,"gold_gain":50,"player_choice":"Pray","damage_taken":0,"max_hp_gain":0,"max_hp_loss":0,"event_name":"Golden Shrine","floor":11,"gold_loss":0},{"cards_removed":["Strike_G"],"damage_healed":0,"gold_gain":0,"player_choice":"Elegance","damage_taken":0,"max_hp_gain":0,"max_hp_loss":0,"event_name":"Back to Basics","floor":20,"gold_loss":0},{"damage_healed":0,"gold_gain":0,"player_choice":"Ignored","damage_taken":0,"max_hp_gain":0,"max_hp_loss":0,"event_name":"Ghosts","floor":21,"gold_loss":0}],"is_beta":false,"boss_relics":[{"not_picked":["Runic Dome","Snecko Eye"],"picked":"SacredBark"}],"items_purged_floors":[14],"is_endless":false,"potions_floor_spawned":[3,4,12,16,18],"killed_by":"Slavers","ascension_level":20}}