{"host":"bid6lzrefpuw0ao6","time":1611372024,"event":{"mods":["ATMod(阿瑾Mod)","AchievementEnabler","Act Like it!","BaseMod","BetterRewards","Colored Powertips","Faster Ascension Climbing","Gold Saver","Good Game Mod","HumanHunterMod(怪物杀人mod)","Minty Spire (QoL Compilation)","MostiFishMod","Quick Restart","Relic Stats","RumiaBox-露米娅的神秘盒子","Shop Mod","Spicy Shops","StSLib","SuperFastMode","TestMod","[功能]商店购物价格优惠80%","【功能Mod】Neow奖励","【功能Mod】混沌之环修复补丁","【功能Mod】精心准备","【遗物Mod】简单游戏","没有小屋子和绿帽子啦","篝火指南"],"gold_per_floor":[145,145,162,162,180,20,51,51,51,451,480,300,311,336,182,257,257,268,285,285,298,318,37,69,69,69,101,113,113,147,164,47,118,118,137,137,152,30,42,130,144,179,227,253,253,75,91,111,111,221,300,300,193,41,115,244],"floor_reached":57,"language":"ZHS","playtime":8334,"items_purged":["Defend_R","Strike_R","Strike_R","Strike_R","Defend_R","Strike_R","Defend_R","Defend_R","Strike_R","AT_DiedThrough","Bash+1","AT_BodySlamDance+1","Regret"],"score":4119,"play_id":"8272a230-d9d9-42c5-9af9-b2120d3d6a77","local_time":"20210123112024","is_ascension_mode":true,"campfire_choices":[{"data":"Armaments","floor":8.0,"key":"SMITH"},{"data":"Entrench","floor":25.0,"key":"SMITH"},{"floor":49.0,"key":"RECALL"}],"circlet_count":0,"master_deck":["AscendersBane","AT_FamilyPortrait+1","Fire Breathing","Armaments+1","Entrench+1","Whirlwind+1","Rampage+1","Second Wind","Burning Pact","Shrug It Off","Seeing Red","MostiFishMod:Chiaki+1","Body Slam+1","Impervious","AT_Dispersion","Feel No Pain","MostiFishMod:RacingGame+1","testmod-ChaoticCore","Feel No Pain+1","Dark Embrace"],"relics":["Black Blood","DaveBox","testmod-TestBox","EasyRelic","REME:ComplimentaryCards","Transparent","testmod-Register","testmod-TurbochargingSystem","Pen Nib","Ccalipers","AT_BladeRuinedKing","SynthV:TestCard","testmod-IWantAll","GodSword3","AT_ImmortalShieldbow","PlanX","testmod-Brilliant","Happy Flower","GodSword5","AT_ChloranthyRing","Bag of Preparation","Oddly Smooth Stone","HandDrill","Medical Kit","Ginger","Vajra","Red Skull","Whetstone","Gremlin Horn","ZombieArmy","Pear","Civilization","AT_ArcaneBoots","Technique","FeatherPendant","Chemical X","testmod-CasingShield","testmod-AssaultLearning","AT_BellDemon","Lantern","MagicDraw1","Mummified Hand","Bag of Marbles","Ornamental Fan","AT_SilvercatRing","testmod-Acrobat","SSSystem","ClockworkSouvenir","AT_RedTearstoneRing","OrangePellets","AT_SunfireAegis","testmod-Justice","MostiFishMod:AdaptiveDefenses","testmod-Hope","Bottled Flame"],"acts_visited":["Exordium","TheCity","TheBeyond","TheEnding"],"potions_floor_usage":[56],"damage_taken":[{"damage":42.0,"enemies":"2 Louse","floor":1.0,"turns":6.0},{"damage":21.0,"enemies":"Jaw Worm","floor":3.0,"turns":4.0},{"damage":35.0,"enemies":"Small Slimes","floor":5.0,"turns":5.0},{"damage":21.0,"enemies":"Gremlin Nob","floor":7.0,"turns":3.0},{"damage":14.0,"enemies":"Lagavulin","floor":11.0,"turns":2.0},{"damage":33.0,"enemies":"Blue Slaver","floor":13.0,"turns":4.0},{"damage":7.0,"enemies":"3 Sentries","floor":14.0,"turns":1.0},{"damage":68.0,"enemies":"The Guardian","floor":16.0,"turns":17.0},{"damage":69.0,"enemies":"Shell Parasite","floor":18.0,"turns":4.0},{"damage":30.0,"enemies":"Chosen","floor":19.0,"turns":4.0},{"damage":70.0,"enemies":"Snake Plant","floor":21.0,"turns":6.0},{"damage":35.0,"enemies":"Snecko","floor":22.0,"turns":5.0},{"damage":29.0,"enemies":"Book of Stabbing","floor":24.0,"turns":4.0},{"damage":45.0,"enemies":"Slavers","floor":27.0,"turns":9.0},{"damage":36.0,"enemies":"Shelled Parasite and Fungi","floor":28.0,"turns":5.0},{"damage":43.0,"enemies":"Book of Stabbing","floor":30.0,"turns":5.0},{"damage":48.0,"enemies":"Centurion and Healer","floor":31.0,"turns":12.0},{"damage":76.0,"enemies":"Automaton","floor":33.0,"turns":9.0},{"damage":16.0,"enemies":"Orb Walker","floor":35.0,"turns":2.0},{"damage":8.0,"enemies":"3 Darklings","floor":37.0,"turns":1.0},{"damage":18.0,"enemies":"Maw","floor":39.0,"turns":2.0},{"damage":61.0,"enemies":"Nemesis","floor":40.0,"turns":5.0},{"damage":10.0,"enemies":"Sphere and 2 Shapes","floor":41.0,"turns":1.0},{"damage":32.0,"enemies":"Giant Head","floor":42.0,"turns":2.0},{"damage":22.0,"enemies":"Reptomancer","floor":44.0,"turns":2.0},{"damage":11.0,"enemies":"Spire Growth","floor":47.0,"turns":1.0},{"damage":12.0,"enemies":"Writhing Mass","floor":48.0,"turns":1.0},{"damage":120.0,"enemies":"Time Eater","floor":50.0,"turns":17.0},{"damage":13,"enemies":"Donu and Deca","floor":51,"turns":1},{"damage":13,"enemies":"Shield and Spear","floor":55,"turns":1},{"damage":158,"enemies":"The Heart","floor":56,"turns":11}],"seed_played":"-6421436697032979183","potions_obtained":[{"floor":1.0,"key":"DuplicationPotion"},{"floor":28.0,"key":"Dexterity Potion"},{"floor":31.0,"key":"Strength Potion"},{"floor":35.0,"key":"BloodPotion"}],"is_trial":false,"path_per_floor":["M","?","M","?","M","R","E","R","T","?","E","$","M","E","R","B",null,"M","M","?","M","M","R","E","R","T","E","M","?","E","M","R","B",null,"M","?","M","$","M","E","M","E","T","E","?","$","M","M","R","B","B",null,"R","$","E","B",null],"character_chosen":"IRONCLAD","items_purchased":["Armaments","testmod-TurbochargingSystem","Pen Nib","Ccalipers","SkillPotion","Block Potion","AT_BladeRuinedKing","testmod-IWantAll","Rampage","GodSword3","AT_ImmortalShieldbow","Happy Flower","Burning Pact","GodSword5","Bag of Preparation","AttackPotion","Seeing Red","Oddly Smooth Stone","HandDrill","Medical Kit","Ginger","Vajra","Red Skull","Civilization","AT_SpeedBoots","Technique","Chemical X","testmod-CasingShield","Mummified Hand","Bag of Marbles","Ornamental Fan","testmod-ChaoticCore","SSSystem","ClockworkSouvenir","AT_RedTearstoneRing","Swift Potion","OrangePellets","AT_SunfireAegis","Dark Embrace","testmod-Justice","MostiFishMod:AdaptiveDefenses"],"campfire_rested":0,"item_purchase_floors":[0,0,0,0,0,0,0,6,6,6,6,12,12,12,15,15,15,15,15,23,23,23,23,32,32,32,38,38,46,46,46,46,53,53,53,53,54,54,54,54,54],"current_hp_per_floor":[75,52,75,75,75,75,75,75,75,75,75,75,75,75,75,75,75,75,75,75,75,75,75,75,75,75,75,75,75,85,85,85,86,86,88,88,91,91,95,100,105,110,110,115,115,115,120,125,125,130,135,135,135,135,140,145],"gold":244,"neow_bonus":"","is_daily":false,"chose_seed":false,"campfire_upgraded":2,"win_rate":0.0,"timestamp":1611372024,"path_taken":["M","?","M","?","M","R","E","R","T","?","E","?","?","E","R","BOSS","M","M","?","M","M","R","E","R","T","E","M","?","E","M","R","BOSS","M","?","M","$","M","E","M","E","T","E","?","$","M","M","R","BOSS","BOSS","R","$","E","BOSS"],"items_purchased_type":["Card","Relic","Relic","Relic","Potion","Potion","Relic","Relic","Card","Relic","Relic","Relic","Card","Relic","Relic","Potion","Card","Relic","Relic","Relic","Relic","Relic","Relic","Relic","Relic","Relic","Relic","Relic","Relic","Relic","Relic","Card","Relic","Relic","Relic","Potion","Relic","Relic","Card","Relic","Relic"],"build_version":"2020-12-22","purchased_purges":13,"victory":true,"max_hp_per_floor":[75,75,75,75,75,75,75,75,75,75,75,75,75,75,75,75,75,75,75,75,75,75,75,75,75,75,75,75,75,85,85,85,86,86,88,88,91,91,95,100,105,110,110,115,115,115,120,125,125,130,135,135,135,135,140,145],"relic_stats":{"Happy Flower":[44],"Gremlin Horn":[24,35],"counters":[53,259],"Black Blood":365,"Pen Nib":[44],"Bag of Preparation":[48],"Ginger":[17],"Whetstone":["Whirlwind","Rampage"],"Medical Kit":[38],"OrangePellets":[3],"Mummified Hand":[65],"Ornamental Fan":[140],"HandDrill":[100],"Chemical X":[23],"obtain_stats":[{"AT_ATBox":0,"MostiFishMod:AdaptiveDefenses":54,"PageOfAlriune":6,"AT_ArcaneBoots":40,"Whetstone":11,"Ginger":23,"Bottled Tornado":9,"Sling":0,"Old Coin":0,"MagicDraw1":44,"HandDrill":15,"MerchantsRug":4,"testmod-Maize":3,"AT_RedTearstoneRing":6,"testmod-TestBox":0,"Pear":30,"AT_Manta":12,"testmod-Register":5,"AT_EbonyIvory":7,"Pen Nib":0,"AT_SilvercatRing":47,"EasyRelic":0,"AT_SpeedBoots":32,"Technique":32,"StrikeDummy":12,"AT_BellDemon":5,"Lantern":44,"DaveBox":0,"DianPoetry":0,"Bag of Preparation":15,"Ancient Tea Set":6,"Burning Blood":10,"testmod-CasingShield":38,"testmod-Brilliant":11,"Civilization":32,"Chemical X":6,"PageOfPinocchio":0,"ZombieArmy":27,"AT_ChloranthyRing":5,"Lee\u0027s Waffle":11,"ImprovedEquipment":12,"testmod-TurbochargingSystem":0,"ChaoDraw":6,"AT_ImmortalShieldbow":6,"FeatherPendant":34,"Ornamental Fan":46,"testmod-Hope":55,"PageOfPorccubus":11,"AT_SunfireAegis":15,"Gremlin Horn":26,"Vajra":23,"SSSystem":53,"testmod-IWantAll":6,"BirthdayGift-Icosahedron":4,"PageOfSingingMachine":10,"PageOfFairyFestival":5,"Ccalipers":0,"testmod-DragonStarHat":15,"DSteel32":0,"AT_RabadonDeathcap":0,"Happy Flower":12,"Oddly Smooth Stone":4,"Du-Vu Doll":15,"OrangePellets":54,"Bottled Flame":55,"Transparent":10,"Shuriken":8,"testmod-Acrobat":0,"PlanX":7,"GodSword7":6,"FixedStarFall":0,"GodSword5":12,"GodSword3":6,"testmod-OneHitWonder":4,"Meat on the Bone":0,"Darkstone Periapt":6,"Black Blood":17,"Juzu Bracelet":11,"PageOfSpiderBud":6,"ClockworkSouvenir":5,"Nunchaku":0,"TheAbacus":12,"Mummified Hand":46,"Pantograph":9,"testmod-ArcanaOfDestiny":0,"Red Skull":23,"AT_ForceNature":4,"AT_BladeRuinedKing":0,"Odd Mushroom":13,"testmod-Justice":54,"Medical Kit":23,"White Beast Statue":11,"REME:ComplimentaryCards":10,"SynthV:TestCard":1,"testmod-AssaultLearning":40,"Bag of Marbles":46,"PureWater":0},{"AT_ATBox":0,"MostiFishMod:AdaptiveDefenses":51,"PageOfAlriune":3,"AT_ArcaneBoots":44,"Whetstone":6,"Ginger":34,"Bottled Tornado":21,"Sling":18,"Old Coin":0,"MagicDraw1":47,"HandDrill":17,"MerchantsRug":1,"testmod-Maize":19,"AT_RedTearstoneRing":20,"testmod-TestBox":0,"Pear":38,"AT_Manta":15,"testmod-Register":19,"AT_EbonyIvory":21,"Pen Nib":22,"AT_SilvercatRing":48,"EasyRelic":0,"AT_SpeedBoots":39,"Technique":39,"StrikeDummy":15,"AT_BellDemon":19,"Lantern":47,"DaveBox":0,"DianPoetry":0,"Bag of Preparation":29,"Ancient Tea Set":11,"Burning Blood":26,"testmod-CasingShield":42,"testmod-Brilliant":27,"Civilization":39,"Chemical X":11,"PageOfPinocchio":18,"ZombieArmy":36,"AT_ChloranthyRing":19,"Lee\u0027s Waffle":6,"ImprovedEquipment":15,"testmod-TurbochargingSystem":0,"ChaoDraw":20,"AT_ImmortalShieldbow":25,"FeatherPendant":40,"Ornamental Fan":47,"testmod-Hope":52,"PageOfPorccubus":6,"AT_SunfireAegis":17,"Gremlin Horn":35,"Vajra":34,"SSSystem":51,"testmod-IWantAll":25,"BirthdayGift-Icosahedron":1,"PageOfSingingMachine":6,"PageOfFairyFestival":19,"Ccalipers":22,"testmod-DragonStarHat":17,"DSteel32":0,"AT_RabadonDeathcap":7,"Happy Flower":27,"Oddly Smooth Stone":1,"Du-Vu Doll":17,"OrangePellets":51,"Bottled Flame":52,"Transparent":26,"Shuriken":5,"testmod-Acrobat":7,"PlanX":26,"GodSword7":11,"FixedStarFall":0,"GodSword5":27,"GodSword3":25,"testmod-OneHitWonder":1,"Meat on the Bone":7,"Darkstone Periapt":11,"Black Blood":30,"Juzu Bracelet":6,"PageOfSpiderBud":11,"ClockworkSouvenir":19,"Nunchaku":18,"TheAbacus":15,"Mummified Hand":47,"Pantograph":5,"testmod-ArcanaOfDestiny":0,"Red Skull":34,"AT_ForceNature":1,"AT_BladeRuinedKing":22,"Odd Mushroom":16,"testmod-Justice":51,"Medical Kit":34,"White Beast Statue":15,"REME:ComplimentaryCards":26,"SynthV:TestCard":1,"testmod-AssaultLearning":44,"Bag of Marbles":47,"PureWater":0},{"AT_ATBox":0,"MostiFishMod:AdaptiveDefenses":247,"PageOfAlriune":14,"AT_ArcaneBoots":219,"Whetstone":27,"Ginger":168,"Bottled Tornado":105,"Sling":94,"Old Coin":0,"MagicDraw1":227,"HandDrill":80,"MerchantsRug":7,"testmod-Maize":100,"AT_RedTearstoneRing":102,"testmod-TestBox":0,"Pear":191,"AT_Manta":72,"testmod-Register":100,"AT_EbonyIvory":105,"Pen Nib":107,"AT_SilvercatRing":228,"EasyRelic":0,"AT_SpeedBoots":203,"Technique":203,"StrikeDummy":72,"AT_BellDemon":100,"Lantern":227,"DaveBox":0,"DianPoetry":0,"Bag of Preparation":132,"Ancient Tea Set":51,"Burning Blood":125,"testmod-CasingShield":215,"testmod-Brilliant":127,"Civilization":203,"Chemical X":51,"PageOfPinocchio":94,"ZombieArmy":181,"AT_ChloranthyRing":100,"Lee\u0027s Waffle":27,"ImprovedEquipment":72,"testmod-TurbochargingSystem":0,"ChaoDraw":102,"AT_ImmortalShieldbow":122,"FeatherPendant":212,"Ornamental Fan":227,"testmod-Hope":248,"PageOfPorccubus":27,"AT_SunfireAegis":80,"Gremlin Horn":172,"Vajra":168,"SSSystem":247,"testmod-IWantAll":122,"BirthdayGift-Icosahedron":7,"PageOfSingingMachine":27,"PageOfFairyFestival":100,"Ccalipers":107,"testmod-DragonStarHat":80,"DSteel32":0,"AT_RabadonDeathcap":30,"Happy Flower":127,"Oddly Smooth Stone":7,"Du-Vu Doll":80,"OrangePellets":247,"Bottled Flame":248,"Transparent":125,"Shuriken":22,"testmod-Acrobat":30,"PlanX":125,"GodSword7":51,"FixedStarFall":0,"GodSword5":127,"GodSword3":122,"testmod-OneHitWonder":7,"Meat on the Bone":30,"Darkstone Periapt":51,"Black Blood":149,"Juzu Bracelet":27,"PageOfSpiderBud":51,"ClockworkSouvenir":100,"Nunchaku":94,"TheAbacus":72,"Mummified Hand":227,"Pantograph":22,"testmod-ArcanaOfDestiny":0,"Red Skull":168,"AT_ForceNature":7,"AT_BladeRuinedKing":107,"Odd Mushroom":77,"testmod-Justice":247,"Medical Kit":168,"White Beast Statue":72,"REME:ComplimentaryCards":125,"SynthV:TestCard":7,"testmod-AssaultLearning":222,"Bag of Marbles":227,"PureWater":0}]},"card_choices":[{"not_picked":["Carnage","Infernal Blade"],"picked":"Entrench","floor":1.0},{"not_picked":["Dropkick","Armaments","Headbutt","Havoc","Thunderclap"],"picked":"SKIP","floor":3.0},{"not_picked":["Infernal Blade","Power Through","Rage","AT_IchimonjiDouble"],"picked":"Whirlwind","floor":5.0},{"not_picked":["Evolve","Rage","Juggernaut","AT_ManFootWork","Rampage"],"picked":"SKIP","floor":7.0},{"not_picked":["AT_BodySlamDance","Entrench","Feel No Pain","Cleave"],"picked":"Second Wind","floor":11.0},{"not_picked":["Hemokinesis","Warcry","Cleave","Wild Strike"],"picked":"Shrug It Off","floor":13.0},{"not_picked":["Perfected Strike","MostiFishMod:PerfectStrikeMKII","Clash","Wild Strike","Metallicize"],"picked":"SKIP","floor":14.0},{"not_picked":["Fiend Fire","MostiFishMod:TemporaryOutbreak","Double Tap","Brutality"],"picked":"MostiFishMod:Chiaki","floor":16.0},{"not_picked":["Sword Boomerang","Infernal Blade+1","Heavy Blade","Pommel Strike","Uppercut+1"],"picked":"SKIP","floor":18.0},{"not_picked":["Sword Boomerang","Havoc","Sever Soul","AT_CaressingTears","AT_GerminateFire"],"picked":"SKIP","floor":19.0},{"not_picked":["Bloodletting","Rampage","Clash","Wild Strike"],"picked":"AT_BodySlamDance+1","floor":21.0},{"not_picked":["Cleave+1","Perfected Strike","Body Slam","Wild Strike"],"picked":"Impervious","floor":22.0},{"not_picked":["Evolve","AT_CaressingTears+1","Anger","Flame Barrier"],"picked":"AT_DiedThrough","floor":24.0},{"not_picked":["MostiFishMod:BrandingRite+1","Iron Wave","MostiFishMod:WingOfPhoenix","Twin Strike","Evolve"],"picked":"SKIP","floor":27.0},{"not_picked":["Thunderclap","Heavy Blade","Evolve","Sword Boomerang+1","Inflame"],"picked":"SKIP","floor":28.0},{"not_picked":["Havoc","Wild Strike","MostiFishMod:ChineseTea","MostiFishMod:BrandingRite+1","AT_DiedThrough"],"picked":"SKIP","floor":30.0},{"not_picked":["AT_GerminateFire","Anger","Headbutt","True Grit","Inflame"],"picked":"SKIP","floor":31.0},{"not_picked":["MostiFishMod:CullingBlade","MostiFishMod:DarkDeal","MostiFishMod:FlyOverUtopia","MostiFishMod:TemporaryOutbreak"],"picked":"AT_Dispersion","floor":33.0},{"not_picked":["Rampage","Reckless Charge+1","Heavy Blade","Flex","Cleave+1"],"picked":"SKIP","floor":35.0},{"not_picked":["Havoc","Sever Soul","Armaments","Heavy Blade","True Grit"],"picked":"SKIP","floor":37.0},{"not_picked":["Clash","Body Slam","Evolve","Ghostly Armor","Rage"],"picked":"SKIP","floor":39.0},{"not_picked":["Bloodletting","Thunderclap","Hemokinesis","Iron Wave","Flex+1"],"picked":"SKIP","floor":40.0},{"not_picked":["Shrug It Off","Wild Strike","Cleave","True Grit"],"picked":"Feel No Pain","floor":41.0},{"not_picked":["Shockwave+1","Ghostly Armor","Reckless Charge","Battle Trance"],"picked":"MostiFishMod:RacingGame","floor":42.0},{"not_picked":["Clothesline","AT_IchimonjiDouble+1","Metallicize","Clash+1","MostiFishMod:FireWorks"],"picked":"SKIP","floor":44.0},{"not_picked":["Thunderclap","Anger","Warcry","Clothesline"],"picked":"Feel No Pain+1","floor":47.0},{"not_picked":["Perfected Strike+1","Sword Boomerang","Burning Pact","Havoc","Sentinel"],"picked":"SKIP","floor":48.0},{"not_picked":["True Grit","Iron Wave","Bloodletting","AT_BodySlamDance","Armaments+1"],"picked":"SKIP","floor":55}],"player_experience":257856,"relics_obtained":[{"floor":1.0,"key":"SynthV:TestCard"},{"floor":7.0,"key":"PlanX"},{"floor":11.0,"key":"testmod-Brilliant"},{"floor":14.0,"key":"AT_ChloranthyRing"},{"floor":24.0,"key":"Whetstone"},{"floor":26.0,"key":"Gremlin Horn"},{"floor":27.0,"key":"ZombieArmy"},{"floor":30.0,"key":"Pear"},{"floor":40.0,"key":"testmod-AssaultLearning"},{"floor":42.0,"key":"AT_BellDemon"},{"floor":44.0,"key":"Lantern"},{"floor":44.0,"key":"MagicDraw1"},{"floor":47.0,"key":"AT_SilvercatRing"},{"floor":48.0,"key":"testmod-Acrobat"},{"floor":55,"key":"testmod-Hope"},{"floor":55,"key":"Bottled Flame"}],"event_choices":[{"damage_healed":0.0,"max_hp_gain":0.0,"max_hp_loss":0.0,"gold_gain":0.0,"event_name":"Shining Light","player_choice":"Entered Light","floor":2.0,"gold_loss":0.0,"damage_taken":23.0,"cards_upgraded":["AT_FamilyPortrait","Bash"]},{"damage_healed":0.0,"max_hp_gain":0.0,"max_hp_loss":0.0,"gold_gain":0.0,"event_name":"The Cleric","player_choice":"Leave","floor":4.0,"gold_loss":0.0,"damage_taken":0.0},{"damage_healed":0.0,"max_hp_gain":0.0,"max_hp_loss":0.0,"gold_gain":400.0,"event_name":"恩洛斯的盘子","player_choice":"Sell","floor":10.0,"relics_lost":["AT_ATBox"],"gold_loss":0.0,"damage_taken":0.0},{"damage_healed":0.0,"max_hp_gain":0.0,"max_hp_loss":0.0,"gold_gain":0.0,"event_name":"The Library","player_choice":"Read","floor":20.0,"gold_loss":0.0,"damage_taken":0.0,"cards_obtained":["Body Slam"]},{"damage_healed":0.0,"max_hp_gain":0.0,"max_hp_loss":0.0,"gold_gain":0.0,"event_name":"The Mausoleum","player_choice":"Ignored","floor":29.0,"gold_loss":0.0,"damage_taken":0.0},{"damage_healed":0.0,"max_hp_gain":0.0,"max_hp_loss":0.0,"gold_gain":0.0,"event_name":"SensoryStone","player_choice":"Memory 1","floor":36.0,"gold_loss":0.0,"damage_taken":0.0},{"damage_healed":0.0,"max_hp_gain":0.0,"max_hp_loss":0.0,"gold_gain":0.0,"event_name":"给自己的盒子","player_choice":"Ignored","floor":45.0,"gold_loss":0.0,"damage_taken":0.0}],"is_beta":false,"boss_relics":[{"not_picked":["Cursed Key","NightmareShop"],"picked":"Black Blood"},{"not_picked":["RhineCircuit","TakeMeEscape"],"picked":"FeatherPendant"}],"items_purged_floors":[0,0,6,12,12,15,23,23,23,32,38,46,54],"is_endless":false,"potions_floor_spawned":[1,11,16,19,21,28,31,33,35,37,40,42,55],"ascension_level":20}}