{"host":"sav7uxregyirlf69","time":1611418713,"event":{"mods":["AchievementEnabler","BaseMod","Colored Map","DeckTracker","Keyboard Shortcuts","Minty Spire (QoL Compilation)","READ ME - Guardian Mod","StSLib","SuperFastMode"],"gold_per_floor":[109,125,36,111,111,111,36,36,63,73,92,92,92,103,103,177,177,195,40,40,40,53,53,53,63,89,106,126,136,136,136],"floor_reached":30,"language":"KOR","playtime":600,"items_purged":["Strike_G"],"score":444,"play_id":"7beeeb5c-e891-4015-9c48-2473852f7527","local_time":"20210124011833","is_ascension_mode":true,"campfire_choices":[{"data":"Noxious Fumes","floor":6,"key":"SMITH"},{"data":"Crippling Poison","floor":8,"key":"SMITH"},{"floor":12,"key":"REST"},{"data":"Leg Sweep","floor":15,"key":"SMITH"},{"data":"Tactician","floor":23,"key":"SMITH"}],"circlet_count":0,"master_deck":["AscendersBane","Defend_G","Defend_G","Defend_G","Defend_G","Survivor","Neutralize","Crippling Poison+1","Noxious Fumes+1","Dagger Throw+1","Leg Sweep+1","Concentrate+1","Bane+1","Backflip","Tactician+1","Well Laid Plans","Flechettes","Infinite Blades","Escape Plan","After Image","Bouncing Flask","Reflex"],"relics":["Ring of the Snake","Dream Catcher","Astrolabe","Art of War"],"acts_visited":["Exordium","TheCity"],"potions_floor_usage":[25,28,28,30],"damage_taken":[{"damage":4,"enemies":"Cultist","floor":1,"turns":4},{"damage":0,"enemies":"Small Slimes","floor":2,"turns":3},{"damage":3,"enemies":"Jaw Worm","floor":10,"turns":4},{"damage":18,"enemies":"Lots of Slimes","floor":11,"turns":3},{"damage":1,"enemies":"2 Fungi Beasts","floor":14,"turns":3},{"damage":12,"enemies":"The Guardian","floor":16,"turns":10},{"damage":8,"enemies":"Chosen","floor":18,"turns":5},{"damage":5,"enemies":"Spheric Guardian","floor":22,"turns":6},{"damage":34,"enemies":"Shelled Parasite and Fungi","floor":25,"turns":6},{"damage":9,"enemies":"Centurion and Healer","floor":27,"turns":6},{"damage":22,"enemies":"Cultist and Chosen","floor":28,"turns":6},{"damage":9,"enemies":"Snake Plant","floor":29,"turns":5},{"damage":16,"enemies":"Chosen and Byrds","floor":30,"turns":4}],"seed_played":"-4420872330742062516","potions_obtained":[{"floor":10,"key":"Regen Potion"},{"floor":14,"key":"FearPotion"},{"floor":25,"key":"Fire Potion"},{"floor":29,"key":"LiquidMemories"}],"is_trial":false,"path_per_floor":["M","M","$","?","?","R","$","R","T","M","M","R","?","M","R","B",null,"M","$","?","?","M","R","?","M","T","M","M","M","M"],"character_chosen":"THE_SILENT","items_purchased":["Noxious Fumes","Tactician","Well Laid Plans"],"campfire_rested":1,"item_purchase_floors":[3,19,19],"current_hp_per_floor":[55,55,55,44,44,44,44,44,44,41,23,42,22,21,21,9,52,44,44,44,44,39,39,76,56,56,47,25,16,0,0],"gold":136,"neow_bonus":"TRANSFORM_CARD","is_daily":false,"chose_seed":false,"campfire_upgraded":4,"win_rate":0.0,"timestamp":1611418713,"path_taken":["M","M","?","?","?","R","$","R","T","?","M","R","?","M","R","BOSS","M","$","?","?","M","R","?","M","T","M","M","M","M"],"items_purchased_type":["Card","Card","Card"],"build_version":"2020-12-22","purchased_purges":1,"victory":false,"max_hp_per_floor":[66,66,66,66,66,66,66,66,66,66,66,66,66,66,66,66,66,66,66,66,66,66,66,76,76,76,76,76,76,76,76],"card_choices":[{"not_picked":["Backflip","Expertise"],"picked":"Crippling Poison","floor":1},{"not_picked":["Riddle With Holes","Footwork"],"picked":"Poisoned Stab","floor":2},{"not_picked":["Quick Slash","Prepared","Poisoned Stab"],"picked":"SKIP","floor":10},{"not_picked":["Riddle With Holes","Dagger Throw","Acrobatics"],"picked":"SKIP","floor":11},{"not_picked":["Riddle With Holes","Dagger Throw","Acrobatics"],"picked":"SKIP","floor":11},{"not_picked":["Bane","Blade Dance"],"picked":"Dagger Throw","floor":12},{"not_picked":["Dagger Spray","Finisher"],"picked":"Leg Sweep","floor":14},{"not_picked":["Bane","Cloak And Dagger"],"picked":"Backflip","floor":18},{"not_picked":["Underhanded Strike","Sucker Punch","Bane+1"],"picked":"SKIP","floor":22},{"not_picked":["Dodge and Roll","Poisoned Stab"],"picked":"Escape Plan","floor":25},{"not_picked":["Sucker Punch","Dagger Spray"],"picked":"After Image","floor":27},{"not_picked":["Heel Hook","PiercingWail"],"picked":"Bouncing Flask","floor":28},{"not_picked":["Slice","Dodge and Roll"],"picked":"Reflex","floor":29}],"player_experience":1368534,"relics_obtained":[{"floor":9,"key":"Dream Catcher"},{"floor":26,"key":"Art of War"}],"event_choices":[{"damage_healed":0,"gold_gain":75,"player_choice":"Gather Gold","damage_taken":11,"max_hp_gain":0,"max_hp_loss":0,"event_name":"World of Goop","floor":4,"gold_loss":0},{"damage_healed":0,"gold_gain":0,"player_choice":"0 cards matched","damage_taken":0,"max_hp_gain":0,"max_hp_loss":0,"event_name":"Match and Keep!","floor":5,"gold_loss":0,"cards_obtained":[]},{"damage_healed":0,"gold_gain":0,"player_choice":"Entered Light","damage_taken":20,"max_hp_gain":0,"max_hp_loss":0,"event_name":"Shining Light","floor":13,"gold_loss":0,"cards_upgraded":["Strike_G","Dagger Throw"]},{"cards_removed":["Defend_G"],"damage_healed":0,"gold_gain":0,"player_choice":"Elegance","damage_taken":0,"max_hp_gain":0,"max_hp_loss":0,"event_name":"Back to Basics","floor":20,"gold_loss":0},{"damage_healed":0,"gold_gain":0,"cards_transformed":["Flying Knee","Poisoned Stab"],"player_choice":"Became Test Subject","damage_taken":0,"max_hp_gain":0,"max_hp_loss":0,"event_name":"Drug Dealer","floor":21,"gold_loss":0,"cards_obtained":["Flechettes","Infinite Blades"]},{"cards_removed":["Adrenaline"],"damage_healed":27,"gold_gain":0,"player_choice":"Offered Rare","damage_taken":0,"max_hp_gain":10,"max_hp_loss":0,"event_name":"Bonfire Elementals","floor":24,"gold_loss":0}],"is_beta":false,"boss_relics":[{"not_picked":["Runic Pyramid","SlaversCollar"],"picked":"Astrolabe"}],"items_purged_floors":[7],"is_endless":false,"potions_floor_spawned":[10,14,25,29],"killed_by":"Chosen and Byrds","ascension_level":20}}