{"host":"qdfumeom6htv8yxl","time":1611418689,"event":{"mods":["AchievementEnabler","BaseMod","Bestiary","Block Reminder","Minty Spire (QoL Compilation)","Quick Restart","Relic Stats"],"gold_per_floor":[111,69,69,82,157,190,190,202,249,259,224,234,234,267,267,341,341,358,377,390,390,390,425,425,441,467,467,487,504,529,117,117,192,192,204,229,229,0,17,17,50,99,99,133,133,41,59,69,69,69],"floor_reached":51,"language":"ENG","playtime":8271,"items_purged":["Strike_B","Defend_B"],"score":1443,"play_id":"057f466d-d7cc-44b6-895f-4fa2df6751fb","local_time":"20210123101809","is_ascension_mode":true,"campfire_choices":[{"data":"Defragment","floor":7.0,"key":"SMITH"},{"data":"Biased Cognition","floor":13.0,"key":"SMITH"},{"data":"Loop","floor":15.0,"key":"SMITH"},{"data":"Seek","floor":27,"key":"SMITH"},{"data":"Biased Cognition","floor":32,"key":"SMITH"},{"data":"Glacier","floor":40,"key":"SMITH"},{"data":"FTL","floor":49,"key":"SMITH"}],"circlet_count":0,"master_deck":["AscendersBane","Strike_B+1","Defend_B+1","Zap","Dualcast","Ball Lightning","Defragment+1","Glacier+1","Seek+1","Loop+1","Sweeping Beam","Biased Cognition+1","FTL+1","Core Surge","Leap","Cold Snap+1","Biased Cognition+1","Electrodynamics","Glacier","Genetic Algorithm","Echo Form","Ball Lightning","Core Surge","Coolheaded+1","Barrage+1","Seek+1","Defragment+1","Echo Form","Capacitor"],"relics":["Cracked Core","Anchor","Happy Flower","Blood Vial","Coffee Dripper","Sundial","Nloth\u0027s Gift","Smiling Mask","Toxic Egg 2","Juzu Bracelet","PreservedInsect","Astrolabe","Incense Burner","Red Mask","Dead Branch","Lizard Tail","Akabeko","Gremlin Horn"],"acts_visited":["Exordium","TheCity","TheBeyond"],"potions_floor_usage":[18,23,33,36,42,42,47,50],"damage_taken":[{"damage":0.0,"enemies":"Cultist","floor":1.0,"turns":1.0},{"damage":0.0,"enemies":"Jaw Worm","floor":4.0,"turns":1.0},{"damage":0.0,"enemies":"Lagavulin","floor":6.0,"turns":1.0},{"damage":0.0,"enemies":"2 Louse","floor":8.0,"turns":2.0},{"damage":0.0,"enemies":"2 Fungi Beasts","floor":10.0,"turns":4.0},{"damage":2.0,"enemies":"Exordium Thugs","floor":12.0,"turns":5.0},{"damage":6.0,"enemies":"3 Sentries","floor":14.0,"turns":5.0},{"damage":11.0,"enemies":"Hexaghost","floor":16.0,"turns":9.0},{"damage":6,"enemies":"Shell Parasite","floor":18,"turns":5},{"damage":3,"enemies":"Spheric Guardian","floor":19,"turns":4},{"damage":0,"enemies":"3 Cultists","floor":20,"turns":4},{"damage":9,"enemies":"Slavers","floor":23,"turns":5},{"damage":6,"enemies":"Shelled Parasite and Fungi","floor":25,"turns":4},{"damage":0,"enemies":"Snecko","floor":28,"turns":4},{"damage":0,"enemies":"Cultist and Chosen","floor":29,"turns":3},{"damage":8,"enemies":"Book of Stabbing","floor":30,"turns":5},{"damage":0,"enemies":"Automaton","floor":33,"turns":9},{"damage":6,"enemies":"3 Darklings","floor":35,"turns":5},{"damage":0,"enemies":"Mind Bloom Boss Battle","floor":36,"turns":4},{"damage":0,"enemies":"3 Shapes","floor":39,"turns":2},{"damage":3,"enemies":"Reptomancer","floor":41,"turns":4},{"damage":26,"enemies":"2 Orb Walkers","floor":42,"turns":5},{"damage":6,"enemies":"Nemesis","floor":44,"turns":3},{"damage":0,"enemies":"Jaw Worm Horde","floor":47,"turns":2},{"damage":0,"enemies":"Spire Growth","floor":48,"turns":5},{"damage":24,"enemies":"Donu and Deca","floor":50,"turns":7}],"seed_played":"103725638408776321","potions_obtained":[{"floor":6.0,"key":"Explosive Potion"},{"floor":8.0,"key":"SkillPotion"},{"floor":10.0,"key":"SkillPotion"},{"floor":12.0,"key":"DistilledChaos"},{"floor":16.0,"key":"AttackPotion"},{"floor":19,"key":"Strength Potion"},{"floor":23,"key":"CultistPotion"},{"floor":28,"key":"Energy Potion"},{"floor":29,"key":"Fire Potion"},{"floor":35,"key":"Swift Potion"},{"floor":39,"key":"Weak Potion"},{"floor":42,"key":"Block Potion"},{"floor":44,"key":"Energy Potion"},{"floor":47,"key":"FearPotion"}],"is_trial":false,"path_per_floor":["M","$","?","M","?","E","R","M","T","M","?","M","R","E","R","B",null,"M","M","M","?","?","E","?","M","T","R","M","M","E","$","R","B",null,"M","?","?","?","M","R","E","?","T","E","?","$","M","M","R","B",null],"character_chosen":"DEFECT","items_purchased":["Defragment","Ball Lightning","Juzu Bracelet","PreservedInsect","Capacitor"],"campfire_rested":0,"item_purchase_floors":[2,31,31,31,46],"current_hp_per_floor":[64,64,43,43,32,32,32,32,32,32,49,47,47,41,41,32,61,57,56,58,58,58,51,51,47,47,47,49,51,45,45,45,47,65,61,63,63,63,65,65,64,40,40,36,71,71,71,71,71,47],"gold":69,"neow_bonus":"THREE_ENEMY_KILL","is_daily":false,"chose_seed":false,"campfire_upgraded":7,"win_rate":0.0,"timestamp":1611418689,"path_taken":["M","$","?","M","?","E","R","M","T","M","?","M","R","E","R","BOSS","BOSS","M","M","M","?","?","E","?","M","T","R","M","?","E","$","R","BOSS","M","?","?","?","M","R","E","?","T","E","?","$","M","M","R","BOSS"],"items_purchased_type":["Card","Card","Relic","Relic","Card"],"build_version":"2020-12-22","purchased_purges":2,"victory":true,"max_hp_per_floor":[71,71,71,71,71,71,71,71,71,71,71,71,71,71,71,71,71,71,71,71,71,71,71,71,71,71,71,71,71,71,71,71,71,71,71,71,71,71,71,71,71,71,71,71,71,71,71,71,71,71],"relic_stats":{"Happy Flower":[34],"Gremlin Horn":[3,3],"counters":[26,106],"Astrolabe":["Scrape","Coolheaded","Barrage"],"Dead Branch":[30],"PreservedInsect":109,"Juzu Bracelet":0,"Smiling Mask":75,"Blood Vial":32,"Lizard Tail":0,"Sundial":[2],"Nloth\u0027s Gift":2,"obtain_stats":[{"NeowsBlessing":0,"Happy Flower":9,"Gremlin Horn":44,"Astrolabe":34,"Dead Branch":41,"PreservedInsect":31,"Juzu Bracelet":31,"Incense Burner":36,"Smiling Mask":26,"Akabeko":43,"Blood Vial":14,"Anchor":6,"Lizard Tail":42,"Sundial":23,"Coffee Dripper":17,"Nloth\u0027s Gift":24,"Red Mask":38,"Toxic Egg 2":30,"Cracked Core":0},{"NeowsBlessing":0,"Happy Flower":4,"Gremlin Horn":23,"Astrolabe":17,"Dead Branch":21,"PreservedInsect":16,"Juzu Bracelet":16,"Incense Burner":19,"Smiling Mask":13,"Akabeko":22,"Blood Vial":7,"Anchor":3,"Lizard Tail":22,"Sundial":12,"Coffee Dripper":8,"Nloth\u0027s Gift":12,"Red Mask":19,"Toxic Egg 2":16,"Cracked Core":0},{"NeowsBlessing":0,"Happy Flower":5,"Gremlin Horn":93,"Astrolabe":71,"Dead Branch":85,"PreservedInsect":62,"Juzu Bracelet":62,"Incense Burner":79,"Smiling Mask":50,"Akabeko":90,"Blood Vial":19,"Anchor":3,"Lizard Tail":90,"Sundial":46,"Coffee Dripper":28,"Nloth\u0027s Gift":46,"Red Mask":79,"Toxic Egg 2":62,"Cracked Core":0}]},"card_choices":[{"not_picked":["Barrage","Go for the Eyes"],"picked":"Ball Lightning","floor":1.0},{"not_picked":["Recycle","Tempest"],"picked":"Glacier","floor":4.0},{"not_picked":["Barrage","Hologram"],"picked":"Seek","floor":6.0},{"not_picked":["Undo","BootSequence"],"picked":"Loop","floor":8.0},{"not_picked":["Cold Snap","Steam Power"],"picked":"Sweeping Beam","floor":10.0},{"not_picked":["Cold Snap","Gash"],"picked":"Biased Cognition","floor":12.0},{"not_picked":["Redo","Blizzard"],"picked":"FTL","floor":14.0},{"not_picked":["Electrodynamics","Rainbow"],"picked":"Core Surge","floor":16.0},{"not_picked":["Auto Shields","Stack"],"picked":"Leap","floor":18},{"not_picked":["Compile Driver","Go for the Eyes"],"picked":"Cold Snap+1","floor":19},{"not_picked":["Hello World+1","Streamline","Double Energy"],"picked":"SKIP","floor":20},{"not_picked":["Conserve Battery","Undo"],"picked":"Electrodynamics","floor":23},{"not_picked":["Gash+1","Blizzard"],"picked":"Glacier","floor":25},{"not_picked":["Steam Power","Gash","Force Field"],"picked":"SKIP","floor":28},{"not_picked":["Rip and Tear","Rebound"],"picked":"Genetic Algorithm","floor":29},{"not_picked":["Stack+1","Gash"],"picked":"Echo Form","floor":30},{"not_picked":["Electrodynamics","Biased Cognition"],"picked":"Core Surge","floor":33},{"not_picked":["Ball Lightning","Force Field+1","Auto Shields+1"],"picked":"SKIP","floor":35},{"not_picked":["Redo+1","Leap+1"],"picked":"Seek+1","floor":39},{"not_picked":["Redo+1","Coolheaded+1"],"picked":"Defragment+1","floor":41},{"not_picked":["Lockon","Fission+1"],"picked":"Echo Form","floor":44},{"not_picked":["Barrage","Reinforced Body+1","Rebound"],"picked":"SKIP","floor":47},{"not_picked":["Ball Lightning","Gash+1","Glacier+1"],"picked":"SKIP","floor":48}],"player_experience":1809464,"relics_obtained":[{"floor":6.0,"key":"Anchor"},{"floor":9.0,"key":"Happy Flower"},{"floor":14.0,"key":"Blood Vial"},{"floor":23,"key":"Sundial"},{"floor":26,"key":"Smiling Mask"},{"floor":30,"key":"Toxic Egg 2"},{"floor":36,"key":"Incense Burner"},{"floor":41,"key":"Dead Branch"},{"floor":42,"key":"Lizard Tail"},{"floor":43,"key":"Akabeko"},{"floor":44,"key":"Gremlin Horn"}],"event_choices":[{"damage_healed":0.0,"max_hp_gain":0.0,"max_hp_loss":0.0,"gold_gain":0.0,"event_name":"Shining Light","player_choice":"Entered Light","floor":3.0,"gold_loss":0.0,"damage_taken":21.0,"cards_upgraded":["Strike_B","Defend_B"]},{"damage_healed":0.0,"max_hp_gain":0.0,"max_hp_loss":0.0,"gold_gain":75.0,"event_name":"World of Goop","player_choice":"Gather Gold","floor":5.0,"gold_loss":0.0,"damage_taken":11.0},{"damage_healed":17.0,"max_hp_gain":0.0,"max_hp_loss":0.0,"gold_gain":0.0,"event_name":"The Cleric","player_choice":"Healed","floor":11.0,"gold_loss":35.0,"damage_taken":0.0},{"damage_healed":0,"gold_gain":0,"player_choice":"Ignored","damage_taken":0,"max_hp_gain":0,"max_hp_loss":0,"event_name":"Ghosts","floor":21,"gold_loss":0},{"damage_healed":0,"gold_gain":0,"player_choice":"Read","damage_taken":0,"max_hp_gain":0,"max_hp_loss":0,"event_name":"The Library","floor":22,"gold_loss":0,"cards_obtained":["Biased Cognition"]},{"damage_healed":0,"gold_gain":0,"player_choice":"Traded Relic","damage_taken":0,"relics_obtained":["Nloth\u0027s Gift"],"max_hp_gain":0,"max_hp_loss":0,"event_name":"N\u0027loth","floor":24,"relics_lost":["NeowsBlessing"],"gold_loss":0},{"damage_healed":0,"gold_gain":0,"player_choice":"Fight","damage_taken":0,"max_hp_gain":0,"max_hp_loss":0,"event_name":"MindBloom","floor":36,"gold_loss":0},{"cards_removed":["Defend_B"],"damage_healed":0,"gold_gain":0,"player_choice":"Removed Skill","damage_taken":0,"max_hp_gain":0,"max_hp_loss":0,"event_name":"Falling","floor":37,"gold_loss":0},{"damage_healed":0,"gold_gain":0,"player_choice":"Paid","damage_taken":0,"relics_obtained":["Red Mask"],"max_hp_gain":0,"max_hp_loss":0,"event_name":"Tomb of Lord Red Mask","floor":38,"gold_loss":229},{"damage_healed":0,"gold_gain":0,"player_choice":"Fight","damage_taken":0,"max_hp_gain":0,"max_hp_loss":0,"event_name":"Mysterious Sphere","floor":42,"gold_loss":0},{"cards_removed":["Scrape"],"damage_healed":35,"gold_gain":0,"player_choice":"Offered Uncommon","damage_taken":0,"max_hp_gain":0,"max_hp_loss":0,"event_name":"Bonfire Elementals","floor":45,"gold_loss":0}],"is_beta":false,"boss_relics":[{"not_picked":["Pandora\u0027s Box","Velvet Choker"],"picked":"Coffee Dripper"},{"not_picked":["Runic Dome","Busted Crown"],"picked":"Astrolabe"}],"items_purged_floors":[31,46],"is_endless":false,"potions_floor_spawned":[6,8,10,12,16,19,23,28,29,35,39,42,44,47],"ascension_level":17}}