{"host":"takgv9cv6xf64vhq","time":1611414422,"event":{"mods":["BaseMod","Colored Powertips","Downfall","Marisa£®ÏF”Í°°ƒß¿Ì…≥£©","Minty Spire (QoL Compilation)","Replay The Spire","StSLib","The Cursed"],"gold_per_floor":[114,114,114,194,269,116,116,132,157,171,191,191,191,219,219,321,321,340,340,340,352,532,532,551,267,267,267,267,267,281,281,281,293,293,391,391,401,401,417,428,443,471,471,501,554,564,575,628,628,648,648,648,648,648,7,35,35],"floor_reached":58,"language":"ZHS","playtime":2335,"items_purged":["Regret"],"score":1392,"play_id":"e2adc9a5-9a8f-407b-8219-82b26df41be5","local_time":"20210123230702","is_ascension_mode":false,"campfire_choices":[{"data":"Armaments","floor":7.0,"key":"SMITH"},{"data":"ReplayTheSpireMod:LeadingStrike","floor":13.0,"key":"SMITH"},{"floor":15.0,"key":"DIG"},{"data":"Perfected Strike","floor":23.0,"key":"SMITH"},{"data":"Ghostly","floor":27.0,"key":"SMITH"},{"data":"Ghostly","floor":31,"key":"SMITH"},{"data":"Ghostly","floor":34,"key":"SMITH"},{"floor":43,"key":"RECALL"},{"data":"Apotheosis","floor":51,"key":"SMITH"},{"data":"Metallicize","floor":54,"key":"SMITH"}],"circlet_count":0,"master_deck":["Strike_R+1","Strike_R","Strike_R","Strike_R","Strike_R+1","Defend_R","Defend_R","Defend_R","Defend_R","Bash","Armaments+1","ReplayTheSpireMod:LeadingStrike+1","Cleave","Metallicize+1","Perfected Strike+1","Pommel Strike","Juggernaut","Run Through+1","Ghostly+1","Ghostly+1","Ghostly","Ghostly","Ghostly+1","Whirlwind+1","Metallicize","Swift Strike+1","Warcry","Burning Pact","Juggernaut","Entrench+1","Madness","Madness","Infernal Blade+1","Flex+1","Replay:Undeath\u0027s Touch+1","Uppercut+1","Disarm+1","Wild Strike+1","Shrug It Off","Apotheosis+1","Pommel Strike+1","Demon Form","Heavy Blade","Heavy Blade","Master of Strategy+1","Warcry+1"],"relics":["Burning Blood","NeowsBlessing","Boot","Simple Rune","Nunchaku","Blue Doll","StoneCalendar","White Beast Statue","Pondfish Scales","ChewingGum","Brimstone","Replay:Mystery Machine","Mummified Hand","Painkiller Herb","Red Skull","Omamori","ReplayFunnel","Garlic","ReplayTheSpireMod:TigerMarble"],"acts_visited":["Exordium","TheCity","TheBeyond","TheEnding"],"potions_floor_usage":[30,35,35,35,40,42,42,46,47,52,52,52,57],"damage_taken":[{"damage":0.0,"enemies":"2 Louse","floor":1.0,"turns":1.0},{"damage":0.0,"enemies":"Small Slimes","floor":8.0,"turns":1.0},{"damage":0.0,"enemies":"Jaw Worm","floor":10.0,"turns":1.0},{"damage":0.0,"enemies":"3 Louse","floor":11.0,"turns":3.0},{"damage":3.0,"enemies":"3 Sentries","floor":14.0,"turns":5.0},{"damage":32.0,"enemies":"Hexaghost","floor":16.0,"turns":9.0},{"damage":16.0,"enemies":"Shell Parasite","floor":18.0,"turns":4.0},{"damage":1.0,"enemies":"Spheric Guardian","floor":21.0,"turns":4.0},{"damage":1.0,"enemies":"Centurion and Healer","floor":24.0,"turns":7.0},{"damage":0,"enemies":"3 Cultists","floor":30,"turns":4},{"damage":0,"enemies":"Cultist and Chosen","floor":33,"turns":3},{"damage":0,"enemies":"Collector","floor":35,"turns":7},{"damage":0,"enemies":"3 Shapes","floor":37,"turns":3},{"damage":8,"enemies":"Orb Walker","floor":39,"turns":3},{"damage":0,"enemies":"Spire Growth","floor":40,"turns":4},{"damage":0,"enemies":"3 Darklings","floor":41,"turns":2},{"damage":0,"enemies":"Giant Head","floor":42,"turns":6},{"damage":4,"enemies":"Nemesis","floor":44,"turns":5},{"damage":0,"enemies":"Maw","floor":46,"turns":6},{"damage":1,"enemies":"Sphere and 2 Shapes","floor":47,"turns":3},{"damage":0,"enemies":"3 Darklings","floor":50,"turns":3},{"damage":11,"enemies":"Awakened One","floor":52,"turns":9},{"damage":0,"enemies":"Shield and Spear","floor":56,"turns":5},{"damage":26,"enemies":"The Heart","floor":57,"turns":7}],"seed_played":"1291817295826845582","potions_obtained":[{"floor":1.0,"key":"DuplicationPotion"},{"floor":4.0,"key":"Cursed Concoction"},{"floor":4.0,"key":"HeartOfIron"},{"floor":16.0,"key":"Fire Potion"},{"floor":18.0,"key":"BlessingOfTheForge"},{"floor":21.0,"key":"HeartOfIron"},{"floor":24.0,"key":"Flashbang"},{"floor":30,"key":"Adrenaline Potion"},{"floor":35,"key":"Weak Potion"},{"floor":37,"key":"ColorlessPotion"},{"floor":39,"key":"Fire Potion"},{"floor":40,"key":"Adrenaline Potion"},{"floor":42,"key":"SpeedPotion"},{"floor":44,"key":"Reflective Coating"},{"floor":46,"key":"Block Potion"},{"floor":47,"key":"Swift Potion"},{"floor":50,"key":"DuplicationPotion"},{"floor":56,"key":"Fire Potion"}],"is_trial":false,"path_per_floor":["M","?","$","?","?","$","R","M","T","M","M","?","R","E","R","B",null,"M","?","?","M","?","R","M","$","T","R","PTL","PTL","M","R","T","M","R","B",null,"?","?","?","?","?","E","T","E","T","?","?","T","?","?","T","B",null,"T","T","E","B",null],"character_chosen":"IRONCLAD","items_purchased":["Nunchaku","Brimstone","Swift Strike+1","Garlic","Demon Form","Heavy Blade","LiquidMemories","Master of Strategy+1"],"campfire_rested":0,"item_purchase_floors":[6,25,25,55,55,55,55,55],"current_hp_per_floor":[80,55,55,55,44,44,44,50,50,56,62,62,62,65,65,39,80,70,40,40,40,21,21,26,26,26,26,26,26,32,32,32,38,38,40,40,40,35,33,39,40,40,40,40,40,40,40,40,40,40,40,35,40,40,40,40,20],"gold":35,"neow_bonus":"THREE_ENEMY_KILL","is_daily":false,"chose_seed":false,"campfire_upgraded":8,"win_rate":0.0,"timestamp":1611414422,"path_taken":["M","?","$","?","?","?","R","M","T","M","M","?","R","E","R","BOSS","M","?","?","?","?","R","M","$","T","R","PTL","PTL","?","R","?","M","R","BOSS","?","?","?","?","?","E","T","E","T","?","?","?","?","?","T","BOSS","T","T","E","BOSS"],"items_purchased_type":["Relic","Relic","Card","Relic","Card","Card","Potion","Card"],"build_version":"2020-12-22","purchased_purges":1,"victory":true,"max_hp_per_floor":[80,80,80,80,80,80,80,80,80,80,80,80,80,80,80,80,80,80,40,40,40,40,40,40,40,40,40,40,40,40,40,40,40,40,40,40,40,40,40,40,40,40,40,40,40,40,40,40,40,40,40,40,40,40,40,40,40],"card_choices":[{"not_picked":["Second Wind","Abandon"],"picked":"Armaments","floor":1.0},{"not_picked":["Wild Strike","Iron Wave"],"picked":"ReplayTheSpireMod:LeadingStrike","floor":4.0},{"not_picked":["Twin Strike","Perfected Strike"],"picked":"Cleave","floor":8.0},{"not_picked":["Flex","Run Through"],"picked":"Metallicize","floor":10.0},{"not_picked":["Evolve","True Grit"],"picked":"Perfected Strike","floor":11.0},{"not_picked":["Replay:Undeath\u0027s Touch","Thunderclap"],"picked":"Pommel Strike","floor":14.0},{"not_picked":["Demonic Infusion","Double Tap"],"picked":"Juggernaut","floor":16.0},{"not_picked":["True Grit","Carnage"],"picked":"Run Through+1","floor":18.0},{"not_picked":["Pommel Strike","Armaments"],"picked":"Whirlwind+1","floor":21.0},{"not_picked":["Run Through","Headbutt+1"],"picked":"Metallicize","floor":24.0},{"not_picked":["Abandon+1","Iron Wave"],"picked":"Warcry","floor":30},{"not_picked":["Fire Breathing","Dark Embrace"],"picked":"Burning Pact","floor":33},{"not_picked":["Corruption","Fiend Fire"],"picked":"Juggernaut","floor":35},{"not_picked":["Defy Death+1","Run Through"],"picked":"Entrench+1","floor":37},{"not_picked":["Wild Strike+1","Bloodletting"],"picked":"Infernal Blade+1","floor":39},{"not_picked":["Abandon","ReplayTheSpireMod:Strike From Hell+1"],"picked":"Flex+1","floor":40},{"not_picked":["Dual Wield","Infernal Blade"],"picked":"Replay:Undeath\u0027s Touch+1","floor":41},{"not_picked":["ReplayTheSpireMod:Stacked","Whirlwind"],"picked":"Uppercut+1","floor":42},{"not_picked":["Inflame","Replay:Many Hands"],"picked":"Disarm+1","floor":44},{"not_picked":["Clash+1","Sword Boomerang"],"picked":"Wild Strike+1","floor":46},{"not_picked":["Heavy Blade","Twin Strike+1"],"picked":"Shrug It Off","floor":47},{"not_picked":["Bandage Up","Specialist"],"picked":"Apotheosis","floor":49},{"not_picked":["Perfected Strike","Cleave"],"picked":"Pommel Strike+1","floor":50},{"not_picked":["Pummel","Carnage+1"],"picked":"Warcry+1","floor":56}],"player_experience":29372,"relics_obtained":[{"floor":4.0,"key":"Simple Rune"},{"floor":9.0,"key":"Blue Doll"},{"floor":14.0,"key":"White Beast Statue"},{"floor":15.0,"key":"Pondfish Scales"},{"floor":26.0,"key":"Replay:Mystery Machine"},{"floor":32,"key":"Mummified Hand"},{"floor":42,"key":"Red Skull"},{"floor":44,"key":"Omamori"},{"floor":48,"key":"ReplayFunnel"},{"floor":56,"key":"ReplayTheSpireMod:TigerMarble"}],"event_choices":[{"damage_healed":0.0,"max_hp_gain":0.0,"max_hp_loss":0.0,"gold_gain":0.0,"event_name":"Scrap Ooze","player_choice":"Success","floor":2.0,"gold_loss":0.0,"damage_taken":25.0,"relics_obtained":["Boot"]},{"damage_healed":0.0,"max_hp_gain":0.0,"max_hp_loss":0.0,"gold_gain":75.0,"event_name":"World of Goop","player_choice":"Gather Gold","floor":5.0,"gold_loss":0.0,"damage_taken":11.0},{"damage_healed":0.0,"max_hp_gain":0.0,"max_hp_loss":0.0,"gold_gain":0.0,"event_name":"Big Fish","player_choice":"Box","floor":12.0,"gold_loss":0.0,"damage_taken":0.0,"relics_obtained":["StoneCalendar"],"cards_obtained":["Regret"]},{"damage_healed":0.0,"max_hp_gain":0.0,"max_hp_loss":40.0,"gold_gain":0.0,"event_name":"Ghosts","player_choice":"Became a Ghost","floor":19.0,"gold_loss":0.0,"damage_taken":0.0,"cards_obtained":["Ghostly","Ghostly","Ghostly","Ghostly","Ghostly"]},{"damage_healed":0.0,"max_hp_gain":0.0,"max_hp_loss":0.0,"gold_gain":0.0,"event_name":"Wheel of Change","player_choice":"Full Heal","floor":20.0,"gold_loss":0.0,"damage_taken":0.0},{"damage_healed":0.0,"max_hp_gain":0.0,"max_hp_loss":0.0,"gold_gain":180.0,"event_name":"Knowing Skull","player_choice":"GOLD GOLD ","floor":22.0,"potions_obtained":[],"gold_loss":0.0,"damage_taken":19.0,"cards_obtained":[]},{"damage_healed":0,"gold_gain":0,"player_choice":"Embrace Madness","damage_taken":5,"max_hp_gain":0,"max_hp_loss":0,"event_name":"Winding Halls","floor":38,"gold_loss":0,"cards_obtained":["Madness","Madness"]},{"damage_healed":0,"gold_gain":0,"player_choice":"Memory 1","damage_taken":0,"max_hp_gain":0,"max_hp_loss":0,"event_name":"SensoryStone","floor":49,"gold_loss":0}],"is_beta":false,"boss_relics":[{"not_picked":["Philosopher\u0027s Stone","Runic Pyramid"],"picked":"ChewingGum"},{"not_picked":["Empty Cage","Snecko Eye"],"picked":"Painkiller Herb"}],"items_purged_floors":[25],"is_endless":false,"potions_floor_spawned":[1,8,11,16,18,21,24,30,33,35,37,39,40,41,42,44,46,47,50,56],"ascension_level":0}}