{"host":"a5lz0e76zb3fcwkm","time":1611367488,"event":{"mods":["AchievementEnabler","BaseMod","Colored Map","Colored Powertips","Minty Spire (QoL Compilation)","StSLib","SuperFastMode"],"gold_per_floor":[362,381,13,88,88,88,106,106,106,136,136,136,136,149,149,149,149],"floor_reached":16,"language":"KOR","playtime":340,"items_purged":["Strike_G"],"score":196,"play_id":"844329c7-b14c-4cb6-aee0-742b46c84410","local_time":"20210123110448","is_ascension_mode":true,"campfire_choices":[{"floor":6.0,"key":"REST"},{"data":"Burst","floor":8.0,"key":"SMITH"},{"data":"Venomology","floor":11.0,"key":"SMITH"},{"floor":13.0,"key":"REST"},{"data":"Blade Dance","floor":15.0,"key":"SMITH"}],"circlet_count":0,"master_deck":["AscendersBane","Strike_G","Strike_G","Strike_G","Defend_G","Defend_G","Defend_G","Defend_G","Defend_G","Survivor","Neutralize","Acrobatics","Crippling Poison","Blade Dance+1","Infinite Blades","Burst+1","Venomology+1"],"relics":["Ring of the Snake","Bag of Preparation","InkBottle","Ninja Scroll"],"acts_visited":["Exordium"],"potions_floor_usage":[16,16],"damage_taken":[{"damage":13.0,"enemies":"Jaw Worm","floor":1.0,"turns":10.0},{"damage":6.0,"enemies":"Small Slimes","floor":2.0,"turns":5.0},{"damage":0.0,"enemies":"Cultist","floor":7.0,"turns":4.0},{"damage":24.0,"enemies":"Gremlin Nob","floor":10.0,"turns":4.0},{"damage":0.0,"enemies":"Exordium Thugs","floor":14.0,"turns":4.0},{"damage":28,"enemies":"Slime Boss","floor":16,"turns":8}],"seed_played":"-8201908803310321594","potions_obtained":[{"floor":1.0,"key":"Strength Potion"},{"floor":2.0,"key":"EssenceOfSteel"}],"is_trial":false,"path_per_floor":["M","M","$","?","?","R","M","R","T","E","R","?","R","M","R","B"],"character_chosen":"THE_SILENT","items_purchased":["Blade Dance","Infinite Blades","Bag of Preparation"],"campfire_rested":2,"item_purchase_floors":[3,3,3],"current_hp_per_floor":[31,25,25,14,14,33,33,33,33,9,9,9,28,28,28,0,0],"gold":149,"neow_bonus":"TWO_FIFTY_GOLD","is_daily":false,"chose_seed":false,"campfire_upgraded":3,"win_rate":0.0,"timestamp":1611367488,"path_taken":["M","M","$","?","?","R","M","R","T","E","R","?","R","M","R","BOSS"],"items_purchased_type":["Card","Card","Relic"],"build_version":"2020-12-22","purchased_purges":1,"victory":false,"max_hp_per_floor":[66,66,66,66,66,66,66,66,66,66,66,66,66,66,66,66,66],"card_choices":[{"not_picked":["All Out Attack","Quick Slash"],"picked":"Acrobatics","floor":1.0},{"not_picked":["Dodge and Roll","Deadly Poison"],"picked":"Crippling Poison","floor":2.0},{"not_picked":["Skewer","Deadly Poison"],"picked":"Burst","floor":7.0},{"not_picked":["Backstab","Reflex"],"picked":"Venomology","floor":10.0},{"not_picked":["Bane","Dagger Throw","Outmaneuver"],"picked":"SKIP","floor":14.0}],"player_experience":1787195,"relics_obtained":[{"floor":9.0,"key":"InkBottle"},{"floor":10.0,"key":"Ninja Scroll"}],"event_choices":[{"damage_healed":0.0,"max_hp_gain":0.0,"max_hp_loss":0.0,"gold_gain":75.0,"event_name":"World of Goop","player_choice":"Gather Gold","floor":4.0,"gold_loss":0.0,"damage_taken":11.0},{"cards_removed":["Strike_G"],"damage_healed":0.0,"max_hp_gain":0.0,"max_hp_loss":0.0,"gold_gain":0.0,"event_name":"Living Wall","player_choice":"Forget","floor":5.0,"gold_loss":0.0,"damage_taken":0.0},{"damage_healed":0.0,"max_hp_gain":0.0,"max_hp_loss":0.0,"gold_gain":0.0,"event_name":"Liars Game","player_choice":"Ignored","floor":12.0,"gold_loss":0.0,"damage_taken":0.0}],"is_beta":false,"boss_relics":[],"items_purged_floors":[3],"is_endless":false,"potions_floor_spawned":[1,2],"killed_by":"Slime Boss","ascension_level":20}}