{"host":"b1dzdo8uo7e6jx8g","time":1611412267,"event":{"mods":["AchievementEnabler","BaseMod","BetterRewards","Colored Map","Highlight Path","Minty Spire (QoL Compilation)","StSLib"],"gold_per_floor":[115,190,190,210,210,385,440,135,135,135,135,58,72,86,86,182,182,201,58,75,75,75,75],"floor_reached":22,"language":"ENG","playtime":515,"items_purged":["Doubt"],"score":272,"play_id":"c0c88013-d865-401e-9c8b-8263b9f1ad5d","local_time":"20210123153107","is_ascension_mode":false,"campfire_choices":[{"floor":11,"key":"REST"},{"data":"Defragment","floor":15,"key":"SMITH"}],"circlet_count":0,"master_deck":["Zap+1","Dualcast","Ball Lightning","Trip","Defragment+1","Rebound","Machine Learning","Reprogram","Machine Learning","Fusion","Static Discharge","Capacitor","Undo","Ball Lightning"],"relics":["Cracked Core","DataDisk","Medical Kit","Mango","Gremlin Horn","Bag of Marbles","Question Card","Pandora\u0027s Box","Toolbox"],"acts_visited":["TheCity"],"potions_floor_usage":[7],"damage_taken":[{"damage":0,"enemies":"2 Louse","floor":1,"turns":3},{"damage":6,"enemies":"Cultist","floor":4,"turns":3},{"damage":25,"enemies":"3 Sentries","floor":7,"turns":5},{"damage":5,"enemies":"Small Slimes","floor":13,"turns":2},{"damage":0,"enemies":"Looter","floor":14,"turns":2},{"damage":26,"enemies":"Hexaghost","floor":16,"turns":7},{"damage":40,"enemies":"2 Thieves","floor":18,"turns":3},{"damage":30,"enemies":"Spheric Guardian","floor":20,"turns":4},{"damage":20,"enemies":"Centurion and Healer","floor":22,"turns":1}],"seed_played":"-8943079074617469068","potions_obtained":[{"floor":4,"key":"LiquidBronze"},{"floor":13,"key":"Energy Potion"},{"floor":16,"key":"AttackPotion"}],"is_trial":false,"path_per_floor":["M","?","?","M","?","?","?","$","T","T","R","$","M","M","R","B",null,"M","$","M","$","M"],"character_chosen":"DEFECT","items_purchased":["DataDisk","Medical Kit","Bag of Marbles","Trip","Defragment","Toolbox"],"campfire_rested":1,"item_purchase_floors":[0,0,8,8,12,19],"current_hp_per_floor":[61,50,50,44,44,44,19,19,19,19,45,45,40,40,40,14,89,49,49,19,19,0,0],"gold":75,"neow_bonus":"","is_daily":false,"chose_seed":false,"campfire_upgraded":1,"win_rate":0.0,"timestamp":1611412267,"path_taken":["M","?","?","?","?","?","?","$","T","?","R","?","M","M","R","BOSS","M","?","M","$","M"],"items_purchased_type":["Relic","Relic","Relic","Card","Card","Relic"],"build_version":"2020-12-22","purchased_purges":1,"victory":false,"max_hp_per_floor":[89,89,89,89,89,89,89,89,89,89,89,89,89,89,89,89,89,89,89,89,89,89,89],"card_choices":[{"not_picked":["Steam","Fusion","Coolheaded"],"picked":"SKIP","floor":1},{"not_picked":["Stack","Sweeping Beam"],"picked":"Ball Lightning","floor":4},{"not_picked":["Stack","Sweeping Beam","Go for the Eyes"],"picked":"Rebound","floor":13},{"not_picked":["Hologram","Rebound","Sweeping Beam","Turbo"],"picked":"SKIP","floor":14},{"not_picked":["Seek","Hyperbeam","All For One"],"picked":"Machine Learning","floor":16},{"not_picked":["Barrage","Undo","Fusion","Recycle"],"picked":"SKIP","floor":18},{"not_picked":["Streamline","Ball Lightning","Rebound+1","Steam+1"],"picked":"SKIP","floor":20}],"player_experience":223784,"relics_obtained":[{"floor":7,"key":"Gremlin Horn"},{"floor":9,"key":"Question Card"}],"event_choices":[{"damage_healed":0,"gold_gain":75,"player_choice":"Gather Gold","damage_taken":11,"max_hp_gain":0,"max_hp_loss":0,"event_name":"World of Goop","floor":2,"gold_loss":0},{"cards_removed":["Strike_B"],"damage_healed":0,"gold_gain":0,"player_choice":"Offered Basic","damage_taken":0,"max_hp_gain":0,"max_hp_loss":0,"event_name":"Bonfire Elementals","floor":3,"gold_loss":0},{"damage_healed":0,"gold_gain":0,"player_choice":"Grow","damage_taken":0,"max_hp_gain":0,"max_hp_loss":0,"event_name":"Living Wall","floor":5,"gold_loss":0,"cards_upgraded":["Zap"]},{"damage_healed":0,"gold_gain":175,"player_choice":"AGREE","damage_taken":0,"max_hp_gain":0,"max_hp_loss":0,"event_name":"Liars Game","floor":6,"gold_loss":0,"cards_obtained":["Doubt"]},{"damage_healed":0,"gold_gain":0,"player_choice":"Searched \u00271\u0027 times","damage_taken":0,"max_hp_gain":0,"max_hp_loss":0,"event_name":"Dead Adventurer","floor":7,"gold_loss":0}],"is_beta":false,"boss_relics":[{"not_picked":["Runic Pyramid","Coffee Dripper"],"picked":"Pandora\u0027s Box"}],"items_purged_floors":[8],"is_endless":false,"potions_floor_spawned":[4,13,16],"killed_by":"Centurion and Healer","ascension_level":0}}