{"host":"kxxtapsg6b05ffj7","time":1611381954,"event":{"mods":["AchievementEnabler","Act Like it!","BaseMod","BetterRewards","Colored Map","Conspire","Downfall","Hubris","Infinite Spire","Minty Spire (QoL Compilation)","Rare Cards Sparkle","Replay The Spire","Shop Mod","StSLib","The Construct"],"gold_per_floor":[109,109,109,128,403,438,457,457,481,511,511,538,563,584,584,694,694,714,731,752,752,752,797,821,835,835],"floor_reached":25,"language":"ZHS","playtime":1785,"items_purged":[],"score":253,"play_id":"3a9927c0-1986-45b8-b624-645c1115b667","local_time":"20210123140554","is_ascension_mode":true,"campfire_choices":[{"data":"Caltrops","floor":8.0,"key":"SMITH"},{"floor":11.0,"key":"REST"},{"data":"Caltrops","floor":15.0,"key":"SMITH"}],"circlet_count":0,"master_deck":["Strike_G","Strike_G","Strike_G","Strike_G","Strike_G","Defend_G","Defend_G","Defend_G","Defend_G","Defend_G","Survivor+1","Neutralize","PiercingWail+1","Flying Knee+1","Regret","Caltrops+1","Dagger Throw+1","Deflect","Slice+1","Caltrops+1","Envenom","Flying Knee+1","Dash+1","ReplayTheSpireMod:Tripwire","Replay:Fractal Strike+1","CurseOfTheBell","PiercingWail+1","ReplayTheSpireMod:Scrap Shanks+1"],"relics":["WristBlade","Meat on the Bone","Molten Egg 2","Replay:Baseball","Potion Belt","Bronze Scales","Replay:Bandana","War Paint","SlaversCollar","Replay:Bottled Snecko","Calling Bell","Boot","Quantum Egg","Mango","Nunchaku"],"acts_visited":["Exordium","TheCity"],"potions_floor_usage":[23,25],"damage_taken":[{"damage":1.0,"enemies":"Jaw Worm","floor":1.0,"turns":5.0},{"damage":0.0,"enemies":"2 Louse","floor":4.0,"turns":3.0},{"damage":34.0,"enemies":"Gremlin Nob","floor":6.0,"turns":5.0},{"damage":1.0,"enemies":"infinitespire:Voidling","floor":7.0,"turns":4.0},{"damage":28.0,"enemies":"Lagavulin","floor":10.0,"turns":7.0},{"damage":16.0,"enemies":"3 Sentries","floor":12.0,"turns":6.0},{"damage":2.0,"enemies":"Exordium Wildlife","floor":14.0,"turns":3.0},{"damage":12.0,"enemies":"Fading Forest","floor":16.0,"turns":11.0},{"damage":16.0,"enemies":"Shell Parasite","floor":18.0,"turns":6.0},{"damage":6.0,"enemies":"3 Byrds","floor":19.0,"turns":2.0},{"damage":22.0,"enemies":"Shelled Parasite and Fungi","floor":20.0,"turns":5.0},{"damage":26,"enemies":"Slavers","floor":23,"turns":5},{"damage":14,"enemies":"Snecko","floor":24,"turns":6},{"damage":20,"enemies":"conspire:SneckoGhost","floor":25,"turns":6}],"seed_played":"4587382574502694366","potions_obtained":[{"floor":1.0,"key":"SteroidPotion"},{"floor":7.0,"key":"Reflective Coating"},{"floor":12.0,"key":"Milkshake"},{"floor":14.0,"key":"LifebloodPotion"},{"floor":19.0,"key":"Fire Potion"},{"floor":20.0,"key":"SpeedPotion"}],"is_trial":false,"path_per_floor":["M","?","?","M","?","E","M","R","T","E","R","E","T","M","R","B",null,"M","M","M","?","AVR","E","M","E"],"character_chosen":"THE_SILENT","items_purchased":[],"campfire_rested":1,"item_purchase_floors":[],"current_hp_per_floor":[69,69,62,62,62,40,39,39,39,23,44,40,40,38,38,38,70,54,48,38,21,35,21,19,0,0],"gold":835,"neow_bonus":"BOSS_RELIC","is_daily":false,"chose_seed":false,"campfire_upgraded":2,"win_rate":0.0,"timestamp":1611381954,"path_taken":["M","?","?","M","?","E","?","R","T","E","R","E","?","M","R","BOSS","M","?","M","?","AVR","E","M","E"],"items_purchased_type":[],"build_version":"2020-12-22","purchased_purges":0,"victory":false,"max_hp_per_floor":[70,70,70,70,70,70,70,70,70,70,70,70,70,70,70,70,70,70,70,70,70,84,84,84,84,84],"card_choices":[{"not_picked":["hubris:SlightOfHand","Sucker Punch"],"picked":"PiercingWail","floor":1.0},{"not_picked":["Sucker Punch+1","Dagger Throw+1"],"picked":"Flying Knee+1","floor":4.0},{"not_picked":["Dagger Throw+1","hubris:SlightOfHand"],"picked":"Caltrops","floor":6.0},{"not_picked":["Outmaneuver","PiercingWail"],"picked":"Dagger Throw+1","floor":7.0},{"not_picked":["Quick Slash+1","Night Terror"],"picked":"Deflect","floor":10.0},{"not_picked":["Dodge and Roll","Calculated Gamble"],"picked":"Slice+1","floor":12.0},{"not_picked":["hubris:Sniper","hubris:Counter+1"],"picked":"Caltrops","floor":14.0},{"not_picked":["Wraith Form v2","ReplayTheSpireMod:Necrosis"],"picked":"Envenom","floor":16.0},{"not_picked":["Deflect+1","Acrobatics"],"picked":"Flying Knee+1","floor":18.0},{"not_picked":["hubris:SlightOfHand","ReplayTheSpireMod:Speed Training"],"picked":"Dash+1","floor":19.0},{"not_picked":["Expertise","Doppelganger"],"picked":"ReplayTheSpireMod:Tripwire","floor":20.0},{"not_picked":["infinitespire:Punishment","infinitespire:Collect"],"picked":"Replay:Fractal Strike","floor":21.0},{"not_picked":["Sucker Punch+1","Sneak Up"],"picked":"PiercingWail+1","floor":23},{"not_picked":["Finisher+1","Flying Knee+1"],"picked":"ReplayTheSpireMod:Scrap Shanks+1","floor":24}],"player_experience":283962,"relics_obtained":[{"floor":2.0,"key":"Meat on the Bone"},{"floor":6.0,"key":"Replay:Baseball"},{"floor":9.0,"key":"Potion Belt"},{"floor":10.0,"key":"Bronze Scales"},{"floor":12.0,"key":"Replay:Bandana"},{"floor":13.0,"key":"War Paint"},{"floor":22.0,"key":"Boot"},{"floor":22.0,"key":"Quantum Egg"},{"floor":22.0,"key":"Mango"},{"floor":23,"key":"Nunchaku"}],"event_choices":[{"damage_healed":0.0,"max_hp_gain":0.0,"max_hp_loss":0.0,"gold_gain":0.0,"event_name":"Scrap Ooze","player_choice":"Success","floor":3.0,"gold_loss":0.0,"damage_taken":7.0,"relics_obtained":["Molten Egg 2"]},{"damage_healed":0.0,"max_hp_gain":0.0,"max_hp_loss":0.0,"gold_gain":275.0,"event_name":"Golden Shrine","player_choice":"Desecrate","floor":5.0,"gold_loss":0.0,"damage_taken":0.0,"cards_obtained":["Regret"]}],"is_beta":false,"boss_relics":[{"not_picked":["conspire:RoyalGoblet","Astrolabe"],"picked":"SlaversCollar"}],"items_purged_floors":[],"is_endless":false,"potions_floor_spawned":[1,7,12,14,19,20],"killed_by":"conspire:SneckoGhost","ascension_level":1}}