{"host":"vyjryxuuuxkt43k4","time":1611372713,"event":{"mods":["AchievementEnabler","BaseMod","Colored Map","DeckTracker","Keyboard Shortcuts","Minty Spire (QoL Compilation)","Permanent Neow","Quick Restart","StSLib","SuperFastMode","everything is the same but u backflip on backflip"],"gold_per_floor":[365,13,25,37,37,37,37,366,366,37,37,64,95,118,130,216,228,259,271,300,312,324,336,381,393,458,484,510,522,567,593,605,617,617],"floor_reached":33,"language":"KOR","playtime":2099,"items_purged":["Injury","Strike_R"],"score":600,"play_id":"338c6d87-4b68-4b83-a4cf-7d42ebbebed6","local_time":"20210123123153","is_ascension_mode":true,"campfire_choices":[{"data":"Searing Blow","floor":6.0,"key":"SMITH"},{"data":"Searing Blow+1","floor":11.0,"key":"SMITH"},{"data":"Searing Blow+2","floor":15.0,"key":"SMITH"},{"data":"Searing Blow+3","floor":23.0,"key":"SMITH"},{"data":"Searing Blow+4","floor":25.0,"key":"SMITH"},{"floor":29.0,"key":"REST"},{"data":"Searing Blow+5","floor":32.0,"key":"SMITH"}],"circlet_count":0,"master_deck":["AscendersBane","Strike_R","Strike_R","Strike_R","Defend_R","Defend_R","Defend_R","Defend_R","Bash","Perfected Strike","Shrug It Off","Searing Blow+6","Inflame","Pommel Strike","Whirlwind","Shrug It Off","Bloodletting","Evolve","Ghostly Armor","Corruption","Clothesline","Twin Strike+1","Battle Trance","Bloodletting","Seeing Red","Double Tap","Second Wind","Battle Trance+1"],"relics":["Burning Blood","Du-Vu Doll","Old Coin","Question Card","Membership Card","PreservedInsect","MawBank","Snecko Eye","Blood Vial","Ancient Tea Set","Akabeko"],"acts_visited":["Exordium","TheCity"],"potions_floor_usage":[],"damage_taken":[{"damage":17.0,"enemies":"Small Slimes","floor":1.0,"turns":5.0},{"damage":14.0,"enemies":"Jaw Worm","floor":3.0,"turns":4.0},{"damage":1.0,"enemies":"Cultist","floor":4.0,"turns":3.0},{"damage":25.0,"enemies":"3 Sentries","floor":8.0,"turns":6.0},{"damage":15.0,"enemies":"Lagavulin","floor":12.0,"turns":4.0},{"damage":5.0,"enemies":"2 Fungi Beasts","floor":13.0,"turns":3.0},{"damage":6.0,"enemies":"Blue Slaver","floor":14.0,"turns":2.0},{"damage":26.0,"enemies":"The Guardian","floor":16.0,"turns":11.0},{"damage":10.0,"enemies":"Spheric Guardian","floor":18.0,"turns":4.0},{"damage":10.0,"enemies":"Shell Parasite","floor":20.0,"turns":3.0},{"damage":32.0,"enemies":"Book of Stabbing","floor":24.0,"turns":4.0},{"damage":23.0,"enemies":"Snecko","floor":27.0,"turns":4.0},{"damage":9.0,"enemies":"Snake Plant","floor":28.0,"turns":3.0},{"damage":13.0,"enemies":"Slavers","floor":30.0,"turns":2.0},{"damage":3.0,"enemies":"Centurion and Healer","floor":31.0,"turns":3.0},{"damage":39,"enemies":"Automaton","floor":33,"turns":6}],"seed_played":"-3395971020916706041","potions_obtained":[{"floor":1.0,"key":"Fruit Juice"},{"floor":4.0,"key":"Ancient Potion"},{"floor":12.0,"key":"PowerPotion"},{"floor":14.0,"key":"EssenceOfSteel"},{"floor":18.0,"key":"Explosive Potion"},{"floor":28.0,"key":"PowerPotion"}],"is_trial":false,"path_per_floor":["M","$","M","M","$","R","?","E","T","$","R","E","M","M","R","B",null,"M","$","M","?","?","R","E","R","T","M","M","R","E","M","R","B"],"character_chosen":"IRONCLAD","items_purchased":["Shrug It Off","Searing Blow","BlessingOfTheForge","Inflame","Membership Card","PreservedInsect","DuplicationPotion"],"campfire_rested":1,"item_purchase_floors":[2,2,2,2,10,10,10],"current_hp_per_floor":[57,57,49,59,59,59,59,40,40,40,40,31,32,32,32,12,63,59,59,55,55,55,55,29,29,29,14,13,37,32,37,37,0,0],"gold":617,"neow_bonus":"TWO_FIFTY_GOLD","is_daily":false,"chose_seed":false,"campfire_upgraded":6,"win_rate":0.0,"timestamp":1611372713,"path_taken":["M","$","M","M","$","R","?","E","T","$","R","E","M","M","R","BOSS","M","$","M","?","?","R","E","R","T","M","?","R","E","M","R","BOSS"],"items_purchased_type":["Card","Card","Potion","Card","Relic","Relic","Potion"],"build_version":"2020-12-22","purchased_purges":2,"victory":false,"max_hp_per_floor":[75,75,75,80,80,80,80,80,80,80,80,80,80,80,80,80,80,80,80,80,80,80,80,80,80,80,80,80,80,80,80,80,80,80],"card_choices":[{"not_picked":["Pommel Strike","Shrug It Off"],"picked":"Perfected Strike","floor":1.0},{"not_picked":["Twin Strike","Wild Strike"],"picked":"Pommel Strike","floor":3.0},{"not_picked":["Havoc","Pommel Strike"],"picked":"Whirlwind","floor":4.0},{"not_picked":["Cleave","Blood for Blood"],"picked":"Shrug It Off","floor":8.0},{"not_picked":["Flex","Sword Boomerang","Limit Break"],"picked":"Bloodletting","floor":12.0},{"not_picked":["Clash","Heavy Blade","Dark Embrace"],"picked":"Evolve","floor":13.0},{"not_picked":["Perfected Strike","Shockwave","Shrug It Off"],"picked":"Ghostly Armor","floor":14.0},{"not_picked":["Brutality","Berserk","Reaper"],"picked":"Corruption","floor":16.0},{"not_picked":["Pommel Strike","Sword Boomerang","Iron Wave"],"picked":"Clothesline","floor":18.0},{"not_picked":["Evolve","Rampage","Bloodletting"],"picked":"Twin Strike+1","floor":20.0},{"not_picked":["Thunderclap","Whirlwind","Sword Boomerang"],"picked":"Seeing Red","floor":24.0},{"not_picked":["Pommel Strike+1","Flex","Sword Boomerang","Intimidate"],"picked":"SKIP","floor":27.0},{"not_picked":["Body Slam","Thunderclap","Anger+1"],"picked":"Double Tap","floor":28.0},{"not_picked":["Combust","True Grit","Sword Boomerang"],"picked":"Second Wind","floor":30.0},{"not_picked":["Cleave","Clash","Sword Boomerang"],"picked":"Battle Trance+1","floor":31.0}],"player_experience":242638,"relics_obtained":[{"floor":8.0,"key":"Old Coin"},{"floor":9.0,"key":"Question Card"},{"floor":12.0,"key":"MawBank"},{"floor":24.0,"key":"Blood Vial"},{"floor":26.0,"key":"Ancient Tea Set"},{"floor":30.0,"key":"Akabeko"}],"event_choices":[{"damage_healed":0.0,"max_hp_gain":0.0,"max_hp_loss":0.0,"gold_gain":0.0,"event_name":"Dead Adventurer","player_choice":"Searched \u00271\u0027 times","floor":7.0,"gold_loss":0.0,"damage_taken":0.0,"relics_obtained":["Du-Vu Doll"]},{"damage_healed":0.0,"max_hp_gain":0.0,"max_hp_loss":0.0,"gold_gain":0.0,"event_name":"The Library","player_choice":"Read","floor":21.0,"gold_loss":0.0,"damage_taken":0.0,"cards_obtained":["Battle Trance"]},{"damage_healed":0.0,"max_hp_gain":0.0,"max_hp_loss":0.0,"gold_gain":0.0,"cards_transformed":["Strike_R"],"event_name":"Transmorgrifier","player_choice":"Transformed","floor":22.0,"gold_loss":0.0,"damage_taken":0.0,"cards_obtained":["Bloodletting"]}],"is_beta":false,"boss_relics":[{"not_picked":["Fusion Hammer","Pandora\u0027s Box"],"picked":"Snecko Eye"}],"items_purged_floors":[2,10],"is_endless":false,"potions_floor_spawned":[1,4,12,14,18,28],"killed_by":"Automaton","ascension_level":19}}