{"host":"c3lc60y5x60jlt1y","time":1611396735,"event":{"mods":["AchievementEnabler","BaseMod","Bestiary","Colored Map","Minty Spire (QoL Compilation)","Quick Restart","StSLib","ojb\u0027s Info Mod"],"gold_per_floor":[363,382,382,18,29,60,60,87,87,103,103,122,141,175,175,246,246,259,259,239,134,134,159,179,179,179,179,69,69,69,69],"floor_reached":30,"language":"ENG","playtime":41555,"items_purged":["Strike_B"],"score":496,"play_id":"b02119a4-c7d9-4bc0-8874-f98b9255ed54","local_time":"20210123121214","is_ascension_mode":true,"campfire_choices":[{"data":"Rainbow","floor":7,"key":"SMITH"},{"floor":15,"key":"REST"},{"floor":25,"key":"REST"},{"data":"Reboot","floor":27,"key":"SMITH"}],"circlet_count":0,"master_deck":["AscendersBane","Zap","Dualcast","Sunder+1","Go for the Eyes","Conserve Battery","Skim","Rainbow+1","Reboot+1","Loop+1","Core Surge","Leap","Undo","Defragment+1","Buffer+1","Beam Cell","Fusion","Cold Snap","Capacitor+1","Lockon","Static Discharge+1","Auto Shields","Glacier","Darkness+1","Apotheosis","Defragment+1","Defragment+1","Apotheosis"],"relics":["Cracked Core","Membership Card","HornCleat","Frozen Egg 2","Lantern","Gremlin Horn","Tiny Chest","Pandora\u0027s Box","Pear","Meat on the Bone"],"acts_visited":["Exordium","TheCity"],"potions_floor_usage":[6,8,30,30],"damage_taken":[{"damage":1,"enemies":"Cultist","floor":1,"turns":3},{"damage":3,"enemies":"2 Louse","floor":2,"turns":3},{"damage":0,"enemies":"Small Slimes","floor":5,"turns":3},{"damage":3,"enemies":"Gremlin Nob","floor":6,"turns":3},{"damage":5,"enemies":"3 Sentries","floor":8,"turns":6},{"damage":0,"enemies":"Exordium Thugs","floor":10,"turns":3},{"damage":0,"enemies":"Large Slime","floor":12,"turns":4},{"damage":5,"enemies":"2 Fungi Beasts","floor":13,"turns":3},{"damage":3,"enemies":"Lagavulin","floor":14,"turns":7},{"damage":8,"enemies":"The Guardian","floor":16,"turns":10},{"damage":0,"enemies":"Chosen","floor":18,"turns":5},{"damage":6,"enemies":"2 Thieves","floor":20,"turns":4},{"damage":55,"enemies":"Gremlin Leader","floor":23,"turns":10},{"damage":11,"enemies":"Sentry and Sphere","floor":24,"turns":6},{"damage":47,"enemies":"Slavers","floor":30,"turns":4}],"seed_played":"3838566347589339578","potions_obtained":[{"floor":1,"key":"SpeedPotion"},{"floor":2,"key":"DistilledChaos"},{"floor":13,"key":"FairyPotion"},{"floor":14,"key":"Strength Potion"},{"floor":24,"key":"Energy Potion"}],"is_trial":false,"path_per_floor":["M","M","?","$","M","E","R","E","T","M","?","M","M","E","R","B",null,"M","?","M","$","?","E","M","R","T","R","$","?","E"],"character_chosen":"DEFECT","items_purchased":["Membership Card","HornCleat","Conserve Battery","Apotheosis","Defragment+1","Apotheosis"],"campfire_rested":2,"item_purchase_floors":[4,4,4,21,28,28],"current_hp_per_floor":[45,42,21,21,21,18,18,13,13,13,13,13,8,5,26,18,58,58,58,52,52,52,31,20,44,44,44,44,44,0,0],"gold":69,"neow_bonus":"TWO_FIFTY_GOLD","is_daily":false,"chose_seed":false,"campfire_upgraded":2,"win_rate":0.0,"timestamp":1611396734,"path_taken":["M","?","?","$","M","E","R","E","T","M","?","M","M","E","R","BOSS","M","?","M","$","?","E","M","R","T","R","$","?","E"],"items_purchased_type":["Relic","Relic","Card","Card","Card","Card"],"build_version":"2020-12-22","purchased_purges":1,"victory":false,"max_hp_per_floor":[71,71,71,71,71,71,71,71,71,71,71,71,71,71,71,71,71,71,71,71,71,71,81,81,81,81,81,81,81,81,81],"card_choices":[{"not_picked":["Steam Power","Heatsinks"],"picked":"Sunder","floor":1},{"not_picked":["Stack","Static Discharge"],"picked":"Go for the Eyes","floor":2},{"not_picked":["Barrage","Rebound"],"picked":"Skim","floor":5},{"not_picked":["BootSequence","Streamline"],"picked":"Rainbow","floor":6},{"not_picked":["Reprogram","Rip and Tear"],"picked":"Reboot","floor":8},{"not_picked":["Force Field","Redo"],"picked":"Loop+1","floor":10},{"not_picked":["Stack","Rip and Tear"],"picked":"Leap","floor":12},{"not_picked":["Reinforced Body","Hello World+1"],"picked":"Undo","floor":13},{"not_picked":["Redo","Tempest"],"picked":"Defragment+1","floor":14},{"not_picked":["Fission","Machine Learning+1"],"picked":"Buffer+1","floor":16},{"not_picked":["Steam","Beam Cell"],"picked":"Static Discharge+1","floor":18},{"not_picked":["Sunder","Hello World+1"],"picked":"Darkness+1","floor":20},{"not_picked":["Tempest","Scrape"],"picked":"Defragment+1","floor":23},{"not_picked":["Cold Snap+1","Darkness","Beam Cell"],"picked":"SKIP","floor":24}],"player_experience":8378192,"relics_obtained":[{"floor":6,"key":"Frozen Egg 2"},{"floor":8,"key":"Lantern"},{"floor":9,"key":"Gremlin Horn"},{"floor":14,"key":"Tiny Chest"},{"floor":23,"key":"Pear"},{"floor":26,"key":"Meat on the Bone"}],"event_choices":[{"damage_healed":0,"gold_gain":0,"player_choice":"Entered Light","damage_taken":21,"max_hp_gain":0,"max_hp_loss":0,"event_name":"Shining Light","floor":3,"gold_loss":0,"cards_upgraded":["Strike_B","Sunder"]},{"damage_healed":0,"gold_gain":0,"player_choice":"1 cards matched","damage_taken":0,"max_hp_gain":0,"max_hp_loss":0,"event_name":"Match and Keep!","floor":11,"gold_loss":0,"cards_obtained":["Core Surge"]},{"damage_healed":0,"gold_gain":0,"cards_transformed":["Beam Cell","Skim"],"player_choice":"Became Test Subject","damage_taken":0,"max_hp_gain":0,"max_hp_loss":0,"event_name":"Drug Dealer","floor":19,"gold_loss":0,"cards_obtained":["Auto Shields","Glacier"]},{"damage_healed":0,"gold_gain":0,"player_choice":"Ignored","damage_taken":0,"max_hp_gain":0,"max_hp_loss":0,"event_name":"Vampires","floor":22,"gold_loss":0},{"damage_healed":0,"gold_gain":0,"player_choice":"Simplicity","damage_taken":0,"max_hp_gain":0,"max_hp_loss":0,"event_name":"Back to Basics","floor":29,"gold_loss":0,"cards_upgraded":[]}],"is_beta":false,"boss_relics":[{"not_picked":["Velvet Choker","Black Star"],"picked":"Pandora\u0027s Box"}],"items_purged_floors":[4],"is_endless":false,"potions_floor_spawned":[1,2,13,14,24],"killed_by":"Slavers","ascension_level":17}}