{"host":"n605f8gctjc87d7h","time":1611388528,"event":{"mods":["Aspiration","Bard","BaseMod","Better Match","Better Note","Better Skull","Better Third Choice","Conspire","Halation","Hermit","Infinite Spire","Minty Spire (QoL Compilation)","Replay The Spire","Retaliation","Shade Mod","Spicy Shops","StS++","StSLib","The IronCluck"],"gold_per_floor":[119,119,137,150,6,39,51,51,76,76,76,76,26,77,77,158,158,180,180,196,255,282,292,312,321,321,65,71,71],"floor_reached":28,"language":"ENG","playtime":1424,"items_purged":[],"score":360,"play_id":"130ebb4f-7a3e-4d64-b380-05d903b8a12d","local_time":"20210122235528","is_ascension_mode":true,"campfire_choices":[{"data":"Loop","floor":8,"key":"SMITH"},{"data":"Conserve Battery","floor":10,"key":"SMITH"},{"data":"Defend_B","floor":15,"key":"PURGE"}],"circlet_count":0,"master_deck":["AscendersBane","Strike_B","Strike_B","Strike_B","Defend_B","Defend_B","Zap+1","Dualcast","Loop+1","Consume","Self Repair+1","Conserve Battery+1","Hello World","Amplify","Static Discharge","Ball Lightning","White Noise","Auto Shields","Decay"],"relics":["Cracked Core","Lee\u0027s Waffle","halation:TwoAmDonut","Geode","CeramicFish","Ring of Chaos","Tiny House","Replay:Bandana","Runic Capacitor"],"acts_visited":["Exordium","TheCity"],"potions_floor_usage":[6,16,16,22,24,28],"damage_taken":[{"damage":0,"enemies":"conspire:RoseBush","floor":1,"turns":3},{"damage":14,"enemies":"infinitespire:Voidling","floor":3,"turns":4},{"damage":1,"enemies":"Cultist","floor":4,"turns":4},{"damage":14,"enemies":"Replay:BlueRogue","floor":6,"turns":7},{"damage":11,"enemies":"Looter","floor":7,"turns":3},{"damage":33,"enemies":"Slime Boss","floor":16,"turns":10},{"damage":32,"enemies":"conspire:FuzzyDice","floor":18,"turns":6},{"damage":9,"enemies":"Chosen","floor":20,"turns":4},{"damage":28,"enemies":"3 Cultists","floor":22,"turns":4},{"damage":17,"enemies":"Snake Plant","floor":23,"turns":4},{"damage":30,"enemies":"Sentry and Sphere","floor":24,"turns":5},{"damage":51,"enemies":"conspire:MimicChest","floor":28,"turns":5}],"seed_played":"8247894607053155605","potions_obtained":[{"floor":3,"key":"PowerPotion"},{"floor":4,"key":"SkillPotion"},{"floor":7,"key":"Milkshake"},{"floor":20,"key":"Energy Potion"},{"floor":21,"key":"FearPotion"},{"floor":23,"key":"PowerPotion"}],"is_trial":false,"path_per_floor":["M","?","M","M","$","E","M","R","T","R","$","?","?","T","R","B",null,"M","?","M","AVR","M","M","M","?","T","$","?"],"character_chosen":"DEFECT","items_purchased":["Lee\u0027s Waffle","Runic Capacitor","FairyPotion"],"campfire_rested":0,"item_purchase_floors":[5,27,27],"current_hp_per_floor":[68,68,63,69,82,75,71,71,71,71,71,71,71,71,71,45,73,48,48,46,51,33,36,16,16,16,16,0,0],"gold":71,"neow_bonus":"UPGRADE_CARD","is_daily":false,"chose_seed":false,"campfire_upgraded":2,"win_rate":0.0,"timestamp":1611388528,"path_taken":["M","?","?","M","$","E","M","R","T","R","?","?","?","?","R","BOSS","M","?","M","AVR","M","M","M","?","T","?","?"],"items_purchased_type":["Relic","Relic","Potion"],"build_version":"2020-12-22","purchased_purges":0,"victory":false,"max_hp_per_floor":[75,75,75,75,82,82,82,82,82,82,82,82,82,82,82,82,82,82,82,82,87,87,87,87,87,87,87,87,87],"card_choices":[{"not_picked":["Stack","Turbo"],"picked":"Loop","floor":1},{"not_picked":["Compile Driver","Genetic Algorithm"],"picked":"Self Repair","floor":3},{"not_picked":["Cold Snap","Skim"],"picked":"Conserve Battery","floor":4},{"not_picked":["Ball Lightning","Storm"],"picked":"Hello World","floor":6},{"not_picked":["Double Energy","Sweeping Beam","Stack"],"picked":"SKIP","floor":7},{"not_picked":["ReplayTheSpireMod:Fabricate Wheel","ReplayTheSpireMod:Omega Cannon"],"picked":"Amplify","floor":16},{"not_picked":["Leap","StSpp:Channeliser"],"picked":"Static Discharge","floor":18},{"not_picked":["BasicCrystalCard","Coolheaded","Ball Lightning"],"picked":"SKIP","floor":20},{"not_picked":["Recycle","Panic Button"],"picked":"Ball Lightning","floor":21},{"not_picked":["Gash","Steam"],"picked":"White Noise","floor":22},{"not_picked":["Chill","Go for the Eyes","Compile Driver"],"picked":"SKIP","floor":23},{"not_picked":["Rebound+1","FIFO Queue"],"picked":"Auto Shields","floor":24}],"player_experience":635164,"relics_obtained":[{"floor":6,"key":"halation:TwoAmDonut"},{"floor":9,"key":"Geode"},{"floor":14,"key":"CeramicFish"},{"floor":26,"key":"Replay:Bandana"}],"event_choices":[{"damage_healed":0,"gold_gain":0,"cards_transformed":["Strike_B"],"player_choice":"Transformed","damage_taken":0,"max_hp_gain":0,"max_hp_loss":0,"event_name":"Transmorgrifier","floor":2,"gold_loss":0,"cards_obtained":["Consume"]},{"cards_removed":["Defend_B"],"damage_healed":0,"gold_gain":0,"player_choice":"Card Removal","damage_taken":0,"max_hp_gain":0,"max_hp_loss":0,"event_name":"The Cleric","floor":13,"gold_loss":50},{"damage_healed":0,"gold_gain":0,"player_choice":"Smashed Altar","damage_taken":0,"max_hp_gain":0,"max_hp_loss":0,"event_name":"Forgotten Altar","floor":25,"gold_loss":0,"cards_obtained":["Decay"]}],"is_beta":false,"boss_relics":[{"not_picked":["Astrolabe","halation:HeavySnake"],"picked":"Ring of Chaos"}],"items_purged_floors":[],"is_endless":false,"potions_floor_spawned":[3,4,7,20,23],"killed_by":"conspire:MimicChest","ascension_level":13}}