{"host":"rn4c402gwd40h2z6","time":1611427318,"event":{"mods":["100% Spire Juice","Act Like it!","Alarm Clock","Arknights The Spire","BaseMod","CapriCore","Challenge The Spire","Data Control","Downfall","Gensokyo","Good Game Mod","Hallownest","KinomotoSakuraMod(Ä¾Ö®±¾Ó£)","Koishi","Lobotomy","LobotomyExtend","Marisa£¨ìFÓê¡¡Ä§ÀíÉ³£©","Minty Spire (QoL Compilation)","Pale of the Ancients","Quick Restart","Reimu£¨²©ÀöÁéÃÎ£©","Remilia£¨ÀÙÃ×ÀòÑÇ£©","Replay The Spire","RumiaBox-Â¶Ã×æ«µÄÉñÃØºÐ×Ó","StSLib","Td1madao Mod","The Alterego","The Bug Knight","The Cursed","The Hierophant","The Immortal","The Poker Player","The Saiyan","The Senshi","Yakumo Yukari mod","Youmu£¨»êÆÇÑýÃÎ£©","Yuyuko","noobMod","vexMod","¡¾¹¦ÄÜMod¡¿»ìãçÖ®»·ÐÞ¸´²¹¶¡"],"gold_per_floor":[9999,9999,10018,10014,9999,9999,10025,10016,9999,9999,9999,10028,9999,10026,10015,9999,9999,9999,9999,9999,9104,9999,9999,9999,10016,9999,9999,10011,9999,9999,10018,10020,9999,9999,9999,10023,10021,10027,9999,9999,10067,10024,9999,9999,9999,10043,9999,10022,10022,9999,9999,10033,9999,9999,9999,9999],"floor_reached":57,"language":"ZHS","playtime":4565,"items_purged":["Decay","sneckomod:Defend","sneckomod:Defend"],"score":1563,"play_id":"4342f32e-471d-451a-a9cd-499c8cf40951","local_time":"20210124024158","is_ascension_mode":false,"campfire_choices":[{"floor":1,"key":"RECALL"}],"circlet_count":0,"master_deck":["sneckomod:Strike","sneckomod:Strike","sneckomod:Strike","sneckomod:Defend","sneckomod:TailWhip","sneckomod:SnekBite","sneckomod:Unknown","sneckomod:ImprovisedGuard","sneckomod:Unknown","sneckomod:ImprovisedGuard","sneckomod:Unknown2Cost","sneckomod:DangerNoodle","expansioncontent:HyperBeam","theSenshi:SailorStarFighterAssists","theSenshi:SailorJupiterAssists","sneckomod:WideSting","Moonworks:IndiscriminateFireSupport","sneckomod:WideSting","sneckomod:DefensiveFlair","sneckomod:SerpentMind","Moonworks:JonathanRush","sneckomod:WideSting+1","expansioncontent:DashGenerateEvil","sneckomod:UnendingSupply","sneckomod:UnknownExhaust+1","sneckomod:ImprovisedAttack+1","sneckomod:UnknownStrength+1","Hallownest:skillCityofTearsMap","Moonworks:AwakeningOfTalent","sneckomod:SoulDraw","sneckomod:MixItUp","sneckomod:UnknownBlock","sneckomod:SerpentMind","Moonworks:AwakeningOfTalent","sneckomod:UnknownBlock","sneckomod:MixItUp+1","sneckomod:UnknownExhaust+1","theSenshi:LateForSchool","sneckomod:UnknownStrike","Gensokyo:TekeTeke","sneckomod:UnknownRareAttack","sneckomod:UnknownRareSkill","Moonworks:ShieldCounter+1","sneckomod:UnknownVulnerable+1","expansioncontent:DashGenerateEvil","sneckomod:UnknownX+1","Impatience","sneckomod:UnknownRareSkill","sneckomod:IronFang","sneckomod:SerpentMind","expansioncontent:GuardianWhirl","Moonworks:FinalBattle"],"relics":["sneckomod:SneckoSoul","REME:ComplimentaryCards","ice","LetterFromLob","Orichalcum","champ:DuelingGlove","Chemical X","downfall:HeartBlessingRed","downfall:HeartBlessingBlue","Oddly Smooth Stone","FossilizedHelix","Guardian:BottledAnomaly","Juzu Bracelet","downfall:HeartBlessingGreen","Garlic","Honey Jar","Replay:Arrowhead","Boot","Orrery","StrikeDummy","Bottled Lightning","Onion Ring","GodSword1","BargainBundle","CeramicFish","expansioncontent:StudyCardRelic","Mirror","vexMod:Spyglass","vexMod:GhostlyGear","vexMod:TimeEaterHat","sneckomod:RareBoosterPack","Incense Burner","Mastiff:ReiMu","Replay:Wax Seal","Pen Nib","sneckomod:ConfusingCodex","Iron Hammer","ReplayFunnel","Membership Card"],"acts_visited":["Exordium","Hallownest:CityofTears","Gensokyo:Gensokyoest","TheEnding"],"potions_floor_usage":[],"damage_taken":[{"damage":0,"enemies":"Small Slimes","floor":3,"turns":2},{"damage":0,"enemies":"Cultist","floor":4,"turns":2},{"damage":0,"enemies":"downfall:FleeingMerchant","floor":5,"turns":4},{"damage":0,"enemies":"2 Louse","floor":8,"turns":1},{"damage":0,"enemies":"downfall:FleeingMerchant","floor":11,"turns":3},{"damage":0,"enemies":"3 Sentries","floor":12,"turns":3},{"damage":0,"enemies":"Replay:BlueRogue","floor":14,"turns":2},{"damage":0,"enemies":"Large Slime","floor":15,"turns":1},{"damage":0,"enemies":"WA_ARCHETYPE_RETAIN","floor":16,"turns":1},{"damage":0,"enemies":"Hallownest:Flukemon_and_Top","floor":25,"turns":1},{"damage":0,"enemies":"Hallownest:3_Youths","floor":28,"turns":1},{"damage":0,"enemies":"Hallownest:2_Flukemon","floor":31,"turns":5},{"damage":0,"enemies":"Hallownest:monsterShrumalOgre","floor":32,"turns":1},{"damage":7,"enemies":"IC_MUSHROOM_ARCHETYPE","floor":33,"turns":2},{"damage":0,"enemies":"Gensokyo:3_Boulders","floor":36,"turns":2},{"damage":0,"enemies":"Gensokyo:AncientGuardian","floor":37,"turns":2},{"damage":0,"enemies":"Gensokyo:Dusk_and_Dawn","floor":38,"turns":2},{"damage":0,"enemies":"Gensokyo:AtlasGolem","floor":42,"turns":1},{"damage":0,"enemies":"Gensokyo:Doremy","floor":46,"turns":1},{"damage":0,"enemies":"Gensokyo:Sharpion","floor":48,"turns":2},{"damage":0,"enemies":"Gensokyo:SeedOfUnknown","floor":49,"turns":1},{"damage":0,"enemies":"SI_POISON_ARCHETYPE","floor":50,"turns":3},{"damage":0,"enemies":"downfall:CharBossMerchant","floor":52,"turns":3},{"damage":0,"enemies":"downfall:NeowBoss","floor":55,"turns":4},{"damage":0,"enemies":"downfall:NeowBossFinal","floor":56,"turns":8}],"seed_played":"5343162996823161543","potions_obtained":[{"floor":4,"key":"Elixir"},{"floor":8,"key":"EssenceOfSteel"},{"floor":12,"key":"LiquidBronze"},{"floor":25,"key":"EssenceOfSteel"},{"floor":31,"key":"SpeedPotion"},{"floor":32,"key":"SpeedPotion"},{"floor":37,"key":"champ:CounterPotion"},{"floor":38,"key":"Languid Potion"},{"floor":49,"key":"AttackPotion"}],"is_trial":false,"path_per_floor":["R","?","M","M","$","R","T","M","?","R","$","E","R","E","M","B",null,"R","?","?","$","?","?","T","M","?","R","M","?","$","M","M","B",null,"R","M","M","M","?","R","T","M","COS","R","?","E","$","M","M","B",null,"E","$","R","B","B",null],"character_chosen":"THE_SNECKO","items_purchased":["sneckomod:UnknownUncommonAttack","sneckomod:DangerNoodle","expansioncontent:HyperBeam","Orichalcum","champ:DuelingGlove","Chemical X","Oddly Smooth Stone","FossilizedHelix","Guardian:BottledAnomaly","expansioncontent:DashGenerateEvil","sneckomod:UnknownDraw","sneckomod:UnendingSupply","Replay:Arrowhead","Boot","Orrery","Onion Ring","GodSword1","BargainBundle","Replay:Wax Seal","Pen Nib","expansioncontent:DashGenerateEvil","sneckomod:UnknownX+1","Impatience","Iron Hammer","ReplayFunnel","Membership Card","expansioncontent:GuardianWhirl"],"campfire_rested":0,"item_purchase_floors":[5,5,5,5,5,5,11,11,11,21,21,21,21,21,21,30,30,30,47,47,47,47,47,53,53,53,53],"current_hp_per_floor":[99,99,99,99,99,99,99,99,99,109,109,109,109,109,109,109,109,109,109,109,109,109,109,109,109,109,109,109,109,109,109,109,102,109,109,109,109,109,109,109,109,109,109,109,66,66,66,76,76,81,109,109,109,109,109,109],"gold":9999,"neow_bonus":"TEN_PERCENT_HP_BONUS","is_daily":false,"chose_seed":false,"campfire_upgraded":0,"win_rate":0.0,"timestamp":1611427318,"path_taken":["R","?","?","M","$","R","T","M","?","R","$","E","R","E","M","BOSS","R","?","?","?","?","?","T","M","?","R","M","?","$","M","M","BOSS","R","M","M","M","?","R","T","M","COS","R","?","E","?","?","M","BOSS","E","$","R","BOSS","BOSS"],"items_purchased_type":["Card","Card","Card","Relic","Relic","Relic","Relic","Relic","Relic","Card","Card","Card","Relic","Relic","Relic","Relic","Relic","Relic","Relic","Relic","Card","Card","Card","Relic","Relic","Relic","Card"],"build_version":"2020-12-22","purchased_purges":3,"victory":true,"max_hp_per_floor":[99,99,99,99,99,99,99,99,99,109,109,109,109,109,109,109,109,109,109,109,109,109,109,109,109,109,109,109,109,109,109,109,109,109,109,109,109,109,109,109,109,109,109,109,109,109,109,109,109,109,109,109,109,109,109,109],"card_choices":[{"not_picked":["sneckomod:IronFang","sneckomod:UnknownDraw"],"picked":"sneckomod:ImprovisedGuard","floor":3},{"not_picked":["sneckomod:SnekBeam","sneckomod:Rotation"],"picked":"sneckomod:Unknown2Cost","floor":4},{"not_picked":["sneckomod:CheapStock","sneckomod:QuickMove"],"picked":"sneckomod:UnknownX","floor":5},{"not_picked":["sneckomod:DiceBlock","sneckomod:Nope"],"picked":"sneckomod:UnknownBlock","floor":8},{"not_picked":["sneckomod:Cheat","sneckomod:UnknownColorless"],"picked":"sneckomod:WideSting","floor":11},{"not_picked":["sneckomod:QuickMove","sneckomod:Cheat","sneckomod:SlitherStrike"],"picked":"SKIP","floor":12},{"not_picked":["sneckomod:MasterEye","sneckomod:ImprovisedGuard"],"picked":"sneckomod:WideSting","floor":14},{"not_picked":["sneckomod:UnknownDexterity","sneckomod:SoulRoll"],"picked":"sneckomod:DefensiveFlair","floor":15},{"not_picked":["sneckomod:MorePower","sneckomod:Unknown3Cost"],"picked":"sneckomod:SerpentMind","floor":16},{"not_picked":["sneckomod:UnknownClassSAKURACARD_COLOR","sneckomod:IronFang","sneckomod:MixItUp"],"picked":"sneckomod:WideSting+1","floor":19},{"not_picked":["sneckomod:SerpentIdol","sneckomod:UnknownUncommonPower","sneckomod:SlitherStrike"],"picked":"sneckomod:UnendingSupply","floor":19},{"not_picked":["sneckomod:DiceCrush","sneckomod:UnknownClassSENSHI_COLOR","sneckomod:IronFang"],"picked":"sneckomod:UnknownExhaust+1","floor":21},{"not_picked":["sneckomod:UnknownBoss","sneckomod:DiceBoulder","sneckomod:SoulExchange"],"picked":"sneckomod:UnknownDraw","floor":21},{"not_picked":["sneckomod:Nope","sneckomod:DiceCrush+1","sneckomod:UnknownDexterity"],"picked":"sneckomod:ImprovisedAttack+1","floor":21},{"not_picked":["sneckomod:UnknownClassWHITE_ICE_COLOR","sneckomod:CheapStock","sneckomod:WideSting"],"picked":"sneckomod:UnknownDraw","floor":21},{"not_picked":["sneckomod:Unknown0Cost","sneckomod:UnknownClassSENSHI_COLOR","sneckomod:SoulExchange"],"picked":"sneckomod:UnknownStrength+1","floor":21},{"not_picked":["sneckomod:QuickMove","sneckomod:DiceCrush","sneckomod:UnknownCommonSkill"],"picked":"sneckomod:Unknown1Cost+1","floor":25},{"not_picked":["sneckomod:UnknownUncommonPower+1","sneckomod:SoulRoll","sneckomod:DiceBlock"],"picked":"sneckomod:SoulDraw","floor":28},{"not_picked":["sneckomod:UnknownStrength","sneckomod:WideSting","sneckomod:UnknownDexterity"],"picked":"sneckomod:MixItUp","floor":31},{"not_picked":["sneckomod:SoulDraw","sneckomod:UnknownBoss","sneckomod:UnknownCommonSkill"],"picked":"sneckomod:UnknownBlock","floor":32},{"not_picked":["sneckomod:SoulExchange","sneckomod:UnlimitedRolls","sneckomod:GlitteringGambit"],"picked":"sneckomod:SerpentMind","floor":33},{"not_picked":["sneckomod:UnknownDexterity+1","sneckomod:UnknownClassWHITE_ICE_COLOR","sneckomod:DiceCrush"],"picked":"sneckomod:UnknownBlock","floor":36},{"not_picked":["sneckomod:RainOfDice","sneckomod:MasterEye","sneckomod:UnknownClassSENSHI_COLOR"],"picked":"sneckomod:MixItUp+1","floor":37},{"not_picked":["sneckomod:IronFang+1","sneckomod:SoulRoll+1","sneckomod:UnknownClassSENSHI_COLOR"],"picked":"sneckomod:UnknownExhaust+1","floor":38},{"not_picked":["sneckomod:UnknownCommonSkill+1","sneckomod:Unknown1Cost","sneckomod:UnknownClassSENSHI_COLOR+1"],"picked":"sneckomod:UnknownStrike","floor":42},{"not_picked":["sneckomod:Nope+1","sneckomod:UnknownDexterity+1","sneckomod:SoulCleanse+1"],"picked":"sneckomod:UnknownVulnerable+1","floor":46},{"not_picked":["sneckomod:DiceBlock","sneckomod:UnknownCommonSkill+1","sneckomod:UnknownClassWHITE_ICE_COLOR"],"picked":"sneckomod:UnknownRareSkill","floor":48},{"not_picked":["sneckomod:PureSnecko+1","sneckomod:Unknown1Cost","sneckomod:TrashToTreasure"],"picked":"sneckomod:IronFang","floor":49},{"not_picked":["sneckomod:UnknownUncommonSkill","sneckomod:MixItUp","sneckomod:UnknownColorless"],"picked":"sneckomod:SerpentMind","floor":52}],"player_experience":46341,"relics_obtained":[{"floor":3,"key":"LetterFromLob"},{"floor":12,"key":"Juzu Bracelet"},{"floor":14,"key":"Garlic"},{"floor":24,"key":"StrikeDummy"},{"floor":31,"key":"CeramicFish"},{"floor":41,"key":"Mirror"},{"floor":46,"key":"Mastiff:ReiMu"},{"floor":52,"key":"sneckomod:ConfusingCodex"}],"event_choices":[],"is_beta":false,"boss_relics":[{"not_picked":["vexMod:CursedCompass","Astrolabe"],"picked":"Honey Jar"},{"not_picked":["SacredBark","Replay:Wanted Poster"],"picked":"expansioncontent:StudyCardRelic"}],"items_purged_floors":[30,47,53],"is_endless":false,"potions_floor_spawned":[4,8,12,15,16,25,31,32,37,38,49],"ascension_level":0}}