{"host":"4mwxwqvoirj3cq7x","time":1611364012,"event":{"mods":["BaseMod","Downfall","Minty Spire (QoL Compilation)","StSLib","The Marked"],"gold_per_floor":[99,99,99,374,374,403,403,414,74,74,133,133,33,67,84,84,84,84],"floor_reached":16,"language":"ZHS","playtime":676,"items_purged":["Regret"],"score":145,"play_id":"f999c323-5204-4d56-9517-736b977bc7e7","local_time":"20210123090652","is_ascension_mode":true,"campfire_choices":[{"floor":1,"key":"RECALL"},{"floor":10,"key":"REST"},{"floor":13,"key":"REST"}],"circlet_count":0,"master_deck":["bronze:Strike","bronze:Strike+1","bronze:Strike","bronze:Strike+1","bronze:Defend","bronze:Defend","bronze:Defend","bronze:Defend","bronze:Replicate","bronze:Goto","bronze:WhirlingStrike","bronze:ChosenStrike","bronze:Safeguard","bronze:Invalidate","bronze:Boost","bronze:MaxOutput","bronze:CleanCode"],"relics":["bronze:BronzeCore","downfall:HeartsMalice","Whetstone","MealTicket","bronze:SilverBullet","Bag of Preparation","downfall:HeartBlessingBlue","Turnip"],"acts_visited":["Exordium"],"potions_floor_usage":[8,9,16],"damage_taken":[{"damage":0,"enemies":"Small Slimes","floor":2,"turns":1},{"damage":0,"enemies":"Cultist","floor":3,"turns":1},{"damage":0,"enemies":"2 Louse","floor":5,"turns":1},{"damage":44,"enemies":"Lagavulin","floor":6,"turns":10},{"damage":10,"enemies":"Lots of Slimes","floor":8,"turns":2},{"damage":5,"enemies":"downfall:FleeingMerchant","floor":9,"turns":4},{"damage":19,"enemies":"Lagavulin Event","floor":11,"turns":5},{"damage":10,"enemies":"3 Sentries","floor":14,"turns":5},{"damage":0,"enemies":"2 Fungi Beasts","floor":15,"turns":2},{"damage":77,"enemies":"SI_SHIV_ARCHETYPE","floor":16,"turns":10}],"seed_played":"5867765448900189594","potions_obtained":[{"floor":6,"key":"Fire Potion"},{"floor":14,"key":"SpeedPotion"},{"floor":15,"key":"FairyPotion"}],"is_trial":false,"path_per_floor":["R","M","M","?","M","E","T","M","$","R","?","?","R","E","M","B"],"character_chosen":"THE_AUTOMATON","items_purchased":["MealTicket","Fruit Juice"],"campfire_rested":2,"item_purchase_floors":[9,9],"current_hp_per_floor":[70,70,70,70,70,26,26,16,16,38,19,19,54,44,44,0,0,0],"gold":84,"neow_bonus":"THREE_ENEMY_KILL","is_daily":false,"chose_seed":false,"campfire_upgraded":0,"win_rate":0.0,"timestamp":1611364012,"path_taken":["R","M","M","?","M","E","T","?","?","R","?","?","R","E","M","BOSS"],"items_purchased_type":["Relic","Potion"],"build_version":"2020-12-22","purchased_purges":1,"victory":false,"max_hp_per_floor":[70,70,70,70,70,70,70,70,75,75,75,75,85,85,85,85,85,85],"card_choices":[{"not_picked":["bronze:Invalidate","bronze:Constructor"],"picked":"bronze:WhirlingStrike","floor":2},{"not_picked":["bronze:Constructor","bronze:MaxOutput"],"picked":"bronze:ChosenStrike","floor":3},{"not_picked":["bronze:Repair","bronze:Deprecate"],"picked":"bronze:Safeguard","floor":5},{"not_picked":["bronze:WhirlingStrike","bronze:Deprecate"],"picked":"bronze:Invalidate","floor":6},{"not_picked":["bronze:ForLoop","bronze:CutThrough"],"picked":"bronze:Boost","floor":8},{"not_picked":["bronze:DelayedGuard","bronze:GetLatest"],"picked":"bronze:MaxOutput","floor":9},{"not_picked":["bronze:Constructor","bronze:Backtrace","bronze:Frontload"],"picked":"SKIP","floor":14},{"not_picked":["bronze:OilSpill","bronze:BuggyMess"],"picked":"bronze:CleanCode","floor":15}],"player_experience":616443,"relics_obtained":[{"floor":6,"key":"Whetstone"},{"floor":12,"key":"Bag of Preparation"},{"floor":14,"key":"Turnip"}],"event_choices":[{"damage_healed":0,"gold_gain":0,"player_choice":"Relic","damage_taken":0,"max_hp_gain":0,"max_hp_loss":0,"event_name":"Wheel of Change","floor":12,"gold_loss":0}],"is_beta":false,"boss_relics":[],"items_purged_floors":[9],"is_endless":false,"potions_floor_spawned":[6,14,15],"killed_by":"SI_SHIV_ARCHETYPE","ascension_level":3}}