{"host":"zv753xhrtese558r","time":1611387961,"event":{"mods":["2.2 Compatiblity","AchievementEnabler","BaseMod","Bestiary","Better Match","Better Note","Better Skull","Better Third Choice","BetterRewards","Colored Map","Colored Powertips","Googly Eyes","Infinite Spire","Minty Spire (QoL Compilation)","Spicy Shops","StSLib"],"gold_per_floor":[110,110,126,126,138,167,167,167,193,207,227,57,91,105,105,177,177,196,214,214,214,89,89,115,127,163,175,198,230,258,283,295,383,395,417,454,485,509,521,533,564,576,615,627,21,36,36,56,56,56,56],"floor_reached":50,"language":"ENG","playtime":2868,"items_purged":["Regret","Writhe"],"score":1033,"play_id":"89a39b31-6961-4149-8eca-5f8b87b55bf0","local_time":"20210122234601","is_ascension_mode":true,"campfire_choices":[{"data":"Combust","floor":7.0,"key":"SMITH"},{"floor":15.0,"key":"REST"},{"data":"J.A.X.","floor":23.0,"key":"SMITH"},{"floor":25.0,"key":"REST"},{"floor":27.0,"key":"REST"},{"data":"Double Tap","floor":32.0,"key":"SMITH"},{"floor":40.0,"key":"REST"},{"floor":42,"key":"REST"},{"floor":44,"key":"REST"},{"floor":49,"key":"REST"}],"circlet_count":0,"master_deck":["AscendersBane","Bash","Limit Break+1","Shrug It Off","Burning Pact","Combust+1","Thunderclap+1","Pommel Strike+1","Twin Strike+1","Feel No Pain","Ghostly Armor","Infernal Blade","infinitespire:OneForAll+1","Fire Breathing","J.A.X.+1","Wild Strike+1","Flex","Pummel+1","Anger+1","Double Tap+1","Spot Weakness","Twin Strike+1","Thunderclap+1","Searing Blow+1","Battle Trance","Sentinel","Thunderclap+1","Twin Strike+1","Impervious","Dark Embrace","Parasite","Reckless Charge+1"],"relics":["Burning Blood","Whetstone","War Paint","Bronze Scales","Molten Egg 2","Lee\u0027s Waffle","Ancient Tea Set","Orichalcum","Toy Ornithopter","infinitespire:Lucky Rock","Black Star","Strange Spoon","Smiling Mask","MawBank","Bag of Marbles","Pandora\u0027s Box","Vajra","Akabeko","Pantograph","Art of War","infinitespire:BottledMercury"],"acts_visited":["Exordium","TheCity","TheBeyond"],"potions_floor_usage":[],"damage_taken":[{"damage":0.0,"enemies":"2 Louse","floor":1.0,"turns":3.0},{"damage":0.0,"enemies":"Cultist","floor":3.0,"turns":3.0},{"damage":2.0,"enemies":"Jaw Worm","floor":5.0,"turns":3.0},{"damage":31.0,"enemies":"Lagavulin","floor":6.0,"turns":6.0},{"damage":1.0,"enemies":"Red Slaver","floor":10.0,"turns":4.0},{"damage":3.0,"enemies":"Large Slime","floor":11.0,"turns":4.0},{"damage":10.0,"enemies":"3 Sentries","floor":13.0,"turns":6.0},{"damage":12.0,"enemies":"Blue Slaver","floor":14.0,"turns":3.0},{"damage":29.0,"enemies":"Slime Boss","floor":16.0,"turns":14.0},{"damage":16.0,"enemies":"3 Byrds","floor":18.0,"turns":3.0},{"damage":17.0,"enemies":"Shell Parasite","floor":19.0,"turns":6.0},{"damage":42.0,"enemies":"Gremlin Leader","floor":24.0,"turns":6.0},{"damage":0.0,"enemies":"Shelled Parasite and Fungi","floor":28.0,"turns":1.0},{"damage":21.0,"enemies":"Snake Plant","floor":29.0,"turns":1.0},{"damage":14.0,"enemies":"Centurion and Healer","floor":30.0,"turns":2.0},{"damage":7.0,"enemies":"Snecko","floor":31.0,"turns":3.0},{"damage":72.0,"enemies":"Champ","floor":33.0,"turns":9.0},{"damage":48.0,"enemies":"3 Shapes","floor":35.0,"turns":5.0},{"damage":4.0,"enemies":"3 Darklings","floor":37.0,"turns":3.0},{"damage":24.0,"enemies":"4 Shapes","floor":38.0,"turns":3.0},{"damage":53,"enemies":"Writhing Mass","floor":41,"turns":5},{"damage":30,"enemies":"Jaw Worm Horde","floor":46,"turns":3},{"damage":34,"enemies":"Transient","floor":48,"turns":5},{"damage":71,"enemies":"Awakened One","floor":50,"turns":3}],"seed_played":"8995057691532575428","potions_obtained":[{"floor":5.0,"key":"Swift Potion"},{"floor":24.0,"key":"DuplicationPotion"},{"floor":30.0,"key":"EntropicBrew"},{"floor":46,"key":"Energy Potion"},{"floor":48,"key":"Fire Potion"}],"is_trial":false,"path_per_floor":["M","?","M","?","M","E","R","?","T","M","M","$","E","M","R","B",null,"M","M","?","?","$","R","E","R","T","R","M","M","M","M","R","B",null,"M","T","M","M","?","R","M","R","T","R","$","M","?","M","R","B"],"character_chosen":"IRONCLAD","items_purchased":["Whetstone","War Paint","Bronze Scales","Limit Break","Molten Egg 2","Lee\u0027s Waffle","Shrug It Off","Dexterity Potion","Feel No Pain","Strange Spoon","Wild Strike+1","Pantograph","Art of War","infinitespire:BottledMercury"],"campfire_rested":7,"item_purchase_floors":[0,0,0,0,0,0,0,0,12,22,22,45,45,45],"current_hp_per_floor":[87,87,87,87,87,62,62,62,62,67,70,70,66,60,86,63,81,71,60,60,60,60,60,29,55,55,81,87,75,77,76,76,20,70,28,28,30,12,34,60,13,39,39,65,65,41,41,13,39,0,0],"gold":56,"neow_bonus":"","is_daily":false,"chose_seed":false,"campfire_upgraded":3,"win_rate":0.0,"timestamp":1611387961,"path_taken":["M","?","?","?","?","E","R","?","T","M","M","$","E","M","R","BOSS","M","M","?","?","?","R","E","R","T","R","M","M","M","?","R","BOSS","M","?","M","?","?","R","M","R","T","R","$","M","?","?","R","BOSS"],"items_purchased_type":["Relic","Relic","Relic","Card","Relic","Relic","Card","Potion","Card","Relic","Card","Relic","Relic","Relic"],"build_version":"2020-12-22","purchased_purges":2,"victory":false,"max_hp_per_floor":[87,87,87,87,87,87,87,87,87,87,87,87,87,87,87,87,87,87,87,87,87,87,87,87,87,87,87,87,87,87,87,87,87,87,87,87,87,87,87,87,87,87,87,87,87,87,87,87,87,87,87],"card_choices":[{"not_picked":["Shrug It Off","Clash+1"],"picked":"Burning Pact","floor":1.0},{"not_picked":["Havoc","Bloodletting"],"picked":"Combust","floor":3.0},{"not_picked":["Combust","Havoc"],"picked":"Thunderclap+1","floor":5.0},{"not_picked":["Clash+1","Shockwave"],"picked":"Pommel Strike+1","floor":6.0},{"not_picked":["Intimidate","Feel No Pain"],"picked":"Twin Strike+1","floor":10.0},{"not_picked":["Iron Wave+1","Thunderclap+1","Searing Blow+1"],"picked":"SKIP","floor":11.0},{"not_picked":["Corruption","Blood for Blood+1"],"picked":"Ghostly Armor","floor":13.0},{"not_picked":["infinitespire:OneForAll+1","Flex"],"picked":"Infernal Blade","floor":14.0},{"not_picked":["Havoc","Pommel Strike+1"],"picked":"infinitespire:OneForAll+1","floor":18.0},{"not_picked":["Pummel+1","Second Wind"],"picked":"Fire Breathing","floor":19.0},{"not_picked":["Juggernaut","True Grit+1"],"picked":"Flex","floor":24.0},{"not_picked":["Twin Strike+1","Rage"],"picked":"Pummel+1","floor":28.0},{"not_picked":["Uppercut+1","Sword Boomerang+1"],"picked":"Anger+1","floor":29.0},{"not_picked":["Disarm","Uppercut+1"],"picked":"Double Tap","floor":30.0},{"not_picked":["Infernal Blade","Twin Strike+1"],"picked":"Spot Weakness","floor":31.0},{"not_picked":["True Grit+1","Shrug It Off","Thunderclap+1"],"picked":"SKIP","floor":35.0},{"not_picked":["Pommel Strike+1","Clothesline+1","Rage"],"picked":"SKIP","floor":37.0},{"not_picked":["Second Wind","Warcry","Headbutt+1"],"picked":"SKIP","floor":38.0},{"not_picked":["Armaments+1","Perfected Strike+1","Uppercut+1"],"picked":"SKIP","floor":41},{"not_picked":["Second Wind","Anger+1","Hemokinesis+1"],"picked":"SKIP","floor":46},{"not_picked":["Hemokinesis+1","Brutality"],"picked":"Reckless Charge+1","floor":48}],"player_experience":400462,"relics_obtained":[{"floor":6.0,"key":"Ancient Tea Set"},{"floor":9.0,"key":"Toy Ornithopter"},{"floor":13.0,"key":"infinitespire:Lucky Rock"},{"floor":24.0,"key":"Smiling Mask"},{"floor":24.0,"key":"MawBank"},{"floor":26.0,"key":"Bag of Marbles"},{"floor":36.0,"key":"Vajra"},{"floor":43,"key":"Akabeko"}],"event_choices":[{"damage_healed":5.0,"max_hp_gain":0.0,"max_hp_loss":0.0,"gold_gain":0.0,"event_name":"betterSkull:BetterSkull","player_choice":"LEAVE ","floor":2.0,"gold_loss":0.0,"damage_taken":0.0,"cards_upgraded":[],"relics_obtained":[]},{"damage_healed":0.0,"max_hp_gain":0.0,"max_hp_loss":0.0,"gold_gain":0.0,"event_name":"Upgrade Shrine","player_choice":"Upgraded","floor":4.0,"gold_loss":0.0,"damage_taken":0.0,"cards_upgraded":["Limit Break"]},{"damage_healed":0.0,"max_hp_gain":0.0,"max_hp_loss":0.0,"gold_gain":0.0,"event_name":"Big Fish","player_choice":"Box","floor":8.0,"gold_loss":0.0,"damage_taken":0.0,"relics_obtained":["Orichalcum"],"cards_obtained":["Regret"]},{"damage_healed":0.0,"max_hp_gain":0.0,"max_hp_loss":0.0,"gold_gain":0.0,"event_name":"Cursed Tome","player_choice":"Ignored","floor":20.0,"gold_loss":0.0,"damage_taken":0.0},{"damage_healed":0.0,"max_hp_gain":0.0,"max_hp_loss":0.0,"gold_gain":0.0,"event_name":"Drug Dealer","player_choice":"Obtain J.A.X.","floor":21.0,"gold_loss":0.0,"damage_taken":0.0,"cards_obtained":["J.A.X."]},{"damage_healed":22.0,"max_hp_gain":0.0,"max_hp_loss":0.0,"gold_gain":0.0,"event_name":"Winding Halls","player_choice":"Writhe","floor":39.0,"gold_loss":0.0,"damage_taken":0.0,"cards_obtained":["Writhe"]},{"damage_healed":0,"gold_gain":0,"player_choice":"Ignored","damage_taken":0,"max_hp_gain":0,"max_hp_loss":0,"event_name":"WeMeetAgain","floor":47,"gold_loss":0}],"is_beta":false,"boss_relics":[{"not_picked":["Tiny House","Fusion Hammer"],"picked":"Black Star"},{"not_picked":["Runic Pyramid","Cursed Key"],"picked":"Pandora\u0027s Box"}],"items_purged_floors":[12,45],"is_endless":false,"potions_floor_spawned":[5,6,10,14,18,24,28,30,46,48],"killed_by":"Awakened One","ascension_level":13}}