{"host":"v7f6n6ea3j6on08h","time":1611382484,"event":{"mods":["AchievementEnabler","Aspiration","BaseMod","Duelist Mod","Friendly Minions","Hubris","Minty Spire (QoL Compilation)","Replay The Spire","StSLib"],"gold_per_floor":[145,160,160,171,22,52,52],"floor_reached":6,"language":"ENG","playtime":561,"items_purged":[],"score":92,"play_id":"fa43e1f7-5861-4cd7-a537-fcb6d6f1fcf9","local_time":"20210123011444","is_ascension_mode":true,"campfire_choices":[],"circlet_count":0,"master_deck":["AscendersBane","theDuelist:CastleWalls","theDuelist:CastleWalls","theDuelist:CrossSwordBeetle","theDuelist:EmpressMantis","theDuelist:InsectKnight","theDuelist:RazorLizard","theDuelist:RazorLizard","theDuelist:Sparks","theDuelist:Sparks","theDuelist:Sparks","theDuelist:PetitMoth","Dark Shackles","theDuelist:EmpressMantis","theDuelist:InsectQueen"],"relics":["theDuelist:MillenniumPuzzle","theDuelist:CardPoolRelic","theDuelist:CardPoolBasicRelic","theDuelist:BoosterPackPoolRelic","theDuelist:CardPoolAddRelic","theDuelist:CardPoolMinusRelic","theDuelist:CardPoolSaveRelic","theDuelist:CardPoolOptionsRelic","Toy Ornithopter"],"acts_visited":["Exordium"],"potions_floor_usage":[6,6],"damage_taken":[{"damage":13,"enemies":"2 Louse","floor":1,"turns":2},{"damage":0,"enemies":"Cultist","floor":2,"turns":3},{"damage":0,"enemies":"Small Slimes","floor":4,"turns":3},{"damage":36,"enemies":"3 Sentries","floor":6,"turns":10}],"seed_played":"-3139383707059171315","potions_obtained":[{"floor":1,"key":"Fire Potion"},{"floor":2,"key":"theDuelist:TokenPotion"},{"floor":6,"key":"theDuelist:WhiteBottle"}],"is_trial":false,"path_per_floor":["M","M","?","M","$","E"],"character_chosen":"THE_DUELIST","items_purchased":["theDuelist:InsectQueen"],"campfire_rested":0,"item_purchase_floors":[5],"current_hp_per_floor":[57,57,57,57,57,21,21],"gold":52,"neow_bonus":"TEN_PERCENT_HP_BONUS","is_daily":false,"chose_seed":false,"campfire_upgraded":0,"win_rate":0.0,"timestamp":1611382484,"path_taken":["M","M","?","M","$","E"],"items_purchased_type":["Card"],"build_version":"2020-12-22","purchased_purges":0,"victory":false,"max_hp_per_floor":[77,77,77,77,77,77,77],"card_choices":[{"not_picked":["theDuelist:JiraiGumo","theDuelist:AtomicFirefly","theDuelist:SpiderWeb","theDuelist:ArmoredBee"],"picked":"theDuelist:PetitMoth","floor":1},{"not_picked":["Purity","Secret Technique","Swift Strike"],"picked":"Dark Shackles","floor":2},{"not_picked":["theDuelist:ManEaterBug","theDuelist:FirestormProminence","theDuelist:DragonDowser","theDuelist:BiteBug"],"picked":"theDuelist:EmpressMantis","floor":4},{"not_picked":["theDuelist:DarklordSuperbia","theDuelist:Fissure","theDuelist:LightningDarts","theDuelist:WingedKuriboh","theDuelist:Sangan"],"picked":"SKIP","floor":6}],"player_experience":1072981,"relics_obtained":[{"floor":6,"key":"Toy Ornithopter"}],"event_choices":[{"damage_healed":0,"gold_gain":0,"player_choice":"Leave","duelist":true,"damage_taken":0,"max_hp_gain":0,"max_hp_loss":0,"event_name":"Tomb of the Nameless","floor":3,"gold_loss":0}],"is_beta":false,"boss_relics":[],"items_purged_floors":[],"is_endless":false,"potions_floor_spawned":[1,2,6],"killed_by":"3 Sentries","ascension_level":20}}