{"host":"vc42n08di9czm3e7","time":1611374549,"event":{"mods":["AchievementEnabler","Act Like it!","BaseMod","Colored Powertips","Downfall","Friendly Minions","GifTheSpireLib","Minty Spire (QoL Compilation)","Quick Restart","Rare Cards Sparkle","StSLib"],"gold_per_floor":[99,110,124,141,161,181,257,282,292,302,302,0,0,0,12,107,107,7,20,38,55,71,71,71,71,171,171,183,200,200,214,226,323,323,323,338,355,355,378,413,425,437,499,311,323,351,273,293,313,313,313,348,104,104,104,104,104,104],"floor_reached":56,"language":"ENG","playtime":4576,"items_purged":["champ:Defend","champ:Defend"],"score":737,"play_id":"5d62a526-ffe0-4c21-9dff-608ba51384e2","local_time":"20210122230229","is_ascension_mode":false,"campfire_choices":[{"floor":1,"key":"RECALL"},{"floor":11,"key":"REST"},{"data":"champ:BerserkersShout","floor":13,"key":"SMITH"},{"data":"champ:HoldFirm","floor":18,"key":"SMITH"},{"data":"champ:SwordSigil","floor":23,"key":"SMITH"},{"data":"champ:ShieldThrow","floor":25,"key":"SMITH"},{"data":"champ:HoldFirm","floor":27,"key":"SMITH"},{"data":"champ:SkillfulDodge","floor":30,"key":"SMITH"},{"data":"champ:ShieldWall","floor":35,"key":"SMITH"},{"floor":44,"key":"REST"},{"data":"champ:IgnorePain","floor":54,"key":"SMITH"}],"circlet_count":0,"master_deck":["champ:Strike","champ:Strike+1","champ:Defend","champ:Execute","champ:Taunt","champ:Backstep","champ:EnragedBash+1","champ:HeartStrike","champ:ShieldSlam","champ:BerserkersShout","champ:ShieldThrow+1","champ:RecklessLeap","champ:BringItOn","champ:BerserkersShout+1","champ:LastStand","champ:ShieldSigil","champ:HoldFirm+1","champ:DefensiveShout+1","champ:AdrenalArmor+1","champ:SwordSigil+1","champ:StanceDance+1","champ:HoldFirm+1","champ:PerfectedStrike+1","J.A.X.","champ:FlashCut+1","champ:DefensiveStyle+1","champ:SkillfulDodge+1","champ:ShieldWall+1","champ:SwordSigil","champ:SwordSigil","expansioncontent:PrepareCrush","Parasite","champ:Endure+1","champ:IgnorePain+1","champ:PreemptiveStrike+1"],"relics":["champ:ChampionCrown","Ornamental Fan","Unceasing Top","Molten Egg 2","expansioncontent:StudyCardRelic","downfall:HeartBlessingRed","White Beast Statue","MutagenicStrength","Busted Crown","MawBank","Whetstone","Ginger","downfall:HeartBlessingGreen","downfall:HeartBlessingBlue","champ:DefensiveTrainingManual"],"acts_visited":["Exordium","TheCity","TheBeyond","TheEnding"],"potions_floor_usage":[14,16,21,40,43,43,43,49,50,52,52,55],"damage_taken":[{"damage":14,"enemies":"Cultist","floor":2,"turns":6},{"damage":10,"enemies":"Small Slimes","floor":3,"turns":5},{"damage":10,"enemies":"2 Louse","floor":4,"turns":3},{"damage":33,"enemies":"Exordium Thugs","floor":5,"turns":6},{"damage":11,"enemies":"2 Fungi Beasts","floor":6,"turns":4},{"damage":32,"enemies":"Gremlin Nob","floor":8,"turns":5},{"damage":30,"enemies":"Red Slaver","floor":9,"turns":5},{"damage":35,"enemies":"Large Slime","floor":10,"turns":7},{"damage":25,"enemies":"downfall:FleeingMerchant","floor":12,"turns":4},{"damage":50,"enemies":"downfall:FleeingMerchant","floor":14,"turns":4},{"damage":18,"enemies":"3 Louse","floor":15,"turns":3},{"damage":101,"enemies":"SI_SHIV_ARCHETYPE","floor":16,"turns":7},{"damage":10,"enemies":"Shell Parasite","floor":19,"turns":3},{"damage":18,"enemies":"Shelled Parasite and Fungi","floor":20,"turns":6},{"damage":30,"enemies":"Cultist and Chosen","floor":21,"turns":6},{"damage":72,"enemies":"Centurion and Healer","floor":22,"turns":9},{"damage":75,"enemies":"downfall:Augmenter","floor":26,"turns":6},{"damage":15,"enemies":"Snecko","floor":28,"turns":4},{"damage":0,"enemies":"3 Cultists","floor":29,"turns":3},{"damage":6,"enemies":"Shelled Parasite and Fungi","floor":31,"turns":5},{"damage":8,"enemies":"Cultist and Chosen","floor":32,"turns":5},{"damage":86,"enemies":"IC_MUSHROOM_ARCHETYPE","floor":33,"turns":10},{"damage":0,"enemies":"Orb Walker","floor":36,"turns":3},{"damage":51,"enemies":"3 Shapes","floor":37,"turns":5},{"damage":89,"enemies":"Reptomancer","floor":40,"turns":7},{"damage":23,"enemies":"Reptomancer","floor":43,"turns":7},{"damage":0,"enemies":"Writhing Mass","floor":46,"turns":5},{"damage":16,"enemies":"downfall:FleeingMerchant","floor":47,"turns":4},{"damage":33,"enemies":"Spire Growth","floor":48,"turns":4},{"damage":2,"enemies":"Jaw Worm Horde","floor":49,"turns":2},{"damage":38,"enemies":"WA_ARCHETYPE_DIVINITY","floor":50,"turns":8},{"damage":46,"enemies":"downfall:CharBossMerchant","floor":52,"turns":7},{"damage":145,"enemies":"downfall:NeowBoss","floor":55,"turns":21},{"damage":98,"enemies":"downfall:NeowBossFinal","floor":56,"turns":9}],"seed_played":"-8894893750087275186","potions_obtained":[{"floor":3,"key":"FairyPotion"},{"floor":4,"key":"Slimebound:ThreeZeroPotion"},{"floor":6,"key":"hexamod:SoulburnPotion"},{"floor":15,"key":"Dexterity Potion"},{"floor":20,"key":"Block Potion"},{"floor":26,"key":"champ:CounterPotion"},{"floor":33,"key":"Block Potion"},{"floor":40,"key":"ColorlessPotion"},{"floor":43,"key":"Block Potion"},{"floor":46,"key":"hexamod:SoulburnPotion"},{"floor":47,"key":"Regen Potion"},{"floor":48,"key":"Slimebound:ThreeZeroPotion"},{"floor":49,"key":"Energy Potion"},{"floor":52,"key":"Fruit Juice"}],"is_trial":false,"path_per_floor":["R","M","M","M","M","M","T","E","M","M","R","$","R","$","M","B",null,"R","M","M","M","M","R","T","R","?","R","M","M","R","M","M","B",null,"R","M","M","?","T","E","T","?","?","R","?","M","$","M","M","B",null,"E","$","R","B","B"],"character_chosen":"THE_CHAMP","items_purchased":["Molten Egg 2","champ:BerserkersShout","champ:IgnorePain","champ:PreemptiveStrike+1"],"campfire_rested":2,"item_purchase_floors":[12,12,53,53],"current_hp_per_floor":[99,90,90,90,82,81,81,64,54,39,68,68,68,53,50,29,99,99,99,91,91,84,84,84,84,59,59,59,59,59,53,50,19,99,99,99,83,83,83,24,24,24,13,55,55,55,54,41,39,17,109,83,83,83,38,0,0,0],"gold":104,"neow_bonus":"TEN_PERCENT_HP_BONUS","is_daily":false,"chose_seed":false,"campfire_upgraded":8,"win_rate":0.0,"timestamp":1611374549,"path_taken":["R","M","M","M","M","M","T","E","M","M","R","$","R","$","M","BOSS","R","M","?","M","M","R","T","R","?","R","M","M","R","M","M","BOSS","R","M","M","?","?","E","T","?","?","R","?","M","$","M","M","BOSS","E","$","R","BOSS","BOSS"],"items_purchased_type":["Relic","Card","Card","Card"],"build_version":"2020-12-22","purchased_purges":2,"victory":false,"max_hp_per_floor":[99,99,99,99,99,99,99,99,99,99,99,99,99,99,99,99,99,99,99,99,99,99,99,99,99,99,99,99,99,99,99,99,99,99,99,99,99,99,99,99,99,99,99,109,109,109,109,109,109,109,109,109,109,109,114,114,114,114],"card_choices":[{"not_picked":["champ:CrownThrow","champ:TornadoPunch","champ:RapidStrikes"],"picked":"SKIP","floor":2},{"not_picked":["champ:DefensiveShout","champ:TornadoPunch"],"picked":"champ:Backstep","floor":3},{"not_picked":["champ:DeathBlow","champ:FocusedDefense"],"picked":"champ:EnragedBash","floor":4},{"not_picked":["champ:GladiatorStyle","champ:Circumvent"],"picked":"champ:HeartStrike","floor":5},{"not_picked":["champ:BerserkersShout","champ:BringItOn"],"picked":"champ:ShieldSlam","floor":6},{"not_picked":["champ:EnragedBash","champ:DefensiveShout"],"picked":"champ:BerserkersShout","floor":8},{"not_picked":["champ:EnGarde","champ:BringItOn"],"picked":"champ:ShieldThrow","floor":9},{"not_picked":["champ:PerfectedStrike","champ:Circumvent"],"picked":"champ:RecklessLeap","floor":10},{"not_picked":["champ:BladeFlurry","champ:PreemptiveStrike"],"picked":"champ:BringItOn","floor":12},{"not_picked":["champ:SkillfulDodge","champ:Duel+1"],"picked":"champ:LastStand","floor":14},{"not_picked":["champ:FanOfKnives+1","champ:DefensiveShout"],"picked":"champ:ShieldSigil","floor":15},{"not_picked":["champ:ShieldThrow+1","champ:DancingMaster"],"picked":"champ:HoldFirm","floor":16},{"not_picked":["champ:BladeFlurry+1","champ:FocusedDefense"],"picked":"champ:DefensiveShout+1","floor":19},{"not_picked":["champ:PreemptiveStrike+1","champ:CrownThrow+1"],"picked":"champ:AdrenalArmor+1","floor":20},{"not_picked":["champ:HeartStrike+1","champ:FalseCounter"],"picked":"champ:SwordSigil","floor":21},{"not_picked":["champ:FlashCut+1","champ:FocusedDefense"],"picked":"champ:StanceDance+1","floor":22},{"not_picked":[],"picked":"J.A.X.","floor":26},{"not_picked":["champ:Backstep","champ:CrookedStrike+1"],"picked":"champ:FlashCut+1","floor":26},{"not_picked":["champ:CrownThrow+1","champ:Haymaker+1"],"picked":"champ:DefensiveStyle+1","floor":28},{"not_picked":["champ:FocusedBerserking+1","champ:SetATrap"],"picked":"champ:SkillfulDodge","floor":29},{"not_picked":["champ:AdrenalArmor","champ:StanceDance"],"picked":"champ:ShieldWall","floor":31},{"not_picked":["champ:CrownThrow+1","champ:FlashCut+1"],"picked":"champ:SwordSigil","floor":32},{"not_picked":["champ:Backstep+1"],"picked":"SKIP","floor":36},{"not_picked":["champ:Haymaker+1"],"picked":"SKIP","floor":37},{"not_picked":[],"picked":"champ:SwordSigil","floor":40},{"not_picked":[],"picked":"expansioncontent:PrepareCrush","floor":42},{"not_picked":["champ:Shatter+1"],"picked":"SKIP","floor":46},{"not_picked":[],"picked":"champ:Endure+1","floor":47},{"not_picked":["champ:Circumvent"],"picked":"SKIP","floor":48},{"not_picked":["champ:GladiatorStyle"],"picked":"SKIP","floor":49},{"not_picked":["champ:TornadoPunch+1"],"picked":"SKIP","floor":52}],"player_experience":295538,"relics_obtained":[{"floor":7,"key":"Ornamental Fan"},{"floor":8,"key":"Unceasing Top"},{"floor":24,"key":"White Beast Statue"},{"floor":26,"key":"MutagenicStrength"},{"floor":40,"key":"MawBank"},{"floor":41,"key":"Whetstone"},{"floor":43,"key":"Ginger"},{"floor":52,"key":"champ:DefensiveTrainingManual"}],"event_choices":[{"cards_removed":["champ:Strike"],"damage_healed":0,"gold_gain":0,"player_choice":"Removed Attack","damage_taken":0,"max_hp_gain":0,"max_hp_loss":0,"event_name":"Falling","floor":38,"gold_loss":0}],"is_beta":false,"boss_relics":[{"not_picked":["Empty Cage","bronze:MakeshiftBattery"],"picked":"expansioncontent:StudyCardRelic"},{"not_picked":["SlaversCollar","Cursed Key"],"picked":"Busted Crown"}],"items_purged_floors":[47,53],"is_endless":false,"potions_floor_spawned":[3,4,6,9,15,20,26,28,29,31,32,33,36,37,40,43,46,47,48,49,52],"killed_by":"downfall:NeowBossFinal","ascension_level":0}}