{"host":"928gv66myv2vlnsd","time":1611377124,"event":{"mods":["BaseMod","Minty Spire (QoL Compilation)","StSLib"],"gold_per_floor":[113,113,132,142,142,174,194,33,58,58,58],"floor_reached":10,"language":"ENG","playtime":829,"items_purged":[],"score":133,"play_id":"18dca8ec-7497-49b0-990e-8a768484fce9","local_time":"20210122234524","is_ascension_mode":true,"campfire_choices":[],"circlet_count":0,"master_deck":["AscendersBane","Strike_R","Strike_R","Strike_R+1","Strike_R","Strike_R","Defend_R","Defend_R","Defend_R","Defend_R","Bash","Sword Boomerang","Evolve","Fire Breathing+1","Demon Form","Shrug It Off","Immolate"],"relics":["Burning Blood","NeowsBlessing","Dream Catcher","Akabeko"],"acts_visited":["Exordium"],"potions_floor_usage":[6,7],"damage_taken":[{"damage":0,"enemies":"Jaw Worm","floor":1,"turns":1},{"damage":0,"enemies":"Cultist","floor":3,"turns":1},{"damage":0,"enemies":"Small Slimes","floor":4,"turns":1},{"damage":50,"enemies":"Lagavulin","floor":6,"turns":8},{"damage":3,"enemies":"3 Louse","floor":7,"turns":3},{"damage":12,"enemies":"3 Sentries","floor":10,"turns":2}],"seed_played":"-7954658830325333245","potions_obtained":[{"floor":1,"key":"FearPotion"},{"floor":6,"key":"Explosive Potion"},{"floor":7,"key":"Weak Potion"}],"is_trial":false,"path_per_floor":["M","?","M","M","?","E","M","$","T","E"],"character_chosen":"IRONCLAD","items_purchased":["Immolate"],"campfire_rested":0,"item_purchase_floors":[8],"current_hp_per_floor":[74,75,75,75,52,8,11,11,11,0,0],"gold":58,"neow_bonus":"THREE_ENEMY_KILL","is_daily":false,"chose_seed":false,"campfire_upgraded":0,"win_rate":0.0,"timestamp":1611377124,"path_taken":["M","?","?","M","?","E","M","$","T","E"],"items_purchased_type":["Card"],"build_version":"2020-12-22","purchased_purges":0,"victory":false,"max_hp_per_floor":[75,75,75,75,75,75,75,75,75,75,75],"card_choices":[{"not_picked":["Entrench","Headbutt"],"picked":"Sword Boomerang","floor":1},{"not_picked":["Heavy Blade","Armaments"],"picked":"Evolve","floor":3},{"not_picked":["Body Slam","Spot Weakness"],"picked":"Fire Breathing","floor":4},{"not_picked":["Anger","Brutality"],"picked":"Demon Form","floor":6},{"not_picked":["Shockwave","Clash"],"picked":"Shrug It Off","floor":7}],"player_experience":1299016,"relics_obtained":[{"floor":6,"key":"Dream Catcher"},{"floor":9,"key":"Akabeko"}],"event_choices":[{"damage_healed":1,"gold_gain":0,"player_choice":"Full Heal","damage_taken":0,"max_hp_gain":0,"max_hp_loss":0,"event_name":"Wheel of Change","floor":2,"gold_loss":0},{"damage_healed":0,"gold_gain":0,"player_choice":"Entered Light","damage_taken":23,"max_hp_gain":0,"max_hp_loss":0,"event_name":"Shining Light","floor":5,"gold_loss":0,"cards_upgraded":["Strike_R","Fire Breathing"]}],"is_beta":false,"boss_relics":[],"items_purged_floors":[],"is_endless":false,"potions_floor_spawned":[1,6,7],"killed_by":"3 Sentries","ascension_level":19}}