{"host":"x3xr1fzypq6qqz5s","time":1611392661,"event":{"mods":["BaseMod","Better Vampires","Colored Powertips","DeckTracker","Highlight Path","Minty Spire (QoL Compilation)","Quick Restart","Rare Cards Sparkle","Relic Stats"],"gold_per_floor":[116,28,43,60,76,76,90,106,133,133,153,153,153,166,166,269,269,282,282,123,33,33],"floor_reached":21,"language":"ZHS","playtime":1272,"items_purged":["Strike_B"],"score":173,"play_id":"69640d79-bf92-45c0-9c80-d82aec19090e","local_time":"20210123170421","is_ascension_mode":false,"campfire_choices":[{"data":"Chaos","floor":6,"key":"SMITH"},{"floor":10,"key":"REST"},{"data":"Zap","floor":13,"key":"SMITH"},{"data":"Hello World","floor":15,"key":"SMITH"}],"circlet_count":0,"master_deck":["Strike_B","Strike_B","Defend_B","Defend_B","Defend_B","Defend_B","Zap+1","Dualcast","Scrape","Go for the Eyes","Beam Cell","Hello World+1","Leap","Chaos+1","Skim","Turbo","All For One","Rebound","Creative AI","Biased Cognition","Good Instincts"],"relics":["Cracked Core"],"acts_visited":["Exordium","TheCity"],"potions_floor_usage":[14],"damage_taken":[{"damage":4,"enemies":"Cultist","floor":1,"turns":4},{"damage":6,"enemies":"Small Slimes","floor":3,"turns":2},{"damage":10,"enemies":"2 Louse","floor":4,"turns":2},{"damage":6,"enemies":"Red Slaver","floor":5,"turns":3},{"damage":16,"enemies":"Gremlin Gang","floor":7,"turns":4},{"damage":3,"enemies":"Exordium Wildlife","floor":8,"turns":4},{"damage":3,"enemies":"3 Louse","floor":11,"turns":4},{"damage":4,"enemies":"Gremlin Gang","floor":14,"turns":2},{"damage":31,"enemies":"Hexaghost","floor":16,"turns":8},{"damage":27,"enemies":"Spheric Guardian","floor":18,"turns":6},{"damage":39,"enemies":"2 Thieves","floor":21,"turns":4}],"seed_played":"467136555693636995","potions_obtained":[{"floor":1,"key":"Ancient Potion"},{"floor":3,"key":"Energy Potion"},{"floor":4,"key":"Explosive Potion"}],"is_trial":false,"path_per_floor":["M","$","M","M","M","R","M","M","T","R","M","?","R","M","R","B",null,"M","?","$","M"],"character_chosen":"DEFECT","items_purchased":["Beam Cell","Hello World","Good Instincts"],"campfire_rested":1,"item_purchase_floors":[2,2,20],"current_hp_per_floor":[71,71,65,55,49,49,33,30,30,52,49,49,49,45,45,14,75,48,48,48,9,9],"gold":33,"neow_bonus":"THREE_CARDS","is_daily":false,"chose_seed":false,"campfire_upgraded":3,"win_rate":0.0,"timestamp":1611392661,"path_taken":["M","?","M","M","M","R","M","M","T","R","M","?","R","M","R","BOSS","M","?","$","M"],"items_purchased_type":["Card","Card","Card"],"build_version":"2020-12-22","purchased_purges":1,"victory":false,"max_hp_per_floor":[75,75,75,75,75,75,75,75,75,75,75,75,75,75,75,75,75,75,75,75,75,75],"relic_stats":{"counters":[11,43],"obtain_stats":[{"Cracked Core":0},{"Cracked Core":0},{"Cracked Core":0}]},"card_choices":[{"not_picked":["Lockon","Steam"],"picked":"Scrape","floor":0},{"not_picked":["Hello World","Beam Cell"],"picked":"Go for the Eyes","floor":1},{"not_picked":["Redo","Rebound"],"picked":"Leap","floor":3},{"not_picked":["Sweeping Beam","Hyperbeam"],"picked":"Chaos","floor":4},{"not_picked":["Sweeping Beam","Compile Driver"],"picked":"Skim","floor":5},{"not_picked":["Force Field","Coolheaded"],"picked":"Turbo","floor":7},{"not_picked":["Compile Driver","Blizzard","Beam Cell"],"picked":"SKIP","floor":8},{"not_picked":["Steam","Darkness"],"picked":"All For One","floor":11},{"not_picked":["Lockon","Blizzard"],"picked":"Rebound","floor":14},{"not_picked":["Multi-Cast","Electrodynamics"],"picked":"Creative AI","floor":16},{"not_picked":["Ball Lightning","Lockon","Force Field"],"picked":"SKIP","floor":18}],"player_experience":608817,"relics_obtained":[],"event_choices":[{"damage_healed":0,"gold_gain":0,"player_choice":"Ignored","damage_taken":0,"max_hp_gain":0,"max_hp_loss":0,"event_name":"Liars Game","floor":12,"gold_loss":0},{"damage_healed":0,"gold_gain":0,"cards_transformed":["Strike_B"],"player_choice":"Transformed","damage_taken":0,"max_hp_gain":0,"max_hp_loss":0,"event_name":"Transmorgrifier","floor":19,"gold_loss":0,"cards_obtained":["Biased Cognition"]}],"is_beta":false,"boss_relics":[{"not_picked":["Runic Dome","Busted Crown","Coffee Dripper"]}],"items_purged_floors":[20],"is_endless":false,"potions_floor_spawned":[1,3,4,11],"killed_by":"2 Thieves","ascension_level":0}}