{"host":"dv29tre2e7vje47n","time":1611405216,"event":{"mods":["AchievementEnabler","BaseMod","Colored Map","Colored Powertips","DeckTracker","Displayed Cursed Tome","Downfall","Friendly Minions","Googly Eyes","Highlight Path","Key Reminder","Minty Spire (QoL Compilation)","Quick Restart","Random Character Button","Rare Cards Sparkle","Relic Sorter","Relic Stats","Spire Birthday Party","StSLib","SuperFastMode","Unceasing Turn Reminder"],"gold_per_floor":[99,110,123,133,133,158,158,168,200,200,200,219,219,237,255,351,351,351,370,386,486,226,237,314,314,333,333,343,343,343,377,394,493,493,293,313,359,372,372,372,399,309,209,228,228,255,255,267,287,287,287,287,287,287],"floor_reached":52,"language":"ENG","playtime":2807,"items_purged":["bronze:Strike"],"score":716,"play_id":"e159bac4-23c4-4f7e-ab41-7923f4f14891","local_time":"20210123133336","is_ascension_mode":false,"campfire_choices":[{"data":"Apotheosis","floor":1,"key":"SMITH"},{"data":"bronze:FineTuning","floor":10,"key":"SMITH"},{"data":"bronze:Repair","floor":13,"key":"SMITH"},{"data":"bronze:Deprecate","floor":18,"key":"SMITH"},{"floor":25,"key":"REST"},{"floor":27,"key":"RECALL"},{"data":"bronze:SpaghettiCode","floor":35,"key":"SMITH"},{"floor":43,"key":"REST"},{"floor":45,"key":"REST"},{"floor":47,"key":"REST"}],"circlet_count":0,"master_deck":["bronze:Strike","bronze:Strike","bronze:Strike","bronze:Defend","bronze:Defend","bronze:Defend","bronze:Defend","bronze:Replicate","bronze:Goto","Apotheosis+1","bronze:Iterate","bronze:WhirlingStrike","bronze:Repair+1","bronze:CleanCode","bronze:FineTuning+1","bronze:Philosophize","bronze:Deprecate+1","bronze:Invalidate","bronze:SpaghettiCode+1"],"relics":["bronze:BronzeCore","PreservedInsect","HornCleat","Gremlin Horn","expansioncontent:StudyCardRelic","Calipers","Pantograph","Bronze Scales","Bottled Lightning","Eternal Feather","SacredBark","downfall:HeartBlessingRed","downfall:HeartBlessingGreen","Mango","Blue Candle","Toolbox","InkBottle","downfall:HeartBlessingBlue","Ornamental Fan"],"acts_visited":["Exordium","TheCity","TheBeyond","TheEnding"],"potions_floor_usage":[38],"damage_taken":[{"damage":0,"enemies":"Cultist","floor":2,"turns":3},{"damage":1,"enemies":"Jaw Worm","floor":3,"turns":3},{"damage":0,"enemies":"2 Louse","floor":4,"turns":4},{"damage":27,"enemies":"Gremlin Nob","floor":6,"turns":4},{"damage":0,"enemies":"Exordium Thugs","floor":8,"turns":5},{"damage":16,"enemies":"Lagavulin","floor":9,"turns":6},{"damage":4,"enemies":"3 Louse","floor":12,"turns":2},{"damage":8,"enemies":"2 Fungi Beasts","floor":14,"turns":3},{"damage":0,"enemies":"Gremlin Gang","floor":15,"turns":2},{"damage":31,"enemies":"DF_ARCHETYPE_STREAMLINE","floor":16,"turns":9},{"damage":0,"enemies":"Spheric Guardian","floor":19,"turns":3},{"damage":17,"enemies":"Chosen","floor":20,"turns":5},{"damage":28,"enemies":"SI_SHIV_ARCHETYPE","floor":21,"turns":7},{"damage":0,"enemies":"downfall:FleeingMerchant","floor":22,"turns":4},{"damage":29,"enemies":"Sentry and Sphere","floor":23,"turns":7},{"damage":0,"enemies":"3 Cultists","floor":26,"turns":4},{"damage":12,"enemies":"Centurion and Healer","floor":28,"turns":3},{"damage":15,"enemies":"Gremlin Leader","floor":31,"turns":3},{"damage":2,"enemies":"Cultist and Chosen","floor":32,"turns":4},{"damage":14,"enemies":"WA_ARCHETYPE_CALM","floor":33,"turns":7},{"damage":2,"enemies":"3 Shapes","floor":36,"turns":2},{"damage":62,"enemies":"2 Orb Walkers","floor":37,"turns":6},{"damage":20,"enemies":"3 Darklings","floor":38,"turns":2},{"damage":0,"enemies":"downfall:FleeingMerchant","floor":42,"turns":3},{"damage":28,"enemies":"Sphere and 2 Shapes","floor":44,"turns":2},{"damage":9,"enemies":"Nemesis","floor":46,"turns":3},{"damage":4,"enemies":"4 Shapes","floor":48,"turns":2},{"damage":24,"enemies":"Transient","floor":49,"turns":5},{"damage":54,"enemies":"IC_BLOCK_ARCHETYPE","floor":50,"turns":9},{"damage":111,"enemies":"downfall:CharBossMerchant","floor":52,"turns":7}],"seed_played":"-280316336290054691","potions_obtained":[{"floor":3,"key":"Regen Potion"},{"floor":4,"key":"CultistPotion"},{"floor":6,"key":"Dexterity Potion"},{"floor":11,"key":"EntropicBrew"},{"floor":38,"key":"bronze:CleanCodePotion"},{"floor":46,"key":"bronze:FreeFunctionsPotion"}],"is_trial":false,"path_per_floor":["R","M","M","M","?","E","T","M","E","R","?","M","R","M","M","B",null,"R","M","M","?","$","M","T","R","M","R","M","?","?","E","M","B",null,"R","M","?","M","?","?","T","$","R","M","R","E","R","M","M","B",null,"E"],"character_chosen":"THE_AUTOMATON","items_purchased":["bronze:Invalidate","Bronze Scales","Toolbox","InkBottle"],"campfire_rested":4,"item_purchase_floors":[22,22,42,42],"current_hp_per_floor":[63,63,62,62,67,41,41,48,42,42,42,48,48,50,61,40,68,68,68,56,38,49,30,30,50,60,60,58,58,58,53,61,54,68,68,66,18,8,8,3,3,14,60,32,68,59,92,92,68,49,92,0,0,0],"gold":287,"neow_bonus":"RANDOM_COLORLESS_2","is_daily":false,"chose_seed":false,"campfire_upgraded":5,"win_rate":0.0,"timestamp":1611405216,"path_taken":["R","M","M","?","?","E","T","M","E","R","?","?","R","M","M","BOSS","R","M","M","?","$","M","T","R","M","R","M","?","?","E","M","BOSS","R","?","?","M","?","?","T","?","R","M","R","E","R","M","M","BOSS","E"],"items_purchased_type":["Card","Relic","Relic","Relic"],"build_version":"2020-12-22","purchased_purges":1,"victory":false,"max_hp_per_floor":[63,63,63,63,68,68,68,68,68,68,68,68,68,68,68,68,68,68,68,68,68,68,68,68,68,68,68,68,68,68,68,68,68,68,68,68,82,82,82,82,82,82,92,92,92,92,92,92,92,92,92,92,92,92],"relic_stats":{"Gremlin Horn":[18,18],"counters":[30,129],"Ornamental Fan":[56],"Pantograph":31,"Bronze Scales":[123],"Blue Candle":[0],"Eternal Feather":27,"PreservedInsect":363,"obtain_stats":[{"bronze:BronzeCore":0,"Calipers":21,"Gremlin Horn":9,"downfall:HeartBlessingRed":35,"SacredBark":34,"Blue Candle":40,"Eternal Feather":31,"downfall:HeartBlessingGreen":35,"Mango":37,"PreservedInsect":6,"expansioncontent:StudyCardRelic":17,"keyreminder:keyreminder":27,"HornCleat":7,"downfall:HeartBlessingBlue":43,"Ornamental Fan":46,"Pantograph":21,"Bronze Scales":22,"Toolbox":42,"Bottled Lightning":24,"InkBottle":42},{"bronze:BronzeCore":0,"Calipers":13,"Gremlin Horn":6,"downfall:HeartBlessingRed":20,"SacredBark":20,"Blue Candle":23,"Eternal Feather":18,"downfall:HeartBlessingGreen":20,"Mango":22,"PreservedInsect":4,"expansioncontent:StudyCardRelic":10,"keyreminder:keyreminder":16,"HornCleat":4,"downfall:HeartBlessingBlue":24,"Ornamental Fan":26,"Pantograph":13,"Bronze Scales":14,"Toolbox":24,"Bottled Lightning":15,"InkBottle":24},{"bronze:BronzeCore":0,"Calipers":56,"Gremlin Horn":25,"downfall:HeartBlessingRed":88,"SacredBark":88,"Blue Candle":98,"Eternal Feather":77,"downfall:HeartBlessingGreen":88,"Mango":96,"PreservedInsect":14,"expansioncontent:StudyCardRelic":41,"keyreminder:keyreminder":71,"HornCleat":14,"downfall:HeartBlessingBlue":101,"Ornamental Fan":106,"Pantograph":56,"Bronze Scales":60,"Toolbox":101,"Bottled Lightning":67,"InkBottle":101}],"InkBottle":[14]},"card_choices":[{"not_picked":["HandOfGreed","Metamorphosis"],"picked":"Apotheosis","floor":0},{"not_picked":["bronze:Invalidate","bronze:Branch"],"picked":"bronze:Iterate","floor":2},{"not_picked":["bronze:CutThrough","bronze:DigitalCarnage"],"picked":"bronze:WhirlingStrike","floor":3},{"not_picked":["bronze:Branch","bronze:BuggyMess"],"picked":"bronze:Repair","floor":4},{"not_picked":["bronze:Backtrace","bronze:DelayedSlice"],"picked":"bronze:CleanCode","floor":6},{"not_picked":["bronze:WhirlingStrike","bronze:Repair"],"picked":"bronze:FineTuning","floor":8},{"not_picked":["bronze:Iterate","bronze:ClassDefault"],"picked":"bronze:Philosophize","floor":9},{"not_picked":["bronze:BronzeOrb","bronze:Backtrace","bronze:WildBeam"],"picked":"SKIP","floor":12},{"not_picked":["bronze:Deprecate","bronze:DelayedGuard","bronze:Shell"],"picked":"SKIP","floor":14},{"not_picked":["bronze:DelayedGuard","bronze:Shell"],"picked":"bronze:Deprecate","floor":14},{"not_picked":["bronze:BugBarrage","bronze:Branch","bronze:CutThrough"],"picked":"SKIP","floor":15},{"not_picked":["bronze:Shell","bronze:DelayedSlice+1","bronze:BuggyMess"],"picked":"SKIP","floor":19},{"not_picked":["bronze:BuggyMess","bronze:Philosophize+1","bronze:BitShift"],"picked":"SKIP","floor":20},{"not_picked":["bronze:BuggyMess+1","bronze:Iterate","bronze:WildBeam"],"picked":"SKIP","floor":22},{"not_picked":["bronze:BitShift+1","bronze:DelayedSlice+1","bronze:Turbo+1"],"picked":"SKIP","floor":23},{"not_picked":["bronze:BuggyMess+1","bronze:Overload","bronze:BurnOut"],"picked":"SKIP","floor":26},{"not_picked":["bronze:BuggyMess+1","bronze:Overload","bronze:BurnOut"],"picked":"SKIP","floor":26},{"not_picked":["bronze:DelayedGuard","bronze:Frontload+1","bronze:Shield"],"picked":"SKIP","floor":28},{"not_picked":["bronze:Boost","bronze:DelayedSlice","bronze:Frontload+1"],"picked":"SKIP","floor":31},{"not_picked":["bronze:BuggyMess","bronze:WildBeam+1"],"picked":"bronze:NullPointer","floor":32},{"not_picked":["bronze:HyperBeam","bronze:Mutator"],"picked":"bronze:SpaghettiCode","floor":33},{"not_picked":["bronze:WhirlingStrike+1","bronze:WildBeam","bronze:Allocate+1"],"picked":"SKIP","floor":36},{"not_picked":["bronze:BugBarrage","bronze:GetLatest+1","bronze:CutThrough+1"],"picked":"SKIP","floor":38},{"not_picked":["bronze:Boost","bronze:Iterate","bronze:Deprecate+1"],"picked":"SKIP","floor":42},{"not_picked":["bronze:DelayedGuard","bronze:ItsAFeature+1","bronze:Return+1"],"picked":"SKIP","floor":44},{"not_picked":["bronze:DelayedSlice","bronze:BurnOut","bronze:Deprecate+1"],"picked":"SKIP","floor":46},{"not_picked":["bronze:Backtrace+1","bronze:Branch","bronze:Turbo+1"],"picked":"SKIP","floor":48},{"not_picked":["bronze:BuggyMess","bronze:Frontload","bronze:Iterate"],"picked":"SKIP","floor":49}],"player_experience":116576,"relics_obtained":[{"floor":6,"key":"PreservedInsect"},{"floor":7,"key":"HornCleat"},{"floor":9,"key":"Gremlin Horn"},{"floor":21,"key":"Calipers"},{"floor":21,"key":"Pantograph"},{"floor":24,"key":"Bottled Lightning"},{"floor":31,"key":"Eternal Feather"},{"floor":37,"key":"Mango"},{"floor":46,"key":"Ornamental Fan"}],"event_choices":[{"damage_healed":0,"gold_gain":0,"player_choice":"Donut","damage_taken":0,"max_hp_gain":5,"max_hp_loss":0,"event_name":"Big Fish","floor":5,"gold_loss":0},{"damage_healed":0,"gold_gain":0,"player_choice":"Got Potions","damage_taken":0,"max_hp_gain":0,"max_hp_loss":0,"event_name":"Lab","floor":11,"gold_loss":0},{"damage_healed":0,"gold_gain":0,"player_choice":"Fight","damage_taken":0,"max_hp_gain":0,"max_hp_loss":0,"event_name":"Mysterious Sphere","floor":37,"gold_loss":0},{"cards_removed":["bronze:NullPointer"],"damage_healed":0,"gold_gain":0,"player_choice":"Removed Attack","damage_taken":0,"max_hp_gain":0,"max_hp_loss":0,"event_name":"Falling","floor":39,"gold_loss":0}],"is_beta":false,"boss_relics":[{"not_picked":["Astrolabe","Philosopher\u0027s Stone"],"picked":"expansioncontent:StudyCardRelic"},{"not_picked":["Runic Pyramid","Velvet Choker"],"picked":"SacredBark"}],"items_purged_floors":[22],"is_endless":false,"potions_floor_spawned":[3,4,6,14,15,16,19,21,28,37,38,46,48,49],"killed_by":"downfall:CharBossMerchant","ascension_level":0}}