{"host":"19r1ww88x2tc73i0","time":1611391196,"event":{"mods":["BaseMod","BetterRewards","Colored Map","Minty Spire (QoL Compilation)","Relic Stats","StSLib","SuperFastMode","slay the spire mod where everything is the same but ironclad has a cowboy hat"],"gold_per_floor":[115,62,80,90,102,102,137,137,137,137,148,73,73,106,106,179,179,193,207,207,257,74,74,108,125,125,153,153,188,188,188,188,262,262,278,331,331,342,361,361,373,406,459,479,479,508,524,524,524,524,524,524,524,42,77,77],"floor_reached":57,"language":"ENG","playtime":3654,"items_purged":["Strike_G","Writhe","Survivor"],"score":3006,"play_id":"958bc0a1-66f5-4741-8345-c436a57a0b55","local_time":"25640123153956","is_ascension_mode":true,"campfire_choices":[{"data":"Dagger Spray","floor":6.0,"key":"SMITH"},{"data":"Catalyst","floor":8.0,"key":"SMITH"},{"data":"Dash","floor":10.0,"key":"SMITH"},{"data":"Neutralize","floor":15.0,"key":"SMITH"},{"data":"Wraith Form v2","floor":23.0,"key":"SMITH"},{"data":"Bullet Time","floor":28.0,"key":"SMITH"},{"data":"Adrenaline","floor":30.0,"key":"SMITH"},{"data":"Catalyst","floor":32.0,"key":"SMITH"},{"floor":40.0,"key":"REST"},{"data":"Well Laid Plans","floor":45.0,"key":"SMITH"},{"floor":49.0,"key":"RECALL"},{"data":"Caltrops","floor":53,"key":"SMITH"}],"circlet_count":0,"master_deck":["AscendersBane","Neutralize+1","Corpse Explosion","Catalyst+1","Dagger Spray+1","Endless Agony+1","Dash+1","Caltrops+1","Phantasmal Killer","Deadly Poison+1","Night Terror","Catalyst+1","Night Terror","Outmaneuver","Adrenaline+1","Doppelganger","Wraith Form v2+1","Masterful Stab","Quick Slash","PiercingWail+1","Crippling Poison","Terror","Bullet Time+1","Acrobatics+1","Burst+1","Leg Sweep+1","Outmaneuver+1","Well Laid Plans+1","Bouncing Flask+1","Caltrops","Expertise+1","Backflip+1"],"relics":["Ring of the Snake","FossilizedHelix","Blue Candle","CaptainsWheel","White Beast Statue","Pandora\u0027s Box","Snake Skull","Incense Burner","HornCleat","Ancient Tea Set","Toxic Egg 2","SacredBark","Gambling Chip","PreservedInsect","Letter Opener","Calipers","OrangePellets","War Paint"],"acts_visited":["Exordium","TheCity","TheBeyond","TheEnding"],"potions_floor_usage":[51,56],"damage_taken":[{"damage":7.0,"enemies":"2 Louse","floor":1.0,"turns":3.0},{"damage":0.0,"enemies":"Cultist","floor":3.0,"turns":4.0},{"damage":0.0,"enemies":"Jaw Worm","floor":4.0,"turns":4.0},{"damage":0.0,"enemies":"3 Louse","floor":5.0,"turns":1.0},{"damage":10.0,"enemies":"Lagavulin","floor":7.0,"turns":5.0},{"damage":0.0,"enemies":"Blue Slaver","floor":11.0,"turns":4.0},{"damage":0.0,"enemies":"Gremlin Nob","floor":14.0,"turns":3.0},{"damage":17.0,"enemies":"Hexaghost","floor":16.0,"turns":9.0},{"damage":5.0,"enemies":"Shell Parasite","floor":18.0,"turns":4.0},{"damage":0.0,"enemies":"Spheric Guardian","floor":19.0,"turns":5.0},{"damage":2.0,"enemies":"Gremlin Leader","floor":24.0,"turns":5.0},{"damage":0.0,"enemies":"3 Cultists","floor":25.0,"turns":2.0},{"damage":2.0,"enemies":"Slavers","floor":27.0,"turns":2.0},{"damage":0.0,"enemies":"Book of Stabbing","floor":29.0,"turns":4.0},{"damage":2.0,"enemies":"Champ","floor":33.0,"turns":8.0},{"damage":0.0,"enemies":"3 Darklings","floor":35.0,"turns":2.0},{"damage":34.0,"enemies":"2 Orb Walkers","floor":36.0,"turns":4.0},{"damage":0.0,"enemies":"Orb Walker","floor":38.0,"turns":3.0},{"damage":22.0,"enemies":"Transient","floor":39.0,"turns":6.0},{"damage":0.0,"enemies":"3 Darklings","floor":41.0,"turns":4.0},{"damage":1.0,"enemies":"Reptomancer","floor":42.0,"turns":2.0},{"damage":0.0,"enemies":"Spire Growth","floor":44.0,"turns":2.0},{"damage":0.0,"enemies":"Nemesis","floor":46.0,"turns":3.0},{"damage":1.0,"enemies":"Jaw Worm Horde","floor":47.0,"turns":3.0},{"damage":2.0,"enemies":"Time Eater","floor":50.0,"turns":5.0},{"damage":0,"enemies":"Awakened One","floor":51,"turns":7},{"damage":0,"enemies":"Shield and Spear","floor":55,"turns":5},{"damage":105,"enemies":"The Heart","floor":56,"turns":7}],"seed_played":"5164242989724167812","potions_obtained":[{"floor":3.0,"key":"Strength Potion"},{"floor":5.0,"key":"GamblersBrew"},{"floor":16.0,"key":"FearPotion"},{"floor":19.0,"key":"ColorlessPotion"},{"floor":24.0,"key":"SneckoOil"},{"floor":25.0,"key":"Ancient Potion"},{"floor":27.0,"key":"CunningPotion"},{"floor":29.0,"key":"LiquidBronze"},{"floor":39.0,"key":"Dexterity Potion"},{"floor":41.0,"key":"Dexterity Potion"},{"floor":44.0,"key":"LiquidMemories"},{"floor":47.0,"key":"Swift Potion"},{"floor":55,"key":"Ancient Potion"}],"is_trial":false,"path_per_floor":["M","?","M","M","M","R","E","R","T","R","M","$","?","E","R","B",null,"M","M","?","?","$","R","E","M","T","E","R","E","R","?","R","B",null,"M","?","?","M","M","R","M","E","T","M","R","E","M","T","R","B","B",null,"R","$","E","B",null],"character_chosen":"THE_SILENT","items_purchased":["Crippling Poison","OrangePellets","FairyPotion","Expertise+1"],"campfire_rested":1,"item_purchase_floors":[22,54,54,54],"current_hp_per_floor":[52,52,52,52,52,52,42,42,42,42,42,42,22,22,22,5,51,46,46,46,46,46,46,44,44,44,42,42,42,42,42,42,40,60,60,26,26,26,4,23,23,22,22,22,22,22,21,21,21,19,19,54,54,54,54,17],"gold":77,"neow_bonus":"ONE_RANDOM_RARE_CARD","is_daily":false,"chose_seed":false,"campfire_upgraded":10,"win_rate":0.0,"timestamp":1611391196,"path_taken":["M","?","M","?","M","R","E","R","T","R","M","$","?","E","R","BOSS","M","M","?","?","$","R","E","M","T","E","R","E","R","?","R","BOSS","M","?","?","M","?","R","M","E","T","M","R","E","M","?","R","BOSS","BOSS","R","$","E","BOSS"],"items_purchased_type":["Card","Relic","Potion","Card"],"build_version":"2020-12-22","purchased_purges":3,"victory":true,"max_hp_per_floor":[66,66,66,66,66,66,66,66,66,66,66,66,66,66,66,66,66,66,66,66,66,66,66,66,66,66,66,66,66,66,66,66,66,66,66,66,66,66,66,66,66,66,66,66,66,66,66,66,66,66,66,66,66,66,66,66],"relic_stats":{"OrangePellets":[0],"counters":[36,144],"Blue Candle":[0],"Gambling Chip":[47],"Pandora\u0027s Box":["Catalyst","Night Terror","Outmaneuver","Adrenaline","Doppelganger","Wraith Form v2","Masterful Stab","Quick Slash","Corpse Explosion"],"Snake Skull":[135],"PreservedInsect":127,"Letter Opener":[121],"War Paint":["Deadly Poison","PiercingWail"],"obtain_stats":[{"Calipers":48,"NeowsBlessing":0,"Golden Idol":2,"Blue Candle":7,"SacredBark":34,"Snake Skull":20,"PreservedInsect":42,"Omamori":4,"Incense Burner":24,"Letter Opener":46,"War Paint":55,"Ancient Tea Set":27,"White Beast Statue":14,"OrangePellets":54,"Anchor":10,"CaptainsWheel":9,"HornCleat":26,"Gambling Chip":36,"Prayer Wheel":7,"Pandora\u0027s Box":17,"Bag of Marbles":9,"Toxic Egg 2":29,"FossilizedHelix":2,"Ring of the Snake":0},{"Calipers":32,"NeowsBlessing":0,"Golden Idol":1,"Blue Candle":13,"SacredBark":23,"Snake Skull":18,"PreservedInsect":29,"Omamori":1,"Incense Burner":19,"Letter Opener":31,"War Paint":35,"Ancient Tea Set":21,"White Beast Statue":15,"OrangePellets":34,"Anchor":4,"CaptainsWheel":13,"HornCleat":20,"Gambling Chip":25,"Prayer Wheel":3,"Pandora\u0027s Box":16,"Bag of Marbles":3,"Toxic Egg 2":22,"FossilizedHelix":9,"Ring of the Snake":0},{"Calipers":120,"NeowsBlessing":0,"Golden Idol":1,"Blue Candle":45,"SacredBark":91,"Snake Skull":70,"PreservedInsect":112,"Omamori":1,"Incense Burner":75,"Letter Opener":117,"War Paint":137,"Ancient Tea Set":79,"White Beast Statue":52,"OrangePellets":132,"Anchor":12,"CaptainsWheel":45,"HornCleat":77,"Gambling Chip":97,"Prayer Wheel":3,"Pandora\u0027s Box":61,"Bag of Marbles":3,"Toxic Egg 2":83,"FossilizedHelix":31,"Ring of the Snake":0}],"Ring of the Snake":[74]},"card_choices":[{"not_picked":["Underhanded Strike","Concentrate"],"picked":"Catalyst","floor":1.0},{"not_picked":["Flying Knee","Quick Slash"],"picked":"Dagger Spray","floor":3.0},{"not_picked":["Acrobatics","Sucker Punch"],"picked":"Endless Agony","floor":4.0},{"not_picked":["Dodge and Roll","Deflect"],"picked":"Dash","floor":5.0},{"not_picked":["Poisoned Stab","Distraction"],"picked":"Caltrops","floor":7.0},{"not_picked":["Finisher","Slice"],"picked":"Phantasmal Killer","floor":11.0},{"not_picked":["Dagger Throw","Quick Slash"],"picked":"Deadly Poison","floor":14.0},{"not_picked":["Bullet Time","Phantasmal Killer"],"picked":"Night Terror","floor":16.0},{"not_picked":["Deadly Poison+1","Blade Dance"],"picked":"PiercingWail","floor":18.0},{"not_picked":["Prepared","Slice","Blade Dance"],"picked":"SKIP","floor":19.0},{"not_picked":["Dagger Spray+1","Dodge and Roll","Reflex"],"picked":"SKIP","floor":24.0},{"not_picked":["Poisoned Stab","Bane"],"picked":"Terror","floor":25.0},{"not_picked":["Cloak And Dagger","Blur"],"picked":"Bullet Time","floor":27.0},{"not_picked":["Poisoned Stab","Dash"],"picked":"Acrobatics+1","floor":29.0},{"not_picked":["Venomology+1","Doppelganger+1"],"picked":"Burst+1","floor":33.0},{"not_picked":["Flying Knee","Riddle With Holes","Dash"],"picked":"SKIP","floor":35.0},{"not_picked":["Crippling Poison+1","Prepared+1"],"picked":"Leg Sweep+1","floor":36.0},{"not_picked":["Slice","Bane"],"picked":"Outmaneuver+1","floor":38.0},{"not_picked":["Distraction+1","Quick Slash","Dodge and Roll+1"],"picked":"SKIP","floor":39.0},{"not_picked":["Cloak And Dagger+1","Infinite Blades+1","Dagger Throw"],"picked":"SKIP","floor":41.0},{"not_picked":["Noxious Fumes","Outmaneuver+1"],"picked":"Well Laid Plans","floor":42.0},{"not_picked":["Acrobatics+1","Cloak And Dagger+1"],"picked":"Bouncing Flask+1","floor":44.0},{"not_picked":["Glass Knife","Slice","Phantasmal Killer+1"],"picked":"SKIP","floor":46.0},{"not_picked":["Deadly Poison+1","Poisoned Stab"],"picked":"Caltrops","floor":47.0},{"not_picked":["Quick Slash","Acrobatics+1"],"picked":"Backflip+1","floor":55}],"player_experience":934485,"relics_obtained":[{"floor":7.0,"key":"Blue Candle"},{"floor":9.0,"key":"CaptainsWheel"},{"floor":14.0,"key":"White Beast Statue"},{"floor":24.0,"key":"Incense Burner"},{"floor":26.0,"key":"HornCleat"},{"floor":27.0,"key":"Ancient Tea Set"},{"floor":29.0,"key":"Toxic Egg 2"},{"floor":36.0,"key":"Gambling Chip"},{"floor":42.0,"key":"PreservedInsect"},{"floor":46.0,"key":"Letter Opener"},{"floor":48.0,"key":"Calipers"},{"floor":55,"key":"War Paint"}],"event_choices":[{"damage_healed":0.0,"max_hp_gain":0.0,"max_hp_loss":0.0,"gold_gain":0.0,"event_name":"WeMeetAgain","player_choice":"Paid Gold","floor":2.0,"gold_loss":53.0,"damage_taken":0.0,"relics_obtained":["FossilizedHelix"]},{"damage_healed":0.0,"max_hp_gain":0.0,"max_hp_loss":0.0,"gold_gain":0.0,"event_name":"Shining Light","player_choice":"Entered Light","floor":13.0,"gold_loss":0.0,"damage_taken":20.0,"cards_upgraded":["Strike_G","Endless Agony"]},{"damage_healed":0.0,"max_hp_gain":0.0,"max_hp_loss":0.0,"gold_gain":0.0,"event_name":"The Mausoleum","player_choice":"Opened","floor":20.0,"gold_loss":0.0,"damage_taken":0.0,"relics_obtained":["Snake Skull"],"cards_obtained":["Writhe"]},{"damage_healed":0.0,"max_hp_gain":0.0,"max_hp_loss":0.0,"gold_gain":50.0,"event_name":"Nest","player_choice":"Stole From Cult","floor":21.0,"gold_loss":0.0,"damage_taken":0.0},{"cards_removed":["Corpse Explosion"],"damage_healed":0.0,"max_hp_gain":0.0,"max_hp_loss":0.0,"gold_gain":0.0,"event_name":"Back to Basics","player_choice":"Elegance","floor":31.0,"gold_loss":0.0,"damage_taken":0.0},{"damage_healed":0.0,"max_hp_gain":0.0,"max_hp_loss":0.0,"gold_gain":0.0,"event_name":"Mysterious Sphere","player_choice":"Fight","floor":36.0,"gold_loss":0.0,"damage_taken":0.0},{"damage_healed":0.0,"max_hp_gain":0.0,"max_hp_loss":0.0,"gold_gain":0.0,"event_name":"Lab","player_choice":"Got Potions","floor":37.0,"gold_loss":0.0,"damage_taken":0.0}],"is_beta":false,"boss_relics":[{"not_picked":["Velvet Choker","SlaversCollar"],"picked":"Pandora\u0027s Box"},{"not_picked":["Black Star","Empty Cage"],"picked":"SacredBark"}],"items_purged_floors":[12,22,54],"is_endless":false,"potions_floor_spawned":[3,5,16,18,19,24,25,27,29,33,35,36,38,39,41,42,44,46,47,55],"ascension_level":20}}