{"host":"j4g6ia6asvpyu2b0","time":1611425796,"event":{"mods":["BaseMod","Colored Map","Minty Spire (QoL Compilation)","Permanent Neow","Quick Restart","Relic Stats","StSLib","Unceasing Turn Reminder"],"gold_per_floor":[213,213,231,17,41,77,77,77,77,117,141,141,141,160,160,253,253,278,302,227,250,273,273,311,336,336,370,370,395,435,449,449,547,547,568,404,420,434,449,483,90,134,215,215,165,165,186,226,238,250,262,274,57,57,57],"floor_reached":54,"language":"ENG","playtime":1324,"items_purged":["Rupture","Anger"],"score":1508,"play_id":"d408194c-d93c-4364-badc-b070fc446098","local_time":"20210123111636","is_ascension_mode":true,"campfire_choices":[{"data":"Sword Boomerang","floor":7.0,"key":"SMITH"},{"data":"Bash","floor":12.0,"key":"SMITH"},{"data":"Pummel","floor":15.0,"key":"SMITH"},{"data":"Whirlwind","floor":23.0,"key":"SMITH"},{"data":"Double Tap","floor":32,"key":"SMITH"},{"data":"Dual Wield","floor":46,"key":"SMITH"},{"floor":49,"key":"RECALL"},{"data":"Pummel","floor":52,"key":"SMITH"}],"circlet_count":0,"master_deck":["AscendersBane","Strike_R+1","Strike_R+1","Strike_R+1","Strike_R+1","Defend_R+1","Defend_R+1","Defend_R+1","Defend_R+1","Bash+1","Sword Boomerang+1","Clothesline","Pummel+1","Immolate","Thunderclap","Whirlwind+1","Shrug It Off","Double Tap+1","Clothesline+1","Pommel Strike","Dual Wield+1","Reaper","Body Slam+1","Clothesline","Pummel+1","Shockwave+1","Spot Weakness+1","Flame Barrier","Dark Embrace","Shrug It Off"],"relics":["Burning Blood","Golden Idol","Brimstone","Boot","Blood Vial","Mark of Pain","FossilizedHelix","Meat on the Bone","TungstenRod","Bottled Lightning","Snecko Eye","Bag of Preparation","Magic Flower","Membership Card","Mercury Hourglass","Question Card","Blue Candle","MawBank","Medical Kit","Bronze Scales"],"acts_visited":["Exordium","TheCity","TheBeyond","TheEnding"],"potions_floor_usage":[33,47],"damage_taken":[{"damage":6.0,"enemies":"2 Louse","floor":1.0,"turns":4.0},{"damage":7.0,"enemies":"Small Slimes","floor":3.0,"turns":3.0},{"damage":0.0,"enemies":"Cultist","floor":5.0,"turns":2.0},{"damage":16.0,"enemies":"3 Sentries","floor":6.0,"turns":5.0},{"damage":7.0,"enemies":"Gremlin Nob","floor":10.0,"turns":3.0},{"damage":11.0,"enemies":"3 Louse","floor":11.0,"turns":2.0},{"damage":7.0,"enemies":"Looter","floor":14.0,"turns":2.0},{"damage":49.0,"enemies":"Hexaghost","floor":16.0,"turns":7.0},{"damage":0.0,"enemies":"Spheric Guardian","floor":18.0,"turns":1.0},{"damage":4.0,"enemies":"Chosen","floor":19.0,"turns":3.0},{"damage":0.0,"enemies":"Snecko","floor":21.0,"turns":2.0},{"damage":15.0,"enemies":"Centurion and Healer","floor":22.0,"turns":3.0},{"damage":11.0,"enemies":"Slavers","floor":24.0,"turns":2.0},{"damage":26.0,"enemies":"Snake Plant","floor":25.0,"turns":3.0},{"damage":26.0,"enemies":"Book of Stabbing","floor":27.0,"turns":3.0},{"damage":11,"enemies":"Shelled Parasite and Fungi","floor":29,"turns":3},{"damage":21,"enemies":"Slavers","floor":30,"turns":2},{"damage":0,"enemies":"3 Cultists","floor":31,"turns":2},{"damage":32,"enemies":"Automaton","floor":33,"turns":6},{"damage":0,"enemies":"Orb Walker","floor":35,"turns":1},{"damage":0,"enemies":"3 Darklings","floor":37,"turns":2},{"damage":19,"enemies":"Writhing Mass","floor":38,"turns":4},{"damage":0,"enemies":"Transient","floor":39,"turns":5},{"damage":65,"enemies":"Giant Head","floor":40,"turns":7},{"damage":0,"enemies":"Nemesis","floor":42,"turns":2},{"damage":0,"enemies":"Jaw Worm Horde","floor":47,"turns":2},{"damage":0,"enemies":"Reptomancer","floor":48,"turns":2},{"damage":39,"enemies":"Time Eater","floor":50,"turns":6},{"damage":101,"enemies":"Shield and Spear","floor":54,"turns":5}],"seed_played":"-4996544532457863189","potions_obtained":[{"floor":3.0,"key":"Dexterity Potion"},{"floor":5.0,"key":"AttackPotion"},{"floor":10.0,"key":"SkillPotion"},{"floor":11.0,"key":"Fire Potion"},{"floor":22.0,"key":"CultistPotion"},{"floor":27.0,"key":"PowerPotion"},{"floor":35,"key":"Energy Potion"},{"floor":47,"key":"SkillPotion"}],"is_trial":false,"path_per_floor":["M","?","M","$","M","E","R","?","T","E","M","R","?","M","R","B",null,"M","M","$","M","M","R","E","M","T","E","?","M","E","M","R","B",null,"M","$","M","M","M","E","$","E","T","?","?","R","M","E","R","B",null,"R","$","E"],"character_chosen":"IRONCLAD","items_purchased":["Brimstone","PowerPotion","Bag of Preparation","Membership Card","Shockwave","Mercury Hourglass","Medical Kit","Bronze Scales","Dark Embrace","Shrug It Off"],"campfire_rested":0,"item_purchase_floors":[4,4,36,41,41,41,53,53,53,53],"current_hp_per_floor":[68,68,67,67,68,58,58,63,63,62,59,59,59,60,60,19,60,68,72,72,73,64,64,61,43,43,37,37,46,45,53,53,41,65,73,73,73,60,73,53,53,73,73,69,69,69,69,69,69,57,66,66,66,0,0],"gold":57,"neow_bonus":"HUNDRED_GOLD","is_daily":false,"chose_seed":false,"campfire_upgraded":7,"win_rate":0.0,"timestamp":1611425796,"path_taken":["M","?","M","$","M","E","R","?","T","E","M","R","?","M","R","BOSS","M","M","$","M","M","R","E","M","T","E","?","M","E","M","R","BOSS","M","$","M","M","M","E","$","E","T","?","?","R","M","E","R","BOSS","R","$","E"],"items_purchased_type":["Relic","Potion","Relic","Relic","Card","Relic","Relic","Relic","Card","Card"],"build_version":"2020-12-22","purchased_purges":2,"victory":false,"max_hp_per_floor":[75,68,68,68,68,68,68,73,73,73,73,73,73,73,73,73,73,73,73,73,73,73,73,73,73,73,73,73,73,73,73,73,73,73,73,73,73,73,73,73,73,73,73,69,69,69,69,69,69,69,69,69,69,69,69],"relic_stats":{"counters":[29,94],"Golden Idol":188,"Blue Candle":[0],"Magic Flower":[26],"Bag of Preparation":[18],"Boot":[33],"Question Card":2,"MawBank":60,"Medical Kit":[1],"Burning Blood":130,"Mercury Hourglass":[52],"Blood Vial":35,"Bronze Scales":[21],"Snecko Eye":[65,59,59,61],"obtain_stats":[{"Golden Idol":2,"Blue Candle":43,"Magic Flower":40,"Bag of Preparation":36,"Boot":6,"Question Card":42,"MawBank":48,"Medical Kit":53,"Burning Blood":0,"Mercury Hourglass":41,"Blood Vial":10,"Brimstone":4,"Bronze Scales":53,"Snecko Eye":34,"Mark of Pain":17,"Bottled Lightning":30,"Membership Card":41,"FossilizedHelix":24,"TungstenRod":27,"Meat on the Bone":26},{"Golden Idol":1,"Blue Candle":25,"Magic Flower":24,"Bag of Preparation":20,"Boot":4,"Question Card":25,"MawBank":27,"Medical Kit":28,"Burning Blood":0,"Mercury Hourglass":24,"Blood Vial":5,"Brimstone":2,"Bronze Scales":28,"Snecko Eye":19,"Mark of Pain":8,"Bottled Lightning":17,"Membership Card":24,"FossilizedHelix":13,"TungstenRod":15,"Meat on the Bone":14},{"Golden Idol":4,"Blue Candle":79,"Magic Flower":77,"Bag of Preparation":59,"Boot":14,"Question Card":79,"MawBank":83,"Medical Kit":89,"Burning Blood":0,"Mercury Hourglass":77,"Blood Vial":17,"Brimstone":7,"Bronze Scales":89,"Snecko Eye":58,"Mark of Pain":28,"Bottled Lightning":50,"Membership Card":77,"FossilizedHelix":39,"TungstenRod":45,"Meat on the Bone":42}],"TungstenRod":30,"Meat on the Bone":78},"card_choices":[{"not_picked":["Havoc","Iron Wave"],"picked":"Anger","floor":1.0},{"not_picked":["Clash","Flex"],"picked":"Sword Boomerang","floor":3.0},{"not_picked":["Dual Wield","True Grit"],"picked":"Clothesline","floor":5.0},{"not_picked":["Wild Strike","Clothesline","Anger"],"picked":"SKIP","floor":6.0},{"not_picked":["Flex","Metallicize","Iron Wave"],"picked":"SKIP","floor":10.0},{"not_picked":["Flex","Anger","Power Through"],"picked":"SKIP","floor":11.0},{"not_picked":["Evolve","Armaments"],"picked":"Pummel","floor":14.0},{"not_picked":["Double Tap","Impervious"],"picked":"Immolate","floor":16.0},{"not_picked":["Warcry","Body Slam"],"picked":"Thunderclap","floor":18.0},{"not_picked":["Uppercut+1","Entrench"],"picked":"Whirlwind","floor":19.0},{"not_picked":["Perfected Strike","Armaments","Metallicize"],"picked":"SKIP","floor":21.0},{"not_picked":["Flex","Warcry","Searing Blow"],"picked":"SKIP","floor":22.0},{"not_picked":["Rupture","True Grit"],"picked":"Shrug It Off","floor":24.0},{"not_picked":["Ghostly Armor+1","Rupture"],"picked":"Double Tap","floor":25.0},{"not_picked":["Second Wind","Ghostly Armor"],"picked":"Clothesline+1","floor":27.0},{"not_picked":["Sever Soul","Dark Embrace"],"picked":"Pommel Strike","floor":29},{"not_picked":["Dropkick","Searing Blow","Second Wind"],"picked":"SKIP","floor":30},{"not_picked":["Perfected Strike+1","Bloodletting"],"picked":"Dual Wield","floor":31},{"not_picked":["Corruption","Barricade"],"picked":"Reaper","floor":33},{"not_picked":["Rupture","True Grit"],"picked":"Body Slam+1","floor":35},{"not_picked":["Shrug It Off+1","Dropkick+1"],"picked":"Clothesline","floor":37},{"not_picked":["Rupture","Twin Strike"],"picked":"Pummel","floor":38},{"not_picked":["Clash","Cleave","True Grit"],"picked":"SKIP","floor":39},{"not_picked":["Hemokinesis","Seeing Red","Twin Strike"],"picked":"SKIP","floor":40},{"not_picked":["Searing Blow+1","Iron Wave+1","Berserk"],"picked":"SKIP","floor":42},{"not_picked":["Sentinel","Carnage+1","Shrug It Off"],"picked":"Spot Weakness+1","floor":47},{"not_picked":["Wild Strike+1","Disarm+1","Flex"],"picked":"Flame Barrier","floor":48}],"player_experience":955830,"relics_obtained":[{"floor":6.0,"key":"Boot"},{"floor":10.0,"key":"Blood Vial"},{"floor":24.0,"key":"FossilizedHelix"},{"floor":26.0,"key":"Meat on the Bone"},{"floor":27.0,"key":"TungstenRod"},{"floor":30,"key":"Bottled Lightning"},{"floor":40,"key":"Magic Flower"},{"floor":42,"key":"Question Card"},{"floor":43,"key":"Blue Candle"},{"floor":48,"key":"MawBank"}],"event_choices":[{"damage_healed":0.0,"max_hp_gain":0.0,"max_hp_loss":7.0,"gold_gain":0.0,"event_name":"Golden Idol","player_choice":"Lose Max HP","floor":2.0,"gold_loss":0.0,"damage_taken":0.0,"relics_obtained":["Golden Idol"]},{"damage_healed":0.0,"max_hp_gain":5.0,"max_hp_loss":0.0,"gold_gain":0.0,"event_name":"Big Fish","player_choice":"Donut","floor":8.0,"gold_loss":0.0,"damage_taken":0.0},{"damage_healed":0.0,"max_hp_gain":0.0,"max_hp_loss":0.0,"gold_gain":0.0,"cards_transformed":["Strike_R"],"event_name":"Transmorgrifier","player_choice":"Transformed","floor":13.0,"gold_loss":0.0,"damage_taken":0.0,"cards_obtained":["Rupture"]},{"damage_healed":0.0,"max_hp_gain":0.0,"max_hp_loss":0.0,"gold_gain":0.0,"event_name":"Back to Basics","player_choice":"Simplicity","floor":28.0,"gold_loss":0.0,"damage_taken":0.0,"cards_upgraded":["Strike_R","Strike_R","Strike_R","Strike_R","Defend_R","Defend_R","Defend_R","Defend_R"]},{"damage_healed":0,"gold_gain":0,"player_choice":"Max HP","damage_taken":0,"max_hp_gain":0,"max_hp_loss":4,"event_name":"Winding Halls","floor":44,"gold_loss":0},{"damage_healed":0,"gold_gain":0,"player_choice":"Upgrade","damage_taken":0,"max_hp_gain":0,"max_hp_loss":0,"event_name":"Designer","floor":45,"gold_loss":50,"cards_upgraded":["Shockwave"]}],"is_beta":false,"boss_relics":[{"not_picked":["Tiny House","Runic Cube"],"picked":"Mark of Pain"},{"not_picked":["SlaversCollar","Fusion Hammer"],"picked":"Snecko Eye"}],"items_purged_floors":[20,41],"is_endless":false,"potions_floor_spawned":[3,5,10,11,22,27,29,35,38,40,47],"killed_by":"Shield and Spear","ascension_level":16}}