{"host":"q0qnzbgdx8oqogg9","time":1611382000,"event":{"mods":["BaseMod","Minty Spire (QoL Compilation)","StSLib"],"gold_per_floor":[112,37,48,48,61,94,94,128,128,148,164,188,207,217,217,312,312,324,79,96,110,129,158,158,171,197,214,232,157,171,201,201,201,201],"floor_reached":33,"language":"ENG","playtime":2101,"items_purged":["Writhe","Strike_B"],"score":412,"play_id":"e8c017dd-feae-4fb5-9bc6-18d38da5c2e7","local_time":"20210123010640","is_ascension_mode":true,"campfire_choices":[{"floor":7.0,"key":"REST"},{"data":"Zap","floor":15.0,"key":"SMITH"},{"floor":24.0,"key":"REST"},{"data":"Sunder","floor":32,"key":"SMITH"}],"circlet_count":0,"master_deck":["Strike_B","Defend_B","Defend_B","Defend_B","Defend_B","Zap+1","Dualcast","Electrodynamics","Auto Shields","Conserve Battery","Glacier","Amplify","Undo","Beam Cell","Genetic Algorithm","Buffer","Cold Snap","Capacitor","Reboot","Ball Lightning","Defragment+1","Coolheaded+1","Hologram","Tempest","Sunder+1"],"relics":["Cracked Core","Regal Pillow","Meat on the Bone","Anchor","Nunchaku","Snecko Eye","ClockworkSouvenir","HornCleat","Blood Vial","Eternal Feather"],"acts_visited":["Exordium","TheCity"],"potions_floor_usage":[28,31],"damage_taken":[{"damage":10.0,"enemies":"Small Slimes","floor":1.0,"turns":3.0},{"damage":1.0,"enemies":"Cultist","floor":3.0,"turns":3.0},{"damage":0.0,"enemies":"2 Louse","floor":5.0,"turns":3.0},{"damage":18.0,"enemies":"3 Sentries","floor":6.0,"turns":3.0},{"damage":16.0,"enemies":"Lagavulin","floor":8.0,"turns":11.0},{"damage":0.0,"enemies":"Large Slime","floor":10.0,"turns":5.0},{"damage":0.0,"enemies":"3 Louse","floor":11.0,"turns":2.0},{"damage":0.0,"enemies":"Exordium Thugs","floor":13.0,"turns":4.0},{"damage":0.0,"enemies":"Red Slaver","floor":14.0,"turns":4.0},{"damage":49.0,"enemies":"The Guardian","floor":16.0,"turns":20.0},{"damage":15.0,"enemies":"3 Byrds","floor":18.0,"turns":3.0},{"damage":1.0,"enemies":"Shell Parasite","floor":20.0,"turns":17.0},{"damage":16.0,"enemies":"Centurion and Healer","floor":21.0,"turns":19.0},{"damage":4.0,"enemies":"Snecko","floor":22.0,"turns":10.0},{"damage":20.0,"enemies":"Gremlin Leader","floor":23.0,"turns":7.0},{"damage":0.0,"enemies":"Shelled Parasite and Fungi","floor":25.0,"turns":8.0},{"damage":7.0,"enemies":"Snake Plant","floor":27.0,"turns":4.0},{"damage":14,"enemies":"3 Cultists","floor":28,"turns":7},{"damage":0,"enemies":"Shelled Parasite and Fungi","floor":30,"turns":9},{"damage":14,"enemies":"Slavers","floor":31,"turns":3},{"damage":66,"enemies":"Automaton","floor":33,"turns":14}],"seed_played":"7289047381807820838","potions_obtained":[{"floor":1.0,"key":"PowerPotion"},{"floor":5.0,"key":"BlessingOfTheForge"},{"floor":8.0,"key":"Explosive Potion"},{"floor":20.0,"key":"PotionOfCapacity"},{"floor":28,"key":"Explosive Potion"},{"floor":31,"key":"Strength Potion"}],"is_trial":false,"path_per_floor":["M","$","M","?","M","E","R","E","T","M","M","T","M","M","R","B",null,"M","$","M","M","M","E","R","M","T","M","M","?","M","E","R","B"],"character_chosen":"DEFECT","items_purchased":["ClockworkSouvenir"],"campfire_rested":2,"item_purchase_floors":[19],"current_hp_per_floor":[58,58,57,57,57,39,75,59,59,59,59,59,59,59,59,22,62,47,47,46,42,38,30,67,67,67,62,50,50,52,40,55,0,0],"gold":201,"neow_bonus":"THREE_RARE_CARDS","is_daily":false,"chose_seed":false,"campfire_upgraded":2,"win_rate":0.0,"timestamp":1611382000,"path_taken":["M","$","M","?","M","E","R","E","T","?","M","?","M","?","R","BOSS","M","$","M","M","M","E","R","M","T","M","M","?","M","E","R","BOSS"],"items_purchased_type":["Relic"],"build_version":"2020-12-22","purchased_purges":2,"victory":false,"max_hp_per_floor":[75,75,75,75,75,75,75,75,75,75,75,75,75,75,75,75,75,75,75,75,75,75,75,75,75,75,75,75,75,75,75,75,75,75],"card_choices":[{"not_picked":["Amplify","Seek"],"picked":"Electrodynamics","floor":0.0},{"not_picked":["Conserve Battery","Consume"],"picked":"Auto Shields","floor":1.0},{"not_picked":["Gash","Ball Lightning"],"picked":"Conserve Battery","floor":3.0},{"not_picked":["Coolheaded","Leap"],"picked":"Glacier","floor":5.0},{"not_picked":["Glacier","Scrape"],"picked":"Amplify","floor":6.0},{"not_picked":["Lockon","Force Field"],"picked":"Undo","floor":8.0},{"not_picked":["Streamline","Gash","Leap"],"picked":"SKIP","floor":10.0},{"not_picked":["Go for the Eyes","Glacier"],"picked":"Beam Cell","floor":11.0},{"not_picked":["Stack","Heatsinks","Streamline"],"picked":"SKIP","floor":13.0},{"not_picked":["Hologram","Double Energy"],"picked":"Genetic Algorithm","floor":14.0},{"not_picked":["Hyperbeam","Reboot"],"picked":"Buffer","floor":16.0},{"not_picked":["Turbo","Stack+1"],"picked":"Cold Snap","floor":18.0},{"not_picked":["Lockon","Ball Lightning"],"picked":"Capacitor","floor":20.0},{"not_picked":["Glacier+1","Aggregate"],"picked":"Reboot","floor":21.0},{"not_picked":["Leap","Cold Snap+1"],"picked":"Ball Lightning","floor":22.0},{"not_picked":["Go for the Eyes","Compile Driver"],"picked":"Defragment+1","floor":23.0},{"not_picked":["Chaos","Genetic Algorithm"],"picked":"Coolheaded+1","floor":25.0},{"not_picked":["Fusion","Beam Cell"],"picked":"Hologram","floor":27.0},{"not_picked":["Conserve Battery","Hyperbeam","Compile Driver"],"picked":"SKIP","floor":28},{"not_picked":["Fusion","Beam Cell"],"picked":"Tempest","floor":30},{"not_picked":["Streamline","Coolheaded"],"picked":"Sunder","floor":31}],"player_experience":269453,"relics_obtained":[{"floor":6.0,"key":"Regal Pillow"},{"floor":8.0,"key":"Meat on the Bone"},{"floor":9.0,"key":"Anchor"},{"floor":12.0,"key":"Nunchaku"},{"floor":23.0,"key":"HornCleat"},{"floor":26.0,"key":"Blood Vial"},{"floor":31,"key":"Eternal Feather"}],"event_choices":[{"cards_removed":["Strike_B"],"damage_healed":0.0,"max_hp_gain":0.0,"max_hp_loss":0.0,"gold_gain":0.0,"event_name":"Purifier","player_choice":"Purged","floor":4.0,"gold_loss":0.0,"damage_taken":0.0},{"cards_removed":["Strike_B"],"damage_healed":0,"gold_gain":0,"player_choice":"Gave Gold","damage_taken":0,"max_hp_gain":0,"max_hp_loss":0,"event_name":"Beggar","floor":29,"gold_loss":75}],"is_beta":false,"boss_relics":[{"not_picked":["Inserter","Tiny House"],"picked":"Snecko Eye"}],"items_purged_floors":[2,19],"is_endless":false,"potions_floor_spawned":[1,5,8,14,20,22,28,31],"killed_by":"Automaton","ascension_level":7}}