{"host":"9tdk3zzhmpo6o3dg","time":1611402254,"event":{"mods":["AchievementEnabler","Act Like it!","BaseMod","Downfall","Gensokyo","Hermit","Koishi","Marisa（F雨　魔理沙）","Minty Spire (QoL Compilation)","Remilia（蕾米莉亚）","SOS（斯巴达之子）","Shop Mod","StSLib","The Alterego","The Cursed","The Hierophant","The Marked","The Senshi","The Servant 0.9.4","WarShipGirlsR/战舰少女R mod"],"gold_per_floor":[114,43,218,218,218,246,246,256,256,289,305,63,78,78,78,174,174,189,201,201,220,220,252,252,252,252],"floor_reached":25,"language":"ZHS","playtime":4862,"items_purged":[],"score":267,"play_id":"68c82737-9e4e-48c3-ab92-709150769aa4","local_time":"20210123194414","is_ascension_mode":true,"campfire_choices":[{"data":"Eruption","floor":7.0,"key":"SMITH"},{"data":"CutThroughFate","floor":15.0,"key":"SMITH"},{"floor":24.0,"key":"REST"}],"circlet_count":0,"master_deck":["Strike_P","Strike_P","Strike_P","Strike_P","Defend_P","Defend_P","Defend_P","Defend_P","Eruption+1","Vigilance","Prostrate","SignatureMove","Doubt","Regret","Nirvana","Nirvana","Weave","ClearTheMind","Perseverance","ForeignInfluence","CutThroughFate+1","Ragnarok","ForeignInfluence","Prostrate","Sanctity","LessonLearned"],"relics":["PureWater","NeowsBlessing","White Beast Statue","TungstenRod","Ice Cream","FossilizedHelix","Bottled Tornado","MerchantsRug","Bird Faced Urn","Runic Pyramid","Centennial Puzzle"],"acts_visited":["Exordium","TheCity"],"potions_floor_usage":[25],"damage_taken":[{"damage":0.0,"enemies":"2 Louse","floor":1.0,"turns":1.0},{"damage":0.0,"enemies":"Lagavulin","floor":6.0,"turns":1.0},{"damage":0.0,"enemies":"Jaw Worm","floor":8.0,"turns":1.0},{"damage":26.0,"enemies":"3 Sentries","floor":10.0,"turns":8.0},{"damage":0.0,"enemies":"Small Slimes","floor":11.0,"turns":2.0},{"damage":0.0,"enemies":"Blue Slaver","floor":13.0,"turns":4.0},{"damage":33.0,"enemies":"Hexaghost","floor":16.0,"turns":8.0},{"damage":0.0,"enemies":"Shell Parasite","floor":18.0,"turns":1.0},{"damage":0.0,"enemies":"Spheric Guardian","floor":19.0,"turns":3.0},{"damage":8.0,"enemies":"Snecko","floor":21.0,"turns":5.0},{"damage":49.0,"enemies":"Slavers","floor":23.0,"turns":6.0},{"damage":72,"enemies":"Gremlin Leader","floor":25,"turns":7}],"seed_played":"-1731258961689616318","potions_obtained":[{"floor":6.0,"key":"Guardian:BlockOnCardUsePotion"},{"floor":8.0,"key":"BottledMiracle"},{"floor":10.0,"key":"Guardian:BlockOnCardUsePotion"},{"floor":13.0,"key":"FairyPotion"},{"floor":16.0,"key":"Slimebound:ThreeZeroPotion"},{"floor":18.0,"key":"PowerPotion"},{"floor":19.0,"key":"AttackPotion"},{"floor":21.0,"key":"Fire Potion"},{"floor":23.0,"key":"FearPotion"}],"is_trial":false,"path_per_floor":["M","$","?","T","?","E","R","M","T","E","M","$","M","?","R","B",null,"M","M","?","M","?","E","R","E"],"character_chosen":"WATCHER","items_purchased":["SignatureMove","Perseverance","ForeignInfluence","MerchantsRug"],"campfire_rested":1,"item_purchase_floors":[2,12,12,12],"current_hp_per_floor":[72,72,72,72,72,72,72,72,72,46,46,46,46,37,37,8,72,72,72,72,64,64,17,38,0,0],"gold":252,"neow_bonus":"THREE_ENEMY_KILL","is_daily":false,"chose_seed":false,"campfire_upgraded":2,"win_rate":0.0,"timestamp":1611402254,"path_taken":["M","$","?","?","?","E","R","M","T","E","M","?","M","?","R","BOSS","M","M","?","M","?","E","R","E"],"items_purchased_type":["Card","Card","Card","Relic"],"build_version":"2020-12-22","purchased_purges":0,"victory":false,"max_hp_per_floor":[72,72,72,72,72,72,72,72,72,72,72,72,72,72,72,72,72,72,72,72,72,72,72,72,72,72],"card_choices":[{"not_picked":["Crescendo","Adaptation"],"picked":"Prostrate","floor":1.0},{"not_picked":["WaveOfTheHand","EmptyFist"],"picked":"Nirvana","floor":6.0},{"not_picked":["Crescendo","EmptyBody"],"picked":"Nirvana","floor":8.0},{"not_picked":["WheelKick","BowlingBash"],"picked":"Weave","floor":10.0},{"not_picked":["Crescendo","LikeWater"],"picked":"ClearTheMind","floor":11.0},{"not_picked":["Tantrum","Protect"],"picked":"CutThroughFate","floor":13.0},{"not_picked":["Blasphemy","Establishment"],"picked":"Ragnarok","floor":16.0},{"not_picked":["PathToVictory","Evaluate+1"],"picked":"ForeignInfluence","floor":18.0},{"not_picked":["SashWhip","Protect"],"picked":"Prostrate","floor":19.0},{"not_picked":["SashWhip","TalkToTheHand"],"picked":"Sanctity","floor":21.0},{"not_picked":["EmptyMind","WheelKick"],"picked":"LessonLearned","floor":23.0}],"player_experience":201174,"relics_obtained":[{"floor":4.0,"key":"White Beast Statue"},{"floor":6.0,"key":"Ice Cream"},{"floor":9.0,"key":"FossilizedHelix"},{"floor":10.0,"key":"Bottled Tornado"},{"floor":23.0,"key":"Centennial Puzzle"}],"event_choices":[{"damage_healed":0.0,"max_hp_gain":0.0,"max_hp_loss":0.0,"gold_gain":175.0,"event_name":"Liars Game","player_choice":"AGREE","floor":3.0,"gold_loss":0.0,"damage_taken":0.0,"cards_obtained":["Doubt"]},{"damage_healed":0.0,"max_hp_gain":0.0,"max_hp_loss":0.0,"gold_gain":0.0,"event_name":"Big Fish","player_choice":"Box","floor":5.0,"gold_loss":0.0,"damage_taken":0.0,"relics_obtained":["TungstenRod"],"cards_obtained":["Regret"]},{"damage_healed":0.0,"max_hp_gain":0.0,"max_hp_loss":0.0,"gold_gain":0.0,"event_name":"Scrap Ooze","player_choice":"Success","floor":14.0,"gold_loss":0.0,"damage_taken":12.0,"relics_obtained":["Bird Faced Urn"]},{"damage_healed":0.0,"max_hp_gain":0.0,"max_hp_loss":0.0,"gold_gain":0.0,"event_name":"Ghosts","player_choice":"Ignored","floor":20.0,"gold_loss":0.0,"damage_taken":0.0}],"is_beta":false,"boss_relics":[{"not_picked":["Snecko Eye","Ectoplasm"],"picked":"Runic Pyramid"}],"items_purged_floors":[],"is_endless":false,"potions_floor_spawned":[6,8,10,11,13,16,18,19,21,23],"killed_by":"Gremlin Leader","ascension_level":1}}