{"host":"6nf9fw18nxrub85a","time":1611372552,"event":{"mods":["AchievementEnabler","Act Like it!","Ascension Reborn","BaseMod","Hallownest","Hubris","Minty Spire (QoL Compilation)","SIMod","StSLib","The Construct","vexMod"],"gold_per_floor":[113,128,128,128,138,138,152,77,103,113,113,74,107,434,434,434,434],"floor_reached":16,"language":"ZHS","playtime":686,"items_purged":["Defend_B"],"score":110,"play_id":"dfbcb11b-826c-4289-b8c9-560f1e17309a","local_time":"20210123112912","daily_mods":["Heirloom","Time Dilation","Flight"],"is_ascension_mode":false,"campfire_choices":[{"data":"White Noise","floor":15,"key":"SMITH"}],"circlet_count":0,"master_deck":["Strike_B","Strike_B+1","Strike_B","Defend_B","Defend_B","Defend_B","Zap","Dualcast","Loop","Redo","Conserve Battery","hubris:Wrath","Hologram","White Noise+1","White Noise"],"relics":["Cracked Core","Dead Branch","Art of War","hubris:Towel","construct:RocketBooster","Old Coin"],"acts_visited":["Exordium"],"potions_floor_usage":[],"damage_taken":[{"damage":5,"enemies":"Small Slimes","floor":1,"turns":3},{"damage":2,"enemies":"Jaw Worm","floor":2,"turns":5},{"damage":4,"enemies":"Cultist","floor":5,"turns":4},{"damage":4,"enemies":"2 Fungi Beasts","floor":7,"turns":4},{"damage":8,"enemies":"Exordium Wildlife","floor":10,"turns":4},{"damage":10,"enemies":"3 Sentries","floor":13,"turns":6},{"damage":1,"enemies":"Lagavulin","floor":14,"turns":6},{"damage":43,"enemies":"The Guardian","floor":16,"turns":7}],"seed_played":"2482764367433689700","potions_obtained":[{"floor":1,"key":"Weak Potion"},{"floor":2,"key":"Explosive Potion"},{"floor":10,"key":"Fire Potion"},{"floor":14,"key":"FocusPotion"}],"is_trial":true,"path_per_floor":["M","M","?","?","M","?","M","$","T","M","?","$","E","E","R","B"],"character_chosen":"DEFECT","items_purchased":["White Noise"],"campfire_rested":0,"item_purchase_floors":[12],"current_hp_per_floor":[70,68,61,68,64,64,60,60,60,52,52,52,42,41,41,0,0],"gold":434,"neow_bonus":"","is_daily":false,"chose_seed":false,"campfire_upgraded":1,"win_rate":0.0,"timestamp":1611372552,"path_taken":["M","M","?","?","M","?","?","$","T","M","?","?","E","E","R","BOSS"],"items_purchased_type":["Card"],"build_version":"2020-12-22","purchased_purges":1,"victory":false,"max_hp_per_floor":[75,75,75,75,75,75,75,75,75,75,75,75,75,75,75,75,75],"card_choices":[{"not_picked":["FTL","Fusion"],"picked":"Loop","floor":1},{"not_picked":["Barrage","Static Discharge"],"picked":"Redo","floor":2},{"not_picked":["Coolheaded","Fusion"],"picked":"Conserve Battery","floor":5},{"not_picked":["Static Discharge","Cold Snap"],"picked":"Hologram","floor":7},{"not_picked":["Ball Lightning","Defragment"],"picked":"White Noise","floor":10},{"not_picked":["Meteor Strike","Compile Driver","Reinforced Body"],"picked":"SKIP","floor":13},{"not_picked":["FTL","Rip and Tear","Streamline"],"picked":"SKIP","floor":14}],"player_experience":186088,"relics_obtained":[{"floor":9,"key":"Art of War"},{"floor":13,"key":"construct:RocketBooster"},{"floor":14,"key":"Old Coin"}],"event_choices":[{"cards_removed":["Strike_B"],"damage_healed":0,"gold_gain":0,"player_choice":"Card Removal","damage_taken":7,"max_hp_gain":0,"max_hp_loss":0,"event_name":"Golden Wing","floor":3,"gold_loss":0},{"damage_healed":0,"gold_gain":0,"player_choice":"1 cards matched","damage_taken":0,"max_hp_gain":0,"max_hp_loss":0,"event_name":"Match and Keep!","floor":6,"gold_loss":0,"cards_obtained":["hubris:Wrath"]}],"is_beta":false,"boss_relics":[],"items_purged_floors":[8],"is_endless":true,"potions_floor_spawned":[1,2,10,14],"killed_by":"The Guardian","ascension_level":0}}