{"host":"1xo5g347e5o4auts","time":1611427696,"event":{"mods":["BaseMod","Minty Spire (QoL Compilation)","Permanent Neow","StSLib"],"gold_per_floor":[116,116,131,56,56,85,85,104,155,155,188,202,230,249,249,320,320,332,344,344,344],"floor_reached":20,"language":"ENG","playtime":412,"items_purged":["Defend_P"],"score":538,"play_id":"a3128f56-d353-431a-a995-3cadc5380838","local_time":"20210123204816","is_ascension_mode":true,"campfire_choices":[{"data":"Consecrate","floor":7.0,"key":"SMITH"},{"data":"SandsOfTime","floor":15.0,"key":"SMITH"}],"circlet_count":0,"master_deck":["AscendersBane","Strike_P","Strike_P","Strike_P","Defend_P","Defend_P","Eruption","Vigilance","Consecrate+1","Vault","FollowUp","SandsOfTime+1","Wireheading","EmptyFist","Meditate","WheelKick","FlurryOfBlows","Wish","ThirdEye"],"relics":["PureWater","NeowsBlessing","Tiny Chest","Bag of Marbles","StrikeDummy","StoneCalendar","Cursed Key"],"acts_visited":[],"potions_floor_usage":[],"damage_taken":[{"damage":0.0,"enemies":"Small Slimes","floor":1.0,"turns":2.0},{"damage":0.0,"enemies":"Cultist","floor":3.0,"turns":1.0},{"damage":0.0,"enemies":"Gremlin Nob","floor":6.0,"turns":1.0},{"damage":4.0,"enemies":"Jaw Worm","floor":8.0,"turns":3.0},{"damage":7.0,"enemies":"3 Sentries","floor":11.0,"turns":6.0},{"damage":6.0,"enemies":"Looter","floor":12.0,"turns":2.0},{"damage":11.0,"enemies":"Gremlin Nob","floor":13.0,"turns":4.0},{"damage":0.0,"enemies":"Lots of Slimes","floor":14.0,"turns":1.0},{"damage":0.0,"enemies":"Slime Boss","floor":16.0,"turns":4.0},{"damage":16.0,"enemies":"Shell Parasite","floor":18.0,"turns":2.0},{"damage":5.0,"enemies":"3 Byrds","floor":19.0,"turns":5.0},{"damage":0,"enemies":"Snecko","floor":20,"turns":1}],"seed_played":"242715578753494890","potions_obtained":[{"floor":1.0,"key":"Swift Potion"},{"floor":6.0,"key":"GamblersBrew"},{"floor":14.0,"key":"Strength Potion"},{"floor":16.0,"key":"PowerPotion"}],"is_trial":false,"path_per_floor":["M","?","M","$","?","E","R","M","T","?","E","M","E","M","R","B",null,"M","M","M"],"character_chosen":"WATCHER","items_purchased":[],"campfire_rested":0,"item_purchase_floors":[],"current_hp_per_floor":[61,61,61,61,54,54,54,50,50,50,43,37,26,26,26,26,58,42,37,37,37],"gold":344,"neow_bonus":"THREE_ENEMY_KILL","is_daily":false,"chose_seed":false,"campfire_upgraded":2,"win_rate":0.0,"timestamp":1611427696,"path_taken":["M","?","?","$","?","E","R","M","T","?","E","M","E","M","R","BOSS","M","M","?"],"items_purchased_type":[],"build_version":"2020-12-22","purchased_purges":1,"victory":false,"max_hp_per_floor":[68,68,68,68,68,68,68,68,68,68,68,68,68,68,68,68,68,68,68,68,68],"card_choices":[{"not_picked":["Weave","ReachHeaven"],"picked":"Consecrate","floor":1.0},{"not_picked":["Halt","Collect"],"picked":"FollowUp","floor":3.0},{"not_picked":["FollowUp","SpiritShield"],"picked":"SandsOfTime","floor":6.0},{"not_picked":["SashWhip","FlyingSleeves"],"picked":"Wireheading","floor":8.0},{"not_picked":["BowlingBash","Consecrate"],"picked":"Meditate","floor":11.0},{"not_picked":["EmptyBody","EmptyMind"],"picked":"WheelKick","floor":12.0},{"not_picked":["CutThroughFate","FollowUp","EmptyBody"],"picked":"SKIP","floor":13.0},{"not_picked":["Consecrate","Indignation"],"picked":"FlurryOfBlows","floor":14.0},{"not_picked":["Vault","Judgement"],"picked":"Wish","floor":16.0},{"not_picked":["Prostrate","Fasting2"],"picked":"ThirdEye","floor":18.0},{"not_picked":["BowlingBash","Prostrate+1","Wireheading"],"picked":"SKIP","floor":19.0}],"player_experience":1354072,"relics_obtained":[{"floor":6.0,"key":"Tiny Chest"},{"floor":9.0,"key":"Bag of Marbles"},{"floor":11.0,"key":"StrikeDummy"},{"floor":13.0,"key":"StoneCalendar"}],"event_choices":[{"damage_healed":0.0,"max_hp_gain":0.0,"max_hp_loss":0.0,"gold_gain":0.0,"cards_transformed":["Strike_P"],"event_name":"Transmorgrifier","player_choice":"Transformed","floor":2.0,"gold_loss":0.0,"damage_taken":0.0,"cards_obtained":["Vault"]},{"cards_removed":["Defend_P"],"damage_healed":0.0,"max_hp_gain":0.0,"max_hp_loss":0.0,"gold_gain":0.0,"event_name":"Golden Wing","player_choice":"Card Removal","floor":5.0,"gold_loss":0.0,"damage_taken":7.0},{"damage_healed":0.0,"max_hp_gain":0.0,"max_hp_loss":0.0,"gold_gain":0.0,"event_name":"Match and Keep!","player_choice":"1 cards matched","floor":10.0,"gold_loss":0.0,"damage_taken":0.0,"cards_obtained":["EmptyFist"]}],"is_beta":false,"boss_relics":[{"not_picked":["Coffee Dripper","Black Star"],"picked":"Cursed Key"}],"items_purged_floors":[4],"is_endless":false,"potions_floor_spawned":[1,6,14,16],"killed_by":"Snecko","ascension_level":20}}