{"host":"19r1ww88x2tc73i0","time":1611387449,"event":{"mods":["BaseMod","BetterRewards","Colored Map","Minty Spire (QoL Compilation)","Relic Stats","StSLib","SuperFastMode","slay the spire mod where everything is the same but ironclad has a cowboy hat"],"gold_per_floor":[113,113,113,160,173,173,217,217,242,276,290,311,311,332,332,332,332],"floor_reached":16,"language":"ENG","playtime":533,"items_purged":[],"score":270,"play_id":"77771fad-a8eb-4af4-b4d7-9d6981a47113","local_time":"25640123143729","is_ascension_mode":true,"campfire_choices":[{"data":"Cloak And Dagger","floor":6.0,"key":"SMITH"},{"data":"Neutralize","floor":8.0,"key":"SMITH"},{"data":"Terror","floor":13.0,"key":"SMITH"},{"data":"Venomology","floor":15.0,"key":"SMITH"}],"circlet_count":0,"master_deck":["AscendersBane","Strike_G","Strike_G","Strike_G","Strike_G","Strike_G","Defend_G","Defend_G","Defend_G","Defend_G","Defend_G","Survivor","Neutralize+1","Cloak And Dagger+1","Backstab","Dagger Throw","Deadly Poison","Venomology+1","Terror+1","Expertise","All Out Attack","Caltrops","Night Terror"],"relics":["Ring of the Snake","NeowsBlessing","Golden Idol","Omamori","Prayer Wheel","Bag of Marbles","Anchor"],"acts_visited":["Exordium"],"potions_floor_usage":[16,16],"damage_taken":[{"damage":0.0,"enemies":"Cultist","floor":1.0,"turns":1.0},{"damage":0.0,"enemies":"2 Louse","floor":5.0,"turns":1.0},{"damage":0.0,"enemies":"Lagavulin","floor":7.0,"turns":1.0},{"damage":17.0,"enemies":"3 Sentries","floor":10.0,"turns":9.0},{"damage":0.0,"enemies":"Jaw Worm","floor":11.0,"turns":2.0},{"damage":0.0,"enemies":"Red Slaver","floor":12.0,"turns":3.0},{"damage":0.0,"enemies":"3 Louse","floor":14.0,"turns":2.0},{"damage":55,"enemies":"Slime Boss","floor":16,"turns":9}],"seed_played":"-785864748069372788","potions_obtained":[{"floor":7.0,"key":"Fire Potion"},{"floor":10.0,"key":"EssenceOfSteel"},{"floor":11.0,"key":"EssenceOfSteel"}],"is_trial":false,"path_per_floor":["M","?","?","T","M","R","E","R","T","E","M","M","R","M","R","B"],"character_chosen":"THE_SILENT","items_purchased":[],"campfire_rested":0,"item_purchase_floors":[],"current_hp_per_floor":[59,59,64,64,64,64,64,64,64,47,47,47,47,47,47,0,0],"gold":332,"neow_bonus":"THREE_ENEMY_KILL","is_daily":false,"chose_seed":false,"campfire_upgraded":4,"win_rate":0.0,"timestamp":1611387449,"path_taken":["M","?","?","?","?","R","E","R","T","E","M","M","R","M","R","BOSS"],"items_purchased_type":[],"build_version":"2020-12-22","purchased_purges":0,"victory":false,"max_hp_per_floor":[66,60,65,65,65,65,65,65,65,65,65,65,65,65,65,65,65],"relic_stats":{"counters":[8,28],"Golden Idol":30,"Prayer Wheel":3,"obtain_stats":[{"Anchor":10,"NeowsBlessing":0,"Golden Idol":2,"Prayer Wheel":7,"Omamori":4,"Bag of Marbles":9,"Ring of the Snake":0},{"Anchor":4,"NeowsBlessing":0,"Golden Idol":1,"Prayer Wheel":3,"Omamori":1,"Bag of Marbles":3,"Ring of the Snake":0},{"Anchor":12,"NeowsBlessing":0,"Golden Idol":1,"Prayer Wheel":3,"Omamori":1,"Bag of Marbles":3,"Ring of the Snake":0}],"Ring of the Snake":[16]},"card_choices":[{"not_picked":["Finisher","Dodge and Roll"],"picked":"Cloak And Dagger","floor":1.0},{"not_picked":["Calculated Gamble","Noxious Fumes"],"picked":"Backstab","floor":5.0},{"not_picked":["Escape Plan","Deflect"],"picked":"Dagger Throw","floor":7.0},{"not_picked":["Predator","Bane"],"picked":"Deadly Poison","floor":10.0},{"not_picked":["Prepared","Poisoned Stab"],"picked":"Venomology","floor":11.0},{"not_picked":["Dodge and Roll","Accuracy"],"picked":"Terror","floor":11.0},{"not_picked":["Poisoned Stab","Outmaneuver"],"picked":"Expertise","floor":12.0},{"not_picked":["Dagger Throw","PiercingWail"],"picked":"All Out Attack","floor":12.0},{"not_picked":["Flying Knee","Choke"],"picked":"Caltrops","floor":14.0},{"not_picked":["Skewer","Riddle With Holes"],"picked":"Night Terror","floor":14.0}],"player_experience":933952,"relics_obtained":[{"floor":4.0,"key":"Omamori"},{"floor":7.0,"key":"Prayer Wheel"},{"floor":9.0,"key":"Bag of Marbles"},{"floor":10.0,"key":"Anchor"}],"event_choices":[{"damage_healed":0.0,"max_hp_gain":0.0,"max_hp_loss":6.0,"gold_gain":0.0,"event_name":"Golden Idol","player_choice":"Lose Max HP","floor":2.0,"gold_loss":0.0,"damage_taken":0.0,"relics_obtained":["Golden Idol"]},{"damage_healed":0.0,"max_hp_gain":5.0,"max_hp_loss":0.0,"gold_gain":0.0,"event_name":"Big Fish","player_choice":"Donut","floor":3.0,"gold_loss":0.0,"damage_taken":0.0}],"is_beta":false,"boss_relics":[],"items_purged_floors":[],"is_endless":false,"potions_floor_spawned":[7,10,11],"killed_by":"Slime Boss","ascension_level":20}}