{"host":"15ff3ltgpietarej","time":1611427412,"event":{"mods":["BaseMod","Bestiary","Downfall","Highlight Path","Minty Spire (QoL Compilation)","Relic Stats","StSLib"],"gold_per_floor":[199,199,211,226,237,265,289,319,319,494,28,28,39,49,68,172,172,72,72,72,84,99,99,122,152,152,183,200,200,13,13,33,128,128,128,141,166,54,54,54,54,54,73,73,101,115,115,115,129,129],"floor_reached":51,"language":"ENG","playtime":2701,"items_purged":["Doubt","bronze:Strike","bronze:Strike"],"score":763,"play_id":"270ae9ee-bdff-41d8-9562-650cd878b60a","local_time":"20210123194332","is_ascension_mode":false,"campfire_choices":[{"data":"bronze:Replicate","floor":1.0,"key":"SMITH"},{"data":"bronze:Terminator","floor":9.0,"key":"SMITH"},{"data":"bronze:AlphaBuild","floor":18.0,"key":"SMITH"},{"data":"bronze:BurnOut","floor":23.0,"key":"SMITH"},{"data":"bronze:Return","floor":26.0,"key":"SMITH"},{"floor":35.0,"key":"RECALL"},{"data":"bronze:MaxOutput","floor":40.0,"key":"SMITH"},{"data":"bronze:ChosenStrike","floor":42.0,"key":"SMITH"},{"floor":44.0,"key":"DIG"}],"circlet_count":0,"master_deck":["bronze:Defend","bronze:Defend","bronze:Defend","bronze:Defend","bronze:Replicate+1","bronze:Goto","bronze:ChosenStrike+1","bronze:OilSpill","bronze:Terminator+1","bronze:Shield","bronze:Repair","bronze:OilSpill","bronze:CloningBeam+1","bronze:Frontload","bronze:OilSpill+1","bronze:BurnOut+1","bronze:AlphaBuild+1","CurseOfTheBell","bronze:DelayedGuard+1","bronze:Return+1","bronze:CutThrough+1","bronze:Turbo","bronze:MaxOutput+1","bronze:FineTuning","bronze:FindAndReplace","bronze:Refactor+1","bronze:Shield","bronze:Break","expansioncontent:PolyBeam"],"relics":["bronze:BronzeCore","Oddly Smooth Stone","Tiny Chest","Orichalcum","DollysMirror","Juzu Bracelet","Calling Bell","Bag of Marbles","HornCleat","Shovel","downfall:HeartBlessingGreen","TungstenRod","Guardian:PocketSentry","Peace Pipe","downfall:RedIOU","SlaversCollar","Ice Cream","bronze:BottledCode","bronze:SilverBullet","Potion Belt","Whetstone"],"acts_visited":["Exordium","TheCity","TheBeyond"],"potions_floor_usage":[50],"damage_taken":[{"damage":1.0,"enemies":"Jaw Worm","floor":3.0,"turns":4.0},{"damage":0.0,"enemies":"Cultist","floor":4.0,"turns":3.0},{"damage":0.0,"enemies":"Small Slimes","floor":5.0,"turns":2.0},{"damage":16.0,"enemies":"Gremlin Nob","floor":6.0,"turns":3.0},{"damage":0.0,"enemies":"downfall:FleeingMerchant","floor":11.0,"turns":4.0},{"damage":0.0,"enemies":"2 Fungi Beasts","floor":13.0,"turns":4.0},{"damage":13.0,"enemies":"Exordium Wildlife","floor":14.0,"turns":3.0},{"damage":4.0,"enemies":"Large Slime","floor":15.0,"turns":5.0},{"damage":29.0,"enemies":"WA_ARCHETYPE_RETAIN","floor":16.0,"turns":5.0},{"damage":9.0,"enemies":"3 Byrds","floor":21.0,"turns":5.0},{"damage":6.0,"enemies":"Shell Parasite","floor":22.0,"turns":5.0},{"damage":17.0,"enemies":"Book of Stabbing","floor":25.0,"turns":6.0},{"damage":52.0,"enemies":"Gremlin Leader","floor":27.0,"turns":11.0},{"damage":0.0,"enemies":"Snake Plant","floor":28.0,"turns":2.0},{"damage":0.0,"enemies":"downfall:FleeingMerchant","floor":30.0,"turns":4.0},{"damage":7.0,"enemies":"3 Cultists","floor":32.0,"turns":4.0},{"damage":32.0,"enemies":"DF_ARCHETYPE_CLAW","floor":33.0,"turns":9.0},{"damage":19.0,"enemies":"3 Shapes","floor":36.0,"turns":7.0},{"damage":0.0,"enemies":"downfall:FleeingMerchant","floor":38.0,"turns":3.0},{"damage":0.0,"enemies":"Orb Walker","floor":43.0,"turns":1.0},{"damage":65.0,"enemies":"Nemesis","floor":45.0,"turns":11.0},{"damage":0.0,"enemies":"3 Darklings","floor":46.0,"turns":6.0},{"damage":4.0,"enemies":"Spire Growth","floor":49.0,"turns":4.0},{"damage":0,"enemies":"SI_POISON_ARCHETYPE","floor":50,"turns":6}],"seed_played":"6137702000730765467","potions_obtained":[{"floor":4.0,"key":"Dexterity Potion"},{"floor":5.0,"key":"SpeedPotion"},{"floor":6.0,"key":"bronze:FreeFunctionsPotion"},{"floor":20.0,"key":"CultistPotion"},{"floor":27.0,"key":"SpeedPotion"},{"floor":28.0,"key":"BlessingOfTheForge"},{"floor":33.0,"key":"SteroidPotion"},{"floor":43.0,"key":"DuplicationPotion"}],"is_trial":false,"path_per_floor":["R","?","M","M","M","E","T","?","R","?","$","?","M","M","M","B",null,"R","T","?","M","M","R","T","E","R","E","M","?","$","?","M","B",null,"R","M","T","$","?","R","T","R","M","R","E","M","?","?","M","B",null],"character_chosen":"THE_AUTOMATON","items_purchased":["DollysMirror","Juzu Bracelet","bronze:CloningBeam","bronze:MaxOutput","Ice Cream","bronze:Shield"],"campfire_rested":0,"item_purchase_floors":[11,11,11,30,38,38],"current_hp_per_floor":[70,70,69,69,69,53,53,53,53,53,53,53,60,54,57,35,70,70,70,70,61,69,69,69,59,59,14,14,14,21,44,44,22,70,70,54,54,61,60,60,60,60,60,60,2,9,9,9,12,19],"gold":129,"neow_bonus":"HUNDRED_GOLD","is_daily":false,"chose_seed":false,"campfire_upgraded":7,"win_rate":0.0,"timestamp":1611427412,"path_taken":["R","?","M","?","M","E","T","?","R","?","$","?","M","M","M","BOSS","R","?","?","M","M","R","T","E","R","E","M","?","$","?","M","BOSS","R","M","?","$","?","R","T","R","M","R","E","M","?","?","M","BOSS"],"items_purchased_type":["Relic","Relic","Card","Card","Relic","Card"],"build_version":"2020-12-22","purchased_purges":3,"victory":true,"max_hp_per_floor":[70,70,70,70,70,70,70,70,70,70,70,70,70,70,70,70,70,70,70,70,70,70,70,70,70,70,70,70,70,70,70,70,70,70,70,70,70,70,60,60,60,60,60,60,60,60,60,60,60,60],"relic_stats":{"Peace Pipe":0,"Shovel":1,"counters":[24,117],"Tiny Chest":2,"Juzu Bracelet":2,"Whetstone":["bronze:CloningBeam","bronze:OilSpill"],"Orichalcum":[138],"obtain_stats":[{"Ice Cream":38,"Potion Belt":44,"bronze:BronzeCore":0,"Oddly Smooth Stone":6,"downfall:HeartBlessingGreen":18,"Juzu Bracelet":11,"Guardian:PocketSentry":24,"Whetstone":45,"Orichalcum":8,"Calling Bell":17,"Peace Pipe":25,"bronze:BottledCode":39,"SlaversCollar":34,"HornCleat":17,"Shovel":17,"DollysMirror":11,"Tiny Chest":7,"downfall:RedIOU":29,"Bag of Marbles":17,"bronze:SilverBullet":41,"TungstenRod":19,"Toy Ornithopter":27},{"Ice Cream":19,"Potion Belt":20,"bronze:BronzeCore":0,"Oddly Smooth Stone":4,"downfall:HeartBlessingGreen":9,"Juzu Bracelet":5,"Guardian:PocketSentry":11,"Whetstone":21,"Orichalcum":4,"Calling Bell":9,"Peace Pipe":12,"bronze:BottledCode":19,"SlaversCollar":17,"HornCleat":9,"Shovel":9,"DollysMirror":5,"Tiny Chest":4,"downfall:RedIOU":14,"Bag of Marbles":9,"bronze:SilverBullet":19,"TungstenRod":9,"Toy Ornithopter":13},{"Ice Cream":89,"Potion Belt":90,"bronze:BronzeCore":0,"Oddly Smooth Stone":12,"downfall:HeartBlessingGreen":33,"Juzu Bracelet":16,"Guardian:PocketSentry":43,"Whetstone":101,"Orichalcum":12,"Calling Bell":33,"Peace Pipe":49,"bronze:BottledCode":89,"SlaversCollar":79,"HornCleat":33,"Shovel":33,"DollysMirror":16,"Tiny Chest":12,"downfall:RedIOU":62,"Bag of Marbles":33,"bronze:SilverBullet":89,"TungstenRod":33,"Toy Ornithopter":60}],"TungstenRod":33},"card_choices":[{"not_picked":["bronze:CutThrough","bronze:Shield"],"picked":"bronze:ChosenStrike","floor":3.0},{"not_picked":["bronze:Backtrace","bronze:DelayedSlice"],"picked":"bronze:OilSpill","floor":4.0},{"not_picked":["bronze:Overheat","bronze:FollowUp"],"picked":"bronze:Terminator","floor":5.0},{"not_picked":["bronze:Backtrace","bronze:ClassDefault"],"picked":"bronze:Shield","floor":6.0},{"not_picked":["bronze:InfiniteBeams","bronze:Constructor"],"picked":"bronze:Repair","floor":11.0},{"not_picked":["bronze:Safeguard","bronze:Turbo"],"picked":"bronze:Frontload","floor":13.0},{"not_picked":["bronze:ChildClass","bronze:DigitalCarnage"],"picked":"bronze:OilSpill","floor":14.0},{"not_picked":["bronze:Turbo","bronze:Constructor"],"picked":"bronze:BurnOut","floor":15.0},{"not_picked":["bronze:HyperBeam","bronze:RecursiveStrike"],"picked":"bronze:AlphaBuild","floor":16.0},{"not_picked":["bronze:Constructor","bronze:Iterate"],"picked":"bronze:DelayedGuard+1","floor":21.0},{"not_picked":["bronze:GetLatest","bronze:CutThrough+1","bronze:ChildClass"],"picked":"SKIP","floor":22.0},{"not_picked":["bronze:Backtrace","bronze:BitShift+1"],"picked":"bronze:Return","floor":25.0},{"not_picked":["bronze:Branch","bronze:NullPointer"],"picked":"bronze:CutThrough+1","floor":27.0},{"not_picked":["bronze:OilSpill","bronze:Break"],"picked":"bronze:Turbo","floor":28.0},{"not_picked":["bronze:Constructor","bronze:InfiniteLoop","bronze:DelayedSlice"],"picked":"SKIP","floor":30.0},{"not_picked":["bronze:WhirlingStrike+1","bronze:MaxOutput"],"picked":"bronze:FineTuning","floor":32.0},{"not_picked":["bronze:Mutator","bronze:ShipIt"],"picked":"bronze:FindAndReplace","floor":33.0},{"not_picked":["bronze:Constructor","bronze:BronzeOrb","bronze:DelayedSlice"],"picked":"SKIP","floor":36.0},{"not_picked":["bronze:MaxOutput+1","bronze:OilSpill+1"],"picked":"bronze:Refactor+1","floor":38.0},{"not_picked":["bronze:WhirlingStrike","bronze:Constructor+1","bronze:Terminator"],"picked":"SKIP","floor":43.0},{"not_picked":["bronze:ChosenStrike+1","bronze:Iterate+1"],"picked":"bronze:Break","floor":45.0},{"not_picked":["bronze:DelayedSlice+1","bronze:Overheat+1","bronze:Invalidate+1"],"picked":"SKIP","floor":46.0},{"not_picked":["expansioncontent:GuardianWhirl","expansioncontent:LastStand"],"picked":"expansioncontent:PolyBeam","floor":48.0},{"not_picked":["bronze:BronzeArmor+1","bronze:Constructor+1","bronze:ForceShield+1"],"picked":"SKIP","floor":49.0}],"player_experience":436060,"relics_obtained":[{"floor":6.0,"key":"Oddly Smooth Stone"},{"floor":7.0,"key":"Tiny Chest"},{"floor":17.0,"key":"Bag of Marbles"},{"floor":17.0,"key":"HornCleat"},{"floor":17.0,"key":"Shovel"},{"floor":19.0,"key":"TungstenRod"},{"floor":24.0,"key":"Guardian:PocketSentry"},{"floor":25.0,"key":"Peace Pipe"},{"floor":27.0,"key":"Toy Ornithopter"},{"floor":41.0,"key":"bronze:SilverBullet"},{"floor":44.0,"key":"Potion Belt"},{"floor":45.0,"key":"Whetstone"}],"event_choices":[{"damage_healed":23.0,"max_hp_gain":0.0,"max_hp_loss":0.0,"gold_gain":0.0,"event_name":"The Library","player_choice":"Heal","floor":31.0,"gold_loss":0.0,"damage_taken":0.0},{"damage_healed":0.0,"max_hp_gain":0.0,"max_hp_loss":0.0,"gold_gain":0.0,"event_name":"Mysterious Sphere","player_choice":"Ignored","floor":47.0,"gold_loss":0.0,"damage_taken":0.0}],"is_beta":false,"boss_relics":[{"not_picked":["Snecko Eye","Astrolabe"],"picked":"Calling Bell"},{"not_picked":["Velvet Choker","Runic Pyramid"],"picked":"SlaversCollar"}],"items_purged_floors":[11,30,38],"is_endless":false,"potions_floor_spawned":[4,5,6,13,14,27,28,32,33,43],"ascension_level":0}}