{"host":"njo8qgvy2a57fcny","time":1611369234,"event":{"mods":["Ascension Unlocker","Aspiration","BaseMod","BetterRewards","CCEM","Colored Map","Colored Powertips","Conspire","Custom Start","Downfall","GifTheSpireLib","Halation","Hermit","Hubris","Infinite Spire","Jedi Mod","Mimic Mod","Minty Spire (QoL Compilation)","Quick Restart","Random Character Button","Random Character Mod","Rare Cards Sparkle","Relic Sorter","Replay The Spire","Shop Mod","StSLib","Stuff the Spire","The Animator","The Jungle","The Runesmith","The Servant 0.9.4","vexMod"],"gold_per_floor":[171,187,203,40,55,15,51,87,135,152,152,155,155,155],"floor_reached":12,"language":"ENG","playtime":999,"items_purged":[],"score":71,"play_id":"5aa3316f-e2db-49bc-9147-422fb8e84317","local_time":"20210123133354","is_ascension_mode":true,"campfire_choices":[{"floor":11,"key":"RECALL"}],"circlet_count":0,"master_deck":["Guardian:Strike_Guardian","Guardian:Strike_Guardian","Guardian:Strike_Guardian","Guardian:Strike_Guardian","Guardian:Defend_Guardian","Guardian:Defend_Guardian","Guardian:Defend_Guardian","Guardian:Defend_Guardian","Guardian:CurlUp","Guardian:TwinSlam+1","Guardian:DonusPower","Guardian:Gem_Cyan","Guardian:AncientConstruct","Guardian:PiercingHide","Guardian:Gem_Fragmented","Guardian:Gem_Green","Guardian:CrystalBeam","Guardian:Gem_Green","Guardian:PiercingHide","Guardian:Orbwalk","Guardian:Gem_Red"],"relics":["Guardian:ModeShifter","CCEMRelics:GrindingGear","halation:IllGainedPizza"],"acts_visited":["Exordium"],"potions_floor_usage":[4,6,9,12],"damage_taken":[{"damage":1,"enemies":"Jaw Worm","floor":2,"turns":4},{"damage":0,"enemies":"Small Slimes","floor":3,"turns":3},{"damage":2,"enemies":"downfall:FleeingMerchant","floor":4,"turns":4},{"damage":5,"enemies":"2 Louse","floor":5,"turns":4},{"damage":6,"enemies":"downfall:FleeingMerchant","floor":6,"turns":4},{"damage":10,"enemies":"Exordium Wildlife","floor":7,"turns":9},{"damage":20,"enemies":"conspire:MimicChest","floor":8,"turns":10},{"damage":6,"enemies":"Exordium Wildlife","floor":9,"turns":7},{"damage":9,"enemies":"Exordium Wildlife","floor":10,"turns":5},{"damage":31,"enemies":"Gremlin Nob","floor":12,"turns":4}],"seed_played":"3033873835305765077","potions_obtained":[{"floor":3,"key":"PowerPotion"},{"floor":8,"key":"SpeedPotion"},{"floor":10,"key":"Dexterity Potion"}],"is_trial":false,"path_per_floor":["R_BF","M","M","$","M","$","MIM","?","MIM","M","R","E"],"character_chosen":"GUARDIAN","items_purchased":["Guardian:PiercingHide","Cursed Concoction","Guardian:CrystalBeam"],"campfire_rested":0,"item_purchase_floors":[4,4,6],"current_hp_per_floor":[80,79,79,77,72,66,56,36,30,21,21,0,0,0],"gold":155,"neow_bonus":"UPGRADE_CARD","is_daily":false,"chose_seed":false,"campfire_upgraded":0,"win_rate":0.0,"timestamp":1611369234,"path_taken":["R_BF","M","M","$","M","$","MIM","?","?","M","R","E"],"items_purchased_type":["Card","Potion","Card"],"build_version":"2020-12-22","purchased_purges":0,"victory":false,"max_hp_per_floor":[80,80,80,80,80,80,80,80,80,80,80,80,80,80],"card_choices":[{"not_picked":["Guardian:TemporalStrike","Guardian:WalkerClaw"],"picked":"Guardian:DonusPower","floor":2},{"not_picked":["Guardian:Reroute","Guardian:PrimingBeam"],"picked":"Guardian:Gem_Cyan","floor":3},{"not_picked":["Guardian:Gem_Green","Guardian:CrystalBeam"],"picked":"Guardian:AncientConstruct","floor":4},{"not_picked":["Guardian:Gem_Cyan","Guardian:MultiBeam"],"picked":"Guardian:Gem_Fragmented","floor":5},{"not_picked":["Guardian:ChargeCore","Guardian:Gem_Cyan"],"picked":"Guardian:Gem_Green","floor":6},{"not_picked":["Guardian:Harden","Guardian:ArmoredProtocol"],"picked":"Guardian:Gem_Green","floor":7},{"not_picked":["Guardian:WalkerClaw","Guardian:Gem_Lightblue"],"picked":"Guardian:PiercingHide","floor":8},{"not_picked":["Guardian:VentSteam","Guardian:RollAttack"],"picked":"Guardian:Orbwalk","floor":9},{"not_picked":["Guardian:Recover","Guardian:Gem_Cyan"],"picked":"Guardian:Gem_Red","floor":10}],"player_experience":643904,"relics_obtained":[{"floor":7,"key":"CCEMRelics:GrindingGear"},{"floor":8,"key":"halation:IllGainedPizza"}],"event_choices":[],"is_beta":false,"boss_relics":[],"items_purged_floors":[],"is_endless":false,"potions_floor_spawned":[3,8,10],"killed_by":"Gremlin Nob","ascension_level":1}}