{"host":"anox4050deqdcqoh","time":1611385401,"event":{"mods":["BaseMod","Colored Map","Highlight Path","Minty Spire (QoL Compilation)","Quick Restart","Rare Cards Sparkle","everything is the same but u backflip on backflip"],"gold_per_floor":[167,18,29,40,40,40,73,73,126,76,111,37,48,62,62,163,163,175,175,175,185,201,201,126,126,204,234,17,37,53,53,53,149,149,168,168,168,168,178,178,60,60,60,60,73,101,101,116,116,116,116],"floor_reached":50,"language":"ENG","playtime":3574,"items_purged":["Defend_P"],"score":598,"play_id":"7799fed0-3b14-4b3d-a552-179c9091342f","local_time":"20210123020321","is_ascension_mode":false,"campfire_choices":[{"data":"ForeignInfluence","floor":6,"key":"SMITH"},{"data":"Eruption","floor":8,"key":"SMITH"},{"data":"Tantrum","floor":15,"key":"SMITH"},{"floor":23,"key":"REST"},{"data":"Ragnarok","floor":25,"key":"SMITH"},{"data":"Adaptation","floor":32,"key":"SMITH"},{"floor":40,"key":"RECALL"},{"data":"Evaluate","floor":44,"key":"SMITH"},{"floor":47,"key":"REST"},{"floor":49,"key":"REST"}],"circlet_count":0,"master_deck":["Strike_P+1","Strike_P+1","Eruption+1","Vigilance","Evaluate+1","ConjureBlade","CarveReality+1","Tantrum+1","Evaluate","FlurryOfBlows","Ragnarok+1","EmptyFist","Adaptation+1","FlyingSleeves+1","EmptyBody+1","Blasphemy+1","SpiritShield+1","Protect","Madness","Madness","Study","WreathOfFlame","Crescendo+1"],"relics":["Tiny House","Lee\u0027s Waffle","Akabeko","Bronze Scales","Darkstone Periapt","Empty Cage","The Courier","Bag of Marbles","Whetstone","Astrolabe","Omamori","Lizard Tail","Shovel"],"acts_visited":["Exordium","TheCity","TheBeyond"],"potions_floor_usage":[7,7,27,30,33,46,48,50],"damage_taken":[{"damage":3,"enemies":"Jaw Worm","floor":1,"turns":4},{"damage":2,"enemies":"Cultist","floor":3,"turns":3},{"damage":0,"enemies":"Small Slimes","floor":4,"turns":2},{"damage":18,"enemies":"3 Sentries","floor":7,"turns":10},{"damage":0,"enemies":"Lagavulin","floor":11,"turns":4},{"damage":2,"enemies":"3 Louse","floor":13,"turns":2},{"damage":0,"enemies":"Exordium Thugs","floor":14,"turns":1},{"damage":46,"enemies":"Hexaghost","floor":16,"turns":5},{"damage":12,"enemies":"Shell Parasite","floor":18,"turns":5},{"damage":0,"enemies":"Chosen","floor":21,"turns":4},{"damage":21,"enemies":"Snake Plant","floor":22,"turns":4},{"damage":0,"enemies":"Gremlin Leader","floor":27,"turns":5},{"damage":0,"enemies":"Cultist and Chosen","floor":29,"turns":2},{"damage":0,"enemies":"Centurion and Healer","floor":30,"turns":1},{"damage":32,"enemies":"Collector","floor":33,"turns":3},{"damage":0,"enemies":"Orb Walker","floor":35,"turns":1},{"damage":27,"enemies":"3 Shapes","floor":39,"turns":7},{"damage":12,"enemies":"Jaw Worm Horde","floor":45,"turns":3},{"damage":0,"enemies":"Reptomancer","floor":46,"turns":1},{"damage":19,"enemies":"4 Shapes","floor":48,"turns":6},{"damage":58,"enemies":"Donu and Deca","floor":50,"turns":7}],"seed_played":"-2386506000726450423","potions_obtained":[{"floor":0,"key":"EssenceOfSteel"},{"floor":1,"key":"EssenceOfSteel"},{"floor":4,"key":"Swift Potion"},{"floor":7,"key":"Explosive Potion"},{"floor":11,"key":"Fire Potion"},{"floor":21,"key":"PowerPotion"},{"floor":35,"key":"Block Potion"},{"floor":45,"key":"AttackPotion"}],"is_trial":false,"path_per_floor":["M","$","M","M","$","R","E","R","T","?","E","$","M","M","R","B",null,"M","?","?","M","M","R","?","R","T","E","$","M","M","?","R","B",null,"M","?","T","?","M","R","$","?","T","R","M","E","R","M","R","B"],"character_chosen":"WATCHER","items_purchased":["Lee\u0027s Waffle","Tantrum","SteroidPotion","Whetstone","Omamori"],"campfire_rested":3,"item_purchase_floors":[2,12,28,28,41],"current_hp_per_floor":[74,84,82,82,82,82,64,64,64,64,64,64,62,62,62,16,84,72,72,56,56,35,61,61,61,61,61,61,61,61,61,61,29,89,89,89,89,89,62,62,62,51,51,51,39,39,65,46,72,14,14],"gold":116,"neow_bonus":"BOSS_RELIC","is_daily":false,"chose_seed":false,"campfire_upgraded":6,"win_rate":0.0,"timestamp":1611385401,"path_taken":["M","$","M","M","$","R","E","R","T","?","E","?","M","?","R","BOSS","M","?","?","M","M","R","?","R","T","E","$","M","M","?","R","BOSS","M","?","?","?","?","R","$","?","T","R","M","E","R","M","R","BOSS"],"items_purchased_type":["Relic","Card","Potion","Relic","Relic"],"build_version":"2020-12-22","purchased_purges":1,"victory":false,"max_hp_per_floor":[77,84,84,84,84,84,84,84,84,84,84,84,84,84,84,84,84,84,84,89,89,89,89,89,89,89,89,89,89,89,89,89,89,89,89,89,89,89,89,89,89,89,89,89,89,89,89,89,89,89,89],"card_choices":[{"not_picked":["Study","Prostrate"],"picked":"BowlingBash","floor":0},{"not_picked":["ClearTheMind","JustLucky"],"picked":"ForeignInfluence","floor":1},{"not_picked":["BowlingBash","Study"],"picked":"Evaluate","floor":3},{"not_picked":["Crescendo","SignatureMove"],"picked":"ConjureBlade","floor":4},{"not_picked":["JustLucky","Halt"],"picked":"CarveReality","floor":7},{"not_picked":["Sanctity","Brilliance"],"picked":"Pray","floor":11},{"not_picked":["ThirdEye","Consecrate"],"picked":"Evaluate","floor":13},{"not_picked":["Worship","Consecrate"],"picked":"FlurryOfBlows","floor":14},{"not_picked":["Vault","SpiritShield"],"picked":"Ragnarok","floor":16},{"not_picked":["BowlingBash","FollowUp","Weave+1"],"picked":"SKIP","floor":18},{"not_picked":["PathToVictory+1","Meditate","ForeignInfluence"],"picked":"SKIP","floor":21},{"not_picked":["JustLucky","Adaptation"],"picked":"EmptyFist","floor":22},{"not_picked":["Conclude+1","Alpha","JustLucky"],"picked":"SKIP","floor":27},{"not_picked":["BowlingBash","Weave+1"],"picked":"Adaptation","floor":29},{"not_picked":["JustLucky","BowlingBash"],"picked":"FlyingSleeves+1","floor":30},{"not_picked":["ConjureBlade","Omniscience"],"picked":"Blasphemy","floor":33},{"not_picked":["CrushJoints","EmptyFist+1","Protect+1"],"picked":"SKIP","floor":35},{"not_picked":["SashWhip+1","FlyingSleeves+1"],"picked":"Protect","floor":39},{"not_picked":["BowlingBash","Omniscience"],"picked":"Study","floor":45},{"not_picked":["BowlingBash+1","Collect+1"],"picked":"WreathOfFlame","floor":46},{"not_picked":["Protect","EmptyFist+1"],"picked":"Crescendo+1","floor":48}],"player_experience":387424,"relics_obtained":[{"floor":7,"key":"Akabeko"},{"floor":9,"key":"Bronze Scales"},{"floor":11,"key":"Darkstone Periapt"},{"floor":26,"key":"The Courier"},{"floor":27,"key":"Bag of Marbles"},{"floor":43,"key":"Lizard Tail"},{"floor":46,"key":"Shovel"}],"event_choices":[{"cards_removed":["Defend_P"],"damage_healed":0,"gold_gain":0,"player_choice":"Card Removal","damage_taken":0,"max_hp_gain":0,"max_hp_loss":0,"event_name":"The Cleric","floor":10,"gold_loss":50},{"damage_healed":0,"gold_gain":0,"player_choice":"Ignored","damage_taken":0,"max_hp_gain":0,"max_hp_loss":0,"event_name":"Ghosts","floor":19,"gold_loss":0},{"damage_healed":0,"gold_gain":0,"player_choice":"Shed Blood","damage_taken":21,"max_hp_gain":5,"max_hp_loss":0,"event_name":"Forgotten Altar","floor":20,"gold_loss":0},{"cards_removed":["BowlingBash"],"damage_healed":0,"gold_gain":0,"player_choice":"Gave Gold","damage_taken":0,"max_hp_gain":0,"max_hp_loss":0,"event_name":"Beggar","floor":24,"gold_loss":75},{"cards_removed":["FollowUp"],"damage_healed":0,"gold_gain":0,"player_choice":"Took Card","damage_taken":0,"max_hp_gain":0,"max_hp_loss":0,"event_name":"NoteForYourself","floor":31,"gold_loss":0,"cards_obtained":["FollowUp"]},{"cards_removed":["Blasphemy"],"damage_healed":0,"gold_gain":0,"player_choice":"Removed Skill","damage_taken":0,"max_hp_gain":0,"max_hp_loss":0,"event_name":"Falling","floor":36,"gold_loss":0},{"cards_removed":["Pray"],"damage_healed":0,"gold_gain":0,"player_choice":"Purged","damage_taken":0,"max_hp_gain":0,"max_hp_loss":0,"event_name":"Purifier","floor":38,"gold_loss":0},{"damage_healed":0,"gold_gain":0,"player_choice":"Embrace Madness","damage_taken":11,"max_hp_gain":0,"max_hp_loss":0,"event_name":"Winding Halls","floor":42,"gold_loss":0,"cards_obtained":["Madness","Madness"]}],"is_beta":false,"boss_relics":[{"not_picked":["Fusion Hammer","Coffee Dripper"],"picked":"Empty Cage"},{"not_picked":["Busted Crown","Snecko Eye"],"picked":"Astrolabe"}],"items_purged_floors":[28],"is_endless":false,"potions_floor_spawned":[1,4,7,11,16,18,21,29,35,45],"killed_by":"Donu and Deca","ascension_level":0}}