{"host":"vyjryxuuuxkt43k4","time":1611395472,"event":{"mods":["AchievementEnabler","BaseMod","Colored Map","DeckTracker","Keyboard Shortcuts","Minty Spire (QoL Compilation)","Permanent Neow","Quick Restart","StSLib","SuperFastMode","everything is the same but u backflip on backflip"],"gold_per_floor":[13,13,31,106,106,106,134,151,178,203,218,247,264,214,214,285,285,302,317,317,317],"floor_reached":20,"language":"KOR","playtime":736,"items_purged":["Strike_R"],"score":378,"play_id":"afa064bf-6bc3-4644-b1e0-b0f089bacf7f","local_time":"20210123185112","is_ascension_mode":true,"campfire_choices":[{"data":"Power Through","floor":6.0,"key":"SMITH"},{"floor":15.0,"key":"REST"}],"circlet_count":0,"master_deck":["AscendersBane","Strike_R","Strike_R","Strike_R","Defend_R","Defend_R","Defend_R","Defend_R","Bash","Immolate+1","Power Through+1","Shrug It Off","Dual Wield","Juggernaut","Warcry","Havoc","Second Wind","Barricade","Shrug It Off+1","Spot Weakness+1"],"relics":["Burning Blood","Dream Catcher","Vajra","Eternal Feather","Smiling Mask","Sozu"],"acts_visited":["Exordium","TheCity"],"potions_floor_usage":[],"damage_taken":[{"damage":0.0,"enemies":"2 Louse","floor":1.0,"turns":1.0},{"damage":0.0,"enemies":"Jaw Worm","floor":3.0,"turns":2.0},{"damage":34.0,"enemies":"Lagavulin","floor":7.0,"turns":8.0},{"damage":1.0,"enemies":"Cultist","floor":8.0,"turns":3.0},{"damage":2.0,"enemies":"3 Sentries","floor":10.0,"turns":3.0},{"damage":7.0,"enemies":"2 Fungi Beasts","floor":11.0,"turns":3.0},{"damage":31.0,"enemies":"Gremlin Nob","floor":12.0,"turns":4.0},{"damage":6.0,"enemies":"3 Louse","floor":13.0,"turns":2.0},{"damage":33.0,"enemies":"The Guardian","floor":16.0,"turns":10.0},{"damage":28.0,"enemies":"Chosen","floor":18.0,"turns":8.0},{"damage":11,"enemies":"2 Thieves","floor":19,"turns":5},{"damage":43,"enemies":"Cultist and Chosen","floor":20,"turns":4}],"seed_played":"-7330835855606413130","potions_obtained":[{"floor":1.0,"key":"LiquidMemories"},{"floor":7.0,"key":"Dexterity Potion"},{"floor":11.0,"key":"SkillPotion"},{"floor":12.0,"key":"LiquidBronze"},{"floor":13.0,"key":"DistilledChaos"}],"is_trial":false,"path_per_floor":["M","?","M","?","?","R","E","M","T","E","M","E","M","$","R","B",null,"M","M","M"],"character_chosen":"IRONCLAD","items_purchased":[],"campfire_rested":1,"item_purchase_floors":[],"current_hp_per_floor":[74,74,75,64,57,57,29,34,34,38,37,12,12,12,43,16,60,38,33,0,0],"gold":317,"neow_bonus":"THREE_RARE_CARDS","is_daily":false,"chose_seed":false,"campfire_upgraded":1,"win_rate":0.0,"timestamp":1611395472,"path_taken":["M","?","M","?","?","R","E","M","T","E","M","E","M","?","R","BOSS","M","M","M"],"items_purchased_type":[],"build_version":"2020-12-22","purchased_purges":1,"victory":false,"max_hp_per_floor":[75,75,75,75,75,75,75,75,75,75,75,75,75,75,75,75,75,75,75,75,75],"card_choices":[{"not_picked":["Bludgeon","Fiend Fire"],"picked":"Immolate","floor":0.0},{"not_picked":["Twin Strike","Iron Wave"],"picked":"Power Through","floor":1.0},{"not_picked":["Disarm","Anger"],"picked":"Shrug It Off","floor":3.0},{"not_picked":["Searing Blow","Perfected Strike"],"picked":"Dual Wield","floor":7.0},{"not_picked":["Armaments","Anger","Sword Boomerang"],"picked":"SKIP","floor":8.0},{"not_picked":["Bloodletting","Havoc"],"picked":"Juggernaut","floor":10.0},{"not_picked":["Warcry","Armaments","Heavy Blade"],"picked":"SKIP","floor":11.0},{"not_picked":["Warcry","Armaments","Heavy Blade"],"picked":"SKIP","floor":11.0},{"not_picked":["Perfected Strike","Iron Wave"],"picked":"Warcry","floor":12.0},{"not_picked":["Wild Strike","Headbutt"],"picked":"Havoc","floor":13.0},{"not_picked":["True Grit","Sever Soul"],"picked":"Second Wind","floor":15.0},{"not_picked":["Juggernaut","Corruption"],"picked":"Barricade","floor":16.0},{"not_picked":["Rampage+1","Disarm"],"picked":"Shrug It Off+1","floor":18.0},{"not_picked":["Combust","Hemokinesis"],"picked":"Spot Weakness+1","floor":19}],"player_experience":261689,"relics_obtained":[{"floor":7.0,"key":"Dream Catcher"},{"floor":9.0,"key":"Vajra"},{"floor":10.0,"key":"Eternal Feather"},{"floor":12.0,"key":"Smiling Mask"}],"event_choices":[{"damage_healed":0.0,"max_hp_gain":0.0,"max_hp_loss":0.0,"gold_gain":0.0,"event_name":"Living Wall","player_choice":"Grow","floor":2.0,"gold_loss":0.0,"damage_taken":0.0,"cards_upgraded":["Immolate"]},{"damage_healed":0.0,"max_hp_gain":0.0,"max_hp_loss":0.0,"gold_gain":75.0,"event_name":"World of Goop","player_choice":"Gather Gold","floor":4.0,"gold_loss":0.0,"damage_taken":11.0},{"cards_removed":["Strike_R"],"damage_healed":0.0,"max_hp_gain":0.0,"max_hp_loss":0.0,"gold_gain":0.0,"event_name":"Golden Wing","player_choice":"Card Removal","floor":5.0,"gold_loss":0.0,"damage_taken":7.0}],"is_beta":false,"boss_relics":[{"not_picked":["SacredBark","Black Star"],"picked":"Sozu"}],"items_purged_floors":[14],"is_endless":false,"potions_floor_spawned":[1,7,11,12,13,18],"killed_by":"Cultist and Chosen","ascension_level":19}}