{"host":"mp3zbolja7t2zuvr","time":1611435002,"event":{"mods":["100% Spire Juice","AchievementEnabler","BaseMod","Curses Come First","Minty Spire (QoL Compilation)","Permanent Neow","Relic Stats","StSLib","Synergy Search","Uncapped"],"gold_per_floor":[91,106,2,2,21,56,67,79,79,79,96,96,96,125,125,220,100,116,135,150,150,170,190,190,203,273,60,71,71,82,109,109,213,23,35,53,64,64,77,77,77,77],"floor_reached":41,"language":"ENG","playtime":3351,"items_purged":[],"score":508,"play_id":"ae0b6419-f07b-4316-b10b-86bdc8169be8","local_time":"20210123155002","is_ascension_mode":false,"campfire_choices":[{"floor":10.0,"key":"REST"},{"data":"Moonworks:Ambush","floor":13.0,"key":"SMITH"},{"data":"Moonworks:TacticalRetreat","floor":15.0,"key":"SMITH"},{"data":"Moonworks:Dinner","floor":24.0,"key":"SMITH"},{"data":"Moonworks:x16BigRocket","floor":29.0,"key":"SMITH"},{"data":"Moonworks:x16BigRocket+1","floor":32.0,"key":"SMITH"},{"data":"Moonworks:MetallicMonocoque","floor":40.0,"key":"SMITH"}],"circlet_count":0,"master_deck":["Moonworks:Strike","Moonworks:Strike","Moonworks:Strike","Moonworks:Strike","Moonworks:Defend","Moonworks:Defend","Moonworks:Defend","Moonworks:Defend","Moonworks:Ambush+1","Moonworks:LongDistanceShot+1","Moonworks:SakisCookie","Moonworks:TacticalRetreat+1","Moonworks:Dash","Moonworks:EvilSpyWorkPreparation","Moonworks:BigMagnum","Moonworks:NicePresent","Moonworks:LulusLuckyEgg","Moonworks:SakisCookie","Moonworks:GoAway","Moonworks:MiracleWalker","Moonworks:EvilSpyWorkPreparation","Moonworks:MiracleRedBeanIceCream","Moonworks:Dinner+1","Moonworks:x16BigRocket+2","Moonworks:BigBangBell","Moonworks:EvilSpyWorkPreparation","Moonworks:StiffCrystal","Moonworks:MetallicMonocoque+1","Moonworks:EvilSpyWorkPreparation","Moonworks:ScrambledEve","Moonworks:EvilSpyWorkPreparation","Moonworks:Dinner+1"],"relics":["Moonworks:SBBomb","Moonworks:Homemark","MealTicket","Mercury Hourglass","Pantograph","Ornamental Fan","Kunai","ClockworkSouvenir","Pear","Tiny House"],"acts_visited":["Exordium","TheCity","TheBeyond"],"potions_floor_usage":[41],"damage_taken":[{"damage":1.0,"enemies":"Small Slimes","floor":1.0,"turns":4.0},{"damage":0.0,"enemies":"Cultist","floor":2.0,"turns":4.0},{"damage":0.0,"enemies":"2 Louse","floor":3.0,"turns":3.0},{"damage":1.0,"enemies":"2 Fungi Beasts","floor":5.0,"turns":5.0},{"damage":8.0,"enemies":"Gremlin Nob","floor":6.0,"turns":4.0},{"damage":5.0,"enemies":"Exordium Wildlife","floor":7.0,"turns":2.0},{"damage":6.0,"enemies":"Blue Slaver","floor":8.0,"turns":3.0},{"damage":5.0,"enemies":"Looter","floor":11.0,"turns":3.0},{"damage":5.0,"enemies":"3 Sentries","floor":14.0,"turns":4.0},{"damage":8.0,"enemies":"The Guardian","floor":16.0,"turns":7.0},{"damage":0.0,"enemies":"Spheric Guardian","floor":18.0,"turns":2.0},{"damage":8.0,"enemies":"Shell Parasite","floor":19.0,"turns":6.0},{"damage":0.0,"enemies":"Snake Plant","floor":20.0,"turns":3.0},{"damage":5.0,"enemies":"Shelled Parasite and Fungi","floor":22.0,"turns":3.0},{"damage":0.0,"enemies":"Centurion and Healer","floor":23.0,"turns":4.0},{"damage":7.0,"enemies":"3 Cultists","floor":25.0,"turns":3.0},{"damage":10.0,"enemies":"Cultist and Chosen","floor":28.0,"turns":5.0},{"damage":2.0,"enemies":"Snecko","floor":30.0,"turns":3.0},{"damage":8.0,"enemies":"Book of Stabbing","floor":31.0,"turns":4.0},{"damage":41.0,"enemies":"Champ","floor":33.0,"turns":10.0},{"damage":20.0,"enemies":"3 Shapes","floor":35.0,"turns":5.0},{"damage":17.0,"enemies":"Orb Walker","floor":36.0,"turns":5.0},{"damage":10.0,"enemies":"Maw","floor":37.0,"turns":8.0},{"damage":31.0,"enemies":"Sphere and 2 Shapes","floor":39.0,"turns":4.0},{"damage":61,"enemies":"Reptomancer","floor":41,"turns":2}],"seed_played":"-9039944268417308759","potions_obtained":[{"floor":3.0,"key":"SkillPotion"},{"floor":5.0,"key":"Block Potion"},{"floor":6.0,"key":"ColorlessPotion"},{"floor":11.0,"key":"GamblersBrew"},{"floor":18.0,"key":"LiquidBronze"},{"floor":20.0,"key":"SteroidPotion"},{"floor":33.0,"key":"PowerPotion"}],"is_trial":false,"path_per_floor":["M","M","M","?","M","E","M","M","T","R","M","?","R","E","R","B",null,"M","M","M","?","M","M","R","M","T","$","M","R","M","E","R","B",null,"M","M","M","$","M","R","E"],"character_chosen":"THE_STARBREAKER","items_purchased":["Moonworks:BigBangBell","ClockworkSouvenir"],"campfire_rested":1,"item_purchase_floors":[27,27],"current_hp_per_floor":[59,59,59,47,48,40,35,29,29,47,42,47,47,42,42,61,65,65,57,57,57,54,61,61,62,62,65,60,60,65,75,75,39,80,64,63,68,80,56,56,0,0],"gold":77,"neow_bonus":"HUNDRED_GOLD","is_daily":false,"chose_seed":false,"campfire_upgraded":6,"win_rate":0.0,"timestamp":1611435002,"path_taken":["M","M","M","?","M","E","M","M","T","R","M","?","R","E","R","BOSS","M","M","M","?","M","M","R","M","T","$","M","R","M","E","R","BOSS","M","M","M","?","M","R","E"],"items_purchased_type":["Card","Relic"],"build_version":"2020-12-22","purchased_purges":0,"victory":false,"max_hp_per_floor":[60,60,60,60,60,60,60,60,60,60,60,65,65,65,65,65,65,65,65,65,65,65,65,65,65,65,65,65,65,65,75,75,75,80,80,80,80,80,80,80,80,80],"relic_stats":{"counters":[25,106],"Ornamental Fan":[180],"Pantograph":23,"MealTicket":15,"Kunai":[31],"obtain_stats":[{"Moonworks:SBBomb":17,"Pear":31,"Tiny House":34,"Ornamental Fan":14,"Moonworks:Homemark":0,"Pantograph":9,"MealTicket":4,"Kunai":26,"Moonworks:BrokenBomb":0,"Mercury Hourglass":6,"ClockworkSouvenir":27},{"Moonworks:SBBomb":10,"Pear":19,"Tiny House":20,"Ornamental Fan":9,"Moonworks:Homemark":0,"Pantograph":7,"MealTicket":3,"Kunai":16,"Moonworks:BrokenBomb":0,"Mercury Hourglass":5,"ClockworkSouvenir":16},{"Moonworks:SBBomb":39,"Pear":72,"Tiny House":82,"Ornamental Fan":32,"Moonworks:Homemark":0,"Pantograph":25,"MealTicket":11,"Kunai":60,"Moonworks:BrokenBomb":0,"Mercury Hourglass":20,"ClockworkSouvenir":60}],"Mercury Hourglass":[321]},"card_choices":[{"not_picked":["Moonworks:BigMagnum","Moonworks:ImOnFire"],"picked":"Moonworks:SakisCookie","floor":1.0},{"not_picked":["Moonworks:AwakeningOfTalent","Moonworks:CloudOfSeagulls"],"picked":"Moonworks:TacticalRetreat","floor":2.0},{"not_picked":["Moonworks:ImOnFire","Moonworks:EvilSpyWorkPreparation"],"picked":"Moonworks:Dash","floor":3.0},{"not_picked":["Moonworks:DeployBits","Moonworks:UnpaidWork"],"picked":"Moonworks:EvilSpyWorkPreparation","floor":5.0},{"not_picked":["Moonworks:EvilSpyWorkPreparation","Moonworks:JonathanRush"],"picked":"Moonworks:BigMagnum","floor":6.0},{"not_picked":["Moonworks:DeployBits","Moonworks:JonathanRush"],"picked":"Moonworks:NicePresent","floor":7.0},{"not_picked":["Moonworks:MeltingMemories","Moonworks:IndiscriminateFireSupport"],"picked":"Moonworks:LulusLuckyEgg","floor":8.0},{"not_picked":["Moonworks:BigMagnum","Moonworks:ImOnFire"],"picked":"Moonworks:SakisCookie","floor":11.0},{"not_picked":["Moonworks:CloudOfSeagulls","Moonworks:IntelligenceOfficer","Moonworks:Heat300Percent"],"picked":"SKIP","floor":14.0},{"not_picked":["Moonworks:WeAreWaruda","Moonworks:EvilMastermind"],"picked":"Moonworks:GoAway","floor":16.0},{"not_picked":["Moonworks:SakisCookie","Moonworks:JonathanRush+1"],"picked":"Moonworks:MiracleWalker","floor":18.0},{"not_picked":["Moonworks:JonathanRush","Moonworks:DeployBits+1"],"picked":"Moonworks:EvilSpyWorkPreparation","floor":19.0},{"not_picked":["Moonworks:EvilSpyWorkPreparation+1","Moonworks:CloudOfSeagulls"],"picked":"Moonworks:MiracleRedBeanIceCream","floor":20.0},{"not_picked":["Moonworks:Assault","Moonworks:Dash","Moonworks:SakisCookie+1"],"picked":"SKIP","floor":22.0},{"not_picked":["Moonworks:BeyondHell","Moonworks:AngelHand"],"picked":"Moonworks:Dinner","floor":23.0},{"not_picked":["Moonworks:SakisCookie","Moonworks:NicePresent+1"],"picked":"Moonworks:x16BigRocket","floor":25.0},{"not_picked":["Moonworks:DevilHand","Moonworks:IndiscriminateFireSupport+1","Moonworks:SakisCookie"],"picked":"SKIP","floor":28.0},{"not_picked":["Moonworks:BindingChains+1","Moonworks:JonathanRush"],"picked":"Moonworks:EvilSpyWorkPreparation","floor":30.0},{"not_picked":["Moonworks:JonathanRush","Moonworks:BindingChains+1"],"picked":"Moonworks:StiffCrystal","floor":31.0},{"not_picked":["Moonworks:SubspaceTunnel","Moonworks:Gamble"],"picked":"Moonworks:MetallicMonocoque","floor":33.0},{"not_picked":["Moonworks:ImOnFire+1","Moonworks:SakisCookie"],"picked":"Moonworks:EvilSpyWorkPreparation","floor":34.0},{"not_picked":["Moonworks:LulusLuckyEgg+1","Moonworks:Poppoformation"],"picked":"Moonworks:ScrambledEve","floor":35.0},{"not_picked":["Moonworks:JonathanRush","Moonworks:Assault"],"picked":"Moonworks:EvilSpyWorkPreparation","floor":36.0},{"not_picked":["Moonworks:DeployBits","Moonworks:IndiscriminateFireSupport+1","Moonworks:FinalSurgery"],"picked":"SKIP","floor":37.0},{"not_picked":["Moonworks:CloudOfSeagulls","Moonworks:SakisCookie"],"picked":"Moonworks:Dinner+1","floor":39.0}],"player_experience":117623,"relics_obtained":[{"floor":6.0,"key":"Mercury Hourglass"},{"floor":9.0,"key":"Pantograph"},{"floor":14.0,"key":"Ornamental Fan"},{"floor":26.0,"key":"Kunai"},{"floor":31.0,"key":"Pear"}],"event_choices":[{"damage_healed":0.0,"max_hp_gain":0.0,"max_hp_loss":0.0,"gold_gain":0.0,"event_name":"Scrap Ooze","player_choice":"Success","floor":4.0,"gold_loss":0.0,"damage_taken":12.0,"relics_obtained":["MealTicket"]},{"damage_healed":0.0,"max_hp_gain":5.0,"max_hp_loss":0.0,"gold_gain":0.0,"event_name":"Big Fish","player_choice":"Donut","floor":12.0,"gold_loss":0.0,"damage_taken":0.0},{"damage_healed":0.0,"max_hp_gain":0.0,"max_hp_loss":0.0,"gold_gain":0.0,"event_name":"NoteForYourself","player_choice":"Ignored","floor":21.0,"gold_loss":0.0,"damage_taken":0.0}],"is_beta":false,"boss_relics":[{"not_picked":["Calling Bell","Black Star"],"picked":"Moonworks:SBBomb"},{"not_picked":["Fusion Hammer","Astrolabe"],"picked":"Tiny House"}],"items_purged_floors":[],"is_endless":false,"potions_floor_spawned":[3,5,6,11,14,18,20,30,33,36],"killed_by":"Reptomancer","ascension_level":0}}