{"host":"oehe2dxjvdgux73m","time":1611382292,"event":{"mods":["AchievementEnabler","BaseMod","Colored Map","Colored Powertips","DeckTracker","Keyboard Shortcuts","Minty Spire (QoL Compilation)","Permanent Neow","Quick Restart","StSLib","SuperFastMode"],"gold_per_floor":[18,38,38,57,68,68,103,28,28,47,47,66,66,16,16,16,16],"floor_reached":16,"language":"KOR","playtime":414,"items_purged":["Strike_P"],"score":107,"play_id":"2235b7cd-c225-4407-9b42-9d55ae379ad8","local_time":"20210123151132","is_ascension_mode":true,"campfire_choices":[{"data":"Eruption","floor":6.0,"key":"SMITH"},{"data":"Meditate","floor":11.0,"key":"SMITH"},{"data":"EmptyBody","floor":15.0,"key":"SMITH"}],"circlet_count":0,"master_deck":["Strike_P","Strike_P","Defend_P","Defend_P","Defend_P","Defend_P","Eruption+1","Vigilance","Judgement","EmptyBody+1","Meditate+1"],"relics":["PureWater","Pen Nib","Singing Bowl"],"acts_visited":["Exordium"],"potions_floor_usage":[16],"damage_taken":[{"damage":8.0,"enemies":"2 Louse","floor":1.0,"turns":2.0},{"damage":13.0,"enemies":"Cultist","floor":2.0,"turns":4.0},{"damage":0.0,"enemies":"Small Slimes","floor":4.0,"turns":2.0},{"damage":2.0,"enemies":"Blue Slaver","floor":5.0,"turns":3.0},{"damage":26.0,"enemies":"Lagavulin","floor":7.0,"turns":6.0},{"damage":7.0,"enemies":"Exordium Thugs","floor":10.0,"turns":4.0},{"damage":0.0,"enemies":"3 Louse","floor":12.0,"turns":2.0},{"damage":0,"enemies":"Slime Boss","floor":16,"turns":3}],"seed_played":"1460202756608951383","potions_obtained":[{"floor":1.0,"key":"AttackPotion"},{"floor":3.0,"key":"GamblersBrew"},{"floor":3.0,"key":"SmokeBomb"},{"floor":5.0,"key":"BottledMiracle"},{"floor":12.0,"key":"Weak Potion"}],"is_trial":false,"path_per_floor":["M","M","?","M","M","R","E","$","T","M","R","M","$","?","R","B"],"character_chosen":"WATCHER","items_purchased":[],"campfire_rested":0,"item_purchase_floors":[],"current_hp_per_floor":[64,51,51,51,49,49,23,23,23,18,18,20,20,20,20,20,20],"gold":16,"neow_bonus":"THREE_RARE_CARDS","is_daily":false,"chose_seed":false,"campfire_upgraded":3,"win_rate":0.0,"timestamp":1611382292,"path_taken":["M","M","?","M","M","R","E","$","T","?","R","M","?","?","R","BOSS"],"items_purchased_type":[],"build_version":"2020-12-22","purchased_purges":1,"victory":false,"max_hp_per_floor":[72,72,72,72,72,72,72,72,72,74,74,76,76,76,76,76,76],"card_choices":[{"not_picked":["ConjureBlade","Scrawl"],"picked":"Judgement","floor":0.0},{"not_picked":["CrushJoints","FollowUp","Protect"],"picked":"SKIP","floor":1.0},{"not_picked":["Judgement","WheelKick"],"picked":"EmptyBody","floor":2.0},{"not_picked":["CrushJoints","Evaluate"],"picked":"Meditate","floor":4.0},{"not_picked":["ClearTheMind","WheelKick","SignatureMove"],"picked":"SKIP","floor":5.0},{"not_picked":["PathToVictory","BowlingBash","MasterReality"],"picked":"SKIP","floor":7.0},{"not_picked":["Swivel","Prostrate","Collect"],"picked":"Singing Bowl","floor":10.0},{"not_picked":["CrushJoints","EmptyBody","Prostrate"],"picked":"Singing Bowl","floor":12.0}],"player_experience":298393,"relics_obtained":[{"floor":7.0,"key":"Pen Nib"},{"floor":9.0,"key":"Singing Bowl"}],"event_choices":[{"damage_healed":0.0,"max_hp_gain":0.0,"max_hp_loss":0.0,"gold_gain":0.0,"event_name":"Lab","player_choice":"Got Potions","floor":3.0,"gold_loss":0.0,"damage_taken":0.0},{"cards_removed":["Strike_P"],"damage_healed":0.0,"max_hp_gain":0.0,"max_hp_loss":0.0,"gold_gain":0.0,"event_name":"The Cleric","player_choice":"Card Removal","floor":14.0,"gold_loss":50.0,"damage_taken":0.0}],"is_beta":false,"boss_relics":[],"items_purged_floors":[8],"is_endless":false,"potions_floor_spawned":[1,5,7,12],"killed_by":"Slime Boss","ascension_level":1}}