{"host":"xkyjkr020mio9edy","time":1611381573,"event":{"mods":["BaseMod","Clockwork Mod","Colored Map","Colored Powertips","Downfall","Glutton Mod","Gold Saver","Minty Spire (QoL Compilation)","Quick Restart","StSLib","TheHeartMod"],"gold_per_floor":[100840,100852,99949,99965,99965,99981,99993,99993,99993,100020,100020,100020,100020,99358,99358,99358,99358],"floor_reached":16,"language":"ENG","playtime":537,"items_purged":["Strike_P"],"score":100,"play_id":"2e20d4ab-4389-4f45-be36-7b8cf7834edb","local_time":"20210123005933","is_ascension_mode":false,"campfire_choices":[{"floor":11,"key":"REST"},{"floor":13,"key":"REST"},{"data":"Dark Shackles","floor":15,"key":"SMITH"}],"circlet_count":0,"master_deck":["Strike_P","Strike_P","Strike_P","Defend_P","Defend_P","Defend_P","Eruption","Vigilance","Vengeance","JustLucky","Nirvana","Sadistic Nature","Dark Shackles+1","TalkToTheHand","Indignation","CutThroughFate","Perseverance","WaveOfTheHand","Adaptation","ReachHeaven"],"relics":["PureWater","NeowsBlessing","Strange Spoon","Oddly Smooth Stone","Bottled Lightning","HornCleat","White Beast Statue","Dream Catcher","Boot","bronze:DonusWashers"],"acts_visited":["Exordium"],"potions_floor_usage":[6,16,16],"damage_taken":[{"damage":0,"enemies":"2 Louse","floor":1,"turns":1},{"damage":0,"enemies":"Small Slimes","floor":2,"turns":1},{"damage":0,"enemies":"Jaw Worm","floor":4,"turns":1},{"damage":0,"enemies":"3 Louse","floor":6,"turns":4},{"damage":23,"enemies":"Exordium Wildlife","floor":7,"turns":4},{"damage":31,"enemies":"Gremlin Nob","floor":10,"turns":6},{"damage":77,"enemies":"The Guardian","floor":16,"turns":5}],"seed_played":"-1343577248196502458","potions_obtained":[{"floor":1,"key":"Guardian:BlockOnCardUsePotion"},{"floor":4,"key":"Fire Potion"},{"floor":6,"key":"champ:CounterPotion"}],"is_trial":false,"path_per_floor":["M","M","$","M","?","M","M","?","T","E","R","?","R","$","R","B"],"character_chosen":"WATCHER","items_purchased":["Strange Spoon","Oddly Smooth Stone","Nirvana","Sadistic Nature","Dark Shackles","Bottled Lightning","Dream Catcher","Boot","Adaptation","ReachHeaven","bronze:DonusWashers"],"campfire_rested":2,"item_purchase_floors":[3,3,3,3,3,3,14,14,14,14,14],"current_hp_per_floor":[72,72,72,72,77,77,54,54,54,23,46,46,69,69,69,0,0],"gold":99358,"neow_bonus":"THREE_ENEMY_KILL","is_daily":false,"chose_seed":false,"campfire_upgraded":1,"win_rate":0.0,"timestamp":1611381573,"path_taken":["M","M","$","M","?","M","M","?","T","E","R","?","R","$","R","BOSS"],"items_purchased_type":["Relic","Relic","Card","Card","Card","Relic","Relic","Relic","Card","Card","Relic"],"build_version":"2020-12-22","purchased_purges":1,"victory":false,"max_hp_per_floor":[72,72,72,72,77,77,77,77,77,77,77,77,77,77,77,77,77],"card_choices":[{"not_picked":["Protect","Halt"],"picked":"Vengeance","floor":1},{"not_picked":["Protect","FlurryOfBlows"],"picked":"JustLucky","floor":2},{"not_picked":["FearNoEvil","ClearTheMind"],"picked":"TalkToTheHand","floor":4},{"not_picked":["Sanctity","SignatureMove"],"picked":"Indignation","floor":6},{"not_picked":["WaveOfTheHand","EmptyMind"],"picked":"CutThroughFate","floor":7},{"not_picked":["Indignation","Brilliance"],"picked":"WaveOfTheHand","floor":10}],"player_experience":116643,"relics_obtained":[{"floor":9,"key":"HornCleat"},{"floor":10,"key":"White Beast Statue"}],"event_choices":[{"damage_healed":0,"gold_gain":0,"player_choice":"Donut","damage_taken":0,"max_hp_gain":5,"max_hp_loss":0,"event_name":"Big Fish","floor":5,"gold_loss":0},{"damage_healed":0,"gold_gain":0,"cards_transformed":["Defend_P"],"player_choice":"Change","damage_taken":0,"max_hp_gain":0,"max_hp_loss":0,"event_name":"Living Wall","floor":8,"gold_loss":0,"cards_obtained":["Perseverance"]},{"damage_healed":0,"gold_gain":0,"player_choice":"Ignored","damage_taken":0,"max_hp_gain":0,"max_hp_loss":0,"event_name":"Golden Wing","floor":12,"gold_loss":0}],"is_beta":false,"boss_relics":[],"items_purged_floors":[14],"is_endless":false,"potions_floor_spawned":[1,4,6],"killed_by":"The Guardian","ascension_level":0}}