{"host":"p7cjtxxrilhp4dw7","time":1611379641,"event":{"mods":["BaseMod","Block Reminder","Colored Map","Highlight Path","Minty Spire (QoL Compilation)","Replay The Spire","StSLib","The Hierophant"],"gold_per_floor":[114,133,143,163,96,96,96,107,130,230,259,259,284,299,299,299,299],"floor_reached":16,"language":"ENG","playtime":2098,"items_purged":[],"score":168,"play_id":"36c1ce84-3bb3-4dbd-b0b2-c38d0925203d","local_time":"20210122222721","is_ascension_mode":true,"campfire_choices":[{"floor":6,"key":"REST"},{"floor":12,"key":"REST"},{"floor":15,"key":"REST"}],"circlet_count":0,"master_deck":["AscendersBane","Strike_G","Strike_G","Strike_G","Strike_G","Defend_G","Defend_G","Defend_G","Defend_G","Defend_G","Survivor","Neutralize","Quick Slash","Escape Plan","Skewer","ReplayTheSpireMod:Speed Training+1","Leg Sweep","Distraction","Slice"],"relics":["Ring of the Snake","Replay:Rubber Ducky","Nunchaku","Gremlin Food"],"acts_visited":["Exordium"],"potions_floor_usage":[13,16],"damage_taken":[{"damage":5,"enemies":"Cultist","floor":1,"turns":5},{"damage":2,"enemies":"Jaw Worm","floor":2,"turns":7},{"damage":3,"enemies":"Small Slimes","floor":3,"turns":4},{"damage":11,"enemies":"Exordium Thugs","floor":4,"turns":7},{"damage":9,"enemies":"3 Louse","floor":8,"turns":5},{"damage":28,"enemies":"Lagavulin","floor":11,"turns":15},{"damage":18,"enemies":"Gremlin Nob","floor":13,"turns":6},{"damage":7,"enemies":"Lots of Slimes","floor":14,"turns":10},{"damage":62,"enemies":"Fading Forest","floor":16,"turns":10}],"seed_played":"-6398151024509492899","potions_obtained":[{"floor":8,"key":"Flashbang"},{"floor":13,"key":"DuplicationPotion"}],"is_trial":false,"path_per_floor":["M","M","M","M","$","R","?","M","T","?","E","R","E","M","R","B"],"character_chosen":"THE_SILENT","items_purchased":["ReplayTheSpireMod:Speed Training"],"campfire_rested":3,"item_purchase_floors":[5],"current_hp_per_floor":[65,63,60,49,49,72,72,63,63,63,35,58,40,33,56,2,2],"gold":299,"neow_bonus":"TEN_PERCENT_HP_BONUS","is_daily":false,"chose_seed":false,"campfire_upgraded":0,"win_rate":0.0,"timestamp":1611379641,"path_taken":["M","M","?","M","$","R","?","?","T","?","E","R","E","M","R","BOSS"],"items_purchased_type":["Card"],"build_version":"2020-12-22","purchased_purges":0,"victory":false,"max_hp_per_floor":[77,77,77,77,77,77,77,77,77,77,77,77,77,77,77,77,77],"card_choices":[{"not_picked":["Outmaneuver","Poisoned Stab","Underhanded Strike"],"picked":"SKIP","floor":1},{"not_picked":["Slice","Footwork"],"picked":"Quick Slash","floor":2},{"not_picked":["Tools of the Trade","Dagger Throw"],"picked":"Escape Plan","floor":3},{"not_picked":["Outmaneuver","Flechettes"],"picked":"Skewer","floor":4},{"not_picked":["Masterful Stab","Prepared"],"picked":"Leg Sweep","floor":8},{"not_picked":["ReplayTheSpireMod:The Works","Hidden Blade"],"picked":"Distraction","floor":11},{"not_picked":["Hidden Blade","Deflect","Wraith Form v2"],"picked":"SKIP","floor":13},{"not_picked":["Underhanded Strike","Deflect"],"picked":"Slice","floor":14}],"player_experience":563242,"relics_obtained":[{"floor":9,"key":"Replay:Rubber Ducky"},{"floor":11,"key":"Nunchaku"},{"floor":13,"key":"Gremlin Food"}],"event_choices":[{"cards_removed":["Strike_G"],"damage_healed":0,"gold_gain":0,"player_choice":"Offered Basic","damage_taken":0,"max_hp_gain":0,"max_hp_loss":0,"event_name":"Bonfire Elementals","floor":7,"gold_loss":0},{"damage_healed":0,"gold_gain":100,"player_choice":"Pray","damage_taken":0,"max_hp_gain":0,"max_hp_loss":0,"event_name":"Golden Shrine","floor":10,"gold_loss":0}],"is_beta":false,"boss_relics":[],"items_purged_floors":[],"is_endless":false,"potions_floor_spawned":[8,13],"killed_by":"Fading Forest","ascension_level":10}}