{"host":"v0n6ky7dmveherv3","time":1611374624,"event":{"mods":["BaseMod","Better Third Choice","Downfall","Minty Spire (QoL Compilation)","StSLib"],"gold_per_floor":[99,99,99,99,116,149,149,49,64,80,230,230,230,230,249,345,345,345,355,355,374,130,130,178,126,153,188,188,216,216,230,250,250,250,250],"floor_reached":33,"language":"ENG","playtime":2097,"items_purged":["downfall:Icky"],"score":281,"play_id":"70e30686-a7b1-46b8-a9a8-fd4a632cfb1f","local_time":"20210122210344","is_ascension_mode":false,"campfire_choices":[{"data":"bronze:Replicate","floor":1.0,"key":"SMITH"},{"data":"bronze:Repulsor","floor":8.0,"key":"SMITH"},{"data":"bronze:Boost","floor":13.0,"key":"SMITH"},{"data":"bronze:CloningBeam","floor":18.0,"key":"SMITH"},{"data":"bronze:Mutator","floor":30.0,"key":"SMITH"}],"circlet_count":0,"master_deck":["bronze:Strike+1","bronze:Strike+1","bronze:Strike+1","bronze:Strike+1","bronze:Defend+1","bronze:Defend+1","bronze:Defend+1","bronze:Defend+1","bronze:Replicate+1","bronze:Goto","bronze:Iterate","bronze:MaxOutput","bronze:Repulsor+1","bronze:Repair","bronze:Boost+1","bronze:FindAndReplace","bronze:CloningBeam+1","bronze:Mutator+1","bronze:Shield+1","bronze:Return+1","bronze:Allocate","Pride","bronze:BugBarrage+1","bronze:MaxOutput","bronze:Break","bronze:MaxOutput"],"relics":["bronze:PlatinumCore","downfall:HeartsMalice","Blood Vial","Sundial","downfall:HeartBlessingGreen","Pen Nib","PreservedInsect","Smiling Mask","Juzu Bracelet","Anchor","HornCleat","Toy Ornithopter"],"acts_visited":["Exordium","TheCity"],"potions_floor_usage":[33,33,33],"damage_taken":[{"damage":0.0,"enemies":"Small Slimes","floor":2.0,"turns":1.0},{"damage":0.0,"enemies":"2 Louse","floor":3.0,"turns":1.0},{"damage":0.0,"enemies":"Jaw Worm","floor":4.0,"turns":1.0},{"damage":4.0,"enemies":"2 Fungi Beasts","floor":5.0,"turns":3.0},{"damage":36.0,"enemies":"Gremlin Nob","floor":6.0,"turns":5.0},{"damage":29.0,"enemies":"Large Slime","floor":9.0,"turns":9.0},{"damage":0.0,"enemies":"Exordium Wildlife","floor":10.0,"turns":4.0},{"damage":2.0,"enemies":"Blue Slaver","floor":15.0,"turns":5.0},{"damage":4.0,"enemies":"IC_STATUS_ARCHETYPE","floor":16.0,"turns":8.0},{"damage":0.0,"enemies":"3 Byrds","floor":19.0,"turns":6.0},{"damage":9.0,"enemies":"Spheric Guardian","floor":21.0,"turns":4.0},{"damage":0.0,"enemies":"downfall:FleeingMerchant","floor":22.0,"turns":4.0},{"damage":0.0,"enemies":"downfall:FleeingMerchant","floor":25.0,"turns":4.0},{"damage":24.0,"enemies":"Slavers","floor":27.0,"turns":8.0},{"damage":14.0,"enemies":"Book of Stabbing","floor":29.0,"turns":5.0},{"damage":27.0,"enemies":"3 Cultists","floor":31.0,"turns":7.0},{"damage":10.0,"enemies":"Centurion and Healer","floor":32.0,"turns":7.0},{"damage":53,"enemies":"DF_ARCHETYPE_CLAW","floor":33,"turns":6}],"seed_played":"-3002231114662984854","potions_obtained":[{"floor":9.0,"key":"Energy Potion"},{"floor":10.0,"key":"GamblersBrew"},{"floor":15.0,"key":"Strength Potion"},{"floor":16.0,"key":"hexamod:SoulburnPotion"},{"floor":21.0,"key":"bronze:FreeFunctionsPotion"},{"floor":31.0,"key":"Fire Potion"},{"floor":32,"key":"Guardian:BlockOnCardUsePotion"}],"is_trial":false,"path_per_floor":["R","M","M","M","M","E","T","R","M","M","?","?","R","T","M","B",null,"R","M","?","M","$","?","T","$","T","E","?","E","R","M","M","B"],"character_chosen":"THE_AUTOMATON","items_purchased":["PreservedInsect","bronze:MaxOutput"],"campfire_rested":0,"item_purchase_floors":[22,25],"current_hp_per_floor":[70,70,70,70,66,30,30,30,10,19,19,19,19,19,26,38,70,70,70,70,68,70,70,70,70,70,53,53,48,48,35,34,0,0,0],"gold":250,"neow_bonus":"THREE_ENEMY_KILL","is_daily":false,"chose_seed":false,"campfire_upgraded":5,"win_rate":0.0,"timestamp":1611374624,"path_taken":["R","M","M","M","M","E","T","R","M","M","?","?","R","?","M","BOSS","R","M","?","M","$","?","T","?","?","E","?","E","R","M","M","BOSS"],"items_purchased_type":["Relic","Card"],"build_version":"2020-12-22","purchased_purges":1,"victory":false,"max_hp_per_floor":[70,70,70,70,70,70,70,70,70,70,70,70,70,70,70,70,70,70,70,70,70,70,70,70,70,70,70,70,70,70,70,70,70,70,70],"card_choices":[{"not_picked":["bronze:Frontload","bronze:Allocate","bronze:Invalidate"],"picked":"SKIP","floor":2.0},{"not_picked":["bronze:Branch","bronze:MaxOutput"],"picked":"bronze:Iterate","floor":3.0},{"not_picked":["bronze:BronzeArmor","bronze:WildBeam"],"picked":"bronze:MaxOutput","floor":4.0},{"not_picked":["bronze:Branch","bronze:ClassDefault"],"picked":"bronze:Repulsor","floor":5.0},{"not_picked":["bronze:Deprecate","bronze:BuggyMess"],"picked":"bronze:Repair","floor":6.0},{"not_picked":["bronze:DelayedGuard","bronze:Safeguard"],"picked":"bronze:Boost","floor":9.0},{"not_picked":["bronze:WildBeam","bronze:Branch"],"picked":"bronze:FindAndReplace","floor":10.0},{"not_picked":["bronze:BitShift","bronze:Separator"],"picked":"bronze:CloningBeam","floor":15.0},{"not_picked":["bronze:Verify","bronze:RecursiveStrike"],"picked":"bronze:Mutator","floor":16.0},{"not_picked":["bronze:BuggyMess","bronze:Shell"],"picked":"bronze:Shield+1","floor":19.0},{"not_picked":["bronze:DigitalCarnage","bronze:DelayedGuard"],"picked":"bronze:Return+1","floor":21.0},{"not_picked":["bronze:FollowUp","bronze:Branch"],"picked":"bronze:Allocate","floor":22.0},{"not_picked":["bronze:Separator","bronze:OilSpill"],"picked":"bronze:BugBarrage+1","floor":25.0},{"not_picked":["bronze:BugBarrage","bronze:OilSpill"],"picked":"bronze:Break","floor":27.0},{"not_picked":["bronze:Overload+1","bronze:Branch+1"],"picked":"bronze:MaxOutput","floor":29.0},{"not_picked":["bronze:Turbo+1","bronze:Deprecate","bronze:DelayedSlice"],"picked":"SKIP","floor":31.0},{"not_picked":["bronze:DigitalCarnage+1","bronze:Safeguard","bronze:CutThrough"],"picked":"SKIP","floor":32}],"player_experience":115635,"relics_obtained":[{"floor":6.0,"key":"Blood Vial"},{"floor":7.0,"key":"Sundial"},{"floor":14.0,"key":"Pen Nib"},{"floor":24.0,"key":"Juzu Bracelet"},{"floor":26.0,"key":"Anchor"},{"floor":27.0,"key":"HornCleat"},{"floor":29.0,"key":"Toy Ornithopter"}],"event_choices":[{"damage_healed":0.0,"max_hp_gain":0.0,"max_hp_loss":0.0,"gold_gain":0.0,"event_name":"Addict","player_choice":"Stole Relic","floor":23.0,"gold_loss":0.0,"damage_taken":0.0,"relics_obtained":["Smiling Mask"],"cards_obtained":["Pride"]},{"damage_healed":0.0,"max_hp_gain":0.0,"max_hp_loss":0.0,"gold_gain":0.0,"event_name":"Vampires","player_choice":"Ignored","floor":28.0,"gold_loss":0.0,"damage_taken":0.0}],"is_beta":false,"boss_relics":[{"not_picked":["Philosopher\u0027s Stone","Tiny House"],"picked":"bronze:PlatinumCore"}],"items_purged_floors":[22],"is_endless":false,"potions_floor_spawned":[9,10,15,16,21,31,32],"killed_by":"DF_ARCHETYPE_CLAW","ascension_level":0}}