{"host":"ci7ivtocgfxh0ueo","time":1611371929,"event":{"mods":["BaseMod","GifTheSpireLib","Minty Spire (QoL Compilation)","StSLib"],"gold_per_floor":[117,117,192,136,206,206,235,235,235,235,261,4,21,31,31,31,31],"floor_reached":16,"language":"ZHT","playtime":244,"items_purged":[],"score":296,"play_id":"557f3fb0-53f3-4b32-bae9-fdfbb898df5e","local_time":"20210123111849","is_ascension_mode":true,"campfire_choices":[{"data":"Heavy Blade","floor":6,"key":"SMITH"},{"data":"Bash","floor":8,"key":"SMITH"},{"data":"Blood for Blood","floor":15,"key":"SMITH"}],"circlet_count":0,"master_deck":["AscendersBane","Strike_R","Strike_R","Strike_R","Strike_R","Defend_R","Defend_R","Defend_R","Defend_R","Bash+1","Warcry","Heavy Blade+1","Rage+1","Intimidate+1","Armaments+1","Cleave","Armaments+1","Blood for Blood+1"],"relics":["Burning Blood","NeowsBlessing","Pen Nib","Pantograph","Gremlin Horn","Toxic Egg 2","Orrery"],"acts_visited":["Exordium"],"potions_floor_usage":[16],"damage_taken":[{"damage":0,"enemies":"2 Louse","floor":1,"turns":1},{"damage":0,"enemies":"Lagavulin","floor":7,"turns":1},{"damage":0,"enemies":"3 Sentries","floor":11,"turns":1},{"damage":12,"enemies":"Jaw Worm","floor":13,"turns":4},{"damage":0,"enemies":"Small Slimes","floor":14,"turns":1},{"damage":76,"enemies":"The Guardian","floor":16,"turns":10}],"seed_played":"-977738096568236283","potions_obtained":[{"floor":14,"key":"LiquidBronze"}],"is_trial":false,"path_per_floor":["M","?","?","$","?","R","E","R","T","T","E","$","M","M","R","B"],"character_chosen":"IRONCLAD","items_purchased":["Heavy Blade","Ancient Potion","Orrery"],"campfire_rested":0,"item_purchase_floors":[4,12,12],"current_hp_per_floor":[74,74,63,63,63,63,69,69,69,69,75,75,69,75,75,0,0],"gold":31,"neow_bonus":"THREE_ENEMY_KILL","is_daily":false,"chose_seed":false,"campfire_upgraded":3,"win_rate":0.0,"timestamp":1611371929,"path_taken":["M","?","?","?","?","R","E","R","T","?","E","$","M","M","R","BOSS"],"items_purchased_type":["Card","Potion","Relic"],"build_version":"2020-12-22","purchased_purges":0,"victory":false,"max_hp_per_floor":[75,75,75,75,75,75,75,75,75,75,75,75,75,75,75,75,75],"card_choices":[{"not_picked":["Perfected Strike","Clothesline","Headbutt"],"picked":"SKIP","floor":1},{"not_picked":["Shrug It Off","Body Slam","Perfected Strike"],"picked":"SKIP","floor":7},{"not_picked":["Sword Boomerang","Flame Barrier+1"],"picked":"Rage+1","floor":11},{"not_picked":["Sword Boomerang","Battle Trance+1"],"picked":"Intimidate+1","floor":12},{"not_picked":["Iron Wave","Heavy Blade"],"picked":"Armaments+1","floor":12},{"not_picked":["Heavy Blade","True Grit+1"],"picked":"Cleave","floor":12},{"not_picked":["Body Slam","Heavy Blade"],"picked":"Armaments+1","floor":13},{"not_picked":["Rupture","Headbutt"],"picked":"Blood for Blood","floor":14}],"player_experience":1351628,"relics_obtained":[{"floor":7,"key":"Pen Nib"},{"floor":9,"key":"Pantograph"},{"floor":10,"key":"Gremlin Horn"},{"floor":11,"key":"Toxic Egg 2"}],"event_choices":[{"damage_healed":0,"gold_gain":0,"cards_transformed":["Strike_R"],"player_choice":"Change","damage_taken":0,"max_hp_gain":0,"max_hp_loss":0,"event_name":"Living Wall","floor":2,"gold_loss":0,"cards_obtained":["Warcry"]},{"damage_healed":0,"gold_gain":75,"player_choice":"Gather Gold","damage_taken":11,"max_hp_gain":0,"max_hp_loss":0,"event_name":"World of Goop","floor":3,"gold_loss":0},{"damage_healed":0,"gold_gain":70,"player_choice":"Gained Gold","damage_taken":0,"max_hp_gain":0,"max_hp_loss":0,"event_name":"Golden Wing","floor":5,"gold_loss":0}],"is_beta":false,"boss_relics":[],"items_purged_floors":[],"is_endless":false,"potions_floor_spawned":[14],"killed_by":"The Guardian","ascension_level":18}}