{"host":"yuhy0i501zzmn1iz","time":1611385060,"event":{"mods":["AchievementEnabler","AlwaysNeverKeys","BaseMod","Bestiary","Better Match","Better Third Choice","Curses Come First","Downfall","Minty Spire (QoL Compilation)","StSLib","slay the spire mod where everything is the same but ironclad has a cowboy hat"],"gold_per_floor":[113,188,188,198,276,276,304,17,17,43,43,56,67,85,85,181,181,194,194,194,208,221,246,246,258,258,258,274,274,274,309,309,413,413,426,426,2,18,18,18],"floor_reached":39,"language":"ENG","playtime":1587,"items_purged":["Strike_B"],"score":547,"play_id":"874e9ebc-a74d-45b5-86be-86982daeb742","local_time":"20210123015740","is_ascension_mode":true,"campfire_choices":[{"data":"Sunder","floor":6,"key":"SMITH"},{"data":"Dramatic Entrance","floor":11,"key":"SMITH"},{"floor":15,"key":"REST"},{"floor":24,"key":"REST"},{"data":"Echo Form","floor":27,"key":"SMITH"},{"floor":29,"key":"REST"},{"floor":32,"key":"REST"}],"circlet_count":0,"master_deck":["Strike_B","Defend_B","Defend_B","Defend_B","Defend_B","Zap","Dualcast","Sunder+1","Go for the Eyes","Aggregate+1","Dramatic Entrance+1","Rip and Tear","Beam Cell","Barrage","Gash","Conserve Battery+1","Core Surge+1","Scrape+1","Echo Form+1","Beam Cell+1","Steam Power+1","Steam+1","Auto Shields+1","Rainbow+1","Stack+1","Fission+1","BootSequence+1","BootSequence+1","Scrape","Streamline","Scrape","Glacier+1","Ball Lightning","Sunder","Stack+1","Darkness+1","Redo+1","Steam+1","Beam Cell"],"relics":["Cracked Core","NeowsBlessing","Pear","Toxic Egg 2","Membership Card","StoneCalendar","Kunai","Sozu","PreservedInsect","The Courier","Toy Ornithopter","Cursed Key","Whetstone","Mummified Hand"],"acts_visited":["Exordium","TheCity","TheBeyond"],"potions_floor_usage":[18,23,28],"damage_taken":[{"damage":0,"enemies":"Cultist","floor":1,"turns":1},{"damage":0,"enemies":"Jaw Worm","floor":4,"turns":1},{"damage":0,"enemies":"Gremlin Nob","floor":7,"turns":1},{"damage":25,"enemies":"Lagavulin","floor":10,"turns":5},{"damage":5,"enemies":"Small Slimes","floor":12,"turns":2},{"damage":0,"enemies":"2 Fungi Beasts","floor":13,"turns":2},{"damage":8,"enemies":"Looter","floor":14,"turns":2},{"damage":26,"enemies":"The Guardian","floor":16,"turns":8},{"damage":5,"enemies":"2 Thieves","floor":18,"turns":2},{"damage":0,"enemies":"Spheric Guardian","floor":21,"turns":3},{"damage":26,"enemies":"Centurion and Healer","floor":22,"turns":4},{"damage":27,"enemies":"Slavers","floor":23,"turns":3},{"damage":12,"enemies":"3 Cultists","floor":25,"turns":4},{"damage":24,"enemies":"Snake Plant","floor":28,"turns":4},{"damage":31,"enemies":"Book of Stabbing","floor":31,"turns":5},{"damage":28,"enemies":"Automaton","floor":33,"turns":12},{"damage":55,"enemies":"3 Shapes","floor":35,"turns":5},{"damage":24,"enemies":"3 Darklings","floor":38,"turns":3},{"damage":8,"enemies":"Jaw Worm Horde","floor":39,"turns":1}],"seed_played":"7436264599764385753","potions_obtained":[{"floor":1,"key":"LiquidMemories"},{"floor":13,"key":"EssenceOfDarkness"},{"floor":14,"key":"Dexterity Potion"},{"floor":16,"key":"DistilledChaos"}],"is_trial":false,"path_per_floor":["M","?","?","M","?","R","E","$","T","E","R","M","M","M","R","B",null,"M","?","?","M","M","E","R","M","T","R","M","R","?","E","R","B",null,"M","?","$","M","M"],"character_chosen":"DEFECT","items_purchased":["Membership Card","Dramatic Entrance","Rip and Tear","Beam Cell","Whetstone","BootSequence+1","Scrape","Mummified Hand","Streamline","Scrape","Glacier+1","Ball Lightning","Sunder","Stack+1","Darkness+1","Redo+1","Steam+1"],"campfire_rested":4,"item_purchase_floors":[8,8,8,8,37,37,37,37,37,37,37,37,37,37,37,37,37],"current_hp_per_floor":[75,64,62,62,62,62,62,62,62,37,37,32,32,24,49,23,85,80,80,80,80,54,27,52,40,40,40,16,41,41,10,35,7,85,30,30,30,6,0,0],"gold":18,"neow_bonus":"THREE_ENEMY_KILL","is_daily":false,"chose_seed":false,"campfire_upgraded":3,"win_rate":0.0,"timestamp":1611385060,"path_taken":["M","?","?","M","?","R","E","$","T","E","R","M","M","M","R","BOSS","M","?","?","?","M","E","R","M","T","R","M","R","?","E","R","BOSS","M","?","?","?","M"],"items_purchased_type":["Relic","Card","Card","Card","Relic","Card","Card","Relic","Card","Card","Card","Card","Card","Card","Card","Card","Card"],"build_version":"2020-12-22","purchased_purges":1,"victory":false,"max_hp_per_floor":[75,75,85,85,85,85,85,85,85,85,85,85,85,85,85,85,85,85,85,85,85,85,85,85,85,85,85,85,85,85,85,85,85,85,85,85,85,85,85,85],"card_choices":[{"not_picked":["Redo","Hologram"],"picked":"Sunder","floor":1},{"not_picked":["Hello World","Cold Snap"],"picked":"Go for the Eyes","floor":4},{"not_picked":["Ball Lightning","Tempest+1"],"picked":"Aggregate+1","floor":7},{"not_picked":["Capacitor","Heatsinks"],"picked":"Barrage","floor":10},{"not_picked":["Barrage","Steam Power+1"],"picked":"Gash","floor":12},{"not_picked":["Consume+1","Barrage","Turbo+1"],"picked":"SKIP","floor":13},{"not_picked":["Hologram+1","Steam+1"],"picked":"Conserve Battery+1","floor":14},{"not_picked":["Thunder Strike","Rainbow+1"],"picked":"Core Surge","floor":16},{"not_picked":["Hologram+1","Rebound","Turbo+1"],"picked":"SKIP","floor":18},{"not_picked":["Barrage+1","Redo+1"],"picked":"Scrape","floor":21},{"not_picked":["Cold Snap","Streamline"],"picked":"Echo Form","floor":22},{"not_picked":["Steam+1","Cold Snap+1"],"picked":"Beam Cell","floor":23},{"not_picked":["Hello World","Steam+1"],"picked":"Steam Power+1","floor":25},{"not_picked":["Cold Snap","Leap+1"],"picked":"Steam+1","floor":28},{"not_picked":["Echo Form","Sweeping Beam"],"picked":"Stack+1","floor":31},{"not_picked":["Seek+1","Biased Cognition"],"picked":"Fission+1","floor":33},{"not_picked":["Cold Snap","Beam Cell+1"],"picked":"BootSequence+1","floor":35},{"not_picked":["Barrage","White Noise+1"],"picked":"Beam Cell","floor":38}],"player_experience":337115,"relics_obtained":[{"floor":7,"key":"Toxic Egg 2"},{"floor":9,"key":"StoneCalendar"},{"floor":10,"key":"Kunai"},{"floor":23,"key":"PreservedInsect"},{"floor":26,"key":"The Courier"},{"floor":31,"key":"Toy Ornithopter"}],"event_choices":[{"damage_healed":0,"gold_gain":75,"player_choice":"Gold","damage_taken":11,"max_hp_gain":0,"max_hp_loss":0,"event_name":"betterThird:BetterGoop","floor":2,"gold_loss":0},{"damage_healed":0,"gold_gain":0,"player_choice":"Relic ","damage_taken":12,"max_hp_gain":0,"max_hp_loss":0,"event_name":"betterThird:BetterScrap","floor":3,"gold_loss":0,"cards_obtained":["Bullet Time"]},{"damage_healed":0,"gold_gain":78,"player_choice":"Gained Gold","damage_taken":0,"max_hp_gain":0,"max_hp_loss":0,"event_name":"Golden Wing","floor":5,"gold_loss":0},{"damage_healed":0,"gold_gain":0,"player_choice":"Got Potions","damage_taken":0,"max_hp_gain":0,"max_hp_loss":0,"event_name":"Lab","floor":20,"gold_loss":0},{"damage_healed":0,"gold_gain":0,"cards_transformed":["Strike_B","Strike_B"],"player_choice":"Became Test Subject","damage_taken":0,"max_hp_gain":0,"max_hp_loss":0,"event_name":"Drug Dealer","floor":30,"gold_loss":0,"cards_obtained":["Auto Shields","Rainbow"]},{"damage_healed":0,"gold_gain":0,"player_choice":"Forge","damage_taken":0,"max_hp_gain":0,"max_hp_loss":0,"event_name":"Accursed Blacksmith","floor":36,"gold_loss":0,"cards_upgraded":["Core Surge"]}],"is_beta":false,"boss_relics":[{"not_picked":["Empty Cage","Astrolabe"],"picked":"Sozu"},{"not_picked":["Pandora\u0027s Box","Busted Crown"],"picked":"Cursed Key"}],"items_purged_floors":[8],"is_endless":false,"potions_floor_spawned":[1,13,14,16,21,23,33,38],"killed_by":"Jaw Worm Horde","ascension_level":3}}