{"host":"j4g6ia6asvpyu2b0","time":1611417844,"event":{"mods":["BaseMod","Colored Map","Minty Spire (QoL Compilation)","Permanent Neow","Quick Restart","Relic Stats","StSLib","Unceasing Turn Reminder"],"gold_per_floor":[109,123,138,138,138,138,170,11,11,11,40,40,73,73,73,146,146,164,180,198,198,211,236,236,249,249,268,268,297,297,297,297,373,373,388,398,415,359,384,384,384,384],"floor_reached":41,"language":"ENG","playtime":1109,"items_purged":["Strike_R"],"score":835,"play_id":"3715a83d-44ca-4f91-a25e-f8cd93e844ce","local_time":"20210123090404","is_ascension_mode":true,"campfire_choices":[{"data":"Immolate","floor":6,"key":"SMITH"},{"data":"Battle Trance","floor":10,"key":"SMITH"},{"data":"Disarm","floor":12,"key":"SMITH"},{"data":"Demon Form","floor":15,"key":"SMITH"},{"floor":24,"key":"REST"},{"floor":28,"key":"REST"},{"data":"Spot Weakness","floor":30,"key":"SMITH"},{"data":"Offering","floor":32,"key":"SMITH"},{"data":"Bash","floor":40,"key":"SMITH"}],"circlet_count":0,"master_deck":["AscendersBane","Strike_R+1","Strike_R+1","Strike_R+1","Strike_R+1","Defend_R+1","Defend_R+1","Defend_R+1","Defend_R+1","Bash+1","Immolate+1","Disarm+1","Inflame","Headbutt","Twin Strike","Battle Trance+1","Thunderclap","Demon Form+1","Offering+1","Shrug It Off","Pommel Strike","True Grit","Brutality","Spot Weakness+1","Sword Boomerang+1","Demon Form","Body Slam","Headbutt","Shrug It Off","Heavy Blade+1"],"relics":["Burning Blood","Question Card","Boot","Regal Pillow","Odd Mushroom","Nunchaku","Busted Crown","Mercury Hourglass","Vajra","Dream Catcher","Meat on the Bone","Philosopher\u0027s Stone","WingedGreaves"],"acts_visited":["Exordium","TheCity","TheBeyond"],"potions_floor_usage":[7,20,33],"damage_taken":[{"damage":1,"enemies":"2 Louse","floor":1,"turns":2},{"damage":10,"enemies":"Jaw Worm","floor":2,"turns":3},{"damage":10,"enemies":"Small Slimes","floor":3,"turns":3},{"damage":10,"enemies":"3 Sentries","floor":7,"turns":3},{"damage":0,"enemies":"The Mushroom Lair","floor":11,"turns":1},{"damage":8,"enemies":"Gremlin Nob","floor":13,"turns":3},{"damage":9,"enemies":"Hexaghost","floor":16,"turns":9},{"damage":12,"enemies":"Spheric Guardian","floor":18,"turns":3},{"damage":8,"enemies":"3 Byrds","floor":19,"turns":3},{"damage":20,"enemies":"Cultist and Chosen","floor":20,"turns":6},{"damage":17,"enemies":"Centurion and Healer","floor":22,"turns":4},{"damage":45,"enemies":"Book of Stabbing","floor":23,"turns":5},{"damage":20,"enemies":"Shelled Parasite and Fungi","floor":25,"turns":4},{"damage":6,"enemies":"Snake Plant","floor":27,"turns":3},{"damage":6,"enemies":"Slavers","floor":29,"turns":1},{"damage":42,"enemies":"Champ","floor":33,"turns":6},{"damage":0,"enemies":"Orb Walker","floor":35,"turns":3},{"damage":6,"enemies":"3 Darklings","floor":36,"turns":3},{"damage":44,"enemies":"Spire Growth","floor":37,"turns":4},{"damage":12,"enemies":"Mind Bloom Boss Battle","floor":39,"turns":6},{"damage":60,"enemies":"Giant Head","floor":41,"turns":6}],"seed_played":"-662792635745077887","potions_obtained":[{"floor":2,"key":"SneckoOil"},{"floor":3,"key":"Regen Potion"},{"floor":7,"key":"Ancient Potion"},{"floor":19,"key":"BloodPotion"},{"floor":27,"key":"ElixirPotion"},{"floor":33,"key":"Fruit Juice"},{"floor":35,"key":"EssenceOfSteel"}],"is_trial":false,"path_per_floor":["M","M","M","?","?","R","E","$","T","R","?","R","E","T","R","B",null,"M","M","M","?","M","E","R","M","T","M","R","E","R","?","R","B",null,"M","M","M","$","?","R","E"],"character_chosen":"IRONCLAD","items_purchased":["Battle Trance","Shrug It Off"],"campfire_rested":2,"item_purchase_floors":[8,38],"current_hp_per_floor":[55,51,47,36,41,41,37,37,37,37,43,43,41,41,41,38,70,64,62,63,63,52,13,52,38,38,38,77,77,77,77,77,58,78,84,84,58,58,52,52,0,0],"gold":384,"neow_bonus":"THREE_RARE_CARDS","is_daily":false,"chose_seed":false,"campfire_upgraded":7,"win_rate":0.0,"timestamp":1611417844,"path_taken":["M","M","M","?","?","R","E","$","T","R","?","R","E","?","R","BOSS","M","M","M","?","M","E","R","M","T","M","R","E","R","?","R","BOSS","M","?","?","$","?","R","E"],"items_purchased_type":["Card","Card"],"build_version":"2020-12-22","purchased_purges":1,"victory":false,"max_hp_per_floor":[75,75,75,75,80,80,80,80,80,80,80,80,80,80,80,80,80,80,80,80,80,80,80,80,80,80,80,80,80,80,80,80,85,85,85,85,85,85,85,85,85,85],"relic_stats":{"Regal Pillow":30,"Nunchaku":[12],"Dream Catcher":0,"Busted Crown":26,"counters":[21,81],"Question Card":17,"Boot":[24],"obtain_stats":[{"Regal Pillow":9,"Vajra":26,"Odd Mushroom":11,"Question Card":4,"Boot":7,"Burning Blood":0,"Mercury Hourglass":23,"Nunchaku":13,"Dream Catcher":29,"Busted Crown":17,"Philosopher\u0027s Stone":34,"WingedGreaves":39,"Meat on the Bone":31},{"Regal Pillow":4,"Vajra":13,"Odd Mushroom":5,"Question Card":3,"Boot":4,"Burning Blood":0,"Mercury Hourglass":12,"Nunchaku":6,"Dream Catcher":15,"Busted Crown":7,"Philosopher\u0027s Stone":16,"WingedGreaves":20,"Meat on the Bone":15},{"Regal Pillow":11,"Vajra":49,"Odd Mushroom":12,"Question Card":8,"Boot":11,"Burning Blood":0,"Mercury Hourglass":45,"Nunchaku":15,"Dream Catcher":53,"Busted Crown":24,"Philosopher\u0027s Stone":59,"WingedGreaves":75,"Meat on the Bone":53}],"Burning Blood":120,"Mercury Hourglass":[105],"Meat on the Bone":24},"card_choices":[{"not_picked":["Juggernaut","Bludgeon"],"picked":"Immolate","floor":0},{"not_picked":["Flex","Wild Strike"],"picked":"Disarm","floor":1},{"not_picked":["True Grit","Shrug It Off"],"picked":"Inflame","floor":2},{"not_picked":["Warcry","Iron Wave"],"picked":"Headbutt","floor":3},{"not_picked":["Blood for Blood","Brutality","Body Slam"],"picked":"Twin Strike","floor":7},{"not_picked":["Warcry","Cleave","Battle Trance"],"picked":"Thunderclap","floor":11},{"not_picked":["Havoc","Rage","Anger"],"picked":"Demon Form","floor":13},{"not_picked":["Impervious","Immolate","Brutality"],"picked":"Offering","floor":16},{"not_picked":["Wild Strike","Clash"],"picked":"SKIP","floor":18},{"not_picked":["Warcry"],"picked":"Shrug It Off","floor":19},{"not_picked":["Rampage"],"picked":"Pommel Strike","floor":20},{"not_picked":["Bloodletting","Flex"],"picked":"SKIP","floor":22},{"not_picked":["Rupture"],"picked":"True Grit","floor":23},{"not_picked":["Dropkick"],"picked":"Brutality","floor":25},{"not_picked":["Clash"],"picked":"Spot Weakness","floor":27},{"not_picked":["Ghostly Armor"],"picked":"Sword Boomerang+1","floor":29},{"not_picked":["Exhume"],"picked":"Demon Form","floor":33},{"not_picked":["Reckless Charge+1","Ghostly Armor"],"picked":"SKIP","floor":35},{"not_picked":["Reckless Charge"],"picked":"Body Slam","floor":36},{"not_picked":["Combust"],"picked":"Headbutt","floor":37},{"not_picked":["Pommel Strike"],"picked":"Heavy Blade+1","floor":39}],"player_experience":952348,"relics_obtained":[{"floor":7,"key":"Boot"},{"floor":9,"key":"Regal Pillow"},{"floor":11,"key":"Odd Mushroom"},{"floor":13,"key":"Nunchaku"},{"floor":23,"key":"Mercury Hourglass"},{"floor":26,"key":"Vajra"},{"floor":29,"key":"Dream Catcher"},{"floor":39,"key":"WingedGreaves"}],"event_choices":[{"damage_healed":0,"gold_gain":0,"player_choice":"Success","damage_taken":11,"relics_obtained":["Question Card"],"max_hp_gain":0,"max_hp_loss":0,"event_name":"Scrap Ooze","floor":4,"gold_loss":0},{"damage_healed":0,"gold_gain":0,"player_choice":"Donut","damage_taken":0,"max_hp_gain":5,"max_hp_loss":0,"event_name":"Big Fish","floor":5,"gold_loss":0},{"damage_healed":0,"gold_gain":0,"player_choice":"Fought Mushrooms","damage_taken":0,"max_hp_gain":0,"max_hp_loss":0,"event_name":"Mushrooms","floor":11,"gold_loss":0},{"damage_healed":0,"gold_gain":0,"player_choice":"Simplicity","damage_taken":0,"max_hp_gain":0,"max_hp_loss":0,"event_name":"Back to Basics","floor":21,"gold_loss":0,"cards_upgraded":["Strike_R","Strike_R","Strike_R","Strike_R","Defend_R","Defend_R","Defend_R","Defend_R"]},{"damage_healed":0,"gold_gain":0,"player_choice":"Gave Potion","damage_taken":0,"relics_obtained":["Meat on the Bone"],"max_hp_gain":0,"max_hp_loss":0,"event_name":"WeMeetAgain","floor":31,"gold_loss":0},{"damage_healed":0,"gold_gain":0,"player_choice":"Fight","damage_taken":0,"max_hp_gain":0,"max_hp_loss":0,"event_name":"MindBloom","floor":39,"gold_loss":0}],"is_beta":false,"boss_relics":[{"not_picked":["Astrolabe","Calling Bell"],"picked":"Busted Crown"},{"not_picked":["Runic Pyramid","Pandora\u0027s Box"],"picked":"Philosopher\u0027s Stone"}],"items_purged_floors":[8],"is_endless":false,"potions_floor_spawned":[2,3,7,16,18,19,27,33,35],"killed_by":"Giant Head","ascension_level":16}}