{"host":"n0ykgl4ktp706po3","time":1611381861,"event":{"mods":["Act Like it!","Arknights The Spire","BaseMod","Gensokyo","Koishi","Minty Spire (QoL Compilation)","RumiaBox-Â¶Ã×æ«µÄÉñÃØºÐ×Ó","StSLib","Youmu£¨»êÆÇÑýÃÎ£©"],"gold_per_floor":[115,126,126,140,154,154,154],"floor_reached":6,"language":"ZHS","playtime":604,"items_purged":[],"score":38,"play_id":"42ab8448-96be-4c2b-8067-bc2c68789a4c","local_time":"20210123140421","is_ascension_mode":false,"campfire_choices":[],"circlet_count":0,"master_deck":["ats:Strike C","ats:Strike G","ats:Strike S","ats:Strike V","ats:Armor Crushing Shot","ats:Defend","ats:Defend","ats:Defend","ats:Defend","ats:Emotion Absorption","ats:Automatic Cover","Pain","ats:Closed Bolt Burst Fire","ats:Red Shift"],"relics":["ats:Sanity","NeowsBlessing","Gensokyo:LunaticRedEyes"],"acts_visited":["Gensokyo:Gensokyo"],"potions_floor_usage":[6,6],"damage_taken":[{"damage":0,"enemies":"Gensokyo:Gryphon","floor":1,"turns":1},{"damage":0,"enemies":"Gensokyo:Python","floor":2,"turns":1},{"damage":0,"enemies":"Gensokyo:3_Fairies","floor":4,"turns":1},{"damage":15,"enemies":"Gensokyo:CorruptedTreant","floor":5,"turns":4},{"damage":59,"enemies":"Gensokyo:Aya","floor":6,"turns":8}],"seed_played":"-5341989846597147952","potions_obtained":[{"floor":1,"key":"ats:Top Emergency Sanity Potion"},{"floor":4,"key":"SpeedPotion"},{"floor":5,"key":"GamblersBrew"}],"is_trial":false,"path_per_floor":["M","M","?","M","M","E"],"character_chosen":"DOCTOR_CLASS","items_purchased":[],"campfire_rested":0,"item_purchase_floors":[],"current_hp_per_floor":[72,72,72,72,57,0,0],"gold":154,"neow_bonus":"THREE_ENEMY_KILL","is_daily":false,"chose_seed":false,"campfire_upgraded":0,"win_rate":0.0,"timestamp":1611381861,"path_taken":["M","M","?","M","M","E"],"items_purchased_type":[],"build_version":"2020-12-22","purchased_purges":0,"victory":false,"max_hp_per_floor":[72,72,72,72,72,72,72],"card_choices":[{"not_picked":["ats:Assault Order","ats:Explosion Area Strengthen","ats:Childhood Dance"],"picked":"SKIP","floor":1},{"not_picked":["ats:Very Hot Blade","ats:Cat Scratch"],"picked":"ats:Automatic Cover","floor":2},{"not_picked":["ats:Revitalization","ats:Very Hot Blade"],"picked":"ats:Closed Bolt Burst Fire","floor":4},{"not_picked":["ats:Apocalypse","ats:Directed Diagnosis"],"picked":"ats:Red Shift","floor":5}],"player_experience":74151,"relics_obtained":[],"event_choices":[],"is_beta":false,"boss_relics":[],"items_purged_floors":[],"is_endless":false,"potions_floor_spawned":[1,4,5],"killed_by":"Gensokyo:Aya","ascension_level":0}}