{"host":"dm4yvegl9um2tlqd","time":1611396193,"event":{"mods":["2.2 Compatiblity","AchievementEnabler","BaseMod","Colored Map","DeckTracker","Highlight Path","KOR Keyword Fix","Keyboard Shortcuts","Minty Spire (QoL Compilation)","Permanent Neow","Quick Restart","Random Character Button","StSLib","SuperFastMode","everything is the same but u backflip on backflip"],"gold_per_floor":[115,115,115,130,149,149,149,149,198,223,237,237,272,291,291,392,392,410,87,87,102,102,102,128,143,170,24,39,65,65,100,100,199,199,213,230,104,116,162,187,187,221,221,221,96,96,110,145,145,145],"floor_reached":51,"language":"KOR","playtime":2113,"items_purged":["Strike_R","Strike_R","Doubt"],"score":1271,"play_id":"da83028f-2b34-4bee-8b73-64400d592d8b","local_time":"20210123190313","is_ascension_mode":true,"campfire_choices":[{"data":"Blood for Blood","floor":6.0,"key":"SMITH"},{"data":"Bash","floor":8.0,"key":"SMITH"},{"data":"Seeing Red","floor":12.0,"key":"SMITH"},{"data":"Evolve","floor":15.0,"key":"SMITH"},{"data":"Apotheosis","floor":23.0,"key":"SMITH"},{"data":"Heavy Blade","floor":30.0,"key":"SMITH"},{"data":"Burning Pact","floor":32.0,"key":"SMITH"},{"floor":41,"key":"DIG"},{"floor":44,"key":"RECALL"},{"floor":49,"key":"DIG"}],"circlet_count":0,"master_deck":["Strike_R","Strike_R+1","Defend_R","Defend_R","Defend_R","Defend_R","Bash+1","Injury","Shrug It Off","Blood for Blood+1","Seeing Red+1","Heavy Blade+1","Reaper+1","Exhume","Burning Pact+1","Apotheosis+1","J.A.X.","Spot Weakness","Exhume","Power Through+1","Thunderclap","Shrug It Off+1","Warcry+1","Fiend Fire","Demon Form"],"relics":["Burning Blood","Mango","Bag of Marbles","Regal Pillow","Ice Cream","Paper Frog","Black Star","Lizard Tail","Potion Belt","Art of War","Lee\u0027s Waffle","InkBottle","Vajra","Pen Nib","PreservedInsect","Cursed Key","Shovel","Strawberry","Bag of Preparation","Oddly Smooth Stone","Centennial Puzzle","Incense Burner","Ancient Tea Set","Whetstone","FossilizedHelix","Lantern"],"acts_visited":["Exordium","TheCity","TheBeyond"],"potions_floor_usage":[36,42,50,50,50,50,50],"damage_taken":[{"damage":13.0,"enemies":"Small Slimes","floor":1.0,"turns":6.0},{"damage":3.0,"enemies":"2 Louse","floor":4.0,"turns":3.0},{"damage":3.0,"enemies":"Cultist","floor":5.0,"turns":4.0},{"damage":17.0,"enemies":"Gremlin Nob","floor":10.0,"turns":4.0},{"damage":7.0,"enemies":"2 Fungi Beasts","floor":11.0,"turns":3.0},{"damage":17.0,"enemies":"Lagavulin","floor":13.0,"turns":6.0},{"damage":10.0,"enemies":"Exordium Wildlife","floor":14.0,"turns":2.0},{"damage":48.0,"enemies":"Hexaghost","floor":16.0,"turns":9.0},{"damage":24.0,"enemies":"3 Byrds","floor":18.0,"turns":8.0},{"damage":22.0,"enemies":"Spheric Guardian","floor":21.0,"turns":7.0},{"damage":67.0,"enemies":"Slavers","floor":24.0,"turns":8.0},{"damage":25.0,"enemies":"Snake Plant","floor":25.0,"turns":4.0},{"damage":14.0,"enemies":"Snecko","floor":28.0,"turns":6.0},{"damage":45.0,"enemies":"Book of Stabbing","floor":29.0,"turns":6.0},{"damage":37.0,"enemies":"Slavers","floor":31.0,"turns":4.0},{"damage":134.0,"enemies":"Automaton","floor":33.0,"turns":9.0},{"damage":6.0,"enemies":"3 Shapes","floor":35.0,"turns":6.0},{"damage":34,"enemies":"3 Darklings","floor":36,"turns":4},{"damage":6,"enemies":"Maw","floor":38,"turns":6},{"damage":66,"enemies":"2 Orb Walkers","floor":39,"turns":5},{"damage":57,"enemies":"Nemesis","floor":40,"turns":5},{"damage":8,"enemies":"Giant Head","floor":42,"turns":6},{"damage":29,"enemies":"Jaw Worm Horde","floor":47,"turns":4},{"damage":0,"enemies":"Reptomancer","floor":48,"turns":4},{"damage":109,"enemies":"Donu and Deca","floor":50,"turns":17}],"seed_played":"8899861803245248528","potions_obtained":[{"floor":3.0,"key":"CultistPotion"},{"floor":3.0,"key":"SmokeBomb"},{"floor":3.0,"key":"Regen Potion"},{"floor":11.0,"key":"Energy Potion"},{"floor":13.0,"key":"Strength Potion"},{"floor":14.0,"key":"Fruit Juice"},{"floor":21.0,"key":"Block Potion"},{"floor":24.0,"key":"BlessingOfTheForge"},{"floor":28.0,"key":"Ancient Potion"},{"floor":29.0,"key":"Explosive Potion"},{"floor":31.0,"key":"BloodPotion"},{"floor":33.0,"key":"Block Potion"},{"floor":38,"key":"Weak Potion"},{"floor":42,"key":"Fruit Juice"},{"floor":47,"key":"CultistPotion"}],"is_trial":false,"path_per_floor":["M","?","?","M","M","R","?","R","T","E","M","R","E","M","R","B",null,"M","$","?","M","?","R","E","M","T","$","M","E","R","E","R","B",null,"M","M","$","M","?","E","R","E","T","R","$","?","M","E","R","B",null],"character_chosen":"IRONCLAD","items_purchased":["Apotheosis","DuplicationPotion","Lee\u0027s Waffle","Thunderclap"],"campfire_rested":0,"item_purchase_floors":[19,19,27,37],"current_hp_per_floor":[79,67,67,70,73,73,66,66,66,55,54,54,43,44,44,9,77,72,72,72,61,61,61,32,19,19,106,105,80,80,82,82,22,85,103,106,106,106,92,48,48,69,69,69,69,69,94,118,118,15],"gold":145,"neow_bonus":"ONE_RARE_RELIC","is_daily":false,"chose_seed":false,"campfire_upgraded":7,"win_rate":0.0,"timestamp":1611396193,"path_taken":["M","?","?","M","?","R","?","R","T","E","M","R","E","M","R","BOSS","M","$","?","M","?","R","E","M","T","$","?","E","R","E","R","BOSS","M","M","$","M","?","E","R","E","T","R","$","?","M","E","R","BOSS"],"items_purchased_type":["Card","Potion","Relic","Card"],"build_version":"2020-12-22","purchased_purges":3,"victory":true,"max_hp_per_floor":[94,94,94,94,94,94,94,94,94,94,94,94,94,99,99,99,99,99,99,99,99,99,99,99,99,99,106,106,106,106,106,106,106,106,106,106,106,106,106,113,113,118,118,118,118,118,118,118,118,118],"card_choices":[{"not_picked":["Warcry","Flex"],"picked":"Shrug It Off","floor":1.0},{"not_picked":["Clash","Rupture"],"picked":"Blood for Blood","floor":4.0},{"not_picked":["Infernal Blade","Wild Strike"],"picked":"Seeing Red","floor":5.0},{"not_picked":["Entrench","Anger"],"picked":"Evolve","floor":10.0},{"not_picked":["Clothesline","Body Slam","Clash"],"picked":"SKIP","floor":11.0},{"not_picked":["Sever Soul","Iron Wave"],"picked":"Heavy Blade","floor":13.0},{"not_picked":["Pommel Strike","Wild Strike"],"picked":"Reaper","floor":14.0},{"not_picked":["Double Tap","Brutality"],"picked":"Exhume","floor":16.0},{"not_picked":["Clash","Anger+1"],"picked":"Burning Pact","floor":18.0},{"not_picked":["Clothesline","Anger","Iron Wave"],"picked":"SKIP","floor":21.0},{"not_picked":["Corruption","Havoc","True Grit"],"picked":"SKIP","floor":24.0},{"not_picked":["True Grit","Heavy Blade","Iron Wave+1"],"picked":"SKIP","floor":25.0},{"not_picked":["Warcry","Iron Wave","Armaments"],"picked":"SKIP","floor":28.0},{"not_picked":["Dark Embrace","Clash"],"picked":"Spot Weakness","floor":29.0},{"not_picked":["Heavy Blade","Corruption","Ghostly Armor"],"picked":"SKIP","floor":31.0},{"not_picked":["Fiend Fire","Reaper"],"picked":"Exhume","floor":33.0},{"not_picked":["Rampage","Flex+1","Clash+1"],"picked":"SKIP","floor":35},{"not_picked":["Clothesline+1","Fire Breathing"],"picked":"Power Through+1","floor":36},{"not_picked":["Perfected Strike","Seeing Red"],"picked":"Shrug It Off+1","floor":38},{"not_picked":["Thunderclap+1","Pommel Strike","Metallicize"],"picked":"SKIP","floor":40},{"not_picked":["Dual Wield+1","Disarm+1"],"picked":"Warcry+1","floor":42},{"not_picked":["Clash","Twin Strike","Iron Wave"],"picked":"SKIP","floor":47},{"not_picked":["Sever Soul","Armaments"],"picked":"Demon Form","floor":48}],"player_experience":80493,"relics_obtained":[{"floor":9.0,"key":"Regal Pillow"},{"floor":10.0,"key":"Ice Cream"},{"floor":13.0,"key":"Paper Frog"},{"floor":24.0,"key":"Lizard Tail"},{"floor":24.0,"key":"Potion Belt"},{"floor":26.0,"key":"Art of War"},{"floor":29.0,"key":"InkBottle"},{"floor":29.0,"key":"Vajra"},{"floor":31.0,"key":"Pen Nib"},{"floor":31.0,"key":"PreservedInsect"},{"floor":39,"key":"Shovel"},{"floor":40,"key":"Strawberry"},{"floor":40,"key":"Bag of Preparation"},{"floor":41,"key":"Oddly Smooth Stone"},{"floor":42,"key":"Centennial Puzzle"},{"floor":42,"key":"Incense Burner"},{"floor":43,"key":"Ancient Tea Set"},{"floor":48,"key":"Whetstone"},{"floor":48,"key":"FossilizedHelix"},{"floor":49,"key":"Lantern"}],"event_choices":[{"damage_healed":0.0,"max_hp_gain":0.0,"max_hp_loss":0.0,"gold_gain":0.0,"event_name":"Scrap Ooze","player_choice":"Success","floor":2.0,"gold_loss":0.0,"damage_taken":12.0,"relics_obtained":["Bag of Marbles"]},{"damage_healed":0.0,"max_hp_gain":0.0,"max_hp_loss":0.0,"gold_gain":0.0,"event_name":"Lab","player_choice":"Got Potions","floor":3.0,"gold_loss":0.0,"damage_taken":0.0},{"cards_removed":["Strike_R"],"damage_healed":0.0,"max_hp_gain":0.0,"max_hp_loss":0.0,"gold_gain":0.0,"event_name":"Golden Wing","player_choice":"Card Removal","floor":7.0,"gold_loss":0.0,"damage_taken":7.0},{"damage_healed":0.0,"max_hp_gain":0.0,"max_hp_loss":0.0,"gold_gain":0.0,"event_name":"Vampires","player_choice":"Ignored","floor":20.0,"gold_loss":0.0,"damage_taken":0.0},{"damage_healed":0.0,"max_hp_gain":0.0,"max_hp_loss":0.0,"gold_gain":0.0,"event_name":"Drug Dealer","player_choice":"Obtain J.A.X.","floor":22.0,"gold_loss":0.0,"damage_taken":0.0,"cards_obtained":["J.A.X."]},{"damage_healed":0,"gold_gain":0,"player_choice":"Fight","damage_taken":0,"max_hp_gain":0,"max_hp_loss":0,"event_name":"Mysterious Sphere","floor":39,"gold_loss":0},{"damage_healed":0,"gold_gain":0,"cards_transformed":["Evolve"],"player_choice":"Transformed","damage_taken":0,"max_hp_gain":0,"max_hp_loss":0,"event_name":"Transmorgrifier","floor":46,"gold_loss":0,"cards_obtained":["Fiend Fire"]}],"is_beta":false,"boss_relics":[{"not_picked":["Snecko Eye","Sozu"],"picked":"Black Star"},{"not_picked":["Runic Pyramid","Busted Crown"],"picked":"Cursed Key"}],"items_purged_floors":[19,37,45],"is_endless":false,"potions_floor_spawned":[4,11,13,14,21,24,28,29,31,33,38,42,47,48],"ascension_level":8}}