{"host":"u0qetpmu4y58k1tf","time":1611374324,"event":{"mods":["AchievementEnabler","BaseMod","Colored Map","Colored Powertips","Hermit","Marisa£¨Ùöéë¡¡Øª×âÞÞ£©","Minty Spire (QoL Compilation)","Replay The Spire","StSLib","SuperFastMode","The Bug Knight","The Cursed","The Hierophant","The Runesmith"],"gold_per_floor":[117,42,117,117,117,117,136,136,210,221,246,266,8,21,21,119,119,135,135,150,179,179,179,179],"floor_reached":23,"language":"KOR","playtime":1169,"items_purged":["Doubt"],"score":198,"play_id":"c85c2afa-2c27-46f4-a416-0306a6de373d","local_time":"20210123125844","is_ascension_mode":true,"campfire_choices":[{"data":"Eruption","floor":6,"key":"SMITH"},{"data":"Consecrate","floor":8,"key":"SMITH"},{"data":"Pot Of Greed","floor":15,"key":"SMITH"}],"circlet_count":0,"master_deck":["Strike_P","Strike_P","Strike_P+1","Strike_P","Defend_P","Defend_P","Defend_P+1","Defend_P","Eruption+1","Vigilance","InnerPeace","Consecrate+1","Alpha+1","Pot Of Greed+1","Pot Of Greed","Perseverance","FollowUp","Establishment+1","Crescendo","FlyingSleeves","SandsOfTime"],"relics":["PureWater","TungstenRod","Mirror","Golden Egg","Grinning Jar","Snack Pack","Sozu","Red Mask","MutagenicStrength"],"acts_visited":["Exordium","TheCity"],"potions_floor_usage":[16],"damage_taken":[{"damage":0,"enemies":"Jaw Worm","floor":1,"turns":5},{"damage":0,"enemies":"2 Louse","floor":7,"turns":3},{"damage":0,"enemies":"Small Slimes","floor":10,"turns":2},{"damage":4,"enemies":"3 Sentries","floor":11,"turns":4},{"damage":6,"enemies":"Blue Slaver","floor":12,"turns":3},{"damage":2,"enemies":"Lots of Slimes","floor":14,"turns":3},{"damage":22,"enemies":"Slime Boss","floor":16,"turns":5},{"damage":0,"enemies":"Chosen","floor":18,"turns":4},{"damage":9,"enemies":"Spheric Guardian","floor":20,"turns":4},{"damage":24,"enemies":"Masked Bandits","floor":21,"turns":3},{"damage":50,"enemies":"Slavers","floor":23,"turns":3}],"seed_played":"-3987507535121702443","potions_obtained":[{"floor":11,"key":"Milkshake"},{"floor":14,"key":"Fruit Juice"},{"floor":16,"key":"BottledMiracle"}],"is_trial":false,"path_per_floor":["M","$","?","?","T","R","M","R","T","M","E","M","$","M","R","B",null,"M","?","M","?","?","E"],"character_chosen":"WATCHER","items_purchased":["Snack Pack"],"campfire_rested":0,"item_purchase_floors":[13],"current_hp_per_floor":[72,72,62,49,49,49,49,49,49,49,45,39,39,39,39,26,77,77,64,57,35,35,0,0],"gold":179,"neow_bonus":"ONE_RARE_RELIC","is_daily":false,"chose_seed":false,"campfire_upgraded":3,"win_rate":0.0,"timestamp":1611374324,"path_taken":["M","$","?","?","?","R","M","R","T","M","E","M","$","M","R","BOSS","M","?","M","?","?","E"],"items_purchased_type":["Relic"],"build_version":"2020-12-22","purchased_purges":1,"victory":false,"max_hp_per_floor":[72,72,72,72,72,72,72,72,72,72,72,72,72,72,72,77,77,77,82,82,82,82,82,82],"card_choices":[{"not_picked":["Adaptation","Vengeance"],"picked":"InnerPeace","floor":1},{"not_picked":["JustLucky","EmptyFist"],"picked":"Consecrate","floor":7},{"not_picked":["InnerPeace","BowlingBash"],"picked":"Alpha","floor":10},{"not_picked":["Replay:BluntJabs","WheelKick","Replay:AtTheReady"],"picked":"SKIP","floor":11},{"not_picked":["WheelKick","WindmillStrike"],"picked":"Perseverance","floor":12},{"not_picked":["FlurryOfBlows","Replay:ManipulateFuture"],"picked":"FollowUp","floor":14},{"not_picked":["Alpha","LessonLearned"],"picked":"Establishment","floor":16},{"not_picked":["BowlingBash","Nirvana+1"],"picked":"Crescendo","floor":18},{"not_picked":["JustLucky","Nirvana"],"picked":"FlyingSleeves","floor":20},{"not_picked":["Consecrate","Evaluate"],"picked":"SandsOfTime","floor":21}],"player_experience":43395,"relics_obtained":[{"floor":5,"key":"Mirror"},{"floor":9,"key":"Golden Egg"},{"floor":11,"key":"Grinning Jar"},{"floor":21,"key":"Red Mask"}],"event_choices":[{"damage_healed":0,"gold_gain":75,"player_choice":"Gather Gold","damage_taken":11,"max_hp_gain":0,"max_hp_loss":0,"event_name":"World of Goop","floor":3,"gold_loss":0},{"damage_healed":0,"gold_gain":0,"player_choice":"Entered Light","damage_taken":14,"max_hp_gain":0,"max_hp_loss":0,"event_name":"Shining Light","floor":4,"gold_loss":0,"cards_upgraded":["Defend_P","Strike_P"]},{"damage_healed":0,"gold_gain":0,"player_choice":"Shed Blood","damage_taken":19,"max_hp_gain":5,"max_hp_loss":0,"event_name":"Forgotten Altar","floor":19,"gold_loss":0},{"damage_healed":0,"gold_gain":0,"player_choice":"Fought Bandits","damage_taken":0,"max_hp_gain":0,"max_hp_loss":0,"event_name":"Masked Bandits","floor":21,"gold_loss":0},{"damage_healed":0,"gold_gain":0,"player_choice":"Inject Mutagens","damage_taken":0,"relics_obtained":["MutagenicStrength"],"max_hp_gain":0,"max_hp_loss":0,"event_name":"Drug Dealer","floor":22,"gold_loss":0}],"is_beta":false,"boss_relics":[{"not_picked":["Abe\u0027s Treasure","Velvet Choker"],"picked":"Sozu"}],"items_purged_floors":[2],"is_endless":false,"potions_floor_spawned":[11,14,16,18,20,21],"killed_by":"Slavers","ascension_level":1}}