{"host":"8dhn6p16jorj0i1s","time":1611426164,"event":{"mods":["BaseMod","Colored Map","DeckTracker","Highlight Path","Minty Spire (QoL Compilation)","Permanent Neow","Quick Restart"],"gold_per_floor":[114,64,83,96,96,96,115,127,127,302,302,1,1,1,1,98,98,108,108,124,137,137,137,166,166,193,226,226,238,248,265,265,362,362,378,398,147,162,178,203,203,247,256,300,326,132,144,144,144,144],"floor_reached":51,"language":"ENG","playtime":5682,"items_purged":["Doubt","Decay","Normality"],"score":1065,"play_id":"8c234616-9f0f-49ca-892f-69a600ee9c3a","local_time":"20210123192244","is_ascension_mode":true,"campfire_choices":[{"data":"Blade Dance","floor":6,"key":"SMITH"},{"data":"Riddle With Holes","floor":11,"key":"SMITH"},{"data":"Finisher","floor":13,"key":"SMITH"},{"data":"Venomology","floor":15,"key":"SMITH"},{"data":"Accuracy","floor":23,"key":"SMITH"},{"floor":28,"key":"REST"},{"floor":32,"key":"REST"},{"data":"After Image","floor":41,"key":"SMITH"},{"data":"Finisher","floor":49,"key":"SMITH"}],"circlet_count":0,"master_deck":["Strike_G+1","Strike_G+1","Strike_G+1","Strike_G+1","Defend_G+1","Defend_G+1","Defend_G+1","Defend_G+1","Survivor","Neutralize+1","Corpse Explosion","Endless Agony","Blade Dance+1","Riddle With Holes+1","Finisher+1","Venomology+1","After Image+1","Accuracy+1","Blade Dance","Acrobatics+1","Storm of Steel","Accuracy","Backstab+1","Phantasmal Killer","Finisher+1","Tools of the Trade+1","Leg Sweep+1","Noxious Fumes+1"],"relics":["Ring of the Snake","Bottled Lightning","MealTicket","Cursed Key","Vajra","Boot","HornCleat","WristBlade","Akabeko","Frozen Egg 2","CeramicFish","Mercury Hourglass","Bottled Tornado"],"acts_visited":["Exordium","TheCity","TheBeyond"],"potions_floor_usage":[16,18,20,20,21,21,21,27,27,27,30,31,31,31,33,35,35,39,40,40,42,42,42,45,45,50,50,50],"damage_taken":[{"damage":1,"enemies":"2 Louse","floor":1,"turns":2},{"damage":0,"enemies":"Jaw Worm","floor":3,"turns":5},{"damage":0,"enemies":"Cultist","floor":4,"turns":3},{"damage":6,"enemies":"Blue Slaver","floor":7,"turns":3},{"damage":6,"enemies":"Looter","floor":8,"turns":2},{"damage":29,"enemies":"Slime Boss","floor":16,"turns":6},{"damage":0,"enemies":"Spheric Guardian","floor":18,"turns":3},{"damage":7,"enemies":"Shell Parasite","floor":20,"turns":4},{"damage":0,"enemies":"Snecko","floor":21,"turns":2},{"damage":15,"enemies":"Gremlin Leader","floor":24,"turns":5},{"damage":0,"enemies":"Book of Stabbing","floor":27,"turns":3},{"damage":9,"enemies":"Shelled Parasite and Fungi","floor":29,"turns":4},{"damage":7,"enemies":"Snake Plant","floor":30,"turns":3},{"damage":12,"enemies":"Cultist and Chosen","floor":31,"turns":5},{"damage":26,"enemies":"Collector","floor":33,"turns":7},{"damage":0,"enemies":"3 Darklings","floor":35,"turns":3},{"damage":0,"enemies":"3 Shapes","floor":36,"turns":1},{"damage":0,"enemies":"Spire Growth","floor":38,"turns":2},{"damage":0,"enemies":"4 Shapes","floor":39,"turns":4},{"damage":0,"enemies":"Giant Head","floor":40,"turns":5},{"damage":0,"enemies":"Reptomancer","floor":42,"turns":2},{"damage":7,"enemies":"Giant Head","floor":44,"turns":5},{"damage":7,"enemies":"Maw","floor":45,"turns":4},{"damage":1,"enemies":"Spire Growth","floor":47,"turns":3},{"damage":45,"enemies":"Awakened One","floor":50,"turns":7}],"seed_played":"-169552336482166238","potions_obtained":[{"floor":1,"key":"SkillPotion"},{"floor":3,"key":"DistilledChaos"},{"floor":8,"key":"Strength Potion"},{"floor":20,"key":"Fire Potion"},{"floor":24,"key":"CunningPotion"},{"floor":30,"key":"Poison Potion"},{"floor":33,"key":"BlessingOfTheForge"},{"floor":38,"key":"CultistPotion"},{"floor":40,"key":"AttackPotion"},{"floor":44,"key":"Explosive Potion"},{"floor":47,"key":"Fire Potion"}],"is_trial":false,"path_per_floor":["M","?","M","M","?","R","M","M","T","?","R","$","R","?","R","B",null,"M","?","M","M","?","R","E","?","T","E","R","M","M","M","R","B",null,"M","M","$","M","M","E","R","E","T","E","M","$","M","?","R","B",null],"character_chosen":"THE_SILENT","items_purchased":["MealTicket","Finisher","Akabeko","Noxious Fumes+1"],"campfire_rested":2,"item_purchase_floors":[12,12,37,46],"current_hp_per_floor":[44,44,44,44,44,44,38,32,32,32,32,32,32,32,32,3,53,53,53,46,46,46,46,31,18,18,18,40,31,24,12,34,8,58,58,58,73,73,73,73,73,73,73,66,59,74,73,71,71,26],"gold":144,"neow_bonus":"THREE_RARE_CARDS","is_daily":false,"chose_seed":false,"campfire_upgraded":7,"win_rate":0.0,"timestamp":1611426164,"path_taken":["M","?","M","M","?","R","M","?","T","?","R","$","R","?","R","BOSS","M","?","?","M","?","R","E","?","T","E","R","M","M","M","R","BOSS","M","M","$","M","M","E","R","E","T","E","M","$","M","?","R","BOSS"],"items_purchased_type":["Relic","Card","Relic","Card"],"build_version":"2020-12-22","purchased_purges":3,"victory":true,"max_hp_per_floor":[70,70,70,70,70,70,70,70,70,70,70,70,70,70,70,70,70,70,70,70,70,70,70,70,75,75,75,75,75,75,75,75,75,75,75,75,75,75,75,75,75,75,75,75,75,75,75,71,71,71],"card_choices":[{"not_picked":["Burst","Doppelganger"],"picked":"Corpse Explosion","floor":0},{"not_picked":["All Out Attack","Cloak And Dagger"],"picked":"Endless Agony","floor":1},{"not_picked":["Slice","PiercingWail"],"picked":"Blade Dance","floor":3},{"not_picked":["Acrobatics","Eviscerate"],"picked":"Riddle With Holes","floor":4},{"not_picked":["Dagger Spray","Outmaneuver","Underhanded Strike"],"picked":"SKIP","floor":7},{"not_picked":["Dagger Spray","Blur","Deflect"],"picked":"SKIP","floor":8},{"not_picked":["Grand Finale","Wraith Form v2"],"picked":"After Image","floor":16},{"not_picked":["Dagger Spray","Flechettes"],"picked":"Accuracy","floor":18},{"not_picked":["Calculated Gamble","Deflect","Riddle With Holes"],"picked":"SKIP","floor":20},{"not_picked":["Skewer","Deadly Poison","Slice"],"picked":"SKIP","floor":21},{"not_picked":["Backflip","Riddle With Holes","Sucker Punch"],"picked":"SKIP","floor":24},{"not_picked":["Sucker Punch+1","All Out Attack","Dodge and Roll"],"picked":"SKIP","floor":27},{"not_picked":["Acrobatics","Escape Plan"],"picked":"Blade Dance","floor":29},{"not_picked":["Well Laid Plans","Poisoned Stab","Underhanded Strike"],"picked":"SKIP","floor":30},{"not_picked":["Predator+1","Dagger Spray"],"picked":"Acrobatics+1","floor":31},{"not_picked":["Tools of the Trade","Die Die Die"],"picked":"Storm of Steel","floor":33},{"not_picked":["Skewer","Heel Hook","Riddle With Holes"],"picked":"SKIP","floor":35},{"not_picked":["Underhanded Strike+1","Poisoned Stab"],"picked":"Accuracy","floor":36},{"not_picked":["Dodge and Roll+1","Slice+1"],"picked":"Backstab+1","floor":38},{"not_picked":["Dagger Spray","Outmaneuver","Dagger Throw"],"picked":"SKIP","floor":39},{"not_picked":["Flechettes","Calculated Gamble+1"],"picked":"Phantasmal Killer","floor":40},{"not_picked":["Outmaneuver","Tactician+1"],"picked":"Finisher","floor":42},{"not_picked":["Footwork+1","Backflip+1"],"picked":"Tools of the Trade+1","floor":44},{"not_picked":["Dagger Throw+1","Outmaneuver"],"picked":"Leg Sweep+1","floor":45},{"not_picked":["Flying Knee+1","Slice","Dagger Spray+1"],"picked":"SKIP","floor":47}],"player_experience":458401,"relics_obtained":[{"floor":9,"key":"Bottled Lightning"},{"floor":24,"key":"Vajra"},{"floor":26,"key":"Boot"},{"floor":27,"key":"HornCleat"},{"floor":40,"key":"Frozen Egg 2"},{"floor":42,"key":"CeramicFish"},{"floor":43,"key":"Mercury Hourglass"},{"floor":44,"key":"Bottled Tornado"}],"event_choices":[{"cards_removed":["Strike_G"],"damage_healed":0,"gold_gain":0,"player_choice":"Card Removal","damage_taken":0,"max_hp_gain":0,"max_hp_loss":0,"event_name":"The Cleric","floor":2,"gold_loss":50},{"damage_healed":0,"gold_gain":0,"player_choice":"Upgraded","damage_taken":0,"max_hp_gain":0,"max_hp_loss":0,"event_name":"Upgrade Shrine","floor":5,"gold_loss":0,"cards_upgraded":["Neutralize"]},{"damage_healed":0,"gold_gain":175,"player_choice":"AGREE","damage_taken":0,"max_hp_gain":0,"max_hp_loss":0,"event_name":"Liars Game","floor":10,"gold_loss":0,"cards_obtained":["Doubt"]},{"damage_healed":0,"gold_gain":0,"player_choice":"1 cards matched","damage_taken":0,"max_hp_gain":0,"max_hp_loss":0,"event_name":"Match and Keep!","floor":14,"gold_loss":0,"cards_obtained":["Venomology"]},{"cards_removed":["Defend_G"],"damage_healed":0,"gold_gain":0,"player_choice":"Purged","damage_taken":0,"max_hp_gain":0,"max_hp_loss":0,"event_name":"Purifier","floor":19,"gold_loss":0},{"damage_healed":0,"gold_gain":0,"player_choice":"Simplicity","damage_taken":0,"max_hp_gain":0,"max_hp_loss":0,"event_name":"Back to Basics","floor":22,"gold_loss":0,"cards_upgraded":["Strike_G","Strike_G","Strike_G","Strike_G","Defend_G","Defend_G","Defend_G","Defend_G"]},{"damage_healed":0,"gold_gain":0,"player_choice":"Shed Blood","damage_taken":18,"max_hp_gain":5,"max_hp_loss":0,"event_name":"Forgotten Altar","floor":25,"gold_loss":0},{"damage_healed":0,"gold_gain":0,"player_choice":"Max HP","damage_taken":0,"max_hp_gain":0,"max_hp_loss":4,"event_name":"Winding Halls","floor":48,"gold_loss":0}],"is_beta":false,"boss_relics":[{"not_picked":["Ectoplasm","Velvet Choker"],"picked":"Cursed Key"},{"not_picked":["SlaversCollar","Philosopher\u0027s Stone"],"picked":"WristBlade"}],"items_purged_floors":[12,37,46],"is_endless":false,"potions_floor_spawned":[1,3,8,20,24,30,33,38,39,40,44,47],"ascension_level":6}}