{"host":"ivscj6css7zfh8wh","time":1611361814,"event":{"mods":["2.2 Compatiblity","AchievementEnabler","BaseMod","Colored Map","DeckTracker","Highlight Path","Keyboard Shortcuts","Minty Spire (QoL Compilation)","Permanent Neow","Quick Restart","Random Character Button","StSLib","SuperFastMode"],"gold_per_floor":[117,127,137,153,172,204,204,239,239,257,257,257,257,257,257,257,257],"floor_reached":16,"language":"KOR","playtime":422,"items_purged":[],"score":148,"play_id":"35b6ed39-37d9-424c-a5f2-24317d768e27","local_time":"20210123093014","is_ascension_mode":true,"campfire_choices":[{"floor":7.0,"key":"REST"},{"floor":11.0,"key":"REST"},{"data":"1","floor":13.0,"key":"LIFT"},{"data":"2","floor":15.0,"key":"LIFT"}],"circlet_count":0,"master_deck":["Strike_P","Strike_P","Strike_P","Strike_P","Defend_P","Defend_P","Defend_P","Defend_P","Eruption","Vigilance","Prostrate","Prostrate","Indignation+1","Prostrate","Prostrate","FlurryOfBlows+1","Vengeance","Regret"],"relics":["PureWater","Lantern","Dream Catcher","Girya","Blue Candle","MealTicket"],"acts_visited":["Exordium"],"potions_floor_usage":[],"damage_taken":[{"damage":4.0,"enemies":"Jaw Worm","floor":1.0,"turns":3.0},{"damage":3.0,"enemies":"2 Louse","floor":2.0,"turns":4.0},{"damage":0.0,"enemies":"Cultist","floor":3.0,"turns":2.0},{"damage":10.0,"enemies":"Exordium Thugs","floor":4.0,"turns":4.0},{"damage":2.0,"enemies":"Looter","floor":5.0,"turns":3.0},{"damage":37.0,"enemies":"Lagavulin","floor":6.0,"turns":5.0},{"damage":30.0,"enemies":"Gremlin Nob","floor":8.0,"turns":4.0},{"damage":0.0,"enemies":"3 Louse","floor":10.0,"turns":3.0},{"damage":27,"enemies":"Slime Boss","floor":16,"turns":3}],"seed_played":"8950775062468143195","potions_obtained":[{"floor":2.0,"key":"SpeedPotion"},{"floor":3.0,"key":"Weak Potion"},{"floor":8.0,"key":"LiquidBronze"}],"is_trial":false,"path_per_floor":["M","M","M","M","M","E","R","E","T","M","R","?","R","?","R","B"],"character_chosen":"WATCHER","items_purchased":[],"campfire_rested":2,"item_purchase_floors":[],"current_hp_per_floor":[68,65,65,55,53,16,37,7,7,7,28,28,28,14,14,0,0],"gold":257,"neow_bonus":"RANDOM_COMMON_RELIC","is_daily":false,"chose_seed":false,"campfire_upgraded":0,"win_rate":0.0,"timestamp":1611361814,"path_taken":["M","M","M","M","M","E","R","E","T","M","R","?","R","?","R","BOSS"],"items_purchased_type":[],"build_version":"2020-12-22","purchased_purges":0,"victory":false,"max_hp_per_floor":[72,72,72,72,72,72,72,72,72,72,72,72,72,72,72,72,72],"card_choices":[{"not_picked":["Evaluate","Meditate","Consecrate"],"picked":"SKIP","floor":1.0},{"not_picked":["CrushJoints","Crescendo"],"picked":"Prostrate","floor":2.0},{"not_picked":["PathToVictory","Study","BowlingBash"],"picked":"SKIP","floor":3.0},{"not_picked":["BowlingBash","Alpha"],"picked":"Prostrate","floor":4.0},{"not_picked":["Consecrate","FlyingSleeves"],"picked":"Indignation","floor":5.0},{"not_picked":["ReachHeaven","Tantrum"],"picked":"Prostrate","floor":6.0},{"not_picked":["FollowUp","FlurryOfBlows"],"picked":"Prostrate","floor":7.0},{"not_picked":["PathToVictory","Vault"],"picked":"FlurryOfBlows","floor":8.0},{"not_picked":["FlyingSleeves","EmptyFist","Evaluate"],"picked":"SKIP","floor":10.0},{"not_picked":["BowlingBash","ClearTheMind"],"picked":"Vengeance","floor":11.0}],"player_experience":738445,"relics_obtained":[{"floor":6.0,"key":"Dream Catcher"},{"floor":8.0,"key":"Girya"},{"floor":9.0,"key":"Blue Candle"}],"event_choices":[{"damage_healed":0.0,"max_hp_gain":0.0,"max_hp_loss":0.0,"gold_gain":0.0,"event_name":"Big Fish","player_choice":"Box","floor":12.0,"gold_loss":0.0,"damage_taken":0.0,"relics_obtained":["MealTicket"],"cards_obtained":["Regret"]},{"damage_healed":0.0,"max_hp_gain":0.0,"max_hp_loss":0.0,"gold_gain":0.0,"event_name":"Shining Light","player_choice":"Entered Light","floor":14.0,"gold_loss":0.0,"damage_taken":14.0,"cards_upgraded":["Indignation","FlurryOfBlows"]}],"is_beta":false,"boss_relics":[],"items_purged_floors":[],"is_endless":false,"potions_floor_spawned":[2,3,8],"killed_by":"Slime Boss","ascension_level":2}}