{"host":"vyjryxuuuxkt43k4","time":1611404542,"event":{"mods":["AchievementEnabler","BaseMod","Colored Map","DeckTracker","Keyboard Shortcuts","Minty Spire (QoL Compilation)","Permanent Neow","Quick Restart","StSLib","SuperFastMode","everything is the same but u backflip on backflip"],"gold_per_floor":[115,126,126,141,53,96,96,127,127,74,74,112,112,143,143,241,241,260,127,150,150,65,65,99,122,168,186,186,311,63,103,103,197,197,211,75,90,423,96,127,145,171,171,171,186,206,206,232,232,232,232,232,3,35,35,35],"floor_reached":55,"language":"KOR","playtime":2432,"items_purged":["Thunderclap"],"score":1697,"play_id":"20e7f807-23a4-451f-a917-6642831333fe","local_time":"20210123212222","is_ascension_mode":true,"campfire_choices":[{"data":"Perfected Strike","floor":7.0,"key":"SMITH"},{"floor":11.0,"key":"REST"},{"data":"Feel No Pain","floor":15.0,"key":"SMITH"},{"data":"Inflame","floor":23.0,"key":"SMITH"},{"floor":28.0,"key":"REST"},{"data":"Dark Embrace","floor":32.0,"key":"SMITH"},{"floor":44.0,"key":"RECALL"},{"floor":49.0,"key":"REST"},{"floor":52.0,"key":"REST"}],"circlet_count":0,"master_deck":["AscendersBane","Strike_R","Strike_R","Strike_R","Strike_R","Strike_R","Defend_R","Defend_R","Defend_R+1","Defend_R","Bash","Infernal Blade+1","Perfected Strike+1","Feel No Pain+1","Shrug It Off","Whirlwind+1","Pommel Strike+1","Thunderclap+1","Feed+1","Perfected Strike+1","Twin Strike+1","Inflame+1","Perfected Strike+1","Wild Strike+1","Headbutt+1","Dual Wield","Dark Embrace+1","Perfected Strike+1","Impervious","Body Slam+1","Twin Strike+1","Double Tap","Twin Strike+1","Entrench+1","Twin Strike+1","Warcry+1","Twin Strike+1","Dark Shackles","Apotheosis","Wild Strike+1","Uppercut+1"],"relics":["Burning Blood","PreservedInsect","War Paint","Molten Egg 2","Bronze Scales","Vajra","Oddly Smooth Stone","Philosopher\u0027s Stone","HornCleat","Pantograph","StoneCalendar","Bottled Lightning","Potion Belt","Ornamental Fan","Fusion Hammer","Thread and Needle","Mummified Hand","Singing Bowl","The Courier","Centennial Puzzle","Orichalcum","Torii"],"acts_visited":["Exordium","TheCity","TheBeyond","TheEnding"],"potions_floor_usage":[55,55],"damage_taken":[{"damage":12.0,"enemies":"2 Louse","floor":1.0,"turns":4.0},{"damage":2.0,"enemies":"Jaw Worm","floor":2.0,"turns":5.0},{"damage":16.0,"enemies":"Small Slimes","floor":4.0,"turns":6.0},{"damage":8.0,"enemies":"Gremlin Nob","floor":6.0,"turns":3.0},{"damage":21.0,"enemies":"Lagavulin","floor":8.0,"turns":6.0},{"damage":14.0,"enemies":"3 Sentries","floor":12.0,"turns":3.0},{"damage":20.0,"enemies":"Lagavulin","floor":14.0,"turns":3.0},{"damage":18.0,"enemies":"Slime Boss","floor":16.0,"turns":8.0},{"damage":9.0,"enemies":"Shell Parasite","floor":18.0,"turns":3.0},{"damage":0.0,"enemies":"Spheric Guardian","floor":20.0,"turns":3.0},{"damage":10.0,"enemies":"Slavers","floor":24.0,"turns":3.0},{"damage":21.0,"enemies":"Cultist and Chosen","floor":25.0,"turns":4.0},{"damage":12.0,"enemies":"Centurion and Healer","floor":27.0,"turns":4.0},{"damage":5.0,"enemies":"Colosseum Slavers","floor":29.0,"turns":4.0},{"damage":4.0,"enemies":"Colosseum Nobs","floor":29.0,"turns":4.0},{"damage":6.0,"enemies":"Book of Stabbing","floor":31.0,"turns":3.0},{"damage":93.0,"enemies":"Champ","floor":33.0,"turns":8.0},{"damage":1.0,"enemies":"Orb Walker","floor":35.0,"turns":2.0},{"damage":6.0,"enemies":"3 Shapes","floor":37.0,"turns":3.0},{"damage":13.0,"enemies":"Nemesis","floor":40.0,"turns":3.0},{"damage":0.0,"enemies":"Jaw Worm Horde","floor":41.0,"turns":2.0},{"damage":0.0,"enemies":"Reptomancer","floor":42.0,"turns":3.0},{"damage":3.0,"enemies":"Transient","floor":45.0,"turns":6.0},{"damage":9.0,"enemies":"3 Darklings","floor":46.0,"turns":3.0},{"damage":14.0,"enemies":"Giant Head","floor":48.0,"turns":5.0},{"damage":42.0,"enemies":"Donu and Deca","floor":50.0,"turns":7.0},{"damage":69.0,"enemies":"Shield and Spear","floor":54.0,"turns":5.0},{"damage":84,"enemies":"The Heart","floor":55,"turns":3}],"seed_played":"-4060648236122669190","potions_obtained":[{"floor":1.0,"key":"Swift Potion"},{"floor":4.0,"key":"DuplicationPotion"},{"floor":12.0,"key":"FairyPotion"},{"floor":16.0,"key":"Strength Potion"},{"floor":27.0,"key":"Block Potion"},{"floor":31.0,"key":"Block Potion"},{"floor":33.0,"key":"SteroidPotion"},{"floor":37.0,"key":"SpeedPotion"},{"floor":45.0,"key":"EssenceOfSteel"},{"floor":48.0,"key":"SkillPotion"}],"is_trial":false,"path_per_floor":["M","M","?","M","$","E","R","E","T","$","R","E","?","E","R","B",null,"M","$","M","?","?","R","E","M","T","M","R","?","$","E","R","B",null,"M","$","M","?","$","E","M","E","T","R","M","M","?","E","R","B",null,"R","$","E","B"],"character_chosen":"IRONCLAD","items_purchased":["Feel No Pain","Fire Potion","Twin Strike+1","Dark Embrace","Potion Belt","DistilledChaos","Twin Strike+1","Thread and Needle","Orichalcum","LiquidBronze","Uppercut+1"],"campfire_rested":4,"item_purchase_floors":[5,10,19,30,30,36,36,39,53,53,53],"current_hp_per_floor":[62,66,66,56,56,54,54,39,39,39,59,51,51,37,37,25,57,54,54,60,60,60,60,56,41,41,39,60,67,67,67,67,28,64,69,69,69,69,69,62,72,78,78,78,80,77,69,61,82,46,73,82,82,21,0,0],"gold":35,"neow_bonus":"RANDOM_COMMON_RELIC","is_daily":false,"chose_seed":false,"campfire_upgraded":4,"win_rate":0.0,"timestamp":1611404542,"path_taken":["M","M","?","M","$","E","R","E","T","$","R","E","?","E","R","BOSS","M","$","M","?","?","R","E","M","T","M","R","?","$","E","R","BOSS","M","$","M","?","$","E","M","E","T","R","M","M","?","E","R","BOSS","R","$","E","BOSS"],"items_purchased_type":["Card","Potion","Card","Card","Relic","Potion","Card","Relic","Relic","Potion","Card"],"build_version":"2020-12-22","purchased_purges":1,"victory":false,"max_hp_per_floor":[75,75,68,68,68,68,68,68,68,68,68,68,68,68,68,68,68,68,68,68,68,68,68,68,68,68,72,72,76,76,76,76,76,76,76,76,76,76,76,76,80,80,80,80,80,80,82,82,82,82,82,82,82,84,84,84],"card_choices":[{"not_picked":["Body Slam","Anger"],"picked":"Infernal Blade","floor":1.0},{"not_picked":["Thunderclap","Body Slam"],"picked":"Perfected Strike","floor":2.0},{"not_picked":["Clash","Berserk"],"picked":"Thunderclap","floor":4.0},{"not_picked":["Cleave","Heavy Blade"],"picked":"Shrug It Off","floor":6.0},{"not_picked":["Dual Wield","Heavy Blade+1"],"picked":"Whirlwind+1","floor":8.0},{"not_picked":["Wild Strike+1","Cleave+1"],"picked":"Pommel Strike+1","floor":12.0},{"not_picked":["Clash+1","Rampage+1"],"picked":"Thunderclap+1","floor":14.0},{"not_picked":["Barricade","Fiend Fire+1"],"picked":"Feed+1","floor":16.0},{"not_picked":["Second Wind+1","Clothesline+1"],"picked":"Perfected Strike+1","floor":18.0},{"not_picked":["Body Slam+1","Thunderclap+1"],"picked":"Inflame","floor":20.0},{"not_picked":["Fire Breathing+1","Pommel Strike+1"],"picked":"Wild Strike+1","floor":24.0},{"not_picked":["Bloodletting","Warcry"],"picked":"Headbutt+1","floor":25.0},{"not_picked":["Clothesline+1","Iron Wave+1"],"picked":"Dual Wield","floor":27.0},{"not_picked":["Shrug It Off","Dual Wield"],"picked":"Perfected Strike+1","floor":31.0},{"not_picked":["Demon Form","Brutality"],"picked":"Impervious","floor":33.0},{"not_picked":["Armaments","Clothesline+1"],"picked":"Body Slam+1","floor":35.0},{"not_picked":["Anger+1","Body Slam+1"],"picked":"Double Tap","floor":37.0},{"not_picked":["Sentinel","Entrench"],"picked":"Twin Strike+1","floor":40.0},{"not_picked":["Clash+1","Bloodletting"],"picked":"Entrench+1","floor":41.0},{"not_picked":["Second Wind","Iron Wave+1"],"picked":"Twin Strike+1","floor":42.0},{"not_picked":["Brutality","Body Slam+1"],"picked":"Warcry+1","floor":45.0},{"not_picked":["Reckless Charge+1","Sever Soul+1"],"picked":"Twin Strike+1","floor":46.0},{"not_picked":["Impatience","Blind"],"picked":"Dark Shackles","floor":47.0},{"not_picked":["Impatience","Blind","Flash of Steel+1"],"picked":"Singing Bowl","floor":47.0},{"not_picked":["Discovery","Good Instincts"],"picked":"Apotheosis","floor":47.0},{"not_picked":["Dual Wield+1","Carnage+1"],"picked":"Wild Strike+1","floor":48.0},{"not_picked":["Seeing Red","Inflame","Iron Wave+1"],"picked":"Singing Bowl","floor":54.0}],"player_experience":262425,"relics_obtained":[{"floor":6.0,"key":"War Paint"},{"floor":8.0,"key":"Molten Egg 2"},{"floor":9.0,"key":"Bronze Scales"},{"floor":12.0,"key":"Vajra"},{"floor":14.0,"key":"Oddly Smooth Stone"},{"floor":24.0,"key":"Pantograph"},{"floor":29.0,"key":"StoneCalendar"},{"floor":29.0,"key":"Bottled Lightning"},{"floor":31.0,"key":"Ornamental Fan"},{"floor":40.0,"key":"Mummified Hand"},{"floor":42.0,"key":"Singing Bowl"},{"floor":43.0,"key":"The Courier"},{"floor":48.0,"key":"Centennial Puzzle"},{"floor":54.0,"key":"Torii"}],"event_choices":[{"damage_healed":0.0,"max_hp_gain":0.0,"max_hp_loss":7.0,"gold_gain":0.0,"event_name":"Golden Idol","player_choice":"Lose Max HP","floor":3.0,"gold_loss":0.0,"damage_taken":0.0,"relics_obtained":["Golden Idol"]},{"damage_healed":0.0,"max_hp_gain":0.0,"max_hp_loss":0.0,"gold_gain":0.0,"event_name":"Liars Game","player_choice":"Ignored","floor":13.0,"gold_loss":0.0,"damage_taken":0.0},{"damage_healed":0.0,"max_hp_gain":0.0,"max_hp_loss":0.0,"gold_gain":0.0,"event_name":"The Library","player_choice":"Read","floor":21.0,"gold_loss":0.0,"damage_taken":0.0,"cards_obtained":["Perfected Strike"]},{"damage_healed":0.0,"max_hp_gain":0.0,"max_hp_loss":0.0,"gold_gain":0.0,"event_name":"Addict","player_choice":"Obtained Relic","floor":22.0,"gold_loss":85.0,"damage_taken":0.0,"relics_obtained":["HornCleat"]},{"damage_healed":0.0,"max_hp_gain":0.0,"max_hp_loss":0.0,"gold_gain":0.0,"event_name":"Colosseum","player_choice":"Fight","floor":29.0,"gold_loss":0.0,"damage_taken":0.0},{"damage_healed":0.0,"max_hp_gain":0.0,"max_hp_loss":0.0,"gold_gain":0.0,"event_name":"Colosseum","player_choice":"Fought Nobs","floor":29.0,"gold_loss":0.0,"damage_taken":0.0},{"damage_healed":0.0,"max_hp_gain":0.0,"max_hp_loss":0.0,"gold_gain":333.0,"event_name":"The Moai Head","player_choice":"Gave Idol","floor":38.0,"relics_lost":["Golden Idol"],"gold_loss":0.0,"damage_taken":0.0},{"damage_healed":0.0,"max_hp_gain":0.0,"max_hp_loss":0.0,"gold_gain":0.0,"event_name":"SensoryStone","player_choice":"Memory 3","floor":47.0,"gold_loss":0.0,"damage_taken":10.0}],"is_beta":false,"boss_relics":[{"not_picked":["Ectoplasm","Calling Bell"],"picked":"Philosopher\u0027s Stone"},{"not_picked":["Black Star","Cursed Key"],"picked":"Fusion Hammer"}],"items_purged_floors":[19],"is_endless":false,"potions_floor_spawned":[1,4,12,16,18,27,31,33,37,45,48],"killed_by":"The Heart","ascension_level":19}}