{"host":"i0avyit1s6jb1siw","time":1611442209,"event":{"mods":["BaseMod","DeckTracker","Dota2Spire","Highlight Path","Minty Spire (QoL Compilation)","Quick Restart","StSLib","SuperFastMode"],"gold_per_floor":[109,109,120,45,45,45,75,75,75,85,95,95,20,47,47,119,119,139,189,205,130,46,46,46,46],"floor_reached":24,"language":"ENG","playtime":321,"items_purged":["Strike_P"],"score":554,"play_id":"bf4998e7-2b49-4e57-9dc2-7e234eb8d06a","local_time":"20210123235009","is_ascension_mode":true,"campfire_choices":[{"data":"Eruption","floor":6.0,"key":"SMITH"},{"data":"Meditate","floor":8.0,"key":"SMITH"},{"floor":12.0,"key":"DIG"},{"floor":15.0,"key":"DIG"},{"floor":23,"key":"DIG"}],"circlet_count":0,"master_deck":["AscendersBane","Eruption+1","Vigilance","Indignation","Meditate+1","BowlingBash","DeusExMachina","EmptyMind+1","Vault+1","ForeignInfluence+1","FlyingSleeves","WreathOfFlame+1","CrushJoints","Pray+1","LessonLearned","Prostrate+1","Tantrum","Blasphemy+1"],"relics":["PureWater","NeowsBlessing","Shovel","Dota2Spire:MaskOfMadness","Toxic Egg 2","Dota2Spire:BladeMail","Pandora\u0027s Box","Sundial"],"acts_visited":["Exordium","TheCity"],"potions_floor_usage":[],"damage_taken":[{"damage":0.0,"enemies":"Small Slimes","floor":1.0,"turns":2.0},{"damage":0.0,"enemies":"Jaw Worm","floor":3.0,"turns":1.0},{"damage":0.0,"enemies":"Lagavulin","floor":7.0,"turns":1.0},{"damage":7.0,"enemies":"2 Louse","floor":10.0,"turns":2.0},{"damage":3.0,"enemies":"Blue Slaver","floor":11.0,"turns":3.0},{"damage":16.0,"enemies":"Gremlin Nob","floor":14.0,"turns":3.0},{"damage":0,"enemies":"Slime Boss","floor":16,"turns":6},{"damage":0,"enemies":"Spheric Guardian","floor":18,"turns":3},{"damage":21,"enemies":"Shell Parasite","floor":20,"turns":3},{"damage":100032,"enemies":"Book of Stabbing","floor":24,"turns":4}],"seed_played":"-7447404336275690922","potions_obtained":[{"floor":14.0,"key":"DuplicationPotion"},{"floor":18,"key":"DuplicationPotion"}],"is_trial":false,"path_per_floor":["M","?","M","?","?","R","E","R","T","M","M","R","$","E","R","B",null,"M","?","M","?","$","R","E"],"character_chosen":"WATCHER","items_purchased":["Blasphemy+1"],"campfire_rested":0,"item_purchase_floors":[22],"current_hp_per_floor":[61,41,41,41,41,41,41,41,41,34,31,31,31,23,23,23,57,57,57,36,36,36,36,0,0],"gold":46,"neow_bonus":"THREE_ENEMY_KILL","is_daily":false,"chose_seed":false,"campfire_upgraded":2,"win_rate":0.0,"timestamp":1611442209,"path_taken":["M","?","M","?","?","R","E","R","T","M","M","R","?","E","R","BOSS","M","?","M","?","$","R","E"],"items_purchased_type":["Card"],"build_version":"2020-12-22","purchased_purges":1,"victory":false,"max_hp_per_floor":[68,68,68,68,68,68,68,68,68,68,68,68,68,68,68,68,68,68,68,68,68,68,68,68,68],"card_choices":[{"not_picked":["FlyingSleeves","ThirdEye"],"picked":"CrushJoints","floor":1.0},{"not_picked":["FlyingSleeves","ReachHeaven"],"picked":"Indignation","floor":3.0},{"not_picked":["FlurryOfBlows","Evaluate"],"picked":"Meditate","floor":7.0},{"not_picked":["SashWhip","Crescendo"],"picked":"BowlingBash","floor":10.0},{"not_picked":["BowlingBash","Conclude"],"picked":"DeusExMachina","floor":11.0},{"not_picked":["Weave","EmptyFist"],"picked":"EmptyMind+1","floor":14.0},{"not_picked":["MasterReality","SpiritShield+1"],"picked":"Vault+1","floor":16},{"not_picked":["CrushJoints","Consecrate"],"picked":"Prostrate+1","floor":18},{"not_picked":["FlurryOfBlows+1","EmptyFist"],"picked":"Tantrum","floor":20}],"player_experience":2323431,"relics_obtained":[{"floor":7.0,"key":"Shovel"},{"floor":12.0,"key":"Dota2Spire:MaskOfMadness"},{"floor":14.0,"key":"Toxic Egg 2"},{"floor":15.0,"key":"Dota2Spire:BladeMail"},{"floor":23,"key":"Sundial"}],"event_choices":[{"damage_healed":0.0,"max_hp_gain":0.0,"max_hp_loss":0.0,"gold_gain":0.0,"event_name":"Shining Light","player_choice":"Entered Light","floor":2.0,"gold_loss":0.0,"damage_taken":20.0,"cards_upgraded":["Strike_P","Defend_P"]},{"cards_removed":["Defend_P"],"damage_healed":0.0,"max_hp_gain":0.0,"max_hp_loss":0.0,"gold_gain":0.0,"event_name":"The Cleric","player_choice":"Card Removal","floor":4.0,"gold_loss":75.0,"damage_taken":0.0},{"damage_healed":0.0,"max_hp_gain":0.0,"max_hp_loss":0.0,"gold_gain":0.0,"event_name":"Liars Game","player_choice":"Ignored","floor":5.0,"gold_loss":0.0,"damage_taken":0.0},{"damage_healed":0,"gold_gain":50,"player_choice":"Stole From Cult","damage_taken":0,"max_hp_gain":0,"max_hp_loss":0,"event_name":"Nest","floor":19,"gold_loss":0},{"cards_removed":["CrushJoints"],"damage_healed":0,"gold_gain":0,"player_choice":"Gave Gold","damage_taken":0,"max_hp_gain":0,"max_hp_loss":0,"event_name":"Beggar","floor":21,"gold_loss":75}],"is_beta":false,"boss_relics":[{"not_picked":["Snecko Eye","Runic Dome"],"picked":"Pandora\u0027s Box"}],"items_purged_floors":[13],"is_endless":false,"potions_floor_spawned":[14,18],"killed_by":"Book of Stabbing","ascension_level":20}}