{"host":"pe2q1tocp309rrg9","time":1611376854,"event":{"mods":["2.2 Compatiblity","BaseMod","BetterRewards","Downfall","Ekko","Gremlin Mod","Hermit","Jorbs\u0027s Wanderer Trilogy","Minty Spire (QoL Compilation)","Quick Restart","Rare Cards Sparkle","Replay The Spire","StSLib","The Blue Laboratory","The Construct","The Hierophant","Uncapped"],"gold_per_floor":[19,32,132,142,157,186,218,243,280,305,317,329,341,366,378,390,390],"floor_reached":16,"language":"ENG","playtime":536,"items_purged":[],"score":111,"play_id":"ebba785c-f183-4f72-9918-4920efafd9a8","local_time":"20210122224054","is_ascension_mode":true,"campfire_choices":[{"floor":13,"key":"REST"},{"floor":15,"key":"REST"}],"circlet_count":0,"master_deck":["Strike_G","Strike_G","Strike_G+1","Strike_G","Strike_G","Defend_G","Defend_G","Defend_G","Defend_G","Defend_G","Survivor","Neutralize","Backflip","Blade Dance","Concentrate","Caltrops","Blade Dance","PiercingWail","Prepared","Slice","Deflect"],"relics":["Ring of the Snake","MawBank","Replay:Mystery Machine"],"acts_visited":["Exordium"],"potions_floor_usage":[16,16],"damage_taken":[{"damage":0.0,"enemies":"Small Slimes","floor":1.0,"turns":5.0},{"damage":0.0,"enemies":"Cultist","floor":2.0,"turns":6.0},{"damage":0.0,"enemies":"Jaw Worm","floor":4.0,"turns":5.0},{"damage":2.0,"enemies":"Looter","floor":5.0,"turns":4.0},{"damage":50.0,"enemies":"Gremlin Nob","floor":6.0,"turns":5.0},{"damage":13.0,"enemies":"2 Fungi Beasts","floor":7.0,"turns":4.0},{"damage":2.0,"enemies":"Blue Slaver","floor":8.0,"turns":4.0},{"damage":16.0,"enemies":"Large Slime","floor":10.0,"turns":8.0},{"damage":4,"enemies":"Looter","floor":14,"turns":3},{"damage":48,"enemies":"Slime Boss","floor":16,"turns":14}],"seed_played":"-1330955411378045075","potions_obtained":[{"floor":5.0,"key":"champ:CounterPotion"},{"floor":7.0,"key":"Adrenaline Potion"}],"is_trial":false,"path_per_floor":["M","M","?","M","M","E","M","M","T","M","?","?","R","M","R","B"],"character_chosen":"THE_SILENT","items_purchased":[],"campfire_rested":2,"item_purchase_floors":[],"current_hp_per_floor":[84,84,84,84,82,32,19,17,17,1,1,1,26,22,47,0,0],"gold":390,"neow_bonus":"TWENTY_PERCENT_HP_BONUS","is_daily":false,"chose_seed":false,"campfire_upgraded":0,"win_rate":0.0,"timestamp":1611376854,"path_taken":["M","M","?","M","M","E","M","M","T","?","?","?","R","M","R","BOSS"],"items_purchased_type":[],"build_version":"2020-12-22","purchased_purges":0,"victory":false,"max_hp_per_floor":[84,84,84,84,84,84,84,84,84,84,84,84,84,84,84,84,84],"card_choices":[{"not_picked":["Underhanded Strike","Dagger Throw"],"picked":"Backflip","floor":1.0},{"not_picked":["Blur","Flying Knee"],"picked":"Blade Dance","floor":2.0},{"not_picked":["PiercingWail","Slice"],"picked":"Concentrate","floor":4.0},{"not_picked":["Draining Mist","Dodge and Roll"],"picked":"Caltrops","floor":5.0},{"not_picked":["Blur","Poisoned Stab"],"picked":"Blade Dance","floor":6.0},{"not_picked":["Underhanded Strike","ReplayTheSpireMod:Exploit Weakness"],"picked":"PiercingWail","floor":7.0},{"not_picked":["Flying Knee","Dagger Throw"],"picked":"Prepared","floor":8.0},{"not_picked":["ReplayTheSpireMod:Necrosis","ReplayTheSpireMod:Scrap Shanks"],"picked":"Slice","floor":10.0},{"not_picked":["Hidden Blade","Distraction"],"picked":"Deflect","floor":14}],"player_experience":696570,"relics_obtained":[{"floor":6.0,"key":"MawBank"},{"floor":9.0,"key":"Replay:Mystery Machine"}],"event_choices":[{"damage_healed":0.0,"max_hp_gain":0.0,"max_hp_loss":0.0,"gold_gain":100.0,"event_name":"Golden Shrine","player_choice":"Pray","floor":3.0,"gold_loss":0.0,"damage_taken":0.0}],"is_beta":false,"boss_relics":[],"items_purged_floors":[],"is_endless":false,"potions_floor_spawned":[5,7],"killed_by":"Slime Boss","ascension_level":1}}