{"host":"92108ef2q9tm8rod","time":1611391238,"event":{"mods":["BaseMod","Defuse TimeMaze Blight","Minty Spire (QoL Compilation)","StSLib","The Jungle"],"gold_per_floor":[115,127,140,140,155,194,228,263,287,287,85,85,85,103,103,222,222,242,262,285,303,142,173,173,212,266,266,304,304,338,354,354,473,473,486,502,350,286,302,343,387,410,434,468,468,489,489,504,504,504],"floor_reached":51,"language":"ENG","playtime":2859,"items_purged":["Dodge and Roll"],"score":1087,"play_id":"1f692010-5143-4fe0-b64b-9e4323768788","local_time":"20210123084038","daily_mods":["SealedDeck","Colorless Cards","Heirloom","Flight"],"is_ascension_mode":false,"campfire_choices":[{"data":"Madness","floor":10.0,"key":"SMITH"},{"data":"Blind","floor":12.0,"key":"SMITH"},{"data":"Deflect","floor":13.0,"key":"SMITH"},{"floor":15.0,"key":"REST"},{"data":"Venomology","floor":24.0,"key":"SMITH"},{"data":"Noxious Fumes","floor":27,"key":"SMITH"},{"data":"Corpse Explosion","floor":29,"key":"SMITH"},{"data":"Blur","floor":32,"key":"SMITH"},{"data":"Catalyst","floor":45,"key":"SMITH"},{"data":"Backflip","floor":47,"key":"SMITH"},{"data":"Deadly Poison","floor":49,"key":"SMITH"}],"circlet_count":0,"master_deck":["Dash","Blind+1","Backflip+1","Crippling Poison","Deflect+1","Blur+1","Deadly Poison+1","Noxious Fumes+1","Madness+1","Venomology+1","Madness+1","Corpse Explosion+1","Catalyst+1"],"relics":["Ring of the Snake","CaptainsWheel","Golden Idol","Lantern","Smiling Mask","Toy Ornithopter","Akabeko","Medical Kit","Black Star","Potion Belt","Vajra","The Specimen","MealTicket","Blood Vial","StoneCalendar","Molten Egg 2","CeramicFish","Gambling Chip","SlaversCollar","PreservedInsect","Mummified Hand","Gremlin Horn","Pen Nib","Centennial Puzzle","Ancient Tea Set","Snake Skull","Happy Flower"],"acts_visited":["Exordium","Exordium","TheBeyond"],"potions_floor_usage":[30,31,33,35,36,36,39,40,41,42,44,48,50,50,50,50,50,50,50,50],"damage_taken":[{"damage":0.0,"enemies":"Small Slimes","floor":1.0,"turns":4.0},{"damage":0.0,"enemies":"Cultist","floor":2.0,"turns":5.0},{"damage":0.0,"enemies":"2 Louse","floor":3.0,"turns":3.0},{"damage":0.0,"enemies":"Blue Slaver","floor":5.0,"turns":5.0},{"damage":15.0,"enemies":"Gremlin Nob","floor":6.0,"turns":6.0},{"damage":0.0,"enemies":"3 Sentries","floor":7.0,"turns":7.0},{"damage":0.0,"enemies":"Gremlin Nob","floor":8.0,"turns":5.0},{"damage":0.0,"enemies":"2 Fungi Beasts","floor":14.0,"turns":3.0},{"damage":3.0,"enemies":"Slime Boss","floor":16.0,"turns":13.0},{"damage":0.0,"enemies":"theJungle:5_Spyders","floor":18.0,"turns":6.0},{"damage":0.0,"enemies":"theJungle:MUSHROOMGANG","floor":19.0,"turns":4.0},{"damage":0.0,"enemies":"theJungle:Snecko_Cultist_And_Trap","floor":20.0,"turns":5.0},{"damage":0.0,"enemies":"theJungle:2_Snecko_Cultists","floor":21.0,"turns":6.0},{"damage":0.0,"enemies":"theJungle:2_Phrogs","floor":23.0,"turns":4.0},{"damage":0,"enemies":"theJungle:MamaSnecko","floor":25,"turns":6},{"damage":17,"enemies":"theJungle:2_Phrogs","floor":28,"turns":6},{"damage":2,"enemies":"theJungle:Cassacara","floor":30,"turns":4},{"damage":3,"enemies":"theJungle:JungleHuntersEncounter","floor":31,"turns":4},{"damage":6,"enemies":"theJungle:FunGuy","floor":33,"turns":8},{"damage":0,"enemies":"3 Shapes","floor":35,"turns":3},{"damage":0,"enemies":"3 Darklings","floor":36,"turns":2},{"damage":0,"enemies":"Transient","floor":39,"turns":5},{"damage":0,"enemies":"Nemesis","floor":40,"turns":5},{"damage":0,"enemies":"Reptomancer","floor":41,"turns":3},{"damage":0,"enemies":"4 Shapes","floor":42,"turns":4},{"damage":3,"enemies":"Nemesis","floor":44,"turns":5},{"damage":0,"enemies":"Sphere and 2 Shapes","floor":46,"turns":2},{"damage":0,"enemies":"Spire Growth","floor":48,"turns":3},{"damage":0,"enemies":"Donu and Deca","floor":50,"turns":5}],"seed_played":"4363839591347580097","potions_obtained":[{"floor":3.0,"key":"SpeedPotion"},{"floor":5.0,"key":"Explosive Potion"},{"floor":6.0,"key":"SkillPotion"},{"floor":8.0,"key":"CunningPotion"},{"floor":18.0,"key":"Regen Potion"},{"floor":20.0,"key":"EssenceOfSteel"},{"floor":21.0,"key":"Regen Potion"},{"floor":28,"key":"Poison Potion"},{"floor":33,"key":"Regen Potion"},{"floor":36,"key":"Fire Potion"},{"floor":40,"key":"Fruit Juice"},{"floor":42,"key":"Strength Potion"},{"floor":46,"key":"Explosive Potion"}],"is_trial":true,"path_per_floor":["M","M","M","?","M","E","E","E","T","R","$","R","R","M","R","B",null,"M","M","M","M","$","E","R","E","T","R","E","R","E","M","R","B",null,"M","M","$","$","M","E","E","M","T","E","R","M","R","M","R","B",null],"character_chosen":"THE_SILENT","items_purchased":["Medical Kit","Corpse Explosion","PreservedInsect","Catalyst"],"campfire_rested":1,"item_purchase_floors":[11,22,37,38],"current_hp_per_floor":[70,70,70,53,53,38,38,38,38,38,38,38,38,38,59,66,70,70,70,70,70,70,70,70,70,70,70,53,53,58,62,62,64,70,70,70,70,70,70,70,75,75,75,72,72,74,74,75,75,75],"gold":504,"neow_bonus":"","is_daily":false,"chose_seed":false,"campfire_upgraded":10,"win_rate":0.0,"timestamp":1611391238,"path_taken":["M","M","M","?","M","E","E","E","T","R","$","R","R","M","R","BOSS","M","M","M","M","$","E","R","E","T","R","E","R","E","M","R","BOSS","M","M","$","$","M","E","E","M","T","E","R","M","R","M","R","BOSS"],"items_purchased_type":["Relic","Card","Relic","Card"],"build_version":"2020-12-22","purchased_purges":1,"victory":true,"max_hp_per_floor":[70,70,70,70,70,70,70,70,70,70,70,70,70,70,70,70,70,70,70,70,70,70,70,70,70,70,70,70,70,70,70,70,70,70,70,70,70,70,70,70,75,75,75,75,75,75,75,75,75,75],"card_choices":[{"not_picked":["Underhanded Strike","Dagger Throw","Quick Slash"],"picked":"SKIP","floor":1.0},{"not_picked":["Bane","Prepared","Underhanded Strike"],"picked":"SKIP","floor":2.0},{"not_picked":["Acrobatics","Flying Knee","Quick Slash"],"picked":"SKIP","floor":3.0},{"not_picked":["Expertise","Heel Hook","Deadly Poison"],"picked":"SKIP","floor":5.0},{"not_picked":["Discovery","Setup","Outmaneuver"],"picked":"SKIP","floor":6.0},{"not_picked":["Poisoned Stab","Underhanded Strike","Calculated Gamble"],"picked":"SKIP","floor":7.0},{"not_picked":["Bane","Deadly Poison","Secret Weapon"],"picked":"SKIP","floor":8.0},{"not_picked":["Deflect","Quick Slash","Dagger Spray"],"picked":"SKIP","floor":14.0},{"not_picked":["Violence","After Image"],"picked":"Venomology","floor":16.0},{"not_picked":["Quick Slash","Bane","Sucker Punch"],"picked":"SKIP","floor":18.0},{"not_picked":["Forethought","Quick Slash"],"picked":"Madness+1","floor":19.0},{"not_picked":["Poisoned Stab","Acrobatics","Backflip"],"picked":"SKIP","floor":20.0},{"not_picked":["Crippling Poison+1","Impatience","Quick Slash+1"],"picked":"SKIP","floor":21.0},{"not_picked":["Blade Dance+1","Madness","Terror"],"picked":"SKIP","floor":23.0},{"not_picked":["Distraction+1","Caltrops","Flying Knee"],"picked":"SKIP","floor":25},{"not_picked":["Venomology","Outmaneuver","Bouncing Flask"],"picked":"SKIP","floor":28},{"not_picked":["Discovery","PiercingWail","Bouncing Flask"],"picked":"SKIP","floor":30},{"not_picked":["Backflip+1","Riddle With Holes+1","Poisoned Stab+1"],"picked":"SKIP","floor":31},{"not_picked":["Bane+1","Dodge and Roll","Slice+1"],"picked":"SKIP","floor":35},{"not_picked":["Prepared+1","Acrobatics","Poisoned Stab+1"],"picked":"SKIP","floor":36},{"not_picked":["Predator+1","Quick Slash+1","Madness"],"picked":"SKIP","floor":39},{"not_picked":["Secret Weapon","Outmaneuver+1","Quick Slash+1"],"picked":"SKIP","floor":40},{"not_picked":["Dagger Spray+1","Acrobatics","Trip+1"],"picked":"SKIP","floor":41},{"not_picked":["Dramatic Entrance+1","Slice+1","Dark Shackles"],"picked":"SKIP","floor":42},{"not_picked":["Transmutation","Dagger Throw+1","Thinking Ahead"],"picked":"SKIP","floor":44},{"not_picked":["Underhanded Strike+1","Swift Strike+1","Cloak And Dagger"],"picked":"SKIP","floor":46},{"not_picked":["Purity+1","Prepared+1","Cloak And Dagger"],"picked":"SKIP","floor":48}],"player_experience":3328607,"relics_obtained":[{"floor":6.0,"key":"Lantern"},{"floor":7.0,"key":"Smiling Mask"},{"floor":8.0,"key":"Toy Ornithopter"},{"floor":9.0,"key":"Akabeko"},{"floor":23.0,"key":"Potion Belt"},{"floor":23.0,"key":"Vajra"},{"floor":25,"key":"The Specimen"},{"floor":25,"key":"MealTicket"},{"floor":26,"key":"Blood Vial"},{"floor":28,"key":"StoneCalendar"},{"floor":28,"key":"Molten Egg 2"},{"floor":30,"key":"CeramicFish"},{"floor":30,"key":"Gambling Chip"},{"floor":40,"key":"Mummified Hand"},{"floor":40,"key":"Gremlin Horn"},{"floor":41,"key":"Pen Nib"},{"floor":41,"key":"Centennial Puzzle"},{"floor":43,"key":"Ancient Tea Set"},{"floor":44,"key":"Snake Skull"},{"floor":44,"key":"Happy Flower"}],"event_choices":[{"damage_healed":0.0,"max_hp_gain":0.0,"max_hp_loss":0.0,"gold_gain":0.0,"event_name":"Golden Idol","player_choice":"Take Damage","floor":4.0,"gold_loss":0.0,"damage_taken":17.0,"relics_obtained":["Golden Idol"]}],"is_beta":false,"boss_relics":[{"not_picked":["SacredBark","Ectoplasm"],"picked":"Black Star"},{"not_picked":["Velvet Choker","Fusion Hammer"],"picked":"SlaversCollar"}],"items_purged_floors":[11],"is_endless":false,"potions_floor_spawned":[3,5,6,8,14,18,20,21,28,30,33,36,40,42,46],"ascension_level":0}}