{"host":"ga4s3hj9m6nkn6gp","time":1611440335,"event":{"mods":["AchievementEnabler","BaseMod","Bestiary","Colored Powertips","Highlight Path","Minty Spire (QoL Compilation)","Relic Stats","everything is the same but u backflip on backflip"],"gold_per_floor":[113,113,25,36,47,47,81,96,96,121,121,141,171,187,187,187,187],"floor_reached":16,"language":"ENG","playtime":683,"items_purged":[],"score":195,"play_id":"5d70fd56-6466-4473-8024-ce347a40a7a0","local_time":"20210123231855","is_ascension_mode":true,"campfire_choices":[{"data":"Doom and Gloom","floor":6,"key":"SMITH"},{"data":"Biased Cognition","floor":15,"key":"SMITH"}],"circlet_count":0,"master_deck":["AscendersBane","Strike_B","Strike_B","Strike_B","Strike_B","Defend_B+1","Defend_B","Defend_B","Defend_B","Zap+1","Dualcast","Cold Snap","Doom and Gloom+1","Conserve Battery","Biased Cognition+1","Coolheaded","Aggregate+1","Leap+1"],"relics":["Cracked Core","Vajra","Singing Bowl","Omamori","Question Card","Toxic Egg 2"],"acts_visited":["Exordium"],"potions_floor_usage":[10,12],"damage_taken":[{"damage":7,"enemies":"Jaw Worm","floor":1,"turns":3},{"damage":0,"enemies":"Small Slimes","floor":4,"turns":3},{"damage":0,"enemies":"Cultist","floor":5,"turns":3},{"damage":18,"enemies":"Lagavulin","floor":7,"turns":5},{"damage":5,"enemies":"Large Slime","floor":8,"turns":4},{"damage":14,"enemies":"Gremlin Nob","floor":10,"turns":3},{"damage":21,"enemies":"Exordium Thugs","floor":12,"turns":3},{"damage":12,"enemies":"3 Sentries","floor":13,"turns":5},{"damage":7,"enemies":"3 Louse","floor":14,"turns":2},{"damage":12,"enemies":"Hexaghost","floor":16,"turns":9}],"seed_played":"8552373376423007804","potions_obtained":[{"floor":4,"key":"Swift Potion"},{"floor":8,"key":"AttackPotion"},{"floor":10,"key":"SkillPotion"},{"floor":11,"key":"FairyPotion"},{"floor":14,"key":"LiquidBronze"}],"is_trial":false,"path_per_floor":["M","?","?","M","M","R","E","M","T","E","?","M","E","M","R","B"],"character_chosen":"DEFECT","items_purchased":[],"campfire_rested":0,"item_purchase_floors":[],"current_hp_per_floor":[68,52,52,52,52,52,34,29,29,17,17,27,15,8,8,0,0],"gold":187,"neow_bonus":"TEN_PERCENT_HP_BONUS","is_daily":false,"chose_seed":false,"campfire_upgraded":2,"win_rate":0.0,"timestamp":1611440335,"path_taken":["M","?","?","M","M","R","E","?","T","E","?","M","E","M","R","BOSS"],"items_purchased_type":[],"build_version":"2020-12-22","purchased_purges":0,"victory":false,"max_hp_per_floor":[82,82,82,82,82,82,82,82,82,84,84,86,86,86,86,86,86],"relic_stats":{"Singing Bowl":4,"counters":[10,40],"Question Card":3,"obtain_stats":[{"Singing Bowl":7,"Vajra":3,"Omamori":9,"Toxic Egg 2":13,"Cracked Core":0,"Question Card":10},{"Singing Bowl":4,"Vajra":1,"Omamori":5,"Toxic Egg 2":8,"Cracked Core":0,"Question Card":6},{"Singing Bowl":14,"Vajra":3,"Omamori":18,"Toxic Egg 2":29,"Cracked Core":0,"Question Card":21}]},"card_choices":[{"not_picked":["Barrage","Turbo"],"picked":"Cold Snap","floor":1},{"not_picked":["Ball Lightning","Hello World"],"picked":"Doom and Gloom","floor":4},{"not_picked":["Leap","Cold Snap"],"picked":"Conserve Battery","floor":5},{"not_picked":["Chill","Turbo"],"picked":"Biased Cognition","floor":7},{"not_picked":["Conserve Battery","FTL"],"picked":"Coolheaded","floor":8},{"not_picked":["Leap","Blizzard","Steam Power"],"picked":"Singing Bowl","floor":10},{"not_picked":["Coolheaded","Sweeping Beam","Ball Lightning","Turbo"],"picked":"Singing Bowl","floor":12},{"not_picked":["FTL","Conserve Battery+1","Chaos+1"],"picked":"Aggregate+1","floor":13},{"not_picked":["Melter","Turbo+1","Reprogram+1"],"picked":"Leap+1","floor":14}],"player_experience":671782,"relics_obtained":[{"floor":7,"key":"Singing Bowl"},{"floor":9,"key":"Omamori"},{"floor":10,"key":"Question Card"},{"floor":13,"key":"Toxic Egg 2"}],"event_choices":[{"damage_healed":0,"gold_gain":0,"player_choice":"Entered Light","damage_taken":16,"max_hp_gain":0,"max_hp_loss":0,"event_name":"Shining Light","floor":2,"gold_loss":0,"cards_upgraded":["Zap","Defend_B"]},{"damage_healed":0,"gold_gain":0,"player_choice":"Paid Gold","damage_taken":0,"relics_obtained":["Vajra"],"max_hp_gain":0,"max_hp_loss":0,"event_name":"WeMeetAgain","floor":3,"gold_loss":88},{"damage_healed":0,"gold_gain":0,"player_choice":"Got Potions","damage_taken":0,"max_hp_gain":0,"max_hp_loss":0,"event_name":"Lab","floor":11,"gold_loss":0}],"is_beta":false,"boss_relics":[],"items_purged_floors":[],"is_endless":false,"potions_floor_spawned":[4,8,10,14],"killed_by":"Hexaghost","ascension_level":12}}