{"host":"5tzvto3beate6p8b","time":1611435497,"event":{"mods":["BaseMod","Colored Map","Minty Spire (QoL Compilation)","StSLib","SuperFastMode"],"gold_per_floor":[109,119,137,33,33,33,52,78,78,78,96,96,114,79,79,158,158,170,170,188,138,155,155,186,186,233,243,257,5,15,29,29,101,101,113,123,140,140,155,155,155],"floor_reached":40,"language":"JPN","playtime":2451,"items_purged":[],"score":878,"play_id":"9ac000f4-08db-4d71-a8c8-41a5620a0751","local_time":"20210124055817","is_ascension_mode":true,"campfire_choices":[{"data":"Backstab","floor":6.0,"key":"SMITH"},{"data":"Bane","floor":10.0,"key":"SMITH"},{"floor":12.0,"key":"REST"},{"data":"Skewer","floor":15.0,"key":"SMITH"},{"data":"Adrenaline","floor":23.0,"key":"SMITH"},{"data":"Bane","floor":25.0,"key":"SMITH"},{"floor":32.0,"key":"REST"}],"circlet_count":0,"master_deck":["AscendersBane","Survivor","Neutralize","Backstab+1","Bane+1","Venomology","Noxious Fumes","Acrobatics","Deadly Poison","Crippling Poison","PiercingWail","Skewer+1","Adrenaline+1","Dagger Spray+1","Backstab+1","Slice+1","PiercingWail","Bane+1","Dagger Throw","Slice+1","Predator","Noxious Fumes+1","PiercingWail","Poisoned Stab","Burst","Footwork","PiercingWail+1","Envenom","A Thousand Cuts","Riddle With Holes","Blade Dance","Well Laid Plans","Noxious Fumes","PiercingWail","A Thousand Cuts","Concentrate","Poisoned Stab","Choke","Predator","Dodge and Roll","Acrobatics","Blade Dance","Pain","After Image"],"relics":["Ring of the Snake","NeowsBlessing","FaceOfCleric","Blood Vial","Whetstone","Cursed Key","Mercury Hourglass","Happy Flower","Orrery","Pandora\u0027s Box"],"acts_visited":["Exordium","TheCity","TheBeyond"],"potions_floor_usage":[37,37,39,40],"damage_taken":[{"damage":0.0,"enemies":"Cultist","floor":1.0,"turns":1.0},{"damage":0.0,"enemies":"Small Slimes","floor":2.0,"turns":1.0},{"damage":0.0,"enemies":"2 Louse","floor":3.0,"turns":1.0},{"damage":5.0,"enemies":"Red Slaver","floor":7.0,"turns":2.0},{"damage":36.0,"enemies":"Gremlin Nob","floor":8.0,"turns":4.0},{"damage":10.0,"enemies":"Blue Slaver","floor":11.0,"turns":4.0},{"damage":4.0,"enemies":"Exordium Thugs","floor":13.0,"turns":4.0},{"damage":21.0,"enemies":"Hexaghost","floor":16.0,"turns":10.0},{"damage":11.0,"enemies":"Shell Parasite","floor":18.0,"turns":2.0},{"damage":0.0,"enemies":"Chosen","floor":20.0,"turns":3.0},{"damage":1.0,"enemies":"Snecko","floor":22.0,"turns":3.0},{"damage":10.0,"enemies":"Slavers","floor":24.0,"turns":3.0},{"damage":2.0,"enemies":"Chosen and Byrds","floor":27.0,"turns":4.0},{"damage":0.0,"enemies":"Snake Plant","floor":28.0,"turns":2.0},{"damage":14.0,"enemies":"Centurion and Healer","floor":30.0,"turns":4.0},{"damage":7.0,"enemies":"Chosen and Byrds","floor":31.0,"turns":4.0},{"damage":37.0,"enemies":"Champ","floor":33.0,"turns":10.0},{"damage":0.0,"enemies":"Orb Walker","floor":35.0,"turns":2.0},{"damage":2.0,"enemies":"3 Shapes","floor":36.0,"turns":3.0},{"damage":5,"enemies":"Jaw Worm Horde","floor":37,"turns":3},{"damage":42,"enemies":"Maw","floor":39,"turns":7},{"damage":75,"enemies":"Nemesis","floor":40,"turns":5}],"seed_played":"-1939091079544702843","potions_obtained":[{"floor":7.0,"key":"Dexterity Potion"},{"floor":13.0,"key":"CunningPotion"},{"floor":16.0,"key":"EssenceOfSteel"},{"floor":20.0,"key":"GhostInAJar"},{"floor":22.0,"key":"AttackPotion"},{"floor":27.0,"key":"SkillPotion"},{"floor":31.0,"key":"ColorlessPotion"},{"floor":33.0,"key":"Energy Potion"},{"floor":35.0,"key":"Swift Potion"},{"floor":39,"key":"ColorlessPotion"}],"is_trial":false,"path_per_floor":["M","M","M","$","?","R","M","E","T","R","M","R","M","?","R","B",null,"M","?","M","?","M","R","E","R","T","M","M","$","M","M","R","B",null,"M","M","M","?","M","E"],"character_chosen":"THE_SILENT","items_purchased":["Noxious Fumes","Acrobatics","Orrery","Footwork"],"campfire_rested":2,"item_purchase_floors":[4,4,29,29],"current_hp_per_floor":[59,59,59,59,59,59,55,20,20,20,13,33,32,49,49,31,61,53,53,56,56,58,58,51,51,51,52,55,55,44,40,63,29,67,70,71,69,69,30,0,0],"gold":155,"neow_bonus":"THREE_ENEMY_KILL","is_daily":false,"chose_seed":false,"campfire_upgraded":5,"win_rate":0.0,"timestamp":1611435497,"path_taken":["M","M","M","$","?","R","M","E","T","R","?","R","M","?","R","BOSS","M","?","?","?","M","R","E","R","T","M","?","$","M","M","R","BOSS","M","M","M","?","M","E"],"items_purchased_type":["Card","Card","Relic","Card"],"build_version":"2020-12-22","purchased_purges":0,"victory":false,"max_hp_per_floor":[66,66,66,66,66,66,67,68,68,68,69,69,70,70,70,71,71,72,72,73,73,74,74,75,75,75,76,77,77,78,79,79,80,80,81,82,83,83,84,84,84],"card_choices":[{"not_picked":["Bane","Backflip"],"picked":"Backstab","floor":1.0},{"not_picked":["Deflect","Underhanded Strike"],"picked":"Bane","floor":2.0},{"not_picked":["Acrobatics","Quick Slash"],"picked":"Venomology","floor":3.0},{"not_picked":["Masterful Stab","Acrobatics"],"picked":"Deadly Poison","floor":7.0},{"not_picked":["Noxious Fumes","Cloak And Dagger"],"picked":"Crippling Poison","floor":8.0},{"not_picked":["Well Laid Plans","Choke"],"picked":"PiercingWail","floor":11.0},{"not_picked":["Calculated Gamble","Choke"],"picked":"Skewer","floor":13.0},{"not_picked":["Grand Finale","Phantasmal Killer"],"picked":"Adrenaline","floor":16.0},{"not_picked":["Dagger Throw","Flying Knee"],"picked":"Dagger Spray+1","floor":18.0},{"not_picked":["Masterful Stab","Dagger Spray"],"picked":"Slice+1","floor":20.0},{"not_picked":["Tactician","Prepared"],"picked":"PiercingWail","floor":22.0},{"not_picked":["Prepared+1","Slice"],"picked":"Bane","floor":24.0},{"not_picked":["Slice","Masterful Stab"],"picked":"Dagger Throw","floor":27.0},{"not_picked":["Dodge and Roll","Cloak And Dagger"],"picked":"Slice+1","floor":28.0},{"not_picked":["Accuracy","Endless Agony"],"picked":"Predator","floor":29.0},{"not_picked":["Backflip","Leg Sweep"],"picked":"Noxious Fumes+1","floor":29.0},{"not_picked":["Deadly Poison","Masterful Stab"],"picked":"PiercingWail","floor":29.0},{"not_picked":["Sucker Punch","Bouncing Flask"],"picked":"Poisoned Stab","floor":29.0},{"not_picked":["Dagger Throw","Infinite Blades"],"picked":"Burst","floor":29.0},{"not_picked":["Underhanded Strike","Bane"],"picked":"PiercingWail+1","floor":30.0},{"not_picked":["Setup","Escape Plan"],"picked":"Envenom","floor":31.0},{"not_picked":["Venomology","Phantasmal Killer"],"picked":"A Thousand Cuts","floor":33.0},{"not_picked":["Underhanded Strike","Dodge and Roll","Blur"],"picked":"SKIP","floor":35.0},{"not_picked":["Underhanded Strike","Blur"],"picked":"Dodge and Roll","floor":35.0},{"not_picked":["Outmaneuver","Sucker Punch"],"picked":"Acrobatics","floor":36.0},{"not_picked":["Well Laid Plans","Deflect"],"picked":"Blade Dance","floor":37},{"not_picked":["Predator+1","Blade Dance"],"picked":"After Image","floor":39}],"player_experience":626483,"relics_obtained":[{"floor":8.0,"key":"Blood Vial"},{"floor":9.0,"key":"Whetstone"},{"floor":24.0,"key":"Mercury Hourglass"},{"floor":26.0,"key":"Happy Flower"}],"event_choices":[{"damage_healed":0.0,"max_hp_gain":0.0,"max_hp_loss":0.0,"gold_gain":0.0,"event_name":"FaceTrader","player_choice":"Trade","floor":5.0,"gold_loss":0.0,"damage_taken":0.0,"relics_obtained":["FaceOfCleric"]},{"damage_healed":17.0,"max_hp_gain":0.0,"max_hp_loss":0.0,"gold_gain":0.0,"event_name":"The Cleric","player_choice":"Healed","floor":14.0,"gold_loss":35.0,"damage_taken":0.0},{"damage_healed":0.0,"max_hp_gain":0.0,"max_hp_loss":0.0,"gold_gain":0.0,"event_name":"Duplicator","player_choice":"Copied","floor":19.0,"gold_loss":0.0,"damage_taken":0.0,"cards_obtained":["Backstab"]},{"damage_healed":0.0,"max_hp_gain":0.0,"max_hp_loss":0.0,"gold_gain":0.0,"event_name":"The Joust","player_choice":"Bet on Murderer","floor":21.0,"gold_loss":50.0,"damage_taken":0.0},{"damage_healed":0,"gold_gain":0,"cards_transformed":["Regret"],"player_choice":"Transformed","damage_taken":0,"max_hp_gain":0,"max_hp_loss":0,"event_name":"Transmorgrifier","floor":38,"gold_loss":0,"cards_obtained":["Pain"]}],"is_beta":false,"boss_relics":[{"not_picked":["Ring of the Serpent","Snecko Eye"],"picked":"Cursed Key"},{"not_picked":["Black Star","Busted Crown"],"picked":"Pandora\u0027s Box"}],"items_purged_floors":[],"is_endless":false,"potions_floor_spawned":[7,11,13,16,20,22,27,31,33,35,39],"killed_by":"Nemesis","ascension_level":20}}