{"host":"sygfylmorsvdndbx","time":1611381947,"event":{"mods":["AchievementEnabler","BaseMod","Highlight Path","Minty Spire (QoL Compilation)","Permanent Neow","Quick Restart","Relic Stats"],"gold_per_floor":[114,133,145,145,155,155,186,89,89,89,89,114,128,140,140,242,242,262,279,279,279,102,102,116,144,219,219,236,236,250,275,275,275,275],"floor_reached":33,"language":"ENG","playtime":2341,"items_purged":["Strike_B","Writhe"],"score":360,"play_id":"6ba26b3c-d955-41ed-893a-ae9829fa016c","local_time":"20210123010547","is_ascension_mode":true,"campfire_choices":[{"data":"Lockon","floor":6.0,"key":"SMITH"},{"floor":11.0,"key":"REST"},{"data":"Rainbow","floor":15.0,"key":"SMITH"},{"data":"Defragment","floor":23.0,"key":"SMITH"},{"data":"Seek","floor":27.0,"key":"SMITH"},{"data":"Zap","floor":29,"key":"SMITH"},{"floor":32,"key":"REST"}],"circlet_count":0,"master_deck":["Strike_B","Strike_B","Defend_B+1","Defend_B","Defend_B","Defend_B","Zap+1","Dualcast","Rainbow+1","Lockon+1","Undo+1","Seek+1","Cold Snap","Ball Lightning","Machine Learning","Genetic Algorithm","Defragment+1","Glacier","Doubt","Doubt"],"relics":["Cracked Core","Art of War","Ornamental Fan","Lizard Tail","Cursed Key","Juzu Bracelet","Centennial Puzzle","Singing Bowl","War Paint"],"acts_visited":["Exordium","TheCity"],"potions_floor_usage":[28,33,33],"damage_taken":[{"damage":5.0,"enemies":"2 Louse","floor":1.0,"turns":2.0},{"damage":4.0,"enemies":"Cultist","floor":2.0,"turns":4.0},{"damage":0.0,"enemies":"Small Slimes","floor":3.0,"turns":2.0},{"damage":6.0,"enemies":"Looter","floor":5.0,"turns":3.0},{"damage":13.0,"enemies":"3 Sentries","floor":7.0,"turns":7.0},{"damage":8.0,"enemies":"Lagavulin","floor":12.0,"turns":5.0},{"damage":6.0,"enemies":"Blue Slaver","floor":13.0,"turns":3.0},{"damage":0.0,"enemies":"Large Slime","floor":14.0,"turns":4.0},{"damage":13.0,"enemies":"The Guardian","floor":16.0,"turns":8.0},{"damage":8.0,"enemies":"3 Byrds","floor":18.0,"turns":4.0},{"damage":8.0,"enemies":"Shell Parasite","floor":19.0,"turns":4.0},{"damage":16.0,"enemies":"Chosen and Byrds","floor":24.0,"turns":5.0},{"damage":38.0,"enemies":"Gremlin Leader","floor":25.0,"turns":8.0},{"damage":0,"enemies":"Centurion and Healer","floor":28,"turns":4},{"damage":26,"enemies":"3 Cultists","floor":30,"turns":6},{"damage":39,"enemies":"Automaton","floor":33,"turns":10}],"seed_played":"-6110566003707349534","potions_obtained":[{"floor":1.0,"key":"DuplicationPotion"},{"floor":2.0,"key":"ColorlessPotion"},{"floor":14.0,"key":"Weak Potion"},{"floor":18.0,"key":"Energy Potion"},{"floor":24.0,"key":"Weak Potion"},{"floor":25.0,"key":"Swift Potion"},{"floor":28,"key":"Ancient Potion"}],"is_trial":false,"path_per_floor":["M","M","M","?","M","R","E","$","T","?","R","E","M","M","R","B",null,"M","M","?","?","$","R","M","E","T","R","M","R","M","T","R","B"],"character_chosen":"DEFECT","items_purchased":["Cold Snap","Defragment"],"campfire_rested":2,"item_purchase_floors":[8,22],"current_hp_per_floor":[45,41,41,41,35,35,22,22,22,22,44,36,30,30,30,17,61,53,45,45,45,45,45,29,37,37,37,39,39,15,15,38,0,0],"gold":275,"neow_bonus":"THREE_RARE_CARDS","is_daily":false,"chose_seed":false,"campfire_upgraded":5,"win_rate":0.0,"timestamp":1611381947,"path_taken":["M","M","M","?","?","R","E","$","T","?","R","E","M","M","R","BOSS","M","M","?","?","$","R","M","E","T","R","M","R","M","?","R","BOSS"],"items_purchased_type":["Card","Card"],"build_version":"2020-12-22","purchased_purges":2,"victory":false,"max_hp_per_floor":[75,75,75,75,75,75,75,75,75,75,75,75,75,75,75,75,75,75,75,75,75,75,75,75,75,75,75,77,77,79,79,79,79,79],"relic_stats":{"Lizard Tail":37,"Centennial Puzzle":[6],"Singing Bowl":4,"counters":[16,79],"Ornamental Fan":[16],"Art of War":[14],"Juzu Bracelet":0,"War Paint":["Defend_B","Undo"],"Cursed Key":2,"obtain_stats":[{"Lizard Tail":12,"Centennial Puzzle":25,"Singing Bowl":26,"Ornamental Fan":9,"Art of War":7,"Juzu Bracelet":21,"War Paint":31,"Cracked Core":0,"Cursed Key":17},{"Lizard Tail":6,"Centennial Puzzle":13,"Singing Bowl":13,"Ornamental Fan":5,"Art of War":5,"Juzu Bracelet":11,"War Paint":15,"Cracked Core":0,"Cursed Key":9},{"Lizard Tail":23,"Centennial Puzzle":59,"Singing Bowl":59,"Ornamental Fan":18,"Art of War":18,"Juzu Bracelet":46,"War Paint":69,"Cracked Core":0,"Cursed Key":38}]},"card_choices":[{"not_picked":["Reboot","Core Surge"],"picked":"Rainbow","floor":0.0},{"not_picked":["Darkness","Sweeping Beam"],"picked":"Lockon","floor":1.0},{"not_picked":["Go for the Eyes","Hologram","Gash"],"picked":"SKIP","floor":2.0},{"not_picked":["Go for the Eyes","Hologram","Gash"],"picked":"SKIP","floor":2.0},{"not_picked":["Darkness","Streamline"],"picked":"Undo","floor":3.0},{"not_picked":["Coolheaded","Barrage","Hologram"],"picked":"SKIP","floor":5.0},{"not_picked":["Glacier","Ball Lightning"],"picked":"Seek","floor":7.0},{"not_picked":["Stack","Beam Cell","Heatsinks"],"picked":"SKIP","floor":12.0},{"not_picked":["Cold Snap","Melter"],"picked":"Ball Lightning","floor":13.0},{"not_picked":["Rebound","Coolheaded","Tempest"],"picked":"SKIP","floor":14.0},{"not_picked":["Rainbow","Core Surge"],"picked":"Machine Learning","floor":16.0},{"not_picked":["Undo","Cold Snap"],"picked":"Genetic Algorithm","floor":18.0},{"not_picked":["Rebound","Sweeping Beam","Redo"],"picked":"SKIP","floor":19.0},{"not_picked":["Go for the Eyes","Streamline+1","Steam"],"picked":"SKIP","floor":24.0},{"not_picked":["Reboot","Thunder Strike"],"picked":"Glacier","floor":25.0},{"not_picked":["Stack","Doom and Gloom","Barrage"],"picked":"Singing Bowl","floor":28},{"not_picked":["Consume+1","Scrape","Coolheaded"],"picked":"Singing Bowl","floor":30}],"player_experience":310240,"relics_obtained":[{"floor":7.0,"key":"Art of War"},{"floor":9.0,"key":"Ornamental Fan"},{"floor":12.0,"key":"Lizard Tail"},{"floor":25.0,"key":"Centennial Puzzle"},{"floor":26.0,"key":"Singing Bowl"},{"floor":31,"key":"War Paint"}],"event_choices":[{"cards_removed":["Strike_B"],"damage_healed":0.0,"max_hp_gain":0.0,"max_hp_loss":0.0,"gold_gain":0.0,"event_name":"Purifier","player_choice":"Purged","floor":4.0,"gold_loss":0.0,"damage_taken":0.0},{"damage_healed":0.0,"max_hp_gain":0.0,"max_hp_loss":0.0,"gold_gain":0.0,"event_name":"Liars Game","player_choice":"Ignored","floor":10.0,"gold_loss":0.0,"damage_taken":0.0},{"damage_healed":0.0,"max_hp_gain":0.0,"max_hp_loss":0.0,"gold_gain":0.0,"event_name":"Vampires","player_choice":"Ignored","floor":20.0,"gold_loss":0.0,"damage_taken":0.0},{"damage_healed":0.0,"max_hp_gain":0.0,"max_hp_loss":0.0,"gold_gain":0.0,"event_name":"The Mausoleum","player_choice":"Opened","floor":21.0,"gold_loss":0.0,"damage_taken":0.0,"relics_obtained":["Juzu Bracelet"],"cards_obtained":["Writhe"]}],"is_beta":false,"boss_relics":[{"not_picked":["Fusion Hammer","Coffee Dripper"],"picked":"Cursed Key"}],"items_purged_floors":[8,22],"is_endless":false,"potions_floor_spawned":[1,2,14,18,24,25,28],"killed_by":"Automaton","ascension_level":6}}