{"host":"640uue19m79c7wbt","time":1611369968,"event":{"mods":["BaseMod","Colored Map","Googly Eyes","Highlight Path","Minty Spire (QoL Compilation)","Quick Restart","StSLib"],"gold_per_floor":[110,110,129,54,54,88,12,46,46,46,46,62,82,100,100,178,178,197,212,100,100,115,115,148,161,184,84,84,103,103,119,119,190,240,260,260,135,149,149,175,175,191,191,216,234,184,198,213,213,213,213],"floor_reached":50,"language":"ENG","playtime":2037,"items_purged":["Strike_G","Decay","Strike_G"],"score":1121,"play_id":"3cdd3cb2-b663-420b-9fd1-646aff9a8650","local_time":"20210122214608","is_ascension_mode":true,"campfire_choices":[{"floor":10.0,"key":"REST"},{"data":"Accuracy","floor":15.0,"key":"SMITH"},{"floor":23.0,"key":"REST"},{"floor":28.0,"key":"REST"},{"data":"Storm of Steel","floor":30.0,"key":"SMITH"},{"data":"Cloak And Dagger","floor":32.0,"key":"SMITH"},{"floor":41.0,"key":"REST"},{"floor":49,"key":"REST"}],"circlet_count":0,"master_deck":["AscendersBane","Strike_G","Defend_G","Defend_G","Defend_G","Defend_G","Defend_G","Survivor","Neutralize","Backflip","Dagger Throw","Accuracy+1","Prepared","Blade Dance","Dagger Spray+1","Blade Dance","Storm of Steel+1","CurseOfTheBell","Cloak And Dagger+1","Well Laid Plans","Leg Sweep+1","Venomology","Underhanded Strike+1","Infinite Blades","Night Terror+1","Blade Dance","Blade Dance+1","Terror","Backstab","Bullet Time","Calculated Gamble+1"],"relics":["Ring of the Snake","NeowsBlessing","StoneCalendar","Regal Pillow","Pocketwatch","Calling Bell","Blood Vial","Kunai","FossilizedHelix","Ornamental Fan","Orichalcum","Tiny House","Letter Opener","Matryoshka","Eternal Feather","Darkstone Periapt","Anchor"],"acts_visited":["Exordium","TheCity","TheBeyond"],"potions_floor_usage":[42,44,44,48],"damage_taken":[{"damage":0.0,"enemies":"Small Slimes","floor":1.0,"turns":1.0},{"damage":0.0,"enemies":"Jaw Worm","floor":3.0,"turns":1.0},{"damage":0.0,"enemies":"Gremlin Nob","floor":6.0,"turns":1.0},{"damage":24.0,"enemies":"Lagavulin","floor":8.0,"turns":7.0},{"damage":8.0,"enemies":"2 Louse","floor":12.0,"turns":3.0},{"damage":9.0,"enemies":"Looter","floor":13.0,"turns":4.0},{"damage":6.0,"enemies":"Lots of Slimes","floor":14.0,"turns":3.0},{"damage":0.0,"enemies":"Slime Boss","floor":16.0,"turns":3.0},{"damage":27.0,"enemies":"2 Thieves","floor":18.0,"turns":4.0},{"damage":7.0,"enemies":"Shell Parasite","floor":19.0,"turns":4.0},{"damage":29.0,"enemies":"Sentry and Sphere","floor":22.0,"turns":5.0},{"damage":7.0,"enemies":"Slavers","floor":24.0,"turns":6.0},{"damage":13.0,"enemies":"Cultist and Chosen","floor":25.0,"turns":7.0},{"damage":0.0,"enemies":"Centurion and Healer","floor":29.0,"turns":7.0},{"damage":0.0,"enemies":"Sentry and Sphere","floor":31.0,"turns":5.0},{"damage":44.0,"enemies":"Collector","floor":33.0,"turns":8.0},{"damage":5.0,"enemies":"3 Shapes","floor":35.0,"turns":3.0},{"damage":15.0,"enemies":"Orb Walker","floor":38.0,"turns":3.0},{"damage":34.0,"enemies":"Nemesis","floor":40.0,"turns":5.0},{"damage":20,"enemies":"3 Darklings","floor":42,"turns":4},{"damage":32,"enemies":"Giant Head","floor":44,"turns":6},{"damage":16,"enemies":"Sphere and 2 Shapes","floor":45,"turns":4},{"damage":0,"enemies":"Maw","floor":47,"turns":5},{"damage":8,"enemies":"4 Shapes","floor":48,"turns":5},{"damage":85,"enemies":"Time Eater","floor":50,"turns":7}],"seed_played":"-3593731754538290884","potions_obtained":[{"floor":12.0,"key":"ColorlessPotion"},{"floor":13.0,"key":"CultistPotion"},{"floor":22.0,"key":"SkillPotion"},{"floor":24.0,"key":"Dexterity Potion"},{"floor":29.0,"key":"SteroidPotion"},{"floor":34.0,"key":"BlessingOfTheForge"},{"floor":40.0,"key":"SkillPotion"},{"floor":42,"key":"FairyPotion"}],"is_trial":false,"path_per_floor":["M","?","M","?","?","E","$","E","T","R","$","M","M","M","R","B",null,"M","M","$","?","M","R","E","M","T","$","R","M","R","M","R","B",null,"M","?","$","M","?","E","R","M","T","E","M","?","M","M","R","B"],"character_chosen":"THE_SILENT","items_purchased":["Accuracy","Well Laid Plans"],"campfire_rested":5,"item_purchase_floors":[7,20],"current_hp_per_floor":[59,64,64,64,57,57,57,33,33,69,69,61,52,46,46,46,65,40,35,35,35,8,44,39,28,28,28,64,66,66,68,68,26,65,62,62,62,58,58,26,63,45,45,15,1,1,3,22,76,0,0],"gold":213,"neow_bonus":"THREE_ENEMY_KILL","is_daily":false,"chose_seed":false,"campfire_upgraded":3,"win_rate":0.0,"timestamp":1611369968,"path_taken":["M","?","M","?","?","E","$","E","T","R","?","M","?","M","R","BOSS","M","?","?","?","M","R","E","M","T","$","R","M","R","M","R","BOSS","M","?","$","?","?","E","R","M","T","E","M","?","M","?","R","BOSS"],"items_purchased_type":["Card","Card"],"build_version":"2020-12-22","purchased_purges":3,"victory":false,"max_hp_per_floor":[66,71,71,71,71,71,71,71,71,71,71,71,71,71,71,71,71,71,71,71,71,71,71,71,71,71,71,71,71,71,71,71,71,76,76,76,76,76,76,76,76,76,76,76,76,76,76,76,76,76,76],"card_choices":[{"not_picked":["Bane","Slice"],"picked":"Backflip","floor":1.0},{"not_picked":["Flying Knee","Acrobatics"],"picked":"Dagger Throw","floor":3.0},{"not_picked":["Expertise","Dodge and Roll"],"picked":"Heel Hook","floor":6.0},{"not_picked":["Slice","Flying Knee"],"picked":"Prepared","floor":8.0},{"not_picked":["Underhanded Strike","Dodge and Roll"],"picked":"Blade Dance","floor":12.0},{"not_picked":["Reflex","Distraction"],"picked":"Dagger Spray","floor":13.0},{"not_picked":["Backstab","Infinite Blades"],"picked":"Blade Dance","floor":14.0},{"not_picked":["Die Die Die","Envenom"],"picked":"Storm of Steel","floor":16.0},{"not_picked":["Bane","Quick Slash"],"picked":"Cloak And Dagger","floor":18.0},{"not_picked":["Skewer","Heel Hook","Dodge and Roll"],"picked":"SKIP","floor":19.0},{"not_picked":["Riddle With Holes","Prepared"],"picked":"Leg Sweep+1","floor":22.0},{"not_picked":["Sucker Punch","Deadly Poison"],"picked":"Venomology","floor":24.0},{"not_picked":["Prepared","PiercingWail+1"],"picked":"Underhanded Strike","floor":25.0},{"not_picked":["Dagger Throw","Deflect"],"picked":"Infinite Blades","floor":29.0},{"not_picked":["Slice","Dodge and Roll+1","Dagger Throw"],"picked":"SKIP","floor":31.0},{"not_picked":["Die Die Die","Envenom"],"picked":"Night Terror","floor":33.0},{"not_picked":["Bane","Quick Slash"],"picked":"Blade Dance","floor":34.0},{"not_picked":["Slice+1","Quick Slash","Eviscerate"],"picked":"SKIP","floor":35.0},{"not_picked":["Noxious Fumes","Bane"],"picked":"Blade Dance+1","floor":38.0},{"not_picked":["Storm of Steel","Distraction"],"picked":"Terror","floor":40.0},{"not_picked":["Deflect","Bane"],"picked":"Backstab","floor":42},{"not_picked":["Quick Slash+1","Accuracy"],"picked":"Bullet Time","floor":44},{"not_picked":["Deadly Poison+1","Quick Slash"],"picked":"Calculated Gamble+1","floor":45},{"not_picked":["Slice","Distraction","Eviscerate"],"picked":"SKIP","floor":47},{"not_picked":["Acrobatics","Dagger Spray+1","Deflect"],"picked":"SKIP","floor":48}],"player_experience":623322,"relics_obtained":[{"floor":6.0,"key":"StoneCalendar"},{"floor":8.0,"key":"Regal Pillow"},{"floor":9.0,"key":"Pocketwatch"},{"floor":17.0,"key":"Blood Vial"},{"floor":17.0,"key":"Kunai"},{"floor":17.0,"key":"FossilizedHelix"},{"floor":24.0,"key":"Ornamental Fan"},{"floor":26.0,"key":"Orichalcum"},{"floor":40.0,"key":"Matryoshka"},{"floor":43,"key":"Eternal Feather"},{"floor":43,"key":"Darkstone Periapt"},{"floor":44,"key":"Anchor"}],"event_choices":[{"damage_healed":0.0,"max_hp_gain":5.0,"max_hp_loss":0.0,"gold_gain":0.0,"event_name":"Big Fish","player_choice":"Donut","floor":2.0,"gold_loss":0.0,"damage_taken":0.0},{"cards_removed":["Strike_G"],"damage_healed":0.0,"max_hp_gain":0.0,"max_hp_loss":0.0,"gold_gain":0.0,"event_name":"The Cleric","player_choice":"Card Removal","floor":4.0,"gold_loss":75.0,"damage_taken":0.0},{"cards_removed":["Strike_G"],"damage_healed":0.0,"max_hp_gain":0.0,"max_hp_loss":0.0,"gold_gain":0.0,"event_name":"Golden Wing","player_choice":"Card Removal","floor":5.0,"gold_loss":0.0,"damage_taken":7.0},{"damage_healed":0.0,"max_hp_gain":0.0,"max_hp_loss":0.0,"gold_gain":0.0,"event_name":"Forgotten Altar","player_choice":"Smashed Altar","floor":21.0,"gold_loss":0.0,"damage_taken":0.0,"cards_obtained":["Decay"]},{"damage_healed":0.0,"max_hp_gain":0.0,"max_hp_loss":0.0,"gold_gain":0.0,"event_name":"WeMeetAgain","player_choice":"Gave Potion","floor":36.0,"gold_loss":0.0,"damage_taken":0.0,"relics_obtained":["Letter Opener"]},{"cards_removed":["Heel Hook"],"damage_healed":0.0,"max_hp_gain":0.0,"max_hp_loss":0.0,"gold_gain":0.0,"event_name":"Falling","player_choice":"Removed Attack","floor":39.0,"gold_loss":0.0,"damage_taken":0.0},{"damage_healed":0,"gold_gain":0,"player_choice":"Upgraded Two","damage_taken":0,"max_hp_gain":0,"max_hp_loss":0,"event_name":"Designer","floor":46,"gold_loss":50,"cards_upgraded":["Night Terror","Underhanded Strike"]}],"is_beta":false,"boss_relics":[{"not_picked":["Fusion Hammer","Snecko Eye"],"picked":"Calling Bell"},{"not_picked":["Cursed Key","Coffee Dripper"],"picked":"Tiny House"}],"items_purged_floors":[20,27,37],"is_endless":false,"potions_floor_spawned":[12,13,14,22,24,29,40,42,47],"killed_by":"Time Eater","ascension_level":16}}