{"host":"gltm229u6j2oow3a","time":1611404675,"event":{"mods":["BaseMod","Colored Powertips","Minty Spire (QoL Compilation)","[IsaacMod]ÒÔÈö¼âËþ"],"gold_per_floor":[114,134,144,160,177,177,207,382,409,436,453,465,479,491,503,612,624,650,682,707,733,840,852,893,360,387,399,399,413,420,444,444,1015,1015,1026,1038,1092,1112,103,130,146,186,186,212,212,219,231,249,249,259,305,322,339,352,381,381,407,433,461,461,488,536,536,536,536,536,536,11,36,211,211],"floor_reached":55,"language":"ZHS","playtime":4547,"items_purged":["Strike_B","Defend_B","Strike_B"],"score":1588,"play_id":"d7dc6d27-f942-425f-8485-7761df8c8c7b","local_time":"20210123202435","is_ascension_mode":true,"campfire_choices":[{"data":"Coolheaded","floor":6,"key":"SMITH"},{"data":"Coolheaded","floor":15,"key":"SMITH"},{"data":"Doubt","floor":23,"key":"PURGE"},{"floor":32,"key":"REST"},{"data":"Mind Blast","floor":45,"key":"SMITH"},{"data":"Echo Form","floor":49,"key":"SMITH"},{"floor":41,"key":"RECALL"},{"data":"Rainbow","floor":45,"key":"SMITH"},{"data":"ElectricPowerLearning","floor":49,"key":"SMITH"},{"data":"Fission","floor":52,"key":"SMITH"}],"circlet_count":0,"master_deck":["Strike_B","Defend_B+1","Defend_B","Zap+1","Dualcast","Undo","BootSequence","Auto Shields","Coolheaded+1","Coolheaded+1","Core Surge","Glacier+1","Turbo","Stack","Aggregate","Sweeping Beam","Thunder Strike","CurseOfTheBell","Beam Cell+1","Conserve Battery","Stack+1","Turbo+1","Skim","Undo+1","Fan","Distribution","Fission+1","Leap+1","Machine Learning","Echo Form+1","ElectricPowerLearning+1","Amplify","Undo+1","Pulse+1","Stack+1","White Noise","Mind Blast+1","Go for the Eyes","Ball Lightning","Reinforced Body+1","Pulse+1","Sweeping Beam","Ball Lightning+1","Blizzard","Coolheaded+1","Lockon+1","Defragment+1","Rainbow+1","Finesse"],"relics":["Cracked Core","HushsDoor","DeathBook","PreservedInsect","TheBean","Bronze Scales","Sundial","White Beast Statue","TheBible","HowToJump","Regal Pillow","Matryoshka","Tiny Chest","CaptainsWheel","Happy Flower","MawBank","Calling Bell","Potion Belt","Pantograph","Peace Pipe","UnicornStump","Ancient Tea Set","Omamori","Question Card","War Paint","Dream Catcher","PillsDrop","MealTicket","Bag of Preparation","SalivaCoin","Strawberry","Smiling Mask","Bag of Marbles","BookOfRevelations","Akabeko","Oddly Smooth Stone","MagicMushroom","Thread and Needle","Ornamental Fan","Eternal Feather","OrangePellets","DataDisk","Juzu Bracelet","Singing Bowl","Centennial Puzzle","Shovel","HornCleat","Blood Vial","BelialBook","Anchor","Nunchaku","DeadEye","HandDrill","Lizard Tail"],"acts_visited":["Exordium","TheCity","TheBeyond","TheEnding"],"potions_floor_usage":[10,13,21,24,33,33,33,33,55,55,55,55,55],"damage_taken":[{"damage":7,"enemies":"Small Slimes","floor":1,"turns":3},{"damage":0,"enemies":"2 Louse","floor":2,"turns":2},{"damage":0,"enemies":"Cultist","floor":3,"turns":3},{"damage":0,"enemies":"2 Fungi Beasts","floor":4,"turns":2},{"damage":0,"enemies":"Looter","floor":5,"turns":2},{"damage":0,"enemies":"3 Sentries","floor":7,"turns":1},{"damage":0,"enemies":"Gremlin Nob","floor":10,"turns":2},{"damage":0,"enemies":"Blue Slaver","floor":11,"turns":4},{"damage":0,"enemies":"2 Fungi Beasts","floor":12,"turns":4},{"damage":0,"enemies":"Exordium Wildlife","floor":13,"turns":3},{"damage":0,"enemies":"3 Louse","floor":14,"turns":2},{"damage":0,"enemies":"Slime Boss","floor":16,"turns":11},{"damage":0,"enemies":"Spheric Guardian","floor":18,"turns":4},{"damage":0,"enemies":"3 Byrds","floor":19,"turns":2},{"damage":0,"enemies":"Snecko","floor":20,"turns":5},{"damage":0,"enemies":"Snake Plant","floor":21,"turns":4},{"damage":4,"enemies":"Slavers","floor":24,"turns":3},{"damage":0,"enemies":"Cultist and Chosen","floor":27,"turns":4},{"damage":0,"enemies":"Shelled Parasite and Fungi","floor":29,"turns":5},{"damage":100000010,"enemies":"Collector","floor":33,"turns":15},{"damage":0,"enemies":"Orb Walker","floor":35,"turns":4},{"damage":0,"enemies":"3 Shapes","floor":36,"turns":3},{"damage":0,"enemies":"2 Orb Walkers","floor":37,"turns":5},{"damage":0,"enemies":"Maw","floor":38,"turns":10},{"damage":0,"enemies":"Nemesis","floor":40,"turns":1},{"damage":0,"enemies":"Transient","floor":41,"turns":5},{"damage":0,"enemies":"Giant Head","floor":42,"turns":6},{"damage":0,"enemies":"Nemesis","floor":44,"turns":1},{"damage":0,"enemies":"3 Darklings","floor":47,"turns":4},{"damage":0,"enemies":"Jaw Worm Horde","floor":48,"turns":3},{"damage":0,"enemies":"3 Shapes","floor":35,"turns":1},{"damage":0,"enemies":"2 Orb Walkers","floor":36,"turns":2},{"damage":0,"enemies":"3 Darklings","floor":37,"turns":2},{"damage":0,"enemies":"Sphere and 2 Shapes","floor":38,"turns":2},{"damage":0,"enemies":"Transient","floor":39,"turns":5},{"damage":0,"enemies":"Nemesis","floor":40,"turns":1},{"damage":0,"enemies":"Giant Head","floor":42,"turns":5},{"damage":0,"enemies":"Reptomancer","floor":44,"turns":1},{"damage":0,"enemies":"Giant Head","floor":46,"turns":3},{"damage":0,"enemies":"Time Eater","floor":50,"turns":8},{"damage":0,"enemies":"Shield and Spear","floor":54,"turns":3},{"damage":165,"enemies":"LittleHush","floor":55,"turns":15}],"seed_played":"-5900261860282579761","potions_obtained":[{"floor":3,"key":"Fire Potion"},{"floor":5,"key":"Block Potion"},{"floor":10,"key":"SkillPotion"},{"floor":11,"key":"PowerPotion"},{"floor":13,"key":"Weak Potion"},{"floor":18,"key":"Explosive Potion"},{"floor":21,"key":"PotionOfCapacity"},{"floor":24,"key":"Block Potion"},{"floor":33,"key":"BlessingOfTheForge"},{"floor":33,"key":"FocusPotion"},{"floor":35,"key":"SkillPotion"},{"floor":36,"key":"GamblersBrew"},{"floor":37,"key":"Energy Potion"},{"floor":40,"key":"FocusPotion"},{"floor":42,"key":"LiquidMemories"}],"is_trial":false,"path_per_floor":["M","M","M","M","M","R","E","?","T","E","M","M","M","M","R","B",null,"M","M","M","M","?","R","E","$","T","M","?","M","?","T","R","B",null,"M","M","?","M","$","E","M","E","T","E","R","?","M","M","R","M","?","M","M","M","E","R","E","T","E","R","E","T","?","R","B",null,"R","$","E","B"],"character_chosen":"DEFECT","items_purchased":["FairyPotion","PillsDrop","MealTicket","Skim","Ornamental Fan","Eternal Feather","OrangePellets","Mind Blast","Battery","Go for the Eyes","DeadEye","HandDrill","LiquidBronze"],"campfire_rested":1,"item_purchase_floors":[17,25,25,25,39,39,39,39,39,39,53,53,53],"current_hp_per_floor":[68,68,68,68,68,68,68,68,68,68,68,68,68,68,68,68,71,71,71,71,71,56,56,52,52,52,59,59,59,44,44,83,13,90,90,90,90,90,90,90,90,90,90,92,92,77,80,81,94,97,97,92,92,94,94,94,96,96,96,96,98,98,98,98,98,98,98,98,100,0,0],"gold":211,"neow_bonus":"UPGRADE_CARD","is_daily":false,"chose_seed":false,"campfire_upgraded":7,"win_rate":0.0,"timestamp":1611404675,"path_taken":["M","M","M","M","M","R","E","?","T","E","M","M","M","M","R","BOSS","M","M","M","M","?","R","E","$","T","M","?","M","?","?","R","BOSS","M","M","?","M","$","E","M","E","T","E","R","?","M","M","R","M","?","M","M","M","E","R","E","T","E","R","E","?","?","R","BOSS","R","$","E","BOSS"],"items_purchased_type":["Potion","Relic","Relic","Card","Relic","Relic","Relic","Card","Card","Card","Relic","Relic","Potion"],"build_version":"2020-12-22","purchased_purges":3,"victory":false,"max_hp_per_floor":[75,75,75,75,75,75,75,75,75,75,75,75,75,75,75,75,71,71,71,71,71,71,71,71,71,71,78,78,78,83,83,83,83,90,90,90,90,90,90,90,90,90,90,92,92,92,94,94,94,97,97,92,92,94,94,94,96,96,96,96,98,98,98,98,98,98,98,98,100,100,100],"card_choices":[{"not_picked":[],"picked":"SuicideKing","floor":0},{"not_picked":["Stack","Steam Power"],"picked":"Undo","floor":1},{"not_picked":["Consume","Redo"],"picked":"BootSequence","floor":2},{"not_picked":["Capacitor","Bomb"],"picked":"Auto Shields","floor":3},{"not_picked":["Leap","Compile Driver"],"picked":"Coolheaded","floor":4},{"not_picked":["Recycle","Seek"],"picked":"Coolheaded","floor":5},{"not_picked":["Amplify","Steam Power"],"picked":"Core Surge","floor":7},{"not_picked":["Leap","Recycle"],"picked":"Glacier","floor":10},{"not_picked":["Gash","Rip and Tear"],"picked":"Turbo","floor":11},{"not_picked":["Steam","Leap"],"picked":"Stack","floor":12},{"not_picked":["Go for the Eyes","Core Surge"],"picked":"Aggregate","floor":13},{"not_picked":["Darkness","Leap"],"picked":"Sweeping Beam","floor":14},{"not_picked":["Reboot","Amplify"],"picked":"Thunder Strike","floor":16},{"not_picked":["Stack","Rip and Tear"],"picked":"Beam Cell+1","floor":18},{"not_picked":["Turbo","Rip and Tear"],"picked":"Conserve Battery","floor":19},{"not_picked":["Heatsinks","Redo+1"],"picked":"Stack+1","floor":20},{"not_picked":["Pulse","Self Repair+1"],"picked":"Turbo+1","floor":21},{"not_picked":["Steam Power","Conserve Battery","Barrage","Beam Cell"],"picked":"SKIP","floor":24},{"not_picked":["Redo","Leap+1","Barrage"],"picked":"Undo+1","floor":27},{"not_picked":["Pulse","Beam Cell","Hologram"],"picked":"Fission","floor":29},{"not_picked":["Compile Driver+1","Scrape","Beam Cell"],"picked":"Leap+1","floor":32},{"not_picked":["Buffer","Core Surge","Fission"],"picked":"Machine Learning","floor":33},{"not_picked":["Amplify","Machine Learning","Buffer"],"picked":"Echo Form","floor":33},{"not_picked":["Core Surge","Meteor Strike","Seek"],"picked":"ElectricPowerLearning","floor":33},{"not_picked":["Fission","Echo Form","All For One"],"picked":"Amplify","floor":33},{"not_picked":["Sweeping Beam","Conserve Battery","Rebound"],"picked":"Undo+1","floor":35},{"not_picked":["Beam Cell","Compile Driver+1","Turbo"],"picked":"Pulse+1","floor":36},{"not_picked":["Go for the Eyes+1","Leap","Self Repair+1"],"picked":"Stack+1","floor":37},{"not_picked":["Turbo","Multi-Cast","Aggregate"],"picked":"White Noise","floor":38},{"not_picked":["Rebound","Fan+1","Gash"],"picked":"Ball Lightning","floor":40},{"not_picked":["Leap+1","Compile Driver","Storm"],"picked":"Reinforced Body+1","floor":41},{"not_picked":["Conserve Battery","Cancel+1","Machine Learning"],"picked":"Pulse+1","floor":42},{"not_picked":["Turbo+1","Scrape+1","Reinforced Body","Sweeping Beam"],"picked":"Singing Bowl","floor":44},{"not_picked":["Steam","Go for the Eyes+1","Reinforced Body","Sweeping Beam"],"picked":"Singing Bowl","floor":47},{"not_picked":["Reprogram","Conserve Battery","Rebound"],"picked":"Sweeping Beam","floor":48},{"not_picked":["FTL","Coolheaded","Steam+1"],"picked":"Ball Lightning+1","floor":35},{"not_picked":["Undo+1","Auto Shields","Chaos+1"],"picked":"Blizzard","floor":36},{"not_picked":["Seek","Ball Lightning+1","Compile Driver+1"],"picked":"Coolheaded+1","floor":37},{"not_picked":["Sweeping Beam+1","Go for the Eyes","Undo"],"picked":"Lockon+1","floor":38},{"not_picked":["Cancel","Ball Lightning","Compile Driver+1","Barrage+1"],"picked":"Singing Bowl","floor":39},{"not_picked":["Gash+1","Creative AI","Ball Lightning+1"],"picked":"Defragment+1","floor":40},{"not_picked":["Undo","Sweeping Beam+1","Self Repair","Go for the Eyes+1"],"picked":"Singing Bowl","floor":42},{"not_picked":["Rip and Tear","Reinforced Body","Hologram"],"picked":"Rainbow","floor":44},{"not_picked":["Lockon","Aggregate","Rip and Tear+1","Coolheaded"],"picked":"Singing Bowl","floor":46},{"not_picked":["Forethought","The Bomb","Panacea"],"picked":"Finesse","floor":48},{"not_picked":["Auto Shields","Streamline+1","ElectricPowerLearning","Leap"],"picked":"Singing Bowl","floor":54}],"player_experience":90244,"relics_obtained":[{"floor":1,"key":"DeathBook"},{"floor":2,"key":"PreservedInsect"},{"floor":3,"key":"TheBean"},{"floor":4,"key":"Bronze Scales"},{"floor":5,"key":"Sundial"},{"floor":7,"key":"White Beast Statue"},{"floor":7,"key":"TheBible"},{"floor":9,"key":"HowToJump"},{"floor":10,"key":"Regal Pillow"},{"floor":10,"key":"Matryoshka"},{"floor":11,"key":"Tiny Chest"},{"floor":12,"key":"CaptainsWheel"},{"floor":13,"key":"Happy Flower"},{"floor":14,"key":"MawBank"},{"floor":17,"key":"Potion Belt"},{"floor":17,"key":"Pantograph"},{"floor":17,"key":"Peace Pipe"},{"floor":18,"key":"UnicornStump"},{"floor":19,"key":"Ancient Tea Set"},{"floor":20,"key":"Omamori"},{"floor":21,"key":"Question Card"},{"floor":24,"key":"War Paint"},{"floor":24,"key":"Dream Catcher"},{"floor":26,"key":"Bag of Preparation"},{"floor":26,"key":"SalivaCoin"},{"floor":27,"key":"Strawberry"},{"floor":29,"key":"Smiling Mask"},{"floor":31,"key":"Bag of Marbles"},{"floor":31,"key":"BookOfRevelations"},{"floor":33,"key":"Akabeko"},{"floor":33,"key":"Oddly Smooth Stone"},{"floor":37,"key":"Thread and Needle"},{"floor":40,"key":"DataDisk"},{"floor":42,"key":"Juzu Bracelet"},{"floor":43,"key":"ForgetMeNow"},{"floor":44,"key":"Singing Bowl"},{"floor":36,"key":"Shovel"},{"floor":40,"key":"HornCleat"},{"floor":42,"key":"Blood Vial"},{"floor":43,"key":"BelialBook"},{"floor":44,"key":"Anchor"},{"floor":46,"key":"Nunchaku"},{"floor":54,"key":"Lizard Tail"}],"event_choices":[{"damage_healed":0,"gold_gain":175,"player_choice":"AGREE","damage_taken":0,"max_hp_gain":0,"max_hp_loss":0,"event_name":"Liars Game","floor":8,"gold_loss":0,"cards_obtained":["Doubt"]},{"damage_healed":0,"gold_gain":0,"cards_transformed":["Defend_B","Strike_B"],"player_choice":"Became Test Subject","damage_taken":0,"max_hp_gain":0,"max_hp_loss":0,"event_name":"Drug Dealer","floor":28,"gold_loss":0,"cards_obtained":["Fan","Distribution"]},{"damage_healed":0,"gold_gain":0,"player_choice":"Shed Blood","damage_taken":20,"max_hp_gain":5,"max_hp_loss":0,"event_name":"Forgotten Altar","floor":30,"gold_loss":0},{"damage_healed":0,"gold_gain":0,"player_choice":"Fight","damage_taken":0,"max_hp_gain":0,"max_hp_loss":0,"event_name":"Mysterious Sphere","floor":37,"gold_loss":0},{"damage_healed":0,"gold_gain":0,"player_choice":"Fight","damage_taken":0,"max_hp_gain":0,"max_hp_loss":0,"event_name":"Mysterious Sphere","floor":36,"gold_loss":0},{"damage_healed":0,"gold_gain":0,"player_choice":"Memory 1","damage_taken":0,"max_hp_gain":0,"max_hp_loss":0,"event_name":"SensoryStone","floor":48,"gold_loss":0}],"is_beta":false,"boss_relics":[{"not_picked":["ChampionBelt","Runic Dome"],"picked":"Calling Bell"},{"not_picked":[]},{"not_picked":["Astrolabe","Runic Pyramid"],"picked":"MagicMushroom"},{"not_picked":[]}],"items_purged_floors":[25,39,53],"is_endless":false,"potions_floor_spawned":[3,5,10,11,12,13,14,16,18,19,20,21,24,27,29,33,35,36,37,38,40,41,42,44,47,48,35,36,37,38,39,40,42,44,46,54],"killed_by":"LittleHush","ascension_level":3}}