{"host":"1mv6gj0zv8k9e9tz","time":1611418093,"event":{"mods":["AchievementEnabler","BaseMod","Better Third Choice","Colored Map","KOR Keyword Fix","Minty Spire (QoL Compilation)","Permanent Neow","Rare Cards Sparkle","StSLib"],"gold_per_floor":[113,131,146,160,110,110,126,126,126,51,66,84,84,103,103,103,103],"floor_reached":16,"language":"KOR","playtime":481,"items_purged":["Strike_G"],"score":187,"play_id":"92c0e5e0-bb92-4409-b874-e413971eca01","local_time":"20210124010813","is_ascension_mode":true,"campfire_choices":[{"data":"Neutralize","floor":6.0,"key":"SMITH"},{"floor":8.0,"key":"REST"},{"data":"Deadly Poison","floor":13.0,"key":"SMITH"},{"data":"Catalyst","floor":15.0,"key":"SMITH"}],"circlet_count":0,"master_deck":["AscendersBane","Strike_G","Strike_G","Strike_G","Strike_G","Defend_G","Defend_G","Defend_G","Defend_G","Defend_G","Survivor","Neutralize+1","Catalyst+1","Escape Plan","Deadly Poison+1","Deflect","Backflip","Wraith Form v2"],"relics":["SlaversCollar","Akabeko"],"acts_visited":["Exordium"],"potions_floor_usage":[16],"damage_taken":[{"damage":21.0,"enemies":"Cultist","floor":1.0,"turns":6.0},{"damage":11.0,"enemies":"Jaw Worm","floor":2.0,"turns":4.0},{"damage":3.0,"enemies":"Small Slimes","floor":3.0,"turns":4.0},{"damage":8.0,"enemies":"Blue Slaver","floor":4.0,"turns":5.0},{"damage":11.0,"enemies":"Large Slime","floor":7.0,"turns":3.0},{"damage":1.0,"enemies":"2 Fungi Beasts","floor":11.0,"turns":4.0},{"damage":0.0,"enemies":"Blue Slaver","floor":12.0,"turns":5.0},{"damage":0.0,"enemies":"Looter","floor":14.0,"turns":4.0},{"damage":43,"enemies":"Slime Boss","floor":16,"turns":7}],"seed_played":"3515140677469703907","potions_obtained":[{"floor":1.0,"key":"SteroidPotion"},{"floor":3.0,"key":"BlessingOfTheForge"},{"floor":4.0,"key":"SteroidPotion"},{"floor":14.0,"key":"Regen Potion"}],"is_trial":false,"path_per_floor":["M","M","M","M","?","R","M","R","T","$","M","M","R","M","R","B"],"character_chosen":"THE_SILENT","items_purchased":[],"campfire_rested":1,"item_purchase_floors":[],"current_hp_per_floor":[38,27,24,16,16,16,5,24,24,24,23,23,23,23,23,0,0],"gold":103,"neow_bonus":"BOSS_RELIC","is_daily":false,"chose_seed":false,"campfire_upgraded":3,"win_rate":0.0,"timestamp":1611418093,"path_taken":["M","M","M","M","?","R","M","R","T","$","M","M","R","M","R","BOSS"],"items_purchased_type":[],"build_version":"2020-12-22","purchased_purges":1,"victory":false,"max_hp_per_floor":[66,66,66,66,66,66,66,66,66,66,66,66,66,66,66,66,66],"card_choices":[{"not_picked":["Setup","Dagger Throw","Concentrate"],"picked":"SKIP","floor":1.0},{"not_picked":["Bane","Calculated Gamble"],"picked":"Catalyst","floor":2.0},{"not_picked":["Riddle With Holes","Heel Hook"],"picked":"Escape Plan","floor":3.0},{"not_picked":["Slice","Underhanded Strike"],"picked":"Deadly Poison","floor":4.0},{"not_picked":["Blade Dance","Masterful Stab","Finisher"],"picked":"SKIP","floor":7.0},{"not_picked":["Slice","Dash"],"picked":"Deflect","floor":11.0},{"not_picked":["Footwork","Quick Slash"],"picked":"Backflip","floor":12.0},{"not_picked":["Underhanded Strike","Sucker Punch"],"picked":"Wraith Form v2","floor":14.0}],"player_experience":549189,"relics_obtained":[{"floor":9.0,"key":"Akabeko"}],"event_choices":[{"damage_healed":0.0,"max_hp_gain":0.0,"max_hp_loss":0.0,"gold_gain":0.0,"event_name":"betterThird:BetterGoop","player_choice":"Left","floor":5.0,"gold_loss":50.0,"damage_taken":0.0}],"is_beta":false,"boss_relics":[],"items_purged_floors":[10],"is_endless":false,"potions_floor_spawned":[1,3,4,14],"killed_by":"Slime Boss","ascension_level":19}}