{"host":"7lqra3rfanasaqnt","time":1611379731,"event":{"mods":["AchievementEnabler","Act Like it!","BaseMod","Colored Powertips","Downfall","Friendly Minions","Minty Spire (QoL Compilation)","StSLib"],"gold_per_floor":[99,117,137,47,57,57,83,103,133,147,160,48,48,68,84,184,184,84,95,95,115,115,115,115],"floor_reached":22,"language":"ENG","playtime":1984,"items_purged":["Decay"],"score":263,"play_id":"f7d456e3-61a0-4637-8495-37cb72e8c5c8","local_time":"20210122222851","is_ascension_mode":true,"campfire_choices":[{"data":"Slimebound:Split","floor":1,"key":"SMITH"},{"floor":13,"key":"REST"},{"data":"Slimebound:SelfFormingGoo","floor":18,"key":"SMITH"}],"circlet_count":0,"master_deck":["Slimebound:Tackle","Slimebound:Split+1","Slimebound:CorrosiveSpit","Slimebound:HauntingLick","Slimebound:ItLooksTasty","Slimebound:Recycling","Slimebound:ViciousTackle","Slimebound:SplitLeeching","Slimebound:Darklings","Slimebound:SplitMire","Slimebound:FormOfPuddle","Slimebound:LivingWall","Slimebound:Schlurp","Slimebound:ProtectTheBoss","Slimebound:Recollect","Slimebound:LeechEnergy","Slimebound:SelfFormingGoo+1","Slimebound:BestDefense","Slimebound:ComboTackle","Slimebound:Recollect","Slimebound:LeechingTouch","Slimebound:ForwardTackle","Slimebound:Replication","Slimebound:FormOfPuddle","Slimebound:Gluttony","Slimebound:GoopSpray+1"],"relics":["Slimebound:AbsorbEndCombat","Turnip","Odd Mushroom","Anchor","Pandora\u0027s Box","downfall:HeartBlessingGreen","downfall:RedIOU"],"acts_visited":["Exordium","TheCity"],"potions_floor_usage":[8,9,9,16,19],"damage_taken":[{"damage":3,"enemies":"Cultist","floor":2,"turns":4},{"damage":12,"enemies":"2 Louse","floor":3,"turns":4},{"damage":0,"enemies":"downfall:FleeingMerchant","floor":4,"turns":4},{"damage":2,"enemies":"Jaw Worm","floor":5,"turns":2},{"damage":13,"enemies":"The Mushroom Lair","floor":8,"turns":4},{"damage":29,"enemies":"3 Sentries","floor":9,"turns":9},{"damage":0,"enemies":"Large Slime","floor":10,"turns":5},{"damage":3,"enemies":"Blue Slaver","floor":11,"turns":3},{"damage":10,"enemies":"downfall:FleeingMerchant","floor":12,"turns":4},{"damage":1,"enemies":"Red Slaver","floor":14,"turns":4},{"damage":6,"enemies":"Gremlin Gang","floor":15,"turns":4},{"damage":39,"enemies":"DF_ARCHETYPE_STREAMLINE","floor":16,"turns":11},{"damage":13,"enemies":"3 Byrds","floor":19,"turns":6},{"damage":20,"enemies":"Spheric Guardian","floor":21,"turns":4},{"damage":38,"enemies":"SI_SHIV_ARCHETYPE","floor":22,"turns":7}],"seed_played":"-2788293684349398026","potions_obtained":[{"floor":2,"key":"Weak Potion"},{"floor":3,"key":"hexamod:SoulburnPotion"},{"floor":5,"key":"Fire Potion"},{"floor":10,"key":"champ:CounterPotion"},{"floor":11,"key":"sneckomod:MuddlingPotion"}],"is_trial":false,"path_per_floor":["R","M","M","$","M","?","T","?","E","M","M","$","R","M","M","B",null,"R","M","?","M","?"],"character_chosen":"SLIMEBOUND","items_purchased":["Slimebound:Schlurp","Weak Potion"],"campfire_rested":1,"item_purchase_floors":[12,12],"current_hp_per_floor":[59,62,52,56,56,56,56,47,26,34,33,31,50,53,51,20,54,54,45,45,29,0,0,0],"gold":115,"neow_bonus":"ONE_RARE_RELIC","is_daily":false,"chose_seed":false,"campfire_upgraded":2,"win_rate":0.0,"timestamp":1611379731,"path_taken":["R","M","M","?","M","?","T","?","E","M","M","?","R","M","M","BOSS","R","M","?","M","?"],"items_purchased_type":["Card","Potion"],"build_version":"2020-12-22","purchased_purges":1,"victory":false,"max_hp_per_floor":[65,65,65,65,65,65,65,65,65,65,65,65,65,65,65,65,65,65,65,65,65,65,65,65],"card_choices":[{"not_picked":["Slimebound:Dissolve","Slimebound:SlimeBarrage"],"picked":"Slimebound:HauntingLick","floor":2},{"not_picked":["Slimebound:FinishingTackle","Slimebound:ComboTackle"],"picked":"Slimebound:ItLooksTasty","floor":3},{"not_picked":["Slimebound:ProtectTheBoss","Slimebound:Replication"],"picked":"Slimebound:Recycling","floor":4},{"not_picked":["Slimebound:HauntingLick","Slimebound:HungryTackle"],"picked":"Slimebound:ViciousTackle","floor":5},{"not_picked":["Slimebound:Prepare","Slimebound:ItLooksTasty"],"picked":"Slimebound:SplitLeeching","floor":8},{"not_picked":["Slimebound:RollThrough","Slimebound:ComboTackle"],"picked":"Slimebound:Darklings","floor":9},{"not_picked":["Slimebound:RollThrough","Slimebound:LevelUp"],"picked":"Slimebound:SplitMire","floor":10},{"not_picked":["Slimebound:ComboTackle","Slimebound:SplitMire"],"picked":"Slimebound:FormOfPuddle","floor":11},{"not_picked":["Slimebound:BestDefense","Slimebound:SplitLeeching"],"picked":"Slimebound:LivingWall","floor":12},{"not_picked":["Slimebound:SplitBruiser","Slimebound:Schlurp"],"picked":"Slimebound:ProtectTheBoss","floor":13},{"not_picked":["Slimebound:SlimeSpikes","Slimebound:FinishingTackle"],"picked":"Slimebound:Recollect","floor":14},{"not_picked":["Slimebound:MegaLick","Slimebound:Recollect"],"picked":"Slimebound:LeechEnergy","floor":15},{"not_picked":["Slimebound:PrepareCrush","Slimebound:SlimeSlap"],"picked":"Slimebound:SelfFormingGoo","floor":16},{"not_picked":["Slimebound:ItLooksTasty","Slimebound:GoopSpray"],"picked":"Slimebound:Gluttony","floor":19},{"not_picked":["Slimebound:FinishingTackle","Slimebound:RollThrough"],"picked":"Slimebound:GoopSpray+1","floor":21}],"player_experience":574377,"relics_obtained":[{"floor":7,"key":"Dream Catcher"},{"floor":8,"key":"Odd Mushroom"},{"floor":9,"key":"Anchor"}],"event_choices":[{"damage_healed":0,"gold_gain":0,"player_choice":"Fought Mushrooms","damage_taken":0,"max_hp_gain":0,"max_hp_loss":0,"event_name":"Mushrooms","floor":8,"gold_loss":0}],"is_beta":false,"boss_relics":[{"not_picked":["Runic Dome","SacredBark"],"picked":"Pandora\u0027s Box"}],"items_purged_floors":[4],"is_endless":false,"potions_floor_spawned":[2,3,5,10,11],"killed_by":"SI_SHIV_ARCHETYPE","ascension_level":8}}