{"host":"ey9liw7emv7vgjgw","time":1611406985,"event":{"mods":["Act Like it!","BaseMod","Gensokyo","Minty Spire (QoL Compilation)","Remilia£®¿Ÿ√◊¿Ú—«£©","StSLib","The Administrix","Youmu£®ªÍ∆«—˝√Œ£©","Yuyuko"],"gold_per_floor":[116,135,135,147,160,160,186,200,200,200,235,246,246,257,257,352,352,366,215,14,28,42,42,42],"floor_reached":23,"language":"ZHS","playtime":5300,"items_purged":[],"score":230,"play_id":"cd152fe8-b2e4-4165-8172-10dd99875080","local_time":"20210123210305","is_ascension_mode":false,"campfire_choices":[{"data":"AdministrixMod:PassageOfAges","floor":6.0,"key":"SMITH"},{"data":"AdministrixMod:Strike_Administrix","floor":13.0,"key":"PURGE"},{"data":"AdministrixMod:ShadowPlay","floor":15.0,"key":"SMITH"}],"circlet_count":0,"master_deck":["AdministrixMod:Strike_Administrix","AdministrixMod:Strike_Administrix","AdministrixMod:Strike_Administrix","AdministrixMod:RedCloak","AdministrixMod:Defend_Administrix","AdministrixMod:Defend_Administrix","AdministrixMod:Defend_Administrix","AdministrixMod:Defend_Administrix","AdministrixMod:BlueCloak","AdministrixMod:Metempsychosis","AdministrixMod:ShadowPlay+1","AdministrixMod:PassageOfAges+1","AdministrixMod:LightOfYourLife+1","AdministrixMod:TenDesires+1","CurseOfTheBell","AdministrixMod:FeastOfDew+1","Gensokyo:BlemishedSteel","Gensokyo:LockedMedkit"],"relics":["AdministrixMod:ConductorRitualBaton","Blue Candle","Peace Pipe","Toxic Egg 2","Calling Bell","ScarletDevilRocket","Pantograph","AdministrixMod:KeyOfKings","Happy Flower","Akabeko","Frozen Eye"],"acts_visited":["Exordium","Gensokyo:Gensokyoer"],"potions_floor_usage":[],"damage_taken":[{"damage":0.0,"enemies":"Cultist","floor":1.0,"turns":3.0},{"damage":1.0,"enemies":"Jaw Worm","floor":2.0,"turns":4.0},{"damage":5.0,"enemies":"Small Slimes","floor":4.0,"turns":3.0},{"damage":1.0,"enemies":"2 Fungi Beasts","floor":5.0,"turns":4.0},{"damage":27.0,"enemies":"Lagavulin","floor":7.0,"turns":9.0},{"damage":0.0,"enemies":"Looter","floor":8.0,"turns":3.0},{"damage":8.0,"enemies":"3 Sentries","floor":11.0,"turns":7.0},{"damage":3.0,"enemies":"3 Louse","floor":12.0,"turns":2.0},{"damage":0.0,"enemies":"Exordium Thugs","floor":14.0,"turns":3.0},{"damage":36.0,"enemies":"Slime Boss","floor":16.0,"turns":11.0},{"damage":0.0,"enemies":"Gensokyo:2_Gloops","floor":18.0,"turns":4.0},{"damage":22.0,"enemies":"Gensokyo:AngelMirror","floor":21.0,"turns":3.0},{"damage":21.0,"enemies":"Gensokyo:Swordslinger","floor":22.0,"turns":5.0},{"damage":38,"enemies":"Gensokyo:Koishi","floor":23,"turns":4}],"seed_played":"5952885795824968476","potions_obtained":[{"floor":1.0,"key":"DuplicationPotion"},{"floor":2.0,"key":"FearPotion"},{"floor":11.0,"key":"SpeedPotion"},{"floor":16.0,"key":"Block Potion"}],"is_trial":false,"path_per_floor":["M","M","?","M","M","R","E","M","T","?","E","M","R","M","R","B",null,"M","$","COS","M","M","E"],"character_chosen":"TheAdministrix","items_purchased":["Happy Flower"],"campfire_rested":0,"item_purchase_floors":[19],"current_hp_per_floor":[71,70,58,53,52,52,25,25,25,81,73,70,70,70,70,34,81,81,81,81,59,38,0,0],"gold":42,"neow_bonus":"TEN_PERCENT_HP_BONUS","is_daily":false,"chose_seed":false,"campfire_upgraded":2,"win_rate":0.0,"timestamp":1611406985,"path_taken":["M","?","?","M","M","R","E","M","T","?","E","M","R","M","R","BOSS","M","?","COS","M","M","E"],"items_purchased_type":["Relic"],"build_version":"2020-12-22","purchased_purges":0,"victory":false,"max_hp_per_floor":[71,71,71,71,71,71,71,71,71,81,81,81,81,81,81,81,81,81,81,81,81,81,81,81],"card_choices":[{"not_picked":["AdministrixMod:Untouchable","AdministrixMod:RegentEdict"],"picked":"AdministrixMod:Metempsychosis","floor":1.0},{"not_picked":["AdministrixMod:RebukeDesires","AdministrixMod:SealAway"],"picked":"AdministrixMod:ShadowPlay","floor":2.0},{"not_picked":["AdministrixMod:TrickOfTheLight","AdministrixMod:ExtolVirtue"],"picked":"AdministrixMod:PassageOfAges","floor":4.0},{"not_picked":["AdministrixMod:MixOfMercury","AdministrixMod:ShadowPlay","AdministrixMod:ArmillarySphere"],"picked":"SKIP","floor":5.0},{"not_picked":["AdministrixMod:NewWardrobe","AdministrixMod:CenturiesAscent"],"picked":"AdministrixMod:TenDesires","floor":7.0},{"not_picked":["AdministrixMod:PassageOfAges","AdministrixMod:SealAway","AdministrixMod:FuneraryRites"],"picked":"SKIP","floor":8.0},{"not_picked":["AdministrixMod:JustRewards","AdministrixMod:SipOfSparks+1","AdministrixMod:RegentEdict"],"picked":"SKIP","floor":11.0},{"not_picked":["AdministrixMod:CenturiesAscent+1","AdministrixMod:ExtolVirtue","AdministrixMod:DiversionaryTactic"],"picked":"SKIP","floor":12.0},{"not_picked":["AdministrixMod:CenturiesAscent+1","AdministrixMod:Metempsychosis+1"],"picked":"AdministrixMod:LightOfYourLife+1","floor":14.0},{"not_picked":["AdministrixMod:GirlsDoItBetter","AdministrixMod:FearOfDeath"],"picked":"AdministrixMod:TenDesires+1","floor":16.0},{"not_picked":["AdministrixMod:DiversionaryTactic","AdministrixMod:Convergence+1"],"picked":"AdministrixMod:FeastOfDew+1","floor":18.0},{"not_picked":["AdministrixMod:TouchOfCinnabar+1","AdministrixMod:QuietConspiracy+1","AdministrixMod:Transition+1"],"picked":"SKIP","floor":21.0},{"not_picked":["AdministrixMod:WickedPunishment","AdministrixMod:SyncreticSurge+1","AdministrixMod:DiversionaryTactic"],"picked":"SKIP","floor":22.0}],"player_experience":140005,"relics_obtained":[{"floor":7.0,"key":"Peace Pipe"},{"floor":11.0,"key":"Toxic Egg 2"},{"floor":17.0,"key":"ScarletDevilRocket"},{"floor":17.0,"key":"Pantograph"},{"floor":17.0,"key":"AdministrixMod:KeyOfKings"}],"event_choices":[{"damage_healed":0.0,"max_hp_gain":0.0,"max_hp_loss":0.0,"gold_gain":0.0,"event_name":"Scrap Ooze","player_choice":"Success","floor":3.0,"gold_loss":0.0,"damage_taken":12.0,"relics_obtained":["Blue Candle"]},{"cards_removed":["AdministrixMod:TenDesires"],"damage_healed":46.0,"max_hp_gain":10.0,"max_hp_loss":0.0,"gold_gain":0.0,"event_name":"Bonfire Elementals","player_choice":"Offered Rare","floor":10.0,"gold_loss":0.0,"damage_taken":0.0}],"is_beta":false,"boss_relics":[{"not_picked":["Velvet Choker","Snecko Eye"],"picked":"Calling Bell"}],"items_purged_floors":[],"is_endless":false,"potions_floor_spawned":[1,2,11,14,16,21],"killed_by":"Gensokyo:Koishi","ascension_level":0}}