{"host":"gg","time":1611435901,"event":{"mods":["BaseMod","Colored Map","Googly Eyes","Minty Spire (QoL Compilation)","Permanent Neow","Relic Stats","The IronCluck"],"gold_per_floor":[116,127,127,127,44,76,76,87,112,146,146,179,198,209,209,286,286,304,314,314,314,314,314,341,355,380,410,410,442,452,465,465,537,537,557,557,335,335,354,384,384,411,465,492,508,508,521,532,532,532,532],"floor_reached":50,"language":"ENG","playtime":7964,"items_purged":["Strike_P"],"score":1310,"play_id":"9c5ad703-d6ab-4eff-b59a-27bb0b53533f","local_time":"20210123130501","is_ascension_mode":true,"campfire_choices":[{"data":"SignatureMove","floor":7.0,"key":"SMITH"},{"data":"Eruption","floor":11.0,"key":"SMITH"},{"data":"Conclude","floor":15.0,"key":"SMITH"},{"data":"Ragnarok","floor":23.0,"key":"SMITH"},{"data":"Meditate","floor":28.0,"key":"SMITH"},{"floor":32.0,"key":"REST"},{"data":"TalkToTheHand","floor":41.0,"key":"SMITH"},{"floor":49,"key":"RECALL"}],"circlet_count":0,"master_deck":["AscendersBane","Strike_P","Strike_P","Defend_P+1","Eruption+1","Vigilance","FlurryOfBlows","SignatureMove+1","WheelKick","CrushJoints","EmptyFist","Tantrum","Conclude+1","FlurryOfBlows","Ragnarok+1","Wireheading+1","Wallop","WaveOfTheHand","CutThroughFate","Meditate+1","CrushJoints+1","Weave","TalkToTheHand+1","LessonLearned","CutThroughFate","Adaptation+1","Wallop"],"relics":["Velvet Choker","Bag of Preparation","Smiling Mask","Question Card","Bag of Marbles","Sozu","Letter Opener","PreservedInsect","Frozen Egg 2","Empty Cage","Toolbox","Nunchaku","Incense Burner","Boot"],"acts_visited":["Exordium","TheCity","TheBeyond"],"potions_floor_usage":[],"damage_taken":[{"damage":0.0,"enemies":"Jaw Worm","floor":1.0,"turns":4.0},{"damage":1.0,"enemies":"2 Louse","floor":2.0,"turns":2.0},{"damage":10.0,"enemies":"Lagavulin","floor":6.0,"turns":4.0},{"damage":0.0,"enemies":"Cultist","floor":8.0,"turns":2.0},{"damage":18.0,"enemies":"3 Sentries","floor":10.0,"turns":7.0},{"damage":0.0,"enemies":"Gremlin Nob","floor":12.0,"turns":2.0},{"damage":0.0,"enemies":"Red Slaver","floor":13.0,"turns":1.0},{"damage":0.0,"enemies":"Blue Slaver","floor":14.0,"turns":1.0},{"damage":15.0,"enemies":"Slime Boss","floor":16.0,"turns":4.0},{"damage":7.0,"enemies":"3 Byrds","floor":18.0,"turns":3.0},{"damage":0.0,"enemies":"Spheric Guardian","floor":19.0,"turns":2.0},{"damage":0.0,"enemies":"Gremlin Leader","floor":24.0,"turns":2.0},{"damage":6.0,"enemies":"3 Cultists","floor":25.0,"turns":3.0},{"damage":13.0,"enemies":"Slavers","floor":27.0,"turns":2.0},{"damage":27.0,"enemies":"Book of Stabbing","floor":29.0,"turns":3.0},{"damage":0.0,"enemies":"Chosen and Byrds","floor":30.0,"turns":3.0},{"damage":0.0,"enemies":"Snake Plant","floor":31.0,"turns":1.0},{"damage":58.0,"enemies":"Automaton","floor":33.0,"turns":8.0},{"damage":0.0,"enemies":"3 Shapes","floor":35.0,"turns":2.0},{"damage":11.0,"enemies":"Orb Walker","floor":39.0,"turns":2.0},{"damage":0.0,"enemies":"Reptomancer","floor":40.0,"turns":2.0},{"damage":3.0,"enemies":"Nemesis","floor":42.0,"turns":3.0},{"damage":9.0,"enemies":"3 Darklings","floor":45.0,"turns":3.0},{"damage":10,"enemies":"Transient","floor":47,"turns":6},{"damage":9,"enemies":"Spire Growth","floor":48,"turns":4},{"damage":28,"enemies":"Donu and Deca","floor":50,"turns":2}],"seed_played":"4914210963268982643","potions_obtained":[{"floor":1.0,"key":"BlessingOfTheForge"},{"floor":12.0,"key":"Weak Potion"},{"floor":13.0,"key":"BottledMiracle"},{"floor":14.0,"key":"StancePotion"},{"floor":16.0,"key":"FairyPotion"}],"is_trial":false,"path_per_floor":["M","M","?","?","$","E","R","M","T","E","R","E","M","M","R","B",null,"M","M","?","?","?","R","E","M","T","E","R","E","M","M","R","B",null,"M","?","$","?","M","E","R","E","T","T","M","?","M","M","R","B"],"character_chosen":"WATCHER","items_purchased":["SignatureMove","Toolbox"],"campfire_rested":1,"item_purchase_floors":[5,37],"current_hp_per_floor":[61,60,53,58,58,48,48,48,48,30,30,30,30,30,30,15,59,52,52,52,52,52,52,52,46,46,33,33,6,6,6,27,21,60,60,60,60,60,49,49,49,46,46,46,37,37,27,18,18,0,0],"gold":532,"neow_bonus":"BOSS_RELIC","is_daily":false,"chose_seed":false,"campfire_upgraded":6,"win_rate":0.0,"timestamp":1611435901,"path_taken":["M","M","?","?","?","E","R","M","T","E","R","E","?","M","R","BOSS","M","M","?","?","?","R","E","M","T","E","R","E","M","?","R","BOSS","M","?","$","?","M","E","R","E","T","?","M","?","M","M","R","BOSS"],"items_purchased_type":["Card","Relic"],"build_version":"2020-12-18","purchased_purges":1,"victory":false,"max_hp_per_floor":[68,68,68,73,73,73,73,73,73,73,73,73,73,73,73,73,73,73,73,73,73,73,73,73,73,73,73,73,73,73,73,73,73,73,73,73,73,73,73,73,73,73,73,73,73,69,69,69,69,69,69],"relic_stats":{"Sozu":8,"Nunchaku":[7],"counters":[26,78],"PreservedInsect":193,"Bag of Preparation":[46],"Letter Opener":[0],"Smiling Mask":25,"Question Card":21,"Boot":[28],"obtain_stats":[{"Velvet Choker":0,"PreservedInsect":26,"Bag of Preparation":6,"Incense Burner":42,"Letter Opener":24,"Frozen Egg 2":27,"Smiling Mask":9,"Question Card":10,"Empty Cage":34,"Boot":44,"Sozu":17,"Nunchaku":40,"Toolbox":37,"Bag of Marbles":12,"PureWater":0},{"Velvet Choker":0,"PreservedInsect":13,"Bag of Preparation":3,"Incense Burner":22,"Letter Opener":12,"Frozen Egg 2":14,"Smiling Mask":4,"Question Card":5,"Empty Cage":18,"Boot":22,"Sozu":9,"Nunchaku":21,"Toolbox":19,"Bag of Marbles":6,"PureWater":0},{"Velvet Choker":0,"PreservedInsect":37,"Bag of Preparation":10,"Incense Burner":63,"Letter Opener":34,"Frozen Egg 2":39,"Smiling Mask":12,"Question Card":19,"Empty Cage":54,"Boot":63,"Sozu":27,"Nunchaku":60,"Toolbox":56,"Bag of Marbles":21,"PureWater":0}]},"card_choices":[{"not_picked":["ForeignInfluence","Protect","Evaluate"],"picked":"SKIP","floor":1.0},{"not_picked":["InnerPeace","EmptyMind"],"picked":"FlurryOfBlows","floor":2.0},{"not_picked":["LikeWater","MentalFortress"],"picked":"WheelKick","floor":6.0},{"not_picked":["Swivel","Crescendo"],"picked":"CrushJoints","floor":8.0},{"not_picked":["CrushJoints","Evaluate"],"picked":"EmptyFist","floor":10.0},{"not_picked":["ThirdEye","BattleHymn","Evaluate"],"picked":"Tantrum","floor":12.0},{"not_picked":["BowlingBash","Tantrum","CarveReality"],"picked":"Conclude","floor":13.0},{"not_picked":["Halt","Brilliance","Pray"],"picked":"FlurryOfBlows","floor":14.0},{"not_picked":["ConjureBlade","DevaForm","Scrawl"],"picked":"Ragnarok","floor":16.0},{"not_picked":["Crescendo","EmptyFist","PathToVictory+1"],"picked":"Wireheading","floor":18.0},{"not_picked":["Crescendo","Prostrate","Consecrate"],"picked":"Wallop","floor":19.0},{"not_picked":["EmptyFist","CarveReality","DeceiveReality+1","Brilliance"],"picked":"SKIP","floor":24.0},{"not_picked":["Swivel","FollowUp","DeceiveReality"],"picked":"CutThroughFate","floor":25.0},{"not_picked":["Halt","DeceiveReality","Alpha"],"picked":"Meditate","floor":27.0},{"not_picked":["Prostrate","ForeignInfluence","SashWhip"],"picked":"CrushJoints+1","floor":29.0},{"not_picked":["CrushJoints+1","EmptyMind","BowlingBash"],"picked":"Weave","floor":30.0},{"not_picked":["Halt","SashWhip","EmptyMind"],"picked":"TalkToTheHand","floor":31.0},{"not_picked":["DeusExMachina","Judgement","Devotion+1"],"picked":"LessonLearned","floor":33.0},{"not_picked":["Protect","FlyingSleeves","ThirdEye"],"picked":"Sanctity+1","floor":35.0},{"not_picked":["BowlingBash+1","PathToVictory","FlyingSleeves"],"picked":"CutThroughFate","floor":39.0},{"not_picked":["Study+1","BowlingBash+1","ConjureBlade","FlurryOfBlows"],"picked":"SKIP","floor":40.0},{"not_picked":["Brilliance","Evaluate","Sanctity","ClearTheMind"],"picked":"SKIP","floor":42.0},{"not_picked":["BattleHymn+1","MentalFortress+1","SignatureMove+1"],"picked":"Adaptation+1","floor":45},{"not_picked":["Study+1","Conclude","EmptyFist","Collect"],"picked":"SKIP","floor":47},{"not_picked":["EmptyBody+1","Protect","CrushJoints"],"picked":"Wallop","floor":48}],"player_experience":1261611,"relics_obtained":[{"floor":6.0,"key":"Bag of Preparation"},{"floor":9.0,"key":"Smiling Mask"},{"floor":10.0,"key":"Question Card"},{"floor":12.0,"key":"Bag of Marbles"},{"floor":24.0,"key":"Letter Opener"},{"floor":26.0,"key":"PreservedInsect"},{"floor":27.0,"key":"Frozen Egg 2"},{"floor":40.0,"key":"Nunchaku"},{"floor":42.0,"key":"Incense Burner"},{"floor":44.0,"key":"Boot"}],"event_choices":[{"cards_removed":["Defend_P"],"damage_healed":0.0,"max_hp_gain":0.0,"max_hp_loss":0.0,"gold_gain":0.0,"event_name":"Golden Wing","player_choice":"Card Removal","floor":3.0,"gold_loss":0.0,"damage_taken":7.0},{"damage_healed":0.0,"max_hp_gain":5.0,"max_hp_loss":0.0,"gold_gain":0.0,"event_name":"Big Fish","player_choice":"Donut","floor":4.0,"gold_loss":0.0,"damage_taken":0.0},{"damage_healed":0.0,"max_hp_gain":0.0,"max_hp_loss":0.0,"gold_gain":0.0,"event_name":"Vampires","player_choice":"Ignored","floor":20.0,"gold_loss":0.0,"damage_taken":0.0},{"damage_healed":0.0,"max_hp_gain":0.0,"max_hp_loss":0.0,"gold_gain":0.0,"event_name":"The Library","player_choice":"Read","floor":21.0,"gold_loss":0.0,"damage_taken":0.0,"cards_obtained":["WaveOfTheHand"]},{"cards_removed":["Defend_P"],"damage_healed":0.0,"max_hp_gain":0.0,"max_hp_loss":0.0,"gold_gain":0.0,"event_name":"Bonfire Elementals","player_choice":"Offered Basic","floor":22.0,"gold_loss":0.0,"damage_taken":0.0},{"damage_healed":0.0,"max_hp_gain":0.0,"max_hp_loss":0.0,"gold_gain":0.0,"event_name":"Tomb of Lord Red Mask","player_choice":"Ignored","floor":36.0,"gold_loss":0.0,"damage_taken":0.0},{"cards_removed":["Sanctity"],"damage_healed":0.0,"max_hp_gain":0.0,"max_hp_loss":0.0,"gold_gain":0.0,"event_name":"Falling","player_choice":"Removed Skill","floor":38.0,"gold_loss":0.0,"damage_taken":0.0},{"damage_healed":0,"gold_gain":0,"player_choice":"Max HP","damage_taken":0,"max_hp_gain":0,"max_hp_loss":4,"event_name":"Winding Halls","floor":46,"gold_loss":0}],"is_beta":true,"boss_relics":[{"not_picked":["VioletLotus","Runic Dome"],"picked":"Sozu"},{"not_picked":["SlaversCollar","Busted Crown"],"picked":"Empty Cage"}],"items_purged_floors":[37],"is_endless":false,"potions_floor_spawned":[1,12,13,14,16,24,29,30,31,33,35,40,42],"killed_by":"Donu and Deca","ascension_level":20}}