{"host":"yuhy0i501zzmn1iz","time":1611362365,"event":{"mods":["AchievementEnabler","AlwaysNeverKeys","BaseMod","Bestiary","Better Match","Better Third Choice","Curses Come First","Downfall","Minty Spire (QoL Compilation)","StSLib","slay the spire mod where everything is the same but ironclad has a cowboy hat"],"gold_per_floor":[116,131,131,55,73,107,123,136,184,199,212,212,134,154,154,274,274,290,304,304,304,323,358,358,358,358],"floor_reached":25,"language":"ENG","playtime":846,"items_purged":[],"score":320,"play_id":"21ce0472-c9f1-45f7-bebd-5223cd9bdf72","local_time":"20210122193925","is_ascension_mode":true,"campfire_choices":[{"data":"Immolate","floor":15.0,"key":"SMITH"},{"floor":24,"key":"REST"}],"circlet_count":0,"master_deck":["Strike_R","Strike_R","Strike_R","Strike_R","Strike_R","Defend_R","Defend_R","Defend_R+1","Defend_R+1","Bash","Heavy Blade","Evolve","Immolate+1","Inflame","Flex","Wild Strike","Flame Barrier","Cleave","Whirlwind","Hemokinesis","Seeing Red","Double Tap","Ghostly Armor+1","Heavy Blade","Carnage","Cleave"],"relics":["Burning Blood","Shuriken","War Paint","Golden Idol","bronze:MakeshiftBattery","The Courier"],"acts_visited":["Exordium","TheCity"],"potions_floor_usage":[25],"damage_taken":[{"damage":2.0,"enemies":"2 Louse","floor":1.0,"turns":3.0},{"damage":6.0,"enemies":"Cultist","floor":2.0,"turns":4.0},{"damage":2.0,"enemies":"Small Slimes","floor":5.0,"turns":3.0},{"damage":35.0,"enemies":"Lagavulin","floor":6.0,"turns":6.0},{"damage":11.0,"enemies":"Looter","floor":7.0,"turns":2.0},{"damage":17.0,"enemies":"Exordium Wildlife","floor":8.0,"turns":3.0},{"damage":4.0,"enemies":"Large Slime","floor":10.0,"turns":5.0},{"damage":0.0,"enemies":"2 Fungi Beasts","floor":11.0,"turns":1.0},{"damage":0.0,"enemies":"Exordium Wildlife","floor":14.0,"turns":2.0},{"damage":53.0,"enemies":"The Guardian","floor":16.0,"turns":11.0},{"damage":12.0,"enemies":"2 Thieves","floor":18.0,"turns":3.0},{"damage":2,"enemies":"Chosen","floor":19,"turns":3},{"damage":35,"enemies":"Snake Plant","floor":22,"turns":4},{"damage":39,"enemies":"Gremlin Leader","floor":23,"turns":5},{"damage":64,"enemies":"Book of Stabbing","floor":25,"turns":4}],"seed_played":"2560398092653355506","potions_obtained":[{"floor":5.0,"key":"BloodPotion"},{"floor":6.0,"key":"ElixirPotion"},{"floor":10.0,"key":"AttackPotion"},{"floor":14.0,"key":"AttackPotion"},{"floor":16.0,"key":"Energy Potion"},{"floor":18,"key":"BloodPotion"},{"floor":23,"key":"bronze:BurnAndBuffPotion"}],"is_trial":false,"path_per_floor":["M","M","?","$","M","E","M","M","T","M","M","?","$","M","R","B",null,"M","M","?","?","M","E","R","E"],"character_chosen":"IRONCLAD","items_purchased":["Immolate","Hemokinesis"],"campfire_rested":1,"item_purchase_floors":[4,13],"current_hp_per_floor":[92,92,92,92,96,67,62,51,51,53,59,35,35,41,41,13,75,69,73,73,73,44,11,39,0,0],"gold":358,"neow_bonus":"TWENTY_PERCENT_HP_BONUS","is_daily":false,"chose_seed":false,"campfire_upgraded":1,"win_rate":0.0,"timestamp":1611362365,"path_taken":["M","M","?","?","M","E","?","M","T","M","M","?","$","M","R","BOSS","M","M","?","?","M","E","R","E"],"items_purchased_type":["Card","Card"],"build_version":"2020-12-22","purchased_purges":0,"victory":false,"max_hp_per_floor":[96,96,96,96,96,96,96,96,96,96,96,96,96,96,96,96,96,96,96,96,96,96,96,96,96,96],"card_choices":[{"not_picked":["Thunderclap","Havoc"],"picked":"Heavy Blade","floor":1.0},{"not_picked":["Iron Wave","Clash"],"picked":"Evolve","floor":2.0},{"not_picked":["Armaments","Pommel Strike"],"picked":"Inflame","floor":5.0},{"not_picked":["Perfected Strike","Blood for Blood"],"picked":"Flex","floor":6.0},{"not_picked":["Shrug It Off","Impervious"],"picked":"Wild Strike","floor":7.0},{"not_picked":["Havoc","Body Slam"],"picked":"Flame Barrier","floor":8.0},{"not_picked":["Clothesline","Anger"],"picked":"Cleave","floor":10.0},{"not_picked":["Body Slam","Rage"],"picked":"Whirlwind","floor":11.0},{"not_picked":["True Grit","Havoc"],"picked":"Seeing Red","floor":14.0},{"not_picked":["Brutality","Bludgeon"],"picked":"Double Tap","floor":16.0},{"not_picked":["Reckless Charge","Armaments"],"picked":"Ghostly Armor+1","floor":18},{"not_picked":["Body Slam","Flame Barrier+1"],"picked":"Heavy Blade","floor":19},{"not_picked":["Rupture","Clothesline+1"],"picked":"Carnage","floor":22},{"not_picked":["Headbutt","True Grit"],"picked":"Cleave","floor":23}],"player_experience":335149,"relics_obtained":[{"floor":6.0,"key":"Shuriken"},{"floor":9.0,"key":"War Paint"},{"floor":23,"key":"The Courier"}],"event_choices":[{"cards_removed":["Doubt"],"damage_healed":0.0,"max_hp_gain":0.0,"max_hp_loss":0.0,"gold_gain":0.0,"event_name":"Fountain of Cleansing","player_choice":"Removed Curses","floor":3.0,"gold_loss":0.0,"damage_taken":0.0},{"damage_healed":0.0,"max_hp_gain":0.0,"max_hp_loss":0.0,"gold_gain":0.0,"event_name":"Golden Idol","player_choice":"Take Damage","floor":12.0,"gold_loss":0.0,"damage_taken":24.0,"relics_obtained":["Golden Idol"]},{"damage_healed":0,"gold_gain":0,"player_choice":"Ignored","damage_taken":0,"max_hp_gain":0,"max_hp_loss":0,"event_name":"Vampires","floor":20,"gold_loss":0}],"is_beta":false,"boss_relics":[{"not_picked":["Snecko Eye","Coffee Dripper"],"picked":"bronze:MakeshiftBattery"}],"items_purged_floors":[],"is_endless":false,"potions_floor_spawned":[5,6,10,14,16,18,23],"killed_by":"Book of Stabbing","ascension_level":6}}