{"host":"Rowan","time":1611378326,"event":{"mods":["BaseMod","Minty Spire (QoL Compilation)"],"gold_per_floor":[117,117,136,136,136,177,202,240,240,260,283,321,321,344,344,344,344],"floor_reached":16,"language":"ENG","playtime":4152,"items_purged":[],"score":147,"play_id":"84f242e8-098e-4965-a4cf-c7237ed316ea","local_time":"20210122210526","is_ascension_mode":false,"campfire_choices":[{"floor":13,"key":"REST"},{"floor":15,"key":"RECALL"}],"circlet_count":0,"master_deck":["Strike_G","Strike_G","Strike_G","Strike_G","Defend_G","Defend_G","Defend_G","Defend_G","Defend_G","Survivor","Neutralize","Dodge and Roll","Slice","Blur","Envenom","Outmaneuver","Deadly Poison","Flying Knee","Catalyst","Poisoned Stab"],"relics":["Ring of the Snake","NeowsBlessing","Golden Idol","Eternal Feather","Orichalcum","Matryoshka","Juzu Bracelet"],"acts_visited":["Exordium"],"potions_floor_usage":[8,12,16],"damage_taken":[{"damage":0,"enemies":"Small Slimes","floor":1,"turns":1},{"damage":0,"enemies":"2 Louse","floor":3,"turns":1},{"damage":0,"enemies":"Lagavulin","floor":6,"turns":1},{"damage":0,"enemies":"Cultist","floor":7,"turns":4},{"damage":63,"enemies":"Gremlin Nob","floor":8,"turns":9},{"damage":2,"enemies":"Blue Slaver","floor":10,"turns":5},{"damage":0,"enemies":"3 Louse","floor":11,"turns":6},{"damage":13,"enemies":"3 Sentries","floor":12,"turns":16},{"damage":1,"enemies":"2 Fungi Beasts","floor":14,"turns":5},{"damage":59,"enemies":"Slime Boss","floor":16,"turns":7}],"seed_played":"-3767845200151528198","potions_obtained":[{"floor":1,"key":"DistilledChaos"},{"floor":3,"key":"SteroidPotion"},{"floor":8,"key":"FairyPotion"},{"floor":12,"key":"GamblersBrew"}],"is_trial":false,"path_per_floor":["M","?","M","?","?","E","M","E","T","M","M","E","R","M","R","B"],"character_chosen":"THE_SILENT","items_purchased":[],"campfire_rested":1,"item_purchase_floors":[],"current_hp_per_floor":[70,70,70,70,70,70,70,7,7,5,5,13,43,42,54,0,0],"gold":344,"neow_bonus":"THREE_ENEMY_KILL","is_daily":false,"chose_seed":false,"campfire_upgraded":0,"win_rate":0.0,"timestamp":1611378326,"path_taken":["M","?","M","?","?","E","M","E","T","M","?","E","R","M","R","BOSS"],"items_purchased_type":[],"build_version":"2020-12-18","purchased_purges":0,"victory":false,"max_hp_per_floor":[70,70,70,70,70,70,70,70,70,70,70,70,70,70,70,70,70],"card_choices":[{"not_picked":["Riddle With Holes","Bane"],"picked":"Dodge and Roll","floor":1},{"not_picked":["Distraction","Dagger Spray"],"picked":"Slice","floor":3},{"not_picked":["Bane","Underhanded Strike"],"picked":"Envenom","floor":6},{"not_picked":["Dodge and Roll","PiercingWail"],"picked":"Outmaneuver","floor":7},{"not_picked":["PiercingWail","Distraction"],"picked":"Deadly Poison","floor":8},{"not_picked":["Deadly Poison","Tactician"],"picked":"Flying Knee","floor":10},{"not_picked":["Doppelganger","Flechettes","PiercingWail"],"picked":"SKIP","floor":11},{"not_picked":["Underhanded Strike","Prepared"],"picked":"Catalyst","floor":12},{"not_picked":["Sucker Punch","Crippling Poison"],"picked":"Poisoned Stab","floor":14}],"player_experience":398258,"relics_obtained":[{"floor":6,"key":"Eternal Feather"},{"floor":8,"key":"Orichalcum"},{"floor":9,"key":"Matryoshka"},{"floor":12,"key":"Juzu Bracelet"}],"event_choices":[{"damage_healed":0,"gold_gain":0,"player_choice":"Take Wound","damage_taken":0,"relics_obtained":["Golden Idol"],"max_hp_gain":0,"max_hp_loss":0,"event_name":"Golden Idol","floor":2,"gold_loss":0,"cards_obtained":["Injury"]},{"cards_removed":["Injury"],"damage_healed":0,"gold_gain":0,"player_choice":"Forget","damage_taken":0,"max_hp_gain":0,"max_hp_loss":0,"event_name":"Living Wall","floor":4,"gold_loss":0},{"damage_healed":0,"gold_gain":0,"cards_transformed":["Strike_G"],"player_choice":"Transformed","damage_taken":0,"max_hp_gain":0,"max_hp_loss":0,"event_name":"Transmorgrifier","floor":5,"gold_loss":0,"cards_obtained":["Blur"]}],"is_beta":true,"boss_relics":[],"items_purged_floors":[],"is_endless":false,"potions_floor_spawned":[1,3,8,12],"killed_by":"Slime Boss","ascension_level":0}}