{"host":"9wmbndr0y3287dmq","time":1611433159,"event":{"mods":["BaseMod","Hermit","Marisa????????","Minty Spire (QoL Compilation)","StSLib","The Bug Knight","The Cursed","The Runesmith","The Servant 0.9.4"],"gold_per_floor":[110,110,130,141,159,193,193,209,290,290,320,339,258,273,273,373,373,387,359,359,176,176,176,176],"floor_reached":23,"language":"FRA","playtime":1970,"items_purged":[],"score":203,"play_id":"c9edeef1-87d3-410b-aba3-a43b460e5f5d","local_time":"20210123211919","is_ascension_mode":false,"campfire_choices":[{"floor":7,"key":"REST"},{"floor":10,"key":"REST"},{"floor":15,"key":"REST"}],"circlet_count":0,"master_deck":["hermit:Strike_Hermit","hermit:Strike_Hermit","hermit:Strike_Hermit","hermit:Strike_Hermit","hermit:Defend_Hermit","hermit:Defend_Hermit","hermit:Defend_Hermit","hermit:Snapshot","hermit:Maintenance","hermit:CursedWeapon","hermit:ItchyTrigger","hermit:Adapt","hermit:Horror","hermit:DeadMansHand","hermit:Magnum","hermit:Quickdraw","hermit:HighNoon","hermit:ItchyTrigger+1","hermit:Virtue+1","hermit:HighNoon+1","hermit:BigShot+1","Writhe","hermit:FlashPowder","hermit:CursedWeapon"],"relics":["hermit:Momento","NeowsBlessing","Kunai","Bottled Lightning","StoneCalendar","Astrolabe","Vajra","Lantern"],"acts_visited":["Exordium","TheCity"],"potions_floor_usage":[11,14,14,16,19],"damage_taken":[{"damage":0,"enemies":"Jaw Worm","floor":1,"turns":1},{"damage":0,"enemies":"Cultist","floor":3,"turns":1},{"damage":2,"enemies":"Small Slimes","floor":4,"turns":1},{"damage":21,"enemies":"Gremlin Gang","floor":5,"turns":6},{"damage":32,"enemies":"3 Sentries","floor":6,"turns":10},{"damage":28,"enemies":"Exordium Thugs","floor":8,"turns":5},{"damage":22,"enemies":"Lagavulin","floor":11,"turns":5},{"damage":12,"enemies":"Looter","floor":12,"turns":3},{"damage":0,"enemies":"3 Louse","floor":14,"turns":4},{"damage":15,"enemies":"Slime Boss","floor":16,"turns":8},{"damage":4,"enemies":"Spheric Guardian","floor":18,"turns":3},{"damage":21,"enemies":"2 Thieves","floor":19,"turns":5},{"damage":83,"enemies":"Book of Stabbing","floor":23,"turns":6}],"seed_played":"8663677441034939778","potions_obtained":[{"floor":1,"key":"FearPotion"},{"floor":3,"key":"EssenceOfSteel"},{"floor":6,"key":"PowerPotion"},{"floor":14,"key":"Weak Potion"},{"floor":18,"key":"SkillPotion"},{"floor":19,"key":"FairyPotion"}],"is_trial":false,"path_per_floor":["M","?","M","M","M","E","R","M","T","R","E","M","$","M","R","B",null,"M","M","?","$","?","E"],"character_chosen":"HERMIT","items_purchased":["hermit:FromBeyond","hermit:FlashPowder","Lantern"],"campfire_rested":3,"item_purchase_floors":[13,21,21],"current_hp_per_floor":[75,75,75,73,52,20,42,14,14,36,14,2,2,2,24,9,75,71,50,50,50,50,0,0],"gold":176,"neow_bonus":"THREE_ENEMY_KILL","is_daily":false,"chose_seed":false,"campfire_upgraded":0,"win_rate":0.0,"timestamp":1611433159,"path_taken":["M","?","M","M","?","E","R","M","T","R","E","M","$","M","R","BOSS","M","M","?","$","?","E"],"items_purchased_type":["Card","Card","Relic"],"build_version":"2020-12-22","purchased_purges":0,"victory":false,"max_hp_per_floor":[75,75,75,75,75,75,75,75,75,75,75,75,75,75,75,75,75,75,75,75,75,75,75,75],"card_choices":[{"not_picked":["hermit:FullyLoaded","hermit:GhostlyPresence"],"picked":"hermit:Maintenance","floor":1},{"not_picked":["hermit:ItchyTrigger","hermit:NoHoldsBarred"],"picked":"hermit:CursedWeapon","floor":3},{"not_picked":["hermit:HoleUp","hermit:BodyArmor"],"picked":"hermit:ItchyTrigger","floor":4},{"not_picked":["hermit:Dive","hermit:Midnight"],"picked":"hermit:Adapt","floor":5},{"not_picked":["hermit:Roulette","hermit:CalledShot"],"picked":"hermit:Horror","floor":6},{"not_picked":["hermit:BodyArmor","hermit:HighCaliber"],"picked":"hermit:DeadMansHand","floor":8},{"not_picked":["hermit:HighCaliber","hermit:Vantage"],"picked":"hermit:Magnum","floor":11},{"not_picked":["hermit:Headshot","hermit:Gestalt","hermit:HoleUp"],"picked":"SKIP","floor":12},{"not_picked":["hermit:Glare","hermit:Roulette"],"picked":"hermit:Quickdraw","floor":14},{"not_picked":["hermit:RoundhouseKick","hermit:DeadOrAlive"],"picked":"hermit:HighNoon","floor":16},{"not_picked":["hermit:Virtue","hermit:Spite"],"picked":"hermit:BigShot+1","floor":18},{"not_picked":["hermit:CalledShot+1","hermit:WideOpen","hermit:CursedWeapon+1"],"picked":"SKIP","floor":19}],"player_experience":247127,"relics_obtained":[{"floor":6,"key":"Kunai"},{"floor":9,"key":"Bottled Lightning"},{"floor":11,"key":"StoneCalendar"}],"event_choices":[{"cards_removed":["hermit:Defend_Hermit"],"damage_healed":0,"gold_gain":0,"player_choice":"Took Card","damage_taken":0,"max_hp_gain":0,"max_hp_loss":0,"event_name":"NoteForYourself","floor":2,"gold_loss":0,"cards_obtained":["HollowMod:QuickDashStart"]},{"damage_healed":0,"gold_gain":0,"player_choice":"Opened","damage_taken":0,"relics_obtained":["Vajra"],"max_hp_gain":0,"max_hp_loss":0,"event_name":"The Mausoleum","floor":20,"gold_loss":0,"cards_obtained":["Writhe"]},{"damage_healed":0,"gold_gain":0,"player_choice":"Copied","damage_taken":0,"max_hp_gain":0,"max_hp_loss":0,"event_name":"Duplicator","floor":22,"gold_loss":0,"cards_obtained":["hermit:CursedWeapon"]}],"is_beta":false,"boss_relics":[{"not_picked":["Coffee Dripper","Ectoplasm"],"picked":"Astrolabe"}],"items_purged_floors":[],"is_endless":false,"potions_floor_spawned":[1,3,6,14,18,19],"killed_by":"Book of Stabbing","ascension_level":0}}