{"host":"8c7ixdz8x9d2d2wv","time":1611360859,"event":{"mods":["AYAYA","BaseMod","Better Altar","Better Sensory Stone","Better Third Choice","Better-Laid Plans","BetterRewards","Colored Map","Colored Powertips","Curses Come First","Dark Map","Defuse TimeMaze Blight","Emptier Cage","Good Game Mod","Highlight Path","Minty Spire (QoL Compilation)","Quick Restart","Rare Cards Sparkle","Relic Sorter","Remove Card Discount Mod","Reorder Act Four","Shop Mod","StSLib","Transform Curses","Uncapped","everything is the same but u backflip on backflip"],"gold_per_floor":[117,41,61,61,61,92,267,267,267,280,280,280,293,61,61,185,185,205,205,205,33,33,33,71,71,94,129,26,0,33,48,48,169,169,193,213,11,11,70,70,0,0,76,10,31,31,31,31,31,31,31,31,31,72,72],"floor_reached":56,"language":"ENG","playtime":5554,"items_purged":["Strike_G","Defend_G","Defend_G","Strike_G","Strike_G","Defend_G","Injury","Survivor","Neutralize","Strike_G","Defend_G","Defend_G","Strike_G"],"score":1543,"play_id":"63c28e13-1239-4cf6-a436-e4efc5d14cc7","local_time":"20210123011419","is_ascension_mode":false,"campfire_choices":[{"data":"Noxious Fumes","floor":15.0,"key":"SMITH"},{"data":"Catalyst","floor":23.0,"key":"SMITH"},{"data":"Noxious Fumes","floor":32.0,"key":"SMITH"},{"data":"After Image","floor":40,"key":"SMITH"},{"data":"Adrenaline","floor":42,"key":"SMITH"},{"floor":47,"key":"RECALL"},{"data":"Caltrops","floor":49,"key":"SMITH"},{"data":"Blur","floor":53,"key":"SMITH"}],"circlet_count":0,"master_deck":["Cloak And Dagger+1","Catalyst+1","Well Laid Plans","Noxious Fumes+1","Caltrops+1","Adrenaline+1","Blur+1","Noxious Fumes+1","Cloak And Dagger+1","After Image+1","Finesse+1","Madness+1","Deflect+1"],"relics":["Ring of the Serpent","REME:ComplimentaryCards","Kunai","MerchantsRug","StoneCalendar","Letter Opener","Juzu Bracelet","Golden Idol","TungstenRod","TwistedFunnel","Torii","HornCleat","WristBlade","Incense Burner","Red Mask","Toxic Egg 2","Lizard Tail","Du-Vu Doll"],"acts_visited":["Exordium","TheCity","TheBeyond","TheEnding"],"potions_floor_usage":[55],"damage_taken":[{"damage":0.0,"enemies":"2 Louse","floor":1.0,"turns":3.0},{"damage":0.0,"enemies":"Small Slimes","floor":3.0,"turns":4.0},{"damage":4.0,"enemies":"Lagavulin","floor":6.0,"turns":5.0},{"damage":0.0,"enemies":"Cultist","floor":10.0,"turns":4.0},{"damage":3.0,"enemies":"Looter","floor":13.0,"turns":3.0},{"damage":34.0,"enemies":"Slime Boss","floor":16.0,"turns":7.0},{"damage":4.0,"enemies":"Shell Parasite","floor":18.0,"turns":5.0},{"damage":5.0,"enemies":"Gremlin Leader","floor":24.0,"turns":5.0},{"damage":8.0,"enemies":"Book of Stabbing","floor":27.0,"turns":4.0},{"damage":18.0,"enemies":"Slavers","floor":30.0,"turns":4.0},{"damage":0.0,"enemies":"3 Byrds","floor":31.0,"turns":2.0},{"damage":0.0,"enemies":"Collector","floor":33.0,"turns":7.0},{"damage":0,"enemies":"3 Darklings","floor":35,"turns":3},{"damage":0,"enemies":"Orb Walker","floor":36,"turns":3},{"damage":28,"enemies":"2 Orb Walkers","floor":39,"turns":5},{"damage":0,"enemies":"Writhing Mass","floor":45,"turns":5},{"damage":0,"enemies":"Donu and Deca","floor":50,"turns":7},{"damage":0,"enemies":"Shield and Spear","floor":54,"turns":6},{"damage":43,"enemies":"The Heart","floor":55,"turns":8}],"seed_played":"6951981164407979885","potions_obtained":[{"floor":3.0,"key":"LiquidBronze"},{"floor":5.0,"key":"EntropicBrew"},{"floor":5.0,"key":"LiquidMemories"},{"floor":10.0,"key":"FearPotion"},{"floor":18.0,"key":"AttackPotion"},{"floor":27.0,"key":"Swift Potion"},{"floor":30.0,"key":"Weak Potion"},{"floor":45,"key":"CunningPotion"}],"is_trial":false,"path_per_floor":["M","$","M","?","?","E","?","?","T","M","?","?","M","$","R","B",null,"M","?","T","$","?","R","E","?","T","E","$","?","E","M","R","B",null,"M","M","$","?","?","R","?","R","T","?","M","?","R","?","R","B",null,"$","R","E","B",null],"character_chosen":"THE_SILENT","items_purchased":["MerchantsRug","Letter Opener","Cloak And Dagger","Catalyst","HandDrill","Caltrops","TwistedFunnel","Blur","Noxious Fumes","Fruit Juice","Kunai"],"campfire_rested":0,"item_purchase_floors":[0,0,0,2,14,14,21,21,21,28,37],"current_hp_per_floor":[42,42,42,42,42,38,38,38,38,38,38,38,35,35,35,1,70,66,66,66,66,66,66,61,61,61,55,55,55,44,46,46,48,83,85,87,87,87,59,59,59,59,59,59,59,59,59,59,59,59,83,83,83,83,40],"gold":72,"neow_bonus":"","is_daily":false,"chose_seed":false,"campfire_upgraded":7,"win_rate":0.0,"timestamp":1611360859,"path_taken":["M","$","M","?","?","E","?","?","T","M","?","?","M","$","R","BOSS","M","?","?","$","?","R","E","?","T","E","?","?","E","M","R","BOSS","M","M","$","?","?","R","?","R","T","?","M","?","R","?","R","BOSS","$","R","E","BOSS"],"items_purchased_type":["Relic","Relic","Card","Card","Relic","Card","Relic","Card","Card","Potion","Relic"],"build_version":"2020-12-22","purchased_purges":13,"victory":true,"max_hp_per_floor":[70,70,70,70,70,70,70,70,70,70,70,70,70,70,70,70,70,70,70,70,70,70,70,70,70,70,72,72,72,79,81,81,83,83,85,87,87,87,87,87,87,87,87,87,87,87,87,83,83,83,83,83,83,83,83],"card_choices":[{"not_picked":["Underhanded Strike","Backstab","Reflex"],"picked":"SKIP","floor":1.0},{"not_picked":["Dagger Spray","Bane"],"picked":"Well Laid Plans","floor":3.0},{"not_picked":["Bouncing Flask","Heel Hook"],"picked":"Noxious Fumes","floor":6.0},{"not_picked":["Calculated Gamble","Sucker Punch","Reflex"],"picked":"SKIP","floor":10.0},{"not_picked":["Deadly Poison","Terror","Infinite Blades"],"picked":"SKIP","floor":13.0},{"not_picked":["Envenom","Die Die Die"],"picked":"Adrenaline","floor":16.0},{"not_picked":["Blade Dance","Dagger Spray","Backflip+1"],"picked":"SKIP","floor":18.0},{"not_picked":["Deadly Poison","Venomology"],"picked":"Cloak And Dagger","floor":24.0},{"not_picked":["Concentrate","Escape Plan+1","All Out Attack"],"picked":"Singing Bowl","floor":27.0},{"not_picked":["Distraction+1","Slice","Tactician"],"picked":"Singing Bowl","floor":30.0},{"not_picked":["Dagger Throw+1","Slice+1","Dagger Spray"],"picked":"Singing Bowl","floor":31.0},{"not_picked":["Tools of the Trade","Envenom","Die Die Die"],"picked":"Singing Bowl","floor":33.0},{"not_picked":["Dagger Throw+1","Bane","Terror"],"picked":"Singing Bowl","floor":35},{"not_picked":["Prepared+1","Eviscerate","Choke+1"],"picked":"Singing Bowl","floor":36},{"not_picked":["PiercingWail+1","Flechettes+1"],"picked":"After Image","floor":39},{"not_picked":["Cloak And Dagger+1","All Out Attack+1","Reflex+1"],"picked":"SKIP","floor":45},{"not_picked":["Cloak And Dagger+1","All Out Attack+1","Reflex+1"],"picked":"SKIP","floor":45},{"not_picked":["Bandage Up+1","Trip+1"],"picked":"Finesse+1","floor":46},{"not_picked":["Discovery+1","PanicButton+1"],"picked":"Madness+1","floor":46},{"not_picked":["Masterful Stab","Backflip+1"],"picked":"Deflect+1","floor":54}],"player_experience":667192,"relics_obtained":[{"floor":6.0,"key":"Juzu Bracelet"},{"floor":9.0,"key":"InkBottle"},{"floor":20.0,"key":"TungstenRod"},{"floor":24.0,"key":"Singing Bowl"},{"floor":27.0,"key":"Torii"},{"floor":30.0,"key":"HornCleat"},{"floor":39,"key":"Incense Burner"},{"floor":43,"key":"Toxic Egg 2"},{"floor":54,"key":"Du-Vu Doll"}],"event_choices":[{"damage_healed":0.0,"max_hp_gain":0.0,"max_hp_loss":0.0,"gold_gain":0.0,"event_name":"Living Wall","player_choice":"Grow","floor":4.0,"gold_loss":0.0,"damage_taken":0.0,"cards_upgraded":["Cloak And Dagger"]},{"damage_healed":0.0,"max_hp_gain":0.0,"max_hp_loss":0.0,"gold_gain":0.0,"event_name":"Lab","player_choice":"Got Potions","floor":5.0,"gold_loss":0.0,"damage_taken":0.0},{"damage_healed":0.0,"max_hp_gain":0.0,"max_hp_loss":0.0,"gold_gain":175.0,"event_name":"betterThird:BetterSerpent","player_choice":"AGREE","floor":7.0,"gold_loss":0.0,"damage_taken":92.0},{"damage_healed":0.0,"max_hp_gain":0.0,"max_hp_loss":0.0,"gold_gain":0.0,"event_name":"NoteForYourself","player_choice":"Ignored","floor":8.0,"gold_loss":0.0,"damage_taken":0.0},{"cards_removed":["Doubt"],"damage_healed":0.0,"max_hp_gain":0.0,"max_hp_loss":0.0,"gold_gain":0.0,"event_name":"Purifier","player_choice":"Purged","floor":11.0,"gold_loss":0.0,"damage_taken":0.0},{"damage_healed":0.0,"max_hp_gain":0.0,"max_hp_loss":0.0,"gold_gain":0.0,"event_name":"Golden Idol","player_choice":"Take Wound","floor":12.0,"gold_loss":0.0,"damage_taken":0.0,"relics_obtained":["Golden Idol"],"cards_obtained":["Injury"]},{"damage_healed":0.0,"max_hp_gain":0.0,"max_hp_loss":0.0,"gold_gain":0.0,"event_name":"Cursed Tome","player_choice":"Ignored","floor":19.0,"gold_loss":0.0,"damage_taken":0.0},{"damage_healed":0.0,"max_hp_gain":0.0,"max_hp_loss":0.0,"gold_gain":0.0,"event_name":"Transmorgrifier","player_choice":"Ignored","floor":22.0,"gold_loss":0.0,"damage_taken":0.0},{"damage_healed":0.0,"max_hp_gain":0.0,"max_hp_loss":0.0,"gold_gain":0.0,"event_name":"Accursed Blacksmith","player_choice":"Forge","floor":25.0,"gold_loss":0.0,"damage_taken":0.0,"cards_upgraded":["Cloak And Dagger"]},{"damage_healed":0.0,"max_hp_gain":0.0,"max_hp_loss":0.0,"gold_gain":0.0,"event_name":"Masked Bandits","player_choice":"Paid Fearfully","floor":29.0,"gold_loss":26.0,"damage_taken":0.0},{"damage_healed":0,"gold_gain":0,"player_choice":"0 cards matched","damage_taken":0,"max_hp_gain":0,"max_hp_loss":0,"event_name":"Match and Keep!","floor":38,"gold_loss":0,"cards_obtained":[]},{"damage_healed":0,"gold_gain":0,"player_choice":"Fight","damage_taken":0,"max_hp_gain":0,"max_hp_loss":0,"event_name":"Mysterious Sphere","floor":39,"gold_loss":0},{"damage_healed":0,"gold_gain":0,"player_choice":"Paid","damage_taken":0,"relics_obtained":["Red Mask"],"max_hp_gain":0,"max_hp_loss":0,"event_name":"Tomb of Lord Red Mask","floor":41,"gold_loss":70},{"damage_healed":0,"gold_gain":0,"player_choice":"Paid Gold","damage_taken":0,"relics_obtained":["Lizard Tail"],"max_hp_gain":0,"max_hp_loss":0,"event_name":"WeMeetAgain","floor":44,"gold_loss":66},{"damage_healed":0,"gold_gain":3,"player_choice":"1","damage_taken":0,"max_hp_gain":0,"max_hp_loss":0,"event_name":"betterStone:BetterStone","floor":46,"gold_loss":0},{"damage_healed":0,"gold_gain":0,"player_choice":"Max HP","damage_taken":0,"max_hp_gain":0,"max_hp_loss":4,"event_name":"Winding Halls","floor":48,"gold_loss":0}],"is_beta":false,"boss_relics":[{"not_picked":["HoveringKite","Pandora\u0027s Box"],"picked":"Ring of the Serpent"},{"not_picked":["Empty Cage","Astrolabe"],"picked":"WristBlade"}],"items_purged_floors":[0,0,0,0,0,0,14,14,14,21,21,21,21],"is_endless":false,"potions_floor_spawned":[3,10,18,27,30,45],"ascension_level":0}}