{"host":"l491xr9n6v7t2d5g","time":1611428396,"event":{"mods":["Act Like it!","Arknights The Spire","BaseMod","Gensokyo","Marisa£®ÏF”Í°°ƒß¿Ì…≥£©","Minty Spire (QoL Compilation)","Remilia£®¿Ÿ√◊¿Ú—«£©","StSLib","Youmu£®ªÍ∆«—˝√Œ£©","[IsaacMod]“‘»ˆº‚À˛"],"gold_per_floor":[116,116,116,127,145,177,102,102,102,102,114,39,58,69,69,171,171,188,188,206,41,58,92,107,107,184,209,219,219,228,178,178,276,276,288,288,288,288,308,308,350,38,115,159,159,200,213,238,238,238,238],"floor_reached":50,"language":"ZHS","playtime":3074,"items_purged":["Strike_MRS","Strike_MRS","Strike_MRS"],"score":852,"play_id":"43c5c365-012c-490f-9e6e-1be67486d8ce","local_time":"20210124025956","is_ascension_mode":false,"campfire_choices":[{"data":"AsteroidBelt","floor":8.0,"key":"SMITH"},{"data":"SprinkleStarSeal","floor":15.0,"key":"SMITH"},{"data":"UltimateShortwave","floor":29.0,"key":"SMITH"},{"data":"OortCloud","floor":32.0,"key":"SMITH"},{"data":"MasterSpark","floor":40.0,"key":"SMITH"},{"floor":49.0,"key":"RECALL"}],"circlet_count":0,"master_deck":["Defend_MRS","Defend_MRS","Defend_MRS","Defend_MRS","MasterSpark+1","UpSweep","EnergyFlow","AsteroidBelt+1","NonDirectionalLaser","EnergyFlow","SprinkleStarSeal+1","SporeBomb","PulseMagic","UltimateShortwave+1","MagicAbsorber","GrandCross","OortCloud+1","DarkMatter","EnergyRecoil","AsteroidBelt+1","SprinkleStarSeal"],"relics":["BewitchedHakkero","HushsDoor","NeowsBlessing","GuppysHead","Gensokyo:YoukaiFlower","Eternal Feather","Lantern","Pear","GuppysHairball","EdensBlessing","Bird Faced Urn","TheBean","CeramicFish","Smiling Mask","AmplifyWand","GuppysTail","MagicMushroom","Meat on the Bone","Bottled Tornado","Kunai","Anchor"],"acts_visited":["Exordium","Gensokyo:Gensokyo","Gensokyo:Gensokyoer"],"potions_floor_usage":[],"damage_taken":[{"damage":0.0,"enemies":"Gensokyo:2_Kodama","floor":1.0,"turns":1.0},{"damage":0.0,"enemies":"Gensokyo:Gryphon","floor":4.0,"turns":1.0},{"damage":0.0,"enemies":"Gensokyo:3_Fairies","floor":5.0,"turns":1.0},{"damage":7.0,"enemies":"Gensokyo:Mamizou","floor":6.0,"turns":8.0},{"damage":9.0,"enemies":"Gensokyo:3_Kodama","floor":11.0,"turns":4.0},{"damage":3.0,"enemies":"Gensokyo:Gryphon_and_Rabbit","floor":13.0,"turns":4.0},{"damage":4.0,"enemies":"Gensokyo:Python_and_Kodama","floor":14.0,"turns":4.0},{"damage":0.0,"enemies":"Gensokyo:Yukari","floor":16.0,"turns":9.0},{"damage":26.0,"enemies":"Gensokyo:3_Dogs","floor":18.0,"turns":6.0},{"damage":7.0,"enemies":"Gensokyo:CosmicMonolith","floor":20.0,"turns":6.0},{"damage":14.0,"enemies":"Gensokyo:Wraith","floor":22.0,"turns":4.0},{"damage":21.0,"enemies":"Gensokyo:Koishi","floor":23.0,"turns":6.0},{"damage":11.0,"enemies":"Gensokyo:Monolith_and_Dog","floor":24.0,"turns":5.0},{"damage":0.0,"enemies":"Gensokyo:Swordslinger","floor":27.0,"turns":4.0},{"damage":0.0,"enemies":"Gensokyo:3_Gloops","floor":28.0,"turns":4.0},{"damage":3.0,"enemies":"Gensokyo:Eternal_Rivals","floor":33.0,"turns":6.0},{"damage":0.0,"enemies":"Gensokyo:3_Boulders","floor":35.0,"turns":2.0},{"damage":0.0,"enemies":"Gensokyo:3_Bats","floor":39.0,"turns":2.0},{"damage":0.0,"enemies":"Gensokyo:Kasen","floor":41.0,"turns":4.0},{"damage":0.0,"enemies":"Gensokyo:Marisa","floor":44.0,"turns":3.0},{"damage":0.0,"enemies":"Gensokyo:Doremy","floor":46.0,"turns":3.0},{"damage":0.0,"enemies":"Gensokyo:SeedOfUnknown","floor":47.0,"turns":2.0},{"damage":0.0,"enemies":"Gensokyo:Rafflesia","floor":48.0,"turns":3.0},{"damage":5,"enemies":"Gensokyo:Shinki","floor":50,"turns":23}],"seed_played":"6951854167935806101","potions_obtained":[{"floor":1.0,"key":"SteroidPotion"},{"floor":13.0,"key":"DuplicationPotion"},{"floor":14.0,"key":"Weak Potion"},{"floor":33.0,"key":"AttackPotion"},{"floor":41.0,"key":"Swift Potion"},{"floor":44.0,"key":"Weak Potion"}],"is_trial":false,"path_per_floor":["M","?","?","M","M","E","$","R","T","?","M","COS","M","M","R","B",null,"M","?","M","COS","M","E","M","?","T","M","M","R","?","$","R","B",null,"M","?","?","?","M","R","E","$","T","E","?","E","M","M","R","B"],"character_chosen":"MARISA","items_purchased":["GuppysHairball","MagicAbsorber","Bottled Tornado"],"campfire_rested":0,"item_purchase_floors":[17,17,42],"current_hp_per_floor":[75,75,75,75,75,68,68,74,74,69,60,60,57,53,62,62,73,47,47,42,42,28,13,8,8,8,14,20,32,32,32,44,45,75,75,75,64,64,69,75,75,75,75,75,75,75,75,75,75,72,72],"gold":238,"neow_bonus":"THREE_ENEMY_KILL","is_daily":false,"chose_seed":false,"campfire_upgraded":5,"win_rate":0.0,"timestamp":1611428396,"path_taken":["M","?","?","M","M","E","$","R","T","?","M","COS","?","M","R","BOSS","M","?","M","COS","M","E","M","?","T","M","?","R","?","?","R","BOSS","M","?","?","?","M","R","E","$","T","E","?","E","M","?","R","BOSS"],"items_purchased_type":["Relic","Card","Relic"],"build_version":"2020-12-22","purchased_purges":3,"victory":false,"max_hp_per_floor":[75,75,75,75,75,75,75,75,75,85,85,85,85,85,85,85,73,73,68,68,68,68,68,68,68,68,68,68,68,68,68,68,68,75,75,75,75,75,75,75,75,75,75,75,75,75,75,75,75,75,75],"card_choices":[{"not_picked":["SporeBomb","DC"],"picked":"EnergyFlow","floor":1.0},{"not_picked":["EnergyRecoil","6A"],"picked":"GrandCross","floor":2.0},{"not_picked":["AbsoluteMagnitude","MilkyWay"],"picked":"AsteroidBelt","floor":2.0},{"not_picked":["UnstableBomb","EnergyRecoil"],"picked":"NonDirectionalLaser","floor":4.0},{"not_picked":["FairyDestructionRay","DoubleSpark"],"picked":"EnergyFlow","floor":5.0},{"not_picked":["OneTimeOff","DoubleSpark"],"picked":"ChargeUpSpray","floor":6.0},{"not_picked":["MeteoricShower","WitchLeyline"],"picked":"SprinkleStarSeal","floor":11.0},{"not_picked":["SporeBomb","MilkyWay","BlazeAway"],"picked":"SKIP","floor":13.0},{"not_picked":["MilkyWay","BlazeAway"],"picked":"SporeBomb","floor":13.0},{"not_picked":["FairyDestructionRay","BlazingStar"],"picked":"PulseMagic","floor":14.0},{"not_picked":["EscapeVelocity","BigCrunch"],"picked":"UltimateShortwave","floor":16.0},{"not_picked":["SporeBomb","6A","LuminesStrike"],"picked":"SKIP","floor":18.0},{"not_picked":["EnergyFlow","WitchLeyline"],"picked":"GrandCross","floor":20.0},{"not_picked":["MachineGunSpark","WitchLeyline+1"],"picked":"OortCloud","floor":22.0},{"not_picked":["LuminesStrike","CollectingQuirk","EscapeVelocity"],"picked":"SKIP","floor":23.0},{"not_picked":["SporeBomb","WitchLeyline","BlazeAway"],"picked":"SKIP","floor":24.0},{"not_picked":["GalacticHalo+1","StarlightTyphoon+1"],"picked":"DarkMatter","floor":27.0},{"not_picked":["GrandCross","CollectingQuirk","6A"],"picked":"SKIP","floor":28.0},{"not_picked":["MilkyWay","OpenUniverse","GalacticHalo+1"],"picked":"SKIP","floor":35.0},{"not_picked":["PowerUp","NonDirectionalLaser"],"picked":"AsteroidBelt+1","floor":39.0},{"not_picked":["DoubleSpark+1","DeepEcoloBomb+1"],"picked":"WitchOfGreed","floor":41.0},{"not_picked":["LuminesStrike+1","SporeBomb+1","GravityBeat+1"],"picked":"SKIP","floor":44.0},{"not_picked":["StarBarrage+1","SporeBomb","BinaryStars"],"picked":"SKIP","floor":46.0},{"not_picked":["WitchLeyline","ManaConvection","NonDirectionalLaser"],"picked":"SKIP","floor":47.0},{"not_picked":["6A","PowerUp+1"],"picked":"SprinkleStarSeal","floor":48.0}],"player_experience":236466,"relics_obtained":[{"floor":6.0,"key":"Eternal Feather"},{"floor":9.0,"key":"Lantern"},{"floor":23.0,"key":"CeramicFish"},{"floor":26.0,"key":"AmplifyWand"},{"floor":41.0,"key":"Meat on the Bone"},{"floor":44.0,"key":"Kunai"},{"floor":46.0,"key":"Anchor"}],"event_choices":[],"is_beta":false,"boss_relics":[{"not_picked":["Coffee Dripper","Pandora\u0027s Box"],"picked":"BewitchedHakkero"},{"not_picked":[]},{"not_picked":["Tiny House","Velvet Choker"],"picked":"MagicMushroom"},{"not_picked":[]}],"items_purged_floors":[7,31,42],"is_endless":false,"potions_floor_spawned":[1,13,14,20,22,33,41,44],"killed_by":"Gensokyo:Shinki","ascension_level":0}}