{"host":"b995t17pt6d05w8c","time":1611363177,"event":{"mods":["AchievementEnabler","BaseMod","Colored Map","DeckTracker","Keyboard Shortcuts","Minty Spire (QoL Compilation)","Permanent Neow","SuperFastMode"],"gold_per_floor":[115,130,130,205,226,226,257,257,257,257,182,215,140,164,164,262,262,275,275,275,291,311,311,311,311,311,311,325,343,343,268,268,357,357,377,408,147,216,216,216,252,127,127,165,165,188,521,541,541,541,541],"floor_reached":52,"language":"KOR","playtime":1609,"items_purged":["Defend_P","FollowUp+1","LessonLearned+1"],"score":2378,"play_id":"028aa8cc-8103-41f5-af25-d350efb5ef35","local_time":"20210123095257","is_ascension_mode":true,"campfire_choices":[{"data":"Eruption","floor":6.0,"key":"SMITH"},{"floor":8.0,"key":"REST"},{"floor":10.0,"key":"REST"},{"floor":15.0,"key":"REST"},{"data":"Adaptation","floor":23,"key":"SMITH"},{"data":"Vault","floor":25,"key":"SMITH"},{"floor":27,"key":"REST"},{"data":"MentalFortress","floor":32,"key":"SMITH"},{"data":"Scrawl","floor":40,"key":"SMITH"},{"floor":45,"key":"RECALL"},{"data":"EmptyMind","floor":49,"key":"SMITH"}],"circlet_count":0,"master_deck":["AscendersBane","Eruption+1","Vigilance+1","TalkToTheHand+1","EmptyMind+1","Vault+1","Adaptation+1","MentalFortress+1","Scrawl+1","Wireheading+1","Adaptation+1","FearNoEvil","Dark Shackles"],"relics":["PureWater","Question Card","Prayer Wheel","Incense Burner","Astrolabe","Art of War","Empty Cage","Pocketwatch","Lantern","StoneCalendar","Sundial","Bottled Lightning"],"acts_visited":["Exordium","TheCity","TheBeyond"],"potions_floor_usage":[29,38],"damage_taken":[{"damage":1.0,"enemies":"2 Louse","floor":1.0,"turns":3.0},{"damage":2.0,"enemies":"Jaw Worm","floor":2.0,"turns":2.0},{"damage":0.0,"enemies":"Cultist","floor":5.0,"turns":2.0},{"damage":16.0,"enemies":"Lagavulin","floor":7.0,"turns":5.0},{"damage":37.0,"enemies":"3 Sentries","floor":12.0,"turns":7.0},{"damage":3.0,"enemies":"2 Fungi Beasts","floor":14.0,"turns":4.0},{"damage":16.0,"enemies":"Slime Boss","floor":16.0,"turns":9.0},{"damage":15.0,"enemies":"3 Byrds","floor":18.0,"turns":6.0},{"damage":0,"enemies":"Spheric Guardian","floor":21,"turns":4},{"damage":11,"enemies":"Centurion and Healer","floor":22,"turns":9},{"damage":0,"enemies":"Snake Plant","floor":28,"turns":6},{"damage":3,"enemies":"Snecko","floor":29,"turns":6},{"damage":0,"enemies":"Automaton","floor":33,"turns":5},{"damage":0,"enemies":"Orb Walker","floor":35,"turns":3},{"damage":0,"enemies":"Mind Bloom Boss Battle","floor":36,"turns":3},{"damage":5,"enemies":"2 Orb Walkers","floor":38,"turns":2},{"damage":0,"enemies":"Nemesis","floor":41,"turns":2},{"damage":0,"enemies":"Reptomancer","floor":44,"turns":3},{"damage":0,"enemies":"3 Shapes","floor":46,"turns":3},{"damage":0,"enemies":"3 Darklings","floor":48,"turns":5},{"damage":0,"enemies":"Awakened One","floor":50,"turns":3},{"damage":0,"enemies":"Time Eater","floor":51,"turns":7}],"seed_played":"-2089516316418234628","potions_obtained":[{"floor":1.0,"key":"Weak Potion"},{"floor":14.0,"key":"Weak Potion"},{"floor":29,"key":"SteroidPotion"},{"floor":36,"key":"StancePotion"},{"floor":46,"key":"Ambrosia"}],"is_trial":false,"path_per_floor":["M","M","?","?","M","R","E","R","T","R","?","E","$","M","R","B",null,"M","?","?","M","M","R","?","R","T","R","M","M","?","?","R","B",null,"M","?","$","?","?","R","E","$","T","E","R","M","?","M","R","B","B",null],"character_chosen":"WATCHER","items_purchased":["Lantern"],"campfire_rested":4,"item_purchase_floors":[37],"current_hp_per_floor":[60,58,37,26,26,26,10,28,28,46,46,9,9,6,24,8,49,34,34,34,34,23,23,23,23,23,41,41,38,38,38,38,38,56,56,56,56,51,51,51,51,51,51,51,51,51,51,51,51,51,51],"gold":541,"neow_bonus":"REMOVE_TWO","is_daily":false,"chose_seed":false,"campfire_upgraded":6,"win_rate":0.0,"timestamp":1611363177,"path_taken":["M","M","?","?","M","R","E","R","T","R","?","E","$","?","R","BOSS","M","?","?","?","M","R","?","R","T","R","M","M","?","?","R","BOSS","M","?","$","?","?","R","E","?","T","E","R","M","?","?","R","BOSS","BOSS"],"items_purchased_type":["Relic"],"build_version":"2020-12-22","purchased_purges":3,"victory":true,"max_hp_per_floor":[62,62,62,62,62,62,62,62,62,62,62,62,62,62,62,62,62,62,62,62,62,62,62,62,62,62,62,62,62,62,62,62,62,62,62,62,62,62,62,62,62,62,62,62,62,62,62,62,62,62,62],"card_choices":[{"not_picked":["Meditate","Crescendo"],"picked":"CarveReality","floor":1.0},{"not_picked":["FlyingSleeves","Protect"],"picked":"TalkToTheHand","floor":2.0},{"not_picked":["ClearTheMind","EmptyFist"],"picked":"FollowUp","floor":5.0},{"not_picked":["EmptyFist","Pray"],"picked":"EmptyMind","floor":7.0},{"not_picked":["EmptyBody","Weave","CutThroughFate"],"picked":"Vault","floor":12.0},{"not_picked":["CrushJoints","Vengeance","ThirdEye"],"picked":"Adaptation","floor":14.0},{"not_picked":["SashWhip","ThirdEye","CrushJoints"],"picked":"MentalFortress","floor":14.0},{"not_picked":["MasterReality","SpiritShield","LessonLearned"],"picked":"Scrawl","floor":16.0},{"not_picked":["Evaluate","ClearTheMind","CrushJoints","Conclude"],"picked":"SKIP","floor":18.0},{"not_picked":["JustLucky","Worship","SashWhip","FollowUp"],"picked":"SKIP","floor":18.0},{"not_picked":["Nirvana","EmptyBody","JustLucky","Omniscience"],"picked":"SKIP","floor":21},{"not_picked":["FollowUp","Protect","Study","PathToVictory"],"picked":"SKIP","floor":21},{"not_picked":["Weave","Evaluate","Vengeance"],"picked":"FearNoEvil","floor":22},{"not_picked":["Consecrate","PathToVictory+1","SandsOfTime","EmptyBody"],"picked":"SKIP","floor":22},{"not_picked":["FlyingSleeves","Worship","Protect","Conclude"],"picked":"SKIP","floor":28},{"not_picked":["Judgement","WreathOfFlame","EmptyFist","ThirdEye"],"picked":"SKIP","floor":28},{"not_picked":["EmptyBody+1","Halt","WindmillStrike","ThirdEye"],"picked":"SKIP","floor":29},{"not_picked":["SandsOfTime","PathToVictory","Pray","Evaluate"],"picked":"SKIP","floor":29},{"not_picked":["Omniscience","Brilliance","Devotion"],"picked":"LessonLearned","floor":33},{"not_picked":["Consecrate","Perseverance","SignatureMove+1","WaveOfTheHand"],"picked":"SKIP","floor":35},{"not_picked":["JustLucky+1","Consecrate","FearNoEvil","SashWhip"],"picked":"SKIP","floor":35},{"not_picked":["Panacea","Good Instincts","Flash of Steel"],"picked":"Dark Shackles","floor":39},{"not_picked":["FearNoEvil","MasterReality","FlyingSleeves","BowlingBash+1"],"picked":"SKIP","floor":41},{"not_picked":["ClearTheMind+1","Protect","PathToVictory","Evaluate"],"picked":"SKIP","floor":44},{"not_picked":["Evaluate","TalkToTheHand","Fasting2","SignatureMove"],"picked":"SKIP","floor":46},{"not_picked":["CutThroughFate","WreathOfFlame","Establishment","Nirvana"],"picked":"SKIP","floor":46},{"not_picked":["Protect","FollowUp","EmptyFist","Perseverance"],"picked":"SKIP","floor":48},{"not_picked":["Consecrate","FollowUp","FlurryOfBlows","SignatureMove"],"picked":"SKIP","floor":48}],"player_experience":165886,"relics_obtained":[{"floor":7.0,"key":"Question Card"},{"floor":9.0,"key":"Prayer Wheel"},{"floor":12.0,"key":"Incense Burner"},{"floor":26,"key":"Art of War"},{"floor":36,"key":"Pocketwatch"},{"floor":38,"key":"StoneCalendar"},{"floor":41,"key":"Sundial"},{"floor":43,"key":"Bottled Lightning"}],"event_choices":[{"damage_healed":0.0,"max_hp_gain":0.0,"max_hp_loss":0.0,"gold_gain":0.0,"event_name":"Golden Idol","player_choice":"Take Damage","floor":3.0,"gold_loss":0.0,"damage_taken":21.0,"relics_obtained":["Golden Idol"]},{"damage_healed":0.0,"max_hp_gain":0.0,"max_hp_loss":0.0,"gold_gain":75.0,"event_name":"World of Goop","player_choice":"Gather Gold","floor":4.0,"gold_loss":0.0,"damage_taken":11.0},{"cards_removed":["Strike_P"],"damage_healed":0.0,"max_hp_gain":0.0,"max_hp_loss":0.0,"gold_gain":0.0,"event_name":"The Cleric","player_choice":"Card Removal","floor":11.0,"gold_loss":75.0,"damage_taken":0.0},{"damage_healed":0.0,"max_hp_gain":0.0,"max_hp_loss":0.0,"gold_gain":0.0,"event_name":"The Mausoleum","player_choice":"Ignored","floor":19.0,"gold_loss":0.0,"damage_taken":0.0},{"damage_healed":0.0,"max_hp_gain":0.0,"max_hp_loss":0.0,"gold_gain":0.0,"cards_transformed":["FollowUp"],"event_name":"Transmorgrifier","player_choice":"Transformed","floor":20.0,"gold_loss":0.0,"damage_taken":0.0,"cards_obtained":["Adaptation"]},{"damage_healed":0,"gold_gain":0,"player_choice":"Ignored","damage_taken":0,"max_hp_gain":0,"max_hp_loss":0,"event_name":"Cursed Tome","floor":24,"gold_loss":0},{"damage_healed":0,"gold_gain":0,"player_choice":"Ignored","damage_taken":0,"max_hp_gain":0,"max_hp_loss":0,"event_name":"Ghosts","floor":30,"gold_loss":0},{"cards_removed":["Defend_P"],"damage_healed":0,"gold_gain":0,"player_choice":"Gave Gold","damage_taken":0,"max_hp_gain":0,"max_hp_loss":0,"event_name":"Beggar","floor":31,"gold_loss":75},{"damage_healed":0,"gold_gain":0,"player_choice":"Fight","damage_taken":0,"max_hp_gain":0,"max_hp_loss":0,"event_name":"MindBloom","floor":36,"gold_loss":0},{"damage_healed":0,"gold_gain":0,"player_choice":"Fight","damage_taken":0,"max_hp_gain":0,"max_hp_loss":0,"event_name":"Mysterious Sphere","floor":38,"gold_loss":0},{"damage_healed":0,"gold_gain":0,"player_choice":"Memory 1","damage_taken":0,"max_hp_gain":0,"max_hp_loss":0,"event_name":"SensoryStone","floor":39,"gold_loss":0},{"damage_healed":0,"gold_gain":333,"player_choice":"Gave Idol","damage_taken":0,"max_hp_gain":0,"max_hp_loss":0,"event_name":"The Moai Head","floor":47,"relics_lost":["Golden Idol"],"gold_loss":0}],"is_beta":false,"boss_relics":[{"not_picked":["Snecko Eye","Pandora\u0027s Box"],"picked":"Astrolabe"},{"not_picked":["Black Star","Velvet Choker"],"picked":"Empty Cage"}],"items_purged_floors":[13,37,42],"is_endless":false,"potions_floor_spawned":[1,14,16,28,29,33,36,46],"ascension_level":20}}