{"host":"9viy3memdfgcf4vy","time":1611412962,"event":{"mods":["BaseMod","Colored Map","Downfall","Minty Spire (QoL Compilation)","StSLib"],"gold_per_floor":[99,99,99,99,99,127,127,158,58,73,73,73,73],"floor_reached":11,"language":"ENG","playtime":482,"items_purged":[],"score":112,"play_id":"73c45a17-147a-4e5f-9e33-50ca3d5cd30d","local_time":"20210123164242","is_ascension_mode":true,"campfire_choices":[{"floor":1,"key":"RECALL"},{"data":"bronze:InfiniteLoop","floor":9,"key":"SMITH"}],"circlet_count":0,"master_deck":["bronze:Strike+1","bronze:Strike","bronze:Strike","bronze:Strike","bronze:Defend","bronze:Defend+1","bronze:Defend","bronze:Replicate","bronze:Goto+1","bronze:Goto","bronze:Refactor","bronze:BuggyMess","downfall:Malfunctioning","bronze:Invalidate","bronze:InfiniteLoop+1","bronze:Terminator"],"relics":["bronze:BronzeCore","downfall:HeartsMalice","The Courier","Question Card","Pear","downfall:HeartBlessingRed"],"acts_visited":["Exordium"],"potions_floor_usage":[],"damage_taken":[{"damage":0,"enemies":"2 Louse","floor":3,"turns":1},{"damage":0,"enemies":"Small Slimes","floor":4,"turns":1},{"damage":0,"enemies":"3 Sentries","floor":6,"turns":1},{"damage":52,"enemies":"Gremlin Nob","floor":8,"turns":6},{"damage":0,"enemies":"Cultist","floor":10,"turns":2},{"damage":34,"enemies":"Lagavulin","floor":11,"turns":6}],"seed_played":"-5735276520821188395","potions_obtained":[{"floor":6,"key":"AttackPotion"},{"floor":10,"key":"Weak Potion"}],"is_trial":false,"path_per_floor":["R","?","M","M","?","E","T","E","R","M","E"],"character_chosen":"THE_AUTOMATON","items_purchased":[],"campfire_rested":0,"item_purchase_floors":[],"current_hp_per_floor":[70,70,70,70,70,70,70,28,28,28,0,0,0],"gold":73,"neow_bonus":"THREE_ENEMY_KILL","is_daily":false,"chose_seed":false,"campfire_upgraded":1,"win_rate":0.0,"timestamp":1611412962,"path_taken":["R","?","M","M","?","E","T","E","R","M","E"],"items_purchased_type":[],"build_version":"2020-12-22","purchased_purges":0,"victory":false,"max_hp_per_floor":[70,70,70,70,70,70,70,80,80,80,80,80,80],"card_choices":[{"not_picked":["bronze:BugBarrage","bronze:Separator"],"picked":"bronze:Refactor","floor":3},{"not_picked":["bronze:BugBarrage","bronze:Deprecate"],"picked":"bronze:BuggyMess","floor":4},{"not_picked":["bronze:NullPointer","bronze:Turbo"],"picked":"bronze:Invalidate","floor":6},{"not_picked":["bronze:Invalidate","bronze:Constructor","bronze:Frontload"],"picked":"bronze:InfiniteLoop","floor":8},{"not_picked":["bronze:WildBeam","bronze:Allocate","bronze:Shell"],"picked":"bronze:Terminator","floor":10}],"player_experience":369672,"relics_obtained":[{"floor":6,"key":"The Courier"},{"floor":7,"key":"Question Card"},{"floor":8,"key":"Pear"}],"event_choices":[],"is_beta":false,"boss_relics":[],"items_purged_floors":[],"is_endless":false,"potions_floor_spawned":[6,10],"killed_by":"Lagavulin","ascension_level":2}}