{"host":"kw4o7b3ro2ktmmbe","time":1611386667,"event":{"mods":["100% Spire Juice","BaseMod","Evolution","Minty Spire (QoL Compilation)","StSLib"],"gold_per_floor":[114,114,126,6,19,19,19,19,95,116,2,2,2,17,17,143,23,41,57,57,73,73,73,93,72,72,107,107,128,168,168,168,297,297,316,340,340,0,0,53,53,53,53,53,75,109,442,462,462,462],"floor_reached":51,"language":"ENG","playtime":9840,"items_purged":[],"score":977,"play_id":"a12e1029-5b03-4a7d-87ee-8c25149dd118","local_time":"20210123202427","is_ascension_mode":true,"campfire_choices":[{"data":"Moonworks:CloudOfSeagulls","floor":6.0,"key":"SMITH"},{"data":"Moonworks:CloudOfSeagulls","floor":8.0,"key":"SMITH"},{"floor":12.0,"key":"REST"},{"floor":15.0,"key":"REST"},{"floor":23.0,"key":"REST"},{"floor":28.0,"key":"REST"},{"floor":32.0,"key":"REST"},{"data":"Moonworks:OutOfAmmo","floor":41.0,"key":"SMITH"},{"data":"Moonworks:LongDistanceShot","floor":44.0,"key":"SMITH"},{"floor":49.0,"key":"REST"}],"circlet_count":0,"master_deck":["Moonworks:CloudOfSeagulls+1","Moonworks:CloudOfSeagulls+1","Moonworks:CloudOfSeagulls+1","Moonworks:Defend","Moonworks:Defend","Moonworks:Defend","Moonworks:Defend","Moonworks:LongDistanceShot+1","Moonworks:HolyNight","Moonworks:Wanted","Moonworks:TreasureThief","Moonworks:FullSpeedAlicianrone","Moonworks:PlushieMaster+1","CurseOfTheBell","Moonworks:Heat300Percent+1","Moonworks:MiracleWalker+1","Moonworks:SakisCookie+1","Moonworks:NicePresent+1","Moonworks:AngelHand+1","Moonworks:SakisCookie+1","Moonworks:OutOfAmmo+1","Moonworks:Dinner+1","Madness+1","Madness+1","Moonworks:SakisCookie+1","Moonworks:ReproductionOfRecords+1","Moonworks:TacticalRetreat+1","Moonworks:BigMagnum+1"],"relics":["Moonworks:BrokenBomb","Moonworks:Homemark","EVO:Axolotl","The Courier","Gremlin Horn","PreservedInsect","Calling Bell","Happy Flower","Toxic Egg 2","Lizard Tail","Torii","Ice Cream","Lantern","Cursed Key","Red Mask","CeramicFish"],"acts_visited":["TheCity","TheBeyond"],"potions_floor_usage":[],"damage_taken":[{"damage":7.0,"enemies":"Jaw Worm","floor":1.0,"turns":6.0},{"damage":2.0,"enemies":"2 Louse","floor":3.0,"turns":4.0},{"damage":8.0,"enemies":"Small Slimes","floor":5.0,"turns":5.0},{"damage":2.0,"enemies":"Red Slaver","floor":10.0,"turns":3.0},{"damage":14.0,"enemies":"Large Slime","floor":14.0,"turns":6.0},{"damage":6.0,"enemies":"Hexaghost","floor":16.0,"turns":7.0},{"damage":20.0,"enemies":"Chosen","floor":18.0,"turns":6.0},{"damage":12.0,"enemies":"Shell Parasite","floor":19.0,"turns":6.0},{"damage":34.0,"enemies":"Snecko","floor":21.0,"turns":7.0},{"damage":23.0,"enemies":"Centurion and Healer","floor":24.0,"turns":4.0},{"damage":29.0,"enemies":"Book of Stabbing","floor":27.0,"turns":5.0},{"damage":17.0,"enemies":"Snake Plant","floor":29.0,"turns":4.0},{"damage":0.0,"enemies":"Slavers","floor":30.0,"turns":5.0},{"damage":34.0,"enemies":"Collector","floor":33.0,"turns":7.0},{"damage":42.0,"enemies":"3 Darklings","floor":35.0,"turns":4.0},{"damage":18.0,"enemies":"Orb Walker","floor":36.0,"turns":4.0},{"damage":1.0,"enemies":"Reptomancer","floor":40.0,"turns":5.0},{"damage":21.0,"enemies":"Maw","floor":45.0,"turns":6.0},{"damage":13.0,"enemies":"Spire Growth","floor":46.0,"turns":5.0},{"damage":25.0,"enemies":"4 Shapes","floor":48.0,"turns":5.0},{"damage":67,"enemies":"Time Eater","floor":50,"turns":9}],"seed_played":"-1119038038215871338","potions_obtained":[{"floor":1.0,"key":"AttackPotion"},{"floor":10.0,"key":"Swift Potion"},{"floor":14.0,"key":"ColorlessPotion"},{"floor":19.0,"key":"Ancient Potion"},{"floor":21.0,"key":"Regen Potion"},{"floor":24.0,"key":"SkillPotion"},{"floor":30.0,"key":"Swift Potion"},{"floor":33.0,"key":"GamblersBrew"},{"floor":35.0,"key":"Swift Potion"},{"floor":48.0,"key":"Explosive Potion"}],"is_trial":false,"path_per_floor":["M","?","M","?","M","R","T","R","T","M","$","R","?","M","R","B",null,"M","M","?","M","?","R","M","?","T","E","R","M","E","?","R","B",null,"M","M","?","?","$","E","R","$","T","R","M","M","?","M","R","B",null],"character_chosen":"THE_STARBREAKER","items_purchased":["PreservedInsect"],"campfire_rested":6,"item_purchase_floors":[11],"current_hp_per_floor":[32,37,35,19,11,11,11,11,11,9,9,28,28,14,33,27,56,36,24,45,11,11,30,27,27,27,1,20,6,9,9,28,17,53,17,12,4,4,4,18,18,18,18,18,15,18,18,9,28,32],"gold":462,"neow_bonus":"TRANSFORM_TWO_CARDS","is_daily":false,"chose_seed":false,"campfire_upgraded":4,"win_rate":0.0,"timestamp":1611386667,"path_taken":["M","?","M","?","M","R","?","R","T","?","$","R","?","M","R","BOSS","M","M","?","M","?","R","M","?","T","E","R","M","E","?","R","BOSS","M","?","?","?","$","E","R","$","T","R","M","M","?","M","R","BOSS"],"items_purchased_type":["Relic"],"build_version":"2020-12-22","purchased_purges":0,"victory":true,"max_hp_per_floor":[60,65,65,65,65,65,65,65,65,65,65,65,65,65,65,65,65,65,65,65,65,65,65,65,65,65,65,65,65,65,65,65,65,65,65,65,65,65,65,65,65,65,65,65,65,65,65,65,65,65],"card_choices":[{"not_picked":["Moonworks:BeyondHell","Moonworks:BigMagnum"],"picked":"Moonworks:TreasureThief","floor":1.0},{"not_picked":["Moonworks:LulusLuckyEgg","Moonworks:Assault","Moonworks:SakisCookie"],"picked":"SKIP","floor":3.0},{"not_picked":["Moonworks:MixPhenomenon","Moonworks:CloudOfSeagulls","Moonworks:BackdoorTrade"],"picked":"SKIP","floor":5.0},{"not_picked":["Moonworks:BigMagnum","Moonworks:BindingChains"],"picked":"Moonworks:FullSpeedAlicianrone","floor":10.0},{"not_picked":["Moonworks:LulusLuckyEgg","Moonworks:BigMagnum","Moonworks:SakisCookie"],"picked":"SKIP","floor":14.0},{"not_picked":["Moonworks:WeAreWaruda","Moonworks:MeltingMemories"],"picked":"Moonworks:PlushieMaster","floor":16.0},{"not_picked":["Moonworks:ImOnFire+1","Moonworks:IndiscriminateFireSupport","Moonworks:LulusLuckyEgg+1"],"picked":"SKIP","floor":18.0},{"not_picked":["Moonworks:CloudOfSeagulls","Moonworks:JonathanRush"],"picked":"Moonworks:Heat300Percent+1","floor":19.0},{"not_picked":["Moonworks:BindingChains+1","Moonworks:FinalSurgery+1"],"picked":"Moonworks:MiracleWalker+1","floor":21.0},{"not_picked":["Moonworks:CloudOfSeagulls","Moonworks:IntelligenceOfficer+1"],"picked":"Moonworks:SakisCookie+1","floor":24.0},{"not_picked":["Moonworks:SakisCookie+1","Moonworks:ImOnFire+1"],"picked":"Moonworks:NicePresent+1","floor":27.0},{"not_picked":["Moonworks:JonathanRush+1","Moonworks:CloudOfSeagulls"],"picked":"Moonworks:AngelHand+1","floor":29.0},{"not_picked":["Moonworks:Gamble","Moonworks:CloudOfSeagulls"],"picked":"Moonworks:SakisCookie+1","floor":30.0},{"not_picked":["Moonworks:PlushieMaster+1","Moonworks:FinalBattle"],"picked":"Moonworks:OutOfAmmo","floor":33.0},{"not_picked":["Moonworks:JonathanRush+1","Moonworks:EvilSpyWorkPreparation+1"],"picked":"Moonworks:Dinner+1","floor":35.0},{"not_picked":["Moonworks:SealedMemories+1","Moonworks:Bloodlust+1","Moonworks:DeployBits+1"],"picked":"SKIP","floor":36.0},{"not_picked":["Moonworks:Poppoformation+1","Moonworks:ReproductionOfRecords+1"],"picked":"Moonworks:SakisCookie+1","floor":40.0},{"not_picked":["Moonworks:RocketCannon","Moonworks:CastOff+1"],"picked":"Moonworks:ReproductionOfRecords+1","floor":45.0},{"not_picked":["Moonworks:CloudOfSeagulls","Moonworks:IndiscriminateFireSupport"],"picked":"Moonworks:TacticalRetreat+1","floor":46.0},{"not_picked":["Moonworks:DevilHand","Moonworks:DeployBits+1"],"picked":"Moonworks:BigMagnum+1","floor":48.0}],"player_experience":1882460,"relics_obtained":[{"floor":7.0,"key":"The Courier"},{"floor":9.0,"key":"Gremlin Horn"},{"floor":17.0,"key":"Happy Flower"},{"floor":17.0,"key":"Toxic Egg 2"},{"floor":17.0,"key":"Lizard Tail"},{"floor":26.0,"key":"Torii"},{"floor":27.0,"key":"Ice Cream"},{"floor":30.0,"key":"Lantern"},{"floor":40.0,"key":"CeramicFish"}],"event_choices":[{"damage_healed":0.0,"max_hp_gain":5.0,"max_hp_loss":0.0,"gold_gain":0.0,"event_name":"Big Fish","player_choice":"Donut","floor":2.0,"gold_loss":0.0,"damage_taken":0.0},{"damage_healed":0.0,"max_hp_gain":0.0,"max_hp_loss":0.0,"gold_gain":0.0,"event_name":"Golden Idol","player_choice":"Take Damage","floor":4.0,"gold_loss":0.0,"damage_taken":16.0,"relics_obtained":["Golden Idol"]},{"damage_healed":0.0,"max_hp_gain":0.0,"max_hp_loss":0.0,"gold_gain":0.0,"event_name":"Upgrade Shrine","player_choice":"Upgraded","floor":13.0,"gold_loss":0.0,"damage_taken":0.0,"cards_upgraded":["Moonworks:CloudOfSeagulls"]},{"damage_healed":21.0,"max_hp_gain":0.0,"max_hp_loss":0.0,"gold_gain":0.0,"event_name":"The Library","player_choice":"Heal","floor":20.0,"gold_loss":0.0,"damage_taken":0.0},{"damage_healed":0.0,"max_hp_gain":0.0,"max_hp_loss":0.0,"gold_gain":99.0,"event_name":"Nest","player_choice":"Stole From Cult","floor":25.0,"gold_loss":0.0,"damage_taken":0.0},{"damage_healed":0.0,"max_hp_gain":0.0,"max_hp_loss":0.0,"gold_gain":0.0,"event_name":"Upgrade Shrine","player_choice":"Upgraded","floor":31.0,"gold_loss":0.0,"damage_taken":0.0,"cards_upgraded":["Moonworks:PlushieMaster"]},{"damage_healed":0.0,"max_hp_gain":0.0,"max_hp_loss":0.0,"gold_gain":0.0,"event_name":"Winding Halls","player_choice":"Embrace Madness","floor":37.0,"gold_loss":0.0,"damage_taken":8.0,"cards_obtained":["Madness","Madness"]},{"damage_healed":0.0,"max_hp_gain":0.0,"max_hp_loss":0.0,"gold_gain":0.0,"event_name":"Tomb of Lord Red Mask","player_choice":"Paid","floor":38.0,"gold_loss":100.0,"damage_taken":0.0,"relics_obtained":["Red Mask"]},{"damage_healed":0.0,"max_hp_gain":0.0,"max_hp_loss":0.0,"gold_gain":333.0,"event_name":"The Moai Head","player_choice":"Gave Idol","floor":47.0,"relics_lost":["Golden Idol"],"gold_loss":0.0,"damage_taken":0.0}],"is_beta":false,"boss_relics":[{"not_picked":["Pandora\u0027s Box","Moonworks:SBBomb"],"picked":"Calling Bell"},{"not_picked":["Tiny House","Runic Pyramid"],"picked":"Cursed Key"}],"items_purged_floors":[],"is_endless":false,"potions_floor_spawned":[1,10,14,19,21,24,30,33,35,48],"ascension_level":7}}