{"host":"t7mx8yfj1no5p62f","time":1611380534,"event":{"mods":["BaseMod","Bestiary","Colored Map","Colored Powertips","Minty Spire (QoL Compilation)","Relic Stats","StSLib","ojb\u0027s Info Mod"],"gold_per_floor":[363,382,402,416,73,99,99,111,111,111,123,153,164,175,175,254,254,273,283,86,100,126,126,457,457,480,509,509,133,162,190,190,269,269,280,293,293,310,532,564,599,617,617,642,642,674,674,334,334,334,334,334,334,18,18,18],"floor_reached":55,"language":"ENG","playtime":2799,"items_purged":["Strike_R","Strike_R","Strike_R","Strike_R","Strike_R"],"score":1975,"play_id":"1747dba6-92e9-4e11-881e-65bf40de3f5d","local_time":"20210123004214","is_ascension_mode":true,"campfire_choices":[{"data":"Shockwave","floor":7,"key":"SMITH"},{"data":"Disarm","floor":10,"key":"SMITH"},{"data":"Bash","floor":15,"key":"SMITH"},{"data":"True Grit","floor":23,"key":"SMITH"},{"data":"Shrug It Off","floor":25,"key":"SMITH"},{"data":"Iron Wave","floor":28,"key":"SMITH"},{"data":"Metallicize","floor":32,"key":"SMITH"},{"data":"Limit Break","floor":45,"key":"SMITH"},{"floor":49,"key":"RECALL"},{"data":"Double Tap","floor":53,"key":"SMITH"}],"circlet_count":0,"master_deck":["AscendersBane","Defend_R","Defend_R","Defend_R","Defend_R+1","Bash+1","Thunderclap","Iron Wave+1","Shockwave+1","Dropkick","Shrug It Off+1","Disarm+1","Rampage","Flame Barrier+1","Spot Weakness+1","True Grit+1","Feel No Pain+1","Double Tap+1","Metallicize+1","Limit Break+1","CurseOfTheBell","Sword Boomerang+1","Evolve+1","Dual Wield","Corruption+1","Discovery","Offering"],"relics":["Burning Blood","Pen Nib","Oddly Smooth Stone","Thread and Needle","WingedGreaves","Mark of Pain","War Paint","Old Coin","PreservedInsect","Ginger","Membership Card","Red Mask","Bronze Scales","Calling Bell","Akabeko","Frozen Egg 2","Du-Vu Doll","Happy Flower","Shuriken","Peace Pipe","Bag of Marbles","ClockworkSouvenir","Pear","Kunai"],"acts_visited":["Exordium","TheCity","TheBeyond","TheEnding"],"potions_floor_usage":[6,11,16,16,27,30,33,40,44,55],"damage_taken":[{"damage":1,"enemies":"Cultist","floor":1,"turns":3},{"damage":12,"enemies":"Small Slimes","floor":2,"turns":4},{"damage":3,"enemies":"2 Louse","floor":3,"turns":3},{"damage":15,"enemies":"Lots of Slimes","floor":4,"turns":6},{"damage":32,"enemies":"Gremlin Nob","floor":6,"turns":4},{"damage":0,"enemies":"2 Fungi Beasts","floor":8,"turns":3},{"damage":2,"enemies":"Large Slime","floor":11,"turns":7},{"damage":19,"enemies":"3 Sentries","floor":12,"turns":11},{"damage":0,"enemies":"Looter","floor":13,"turns":4},{"damage":0,"enemies":"Blue Slaver","floor":14,"turns":4},{"damage":9,"enemies":"The Guardian","floor":16,"turns":12},{"damage":14,"enemies":"Shell Parasite","floor":18,"turns":6},{"damage":36,"enemies":"Spheric Guardian","floor":19,"turns":7},{"damage":1,"enemies":"Snake Plant","floor":21,"turns":5},{"damage":24,"enemies":"Slavers","floor":24,"turns":8},{"damage":18,"enemies":"Gremlin Leader","floor":27,"turns":7},{"damage":21,"enemies":"Masked Bandits","floor":30,"turns":4},{"damage":12,"enemies":"Slavers","floor":31,"turns":7},{"damage":61,"enemies":"Champ","floor":33,"turns":21},{"damage":0,"enemies":"3 Shapes","floor":35,"turns":7},{"damage":0,"enemies":"Orb Walker","floor":36,"turns":4},{"damage":15,"enemies":"3 Darklings","floor":38,"turns":6},{"damage":32,"enemies":"Nemesis","floor":40,"turns":11},{"damage":39,"enemies":"Reptomancer","floor":41,"turns":5},{"damage":31,"enemies":"Jaw Worm Horde","floor":42,"turns":6},{"damage":0,"enemies":"Mind Bloom Boss Battle","floor":44,"turns":7},{"damage":3,"enemies":"Nemesis","floor":46,"turns":7},{"damage":18,"enemies":"Donu and Deca","floor":50,"turns":7},{"damage":27,"enemies":"Time Eater","floor":51,"turns":8},{"damage":76,"enemies":"Shield and Spear","floor":55,"turns":5}],"seed_played":"6198873681611216204","potions_obtained":[{"floor":2,"key":"Dexterity Potion"},{"floor":4,"key":"SmokeBomb"},{"floor":6,"key":"SneckoOil"},{"floor":8,"key":"Fire Potion"},{"floor":13,"key":"EssenceOfSteel"},{"floor":21,"key":"SmokeBomb"},{"floor":24,"key":"FearPotion"},{"floor":30,"key":"Swift Potion"},{"floor":35,"key":"LiquidMemories"},{"floor":42,"key":"Regen Potion"},{"floor":46,"key":"DistilledChaos"}],"is_trial":false,"path_per_floor":["M","M","M","M","$","E","R","M","T","R","M","E","M","M","R","B",null,"M","M","$","M","T","R","E","R","T","E","R","$","?","E","R","B",null,"M","M","?","M","?","E","E","M","T","?","R","E","?","$","R","B","B",null,"R","$","E"],"character_chosen":"IRONCLAD","items_purchased":["Pen Nib","Shrug It Off","Swift Potion","Spot Weakness","SpeedPotion","Membership Card","Double Tap","DuplicationPotion","Strength Potion","ClockworkSouvenir","Discovery","Pear","Offering","Kunai"],"campfire_rested":0,"item_purchase_floors":[5,5,5,20,20,29,29,29,29,48,48,48,54,54],"current_hp_per_floor":[68,62,65,56,56,30,30,36,36,36,40,27,33,39,39,36,60,58,34,34,42,42,42,29,29,29,45,45,45,65,68,68,23,57,68,68,68,68,68,42,24,48,48,68,68,68,68,78,78,66,45,70,70,70,0,0],"gold":18,"neow_bonus":"TWO_FIFTY_GOLD","is_daily":false,"chose_seed":false,"campfire_upgraded":9,"win_rate":0.0,"timestamp":1611380534,"path_taken":["M","M","M","M","$","E","R","?","T","R","?","E","M","M","R","BOSS","M","M","?","?","?","R","E","R","T","E","R","$","?","E","R","BOSS","M","M","?","?","?","E","E","M","T","?","R","E","?","$","R","BOSS","BOSS","R","$","E"],"items_purchased_type":["Relic","Card","Potion","Card","Potion","Relic","Card","Potion","Potion","Relic","Card","Relic","Card","Relic"],"build_version":"2020-12-22","purchased_purges":5,"victory":false,"max_hp_per_floor":[68,68,68,68,68,68,68,68,68,68,68,68,68,68,68,68,68,68,68,68,68,68,68,68,68,68,68,68,68,68,68,68,68,68,68,68,68,68,68,68,68,68,68,68,68,68,68,78,78,78,78,78,78,78,78,78],"relic_stats":{"Peace Pipe":0,"Happy Flower":[15],"counters":[30,199],"Shuriken":[5],"Bronze Scales":[257],"Pen Nib":[26],"PreservedInsect":325,"Ginger":[20],"Kunai":[1],"War Paint":["Spot Weakness","Defend_R"],"obtain_stats":[{"Pear":48,"Happy Flower":40,"Oddly Smooth Stone":6,"Thread and Needle":9,"Pen Nib":5,"PreservedInsect":26,"Ginger":27,"War Paint":22,"Frozen Egg 2":34,"Burning Blood":0,"Akabeko":34,"Old Coin":24,"ClockworkSouvenir":48,"Calling Bell":34,"Du-Vu Doll":34,"Peace Pipe":44,"Shuriken":41,"Bronze Scales":31,"WingedGreaves":12,"Mark of Pain":17,"Red Mask":30,"Bag of Marbles":46,"Membership Card":29,"Kunai":54},{"Pear":27,"Happy Flower":23,"Oddly Smooth Stone":5,"Thread and Needle":6,"Pen Nib":4,"PreservedInsect":15,"Ginger":16,"War Paint":14,"Frozen Egg 2":19,"Burning Blood":0,"Akabeko":19,"Old Coin":15,"ClockworkSouvenir":27,"Calling Bell":19,"Du-Vu Doll":19,"Peace Pipe":26,"Shuriken":24,"Bronze Scales":18,"WingedGreaves":8,"Mark of Pain":11,"Red Mask":17,"Bag of Marbles":27,"Membership Card":16,"Kunai":29},{"Pear":179,"Happy Flower":154,"Oddly Smooth Stone":20,"Thread and Needle":23,"Pen Nib":16,"PreservedInsect":87,"Ginger":94,"War Paint":79,"Frozen Egg 2":126,"Burning Blood":0,"Akabeko":126,"Old Coin":87,"ClockworkSouvenir":179,"Calling Bell":126,"Du-Vu Doll":126,"Peace Pipe":172,"Shuriken":159,"Bronze Scales":105,"WingedGreaves":41,"Mark of Pain":61,"Red Mask":98,"Bag of Marbles":179,"Membership Card":94,"Kunai":194}],"Burning Blood":134},"card_choices":[{"not_picked":["Wild Strike","Pummel"],"picked":"Thunderclap","floor":1},{"not_picked":["Rupture","Hemokinesis"],"picked":"Iron Wave","floor":2},{"not_picked":["Havoc","Perfected Strike"],"picked":"Shockwave","floor":3},{"not_picked":["Body Slam","Anger"],"picked":"Dropkick","floor":4},{"not_picked":["Infernal Blade","Thunderclap"],"picked":"Disarm","floor":6},{"not_picked":["Seeing Red","Dark Embrace","Body Slam"],"picked":"SKIP","floor":8},{"not_picked":["Perfected Strike","Fire Breathing","Havoc"],"picked":"SKIP","floor":11},{"not_picked":["Clash","Dark Embrace"],"picked":"Rampage","floor":12},{"not_picked":["Wild Strike","Perfected Strike","Cleave"],"picked":"SKIP","floor":13},{"not_picked":["Heavy Blade","Anger","Flex"],"picked":"SKIP","floor":14},{"not_picked":["Bludgeon","Fiend Fire"],"picked":"Reaper","floor":16},{"not_picked":["Thunderclap","Headbutt"],"picked":"Flame Barrier+1","floor":18},{"not_picked":["Perfected Strike","Heavy Blade","Warcry"],"picked":"SKIP","floor":19},{"not_picked":["Armaments+1","Thunderclap+1"],"picked":"True Grit","floor":21},{"not_picked":["Iron Wave","Pummel","Flex"],"picked":"SKIP","floor":24},{"not_picked":["Rage","Warcry"],"picked":"Feel No Pain+1","floor":27},{"not_picked":["Flex","Body Slam"],"picked":"Metallicize","floor":31},{"not_picked":["Fiend Fire","Berserk"],"picked":"Limit Break","floor":33},{"not_picked":["Bloodletting","Anger+1"],"picked":"Sword Boomerang+1","floor":35},{"not_picked":["Perfected Strike","Armaments+1","Headbutt"],"picked":"SKIP","floor":36},{"not_picked":["Seeing Red","Clash","Headbutt"],"picked":"SKIP","floor":38},{"not_picked":["Flex","Thunderclap"],"picked":"Evolve+1","floor":40},{"not_picked":["Juggernaut+1","Twin Strike"],"picked":"Dual Wield","floor":41},{"not_picked":["Headbutt","Body Slam","True Grit"],"picked":"SKIP","floor":42},{"not_picked":["Clash","Sword Boomerang"],"picked":"Corruption+1","floor":46}],"player_experience":1826167,"relics_obtained":[{"floor":6,"key":"Oddly Smooth Stone"},{"floor":9,"key":"Thread and Needle"},{"floor":12,"key":"WingedGreaves"},{"floor":22,"key":"War Paint"},{"floor":24,"key":"Old Coin"},{"floor":26,"key":"PreservedInsect"},{"floor":27,"key":"Ginger"},{"floor":30,"key":"Red Mask"},{"floor":31,"key":"Bronze Scales"},{"floor":34,"key":"Akabeko"},{"floor":34,"key":"Frozen Egg 2"},{"floor":34,"key":"Du-Vu Doll"},{"floor":40,"key":"Happy Flower"},{"floor":41,"key":"Shuriken"},{"floor":44,"key":"Peace Pipe"},{"floor":46,"key":"Bag of Marbles"}],"event_choices":[{"damage_healed":0,"gold_gain":0,"player_choice":"Fought Bandits","damage_taken":0,"max_hp_gain":0,"max_hp_loss":0,"event_name":"Masked Bandits","floor":30,"gold_loss":0},{"damage_healed":0,"gold_gain":0,"player_choice":"Ignored","damage_taken":0,"max_hp_gain":0,"max_hp_loss":0,"event_name":"SecretPortal","floor":37,"gold_loss":0},{"damage_healed":0,"gold_gain":222,"player_choice":"Wore Mask","damage_taken":0,"max_hp_gain":0,"max_hp_loss":0,"event_name":"Tomb of Lord Red Mask","floor":39,"gold_loss":0},{"damage_healed":0,"gold_gain":0,"player_choice":"Fight","damage_taken":0,"max_hp_gain":0,"max_hp_loss":0,"event_name":"MindBloom","floor":44,"gold_loss":0},{"cards_removed":["Reaper"],"damage_healed":0,"gold_gain":0,"player_choice":"Removed Attack","damage_taken":0,"max_hp_gain":0,"max_hp_loss":0,"event_name":"Falling","floor":47,"gold_loss":0}],"is_beta":false,"boss_relics":[{"not_picked":["Runic Cube","Sozu"],"picked":"Mark of Pain"},{"not_picked":["Cursed Key","Black Blood"],"picked":"Calling Bell"}],"items_purged_floors":[5,20,29,48,54],"is_endless":false,"potions_floor_spawned":[2,4,6,8,13,21,24,30,35,42,46],"killed_by":"Shield and Spear","ascension_level":20}}