{"host":"1gclwan70y6w6ivq","time":1611434748,"event":{"mods":["AchievementEnabler","BaseMod","Colored Map","Downfall","Hubris","Infinite Spire","Minty Spire (QoL Compilation)","Relic Sorter","Shade Mod","StSLib"],"gold_per_floor":[99,109,120,105,117,137,208,28,47,67,67,80,95,114,126,229,229,29,46,46,56,56,236,236,236,236,236,247,277,288,320,337,437,487,387,403,449,449,469,485,508,508,524,524,551,651,664,693,710,710,710,745,594,594,594,594],"floor_reached":57,"language":"ENG","playtime":28287,"items_purged":["bronze:Defend+1"],"score":1627,"play_id":"8ab994d2-68c7-45c0-953d-bf440b034bdf","local_time":"20210123154548","is_ascension_mode":false,"campfire_choices":[{"floor":1.0,"key":"RECALL"},{"data":"expansioncontent:StudyTheSpire","floor":11.0,"key":"SMITH"},{"data":"bronze:FindAndReplace","floor":18.0,"key":"SMITH"},{"data":"bronze:Goto","floor":26.0,"key":"SMITH"},{"data":"bronze:Assembly","floor":35,"key":"SMITH"},{"data":"bronze:Boost","floor":44,"key":"SMITH"},{"data":"bronze:ItsAFeature","floor":54,"key":"SMITH"}],"circlet_count":0,"master_deck":["bronze:Replicate","bronze:Goto+1","bronze:Repulsor+1","bronze:Shell+1","bronze:ChosenStrike+1","bronze:Library+1","bronze:Library+1","bronze:Library+1","bronze:DelayedGuard","bronze:FollowUp","bronze:ChosenStrike","bronze:BugBarrage+1","expansioncontent:StudyTheSpire+1","bronze:Constructor","bronze:MaxOutput+1","bronze:Constructor","bronze:FindAndReplace+1","bronze:ChildClass","bronze:CloningBeam","infinitespire:Pacifist","bronze:DelayedSlice","bronze:ChosenStrike","bronze:Flail","bronze:BugBarrage+1","bronze:Iterate+1","bronze:Assembly+1","bronze:Boost+1","bronze:Boost","downfall:Haunted","bronze:DelayedGuard+1","infinitespire:Execution","bronze:MaxOutput+1","bronze:GetLatest+1","bronze:CloningBeam+1","bronze:Boost","bronze:Flail","bronze:ItsAFeature+1","bronze:Optimize"],"relics":["Astrolabe","Unceasing Top","hubris:BlackHole","Blue Candle","Medical Kit","downfall:HeartBlessingRed","downfall:HeartBlessingBlue","Snecko Eye","Frozen Eye","Thread and Needle","hubris:Towel","hubris:64BitClover","WingedGreaves","Tiny House","downfall:HeartBlessingGreen","hubris:FunFungus","infinitespire:Satchel","Question Card","Bag of Marbles","downfall:GremlinWheel","StoneCalendar","hubris:MobiusCoin","hubris:PeanutButter"],"acts_visited":["Exordium","TheCity","TheBeyond","TheEnding"],"potions_floor_usage":[],"damage_taken":[{"damage":0.0,"enemies":"infinitespire:Voidling","floor":2.0,"turns":2.0},{"damage":0.0,"enemies":"Cultist","floor":3.0,"turns":2.0},{"damage":0.0,"enemies":"downfall:FleeingMerchant","floor":4.0,"turns":4.0},{"damage":0.0,"enemies":"2 Louse","floor":5.0,"turns":1.0},{"damage":0.0,"enemies":"Lots of Slimes","floor":6.0,"turns":1.0},{"damage":0.0,"enemies":"downfall:FleeingMerchant","floor":8.0,"turns":4.0},{"damage":0.0,"enemies":"2 Fungi Beasts","floor":9.0,"turns":1.0},{"damage":0.0,"enemies":"Exordium Thugs","floor":10.0,"turns":1.0},{"damage":0.0,"enemies":"Blue Slaver","floor":12.0,"turns":1.0},{"damage":0.0,"enemies":"2 Fungi Beasts","floor":13.0,"turns":1.0},{"damage":0.0,"enemies":"Exordium Wildlife","floor":14.0,"turns":1.0},{"damage":0.0,"enemies":"Blue Slaver","floor":15.0,"turns":1.0},{"damage":0.0,"enemies":"SI_SHIV_ARCHETYPE","floor":16.0,"turns":3.0},{"damage":0.0,"enemies":"3 Byrds","floor":19.0,"turns":2.0},{"damage":0.0,"enemies":"Shell Parasite","floor":21.0,"turns":1.0},{"damage":0.0,"enemies":"downfall:FleeingMerchant","floor":23.0,"turns":1.0},{"damage":1.0,"enemies":"Cultist and Chosen","floor":28.0,"turns":1.0},{"damage":1.0,"enemies":"Book of Stabbing","floor":29.0,"turns":1.0},{"damage":0.0,"enemies":"3 Cultists","floor":30.0,"turns":1.0},{"damage":0.0,"enemies":"Nightmare","floor":31.0,"turns":2.0},{"damage":0,"enemies":"Centurion and Healer","floor":32,"turns":1},{"damage":0,"enemies":"WA_ARCHETYPE_CALM","floor":33,"turns":3},{"damage":0,"enemies":"3 Darklings","floor":36,"turns":1},{"damage":0,"enemies":"2 Orb Walkers","floor":37,"turns":1},{"damage":2,"enemies":"Orb Walker","floor":39,"turns":1},{"damage":1,"enemies":"Writhing Mass","floor":40,"turns":2},{"damage":0,"enemies":"3 Darklings","floor":43,"turns":1},{"damage":1,"enemies":"Nemesis","floor":45,"turns":1},{"damage":0,"enemies":"Nemesis","floor":46,"turns":1},{"damage":0,"enemies":"4 Shapes","floor":47,"turns":1},{"damage":1,"enemies":"Nightmare","floor":48,"turns":2},{"damage":1,"enemies":"Writhing Mass","floor":49,"turns":1},{"damage":2,"enemies":"IC_BLOCK_ARCHETYPE","floor":50,"turns":1},{"damage":1,"enemies":"downfall:CharBossMerchant","floor":52,"turns":1},{"damage":0,"enemies":"downfall:NeowBoss","floor":55,"turns":3},{"damage":51,"enemies":"downfall:NeowBossFinal","floor":56,"turns":3}],"seed_played":"-2795250696942158833","potions_obtained":[{"floor":6.0,"key":"Guardian:BlockOnCardUsePotion"},{"floor":15.0,"key":"SmokeBomb"},{"floor":19.0,"key":"LiquidBronze"},{"floor":52,"key":"Fruit Juice"}],"is_trial":false,"path_per_floor":["R","M","M","$","M","M","T","$","M","M","R","M","M","M","M","B",null,"R","M","AVR","M","?","$","T","?","R","?","M","E","M","NM","M","B",null,"R","M","?","?","M","M","T","AVR","M","R","E","?","M","NM","M","B",null,"E","$","R","B","B",null],"character_chosen":"THE_AUTOMATON","items_purchased":["expansioncontent:StudyTheSpire","Frozen Eye","bronze:Optimize"],"campfire_rested":0,"item_purchase_floors":[8,23,53],"current_hp_per_floor":[70,70,70,70,70,70,70,70,70,70,70,70,70,70,70,70,70,80,80,80,80,80,80,80,80,80,80,79,78,78,78,78,78,85,85,85,85,85,83,85,85,85,85,85,84,84,84,85,84,82,85,84,84,84,85,40],"gold":594,"neow_bonus":"BOSS_RELIC","is_daily":false,"chose_seed":false,"campfire_upgraded":6,"win_rate":0.0,"timestamp":1611434748,"path_taken":["R","M","?","?","M","M","T","$","M","M","R","?","M","M","M","BOSS","R","M","AVR","?","?","?","T","?","R","?","M","E","?","NM","M","BOSS","R","M","?","?","?","M","T","AVR","M","R","E","?","?","NM","M","BOSS","E","$","R","BOSS","BOSS"],"items_purchased_type":["Card","Relic","Card"],"build_version":"2020-12-22","purchased_purges":1,"victory":true,"max_hp_per_floor":[70,70,70,70,70,70,70,70,70,70,70,70,70,70,70,70,70,80,80,80,80,80,80,80,80,80,80,80,80,80,80,80,80,85,85,85,85,85,85,85,85,85,85,85,85,85,85,85,85,85,85,85,85,85,85,85],"card_choices":[{"not_picked":["bronze:Shield","bronze:CutThrough"],"picked":"bronze:DelayedGuard","floor":2.0},{"not_picked":["bronze:Turbo","bronze:ThunderWave"],"picked":"bronze:FollowUp","floor":3.0},{"not_picked":["bronze:BuggyMess","bronze:WildBeam"],"picked":"bronze:ChosenStrike","floor":4.0},{"not_picked":["bronze:DelayedSlice","bronze:BitShift","bronze:Philosophize"],"picked":"SKIP","floor":5.0},{"not_picked":["bronze:WildBeam","bronze:Allocate"],"picked":"bronze:BugBarrage","floor":6.0},{"not_picked":["bronze:ChildClass","bronze:BitShift","bronze:WildBeam"],"picked":"SKIP","floor":8.0},{"not_picked":["bronze:Optimize","bronze:Invalidate","bronze:NullPointer"],"picked":"SKIP","floor":9.0},{"not_picked":["bronze:Iterate","bronze:Deprecate"],"picked":"bronze:Constructor","floor":10.0},{"not_picked":["bronze:Iterate","bronze:Turbo"],"picked":"bronze:MaxOutput","floor":12.0},{"not_picked":["bronze:DelayedGuard","bronze:Invalidate"],"picked":"bronze:Constructor","floor":13.0},{"not_picked":["bronze:BitShift","bronze:Frontload"],"picked":"bronze:FindAndReplace","floor":14.0},{"not_picked":["bronze:Overload","bronze:Invalidate"],"picked":"bronze:ChildClass","floor":15.0},{"not_picked":["bronze:BitShift","bronze:CutThrough+1"],"picked":"bronze:CloningBeam","floor":19.0},{"not_picked":["bronze:Branch","bronze:Refactor+1","bronze:BronzeArmor+1"],"picked":"SKIP","floor":21.0},{"not_picked":["bronze:OilSpill+1","bronze:ItsAFeature"],"picked":"bronze:DelayedSlice","floor":23.0},{"not_picked":["bronze:NullPointer","bronze:Separator"],"picked":"bronze:Flail","floor":28.0},{"not_picked":["bronze:Separator","bronze:Optimize"],"picked":"bronze:BugBarrage+1","floor":29.0},{"not_picked":["bronze:Safeguard","bronze:Separator+1","bronze:Constructor+1"],"picked":"SKIP","floor":30.0},{"not_picked":["bronze:Invalidate+1","bronze:ItsAFeature","bronze:Backtrace"],"picked":"SKIP","floor":31},{"not_picked":["bronze:Invalidate+1","bronze:ItsAFeature","bronze:Backtrace"],"picked":"SKIP","floor":31},{"not_picked":["bronze:Invalidate+1","bronze:BitShift","bronze:Iterate+1"],"picked":"SKIP","floor":32},{"not_picked":["bronze:Invalidate+1","bronze:BitShift"],"picked":"bronze:Iterate+1","floor":32},{"not_picked":["bronze:CleanCode","bronze:BurnOut"],"picked":"bronze:Assembly","floor":33},{"not_picked":["bronze:Frontload","bronze:FineTuning"],"picked":"bronze:Boost","floor":34},{"not_picked":["bronze:Backtrace+1","bronze:DelayedSlice+1","bronze:Iterate"],"picked":"SKIP","floor":36},{"not_picked":["bronze:Overload","bronze:Backtrace"],"picked":"bronze:Boost","floor":37},{"not_picked":["bronze:WildBeam","bronze:ForceShield+1"],"picked":"bronze:DelayedGuard+1","floor":39},{"not_picked":["bronze:Turbo+1","bronze:ChildClass+1","bronze:Shield"],"picked":"SKIP","floor":40},{"not_picked":["bronze:BurnOut","bronze:WildBeam+1"],"picked":"bronze:MaxOutput+1","floor":43},{"not_picked":["bronze:MaxOutput+1","bronze:CutThrough+1","bronze:DelayedSlice"],"picked":"bronze:GetLatest+1","floor":45},{"not_picked":["bronze:OilSpill","bronze:ForceShield","bronze:Constructor+1"],"picked":"bronze:CloningBeam+1","floor":47},{"not_picked":["bronze:FineTuning+1","bronze:BitShift+1","bronze:DelayedSlice"],"picked":"bronze:Boost","floor":48},{"not_picked":["bronze:Backtrace","bronze:Iterate+1","bronze:NullPointer+1"],"picked":"bronze:Flail","floor":49},{"not_picked":["bronze:Invalidate+1","bronze:BuggyMess+1","bronze:Deprecate"],"picked":"bronze:ItsAFeature","floor":52}],"player_experience":918306,"relics_obtained":[{"floor":24.0,"key":"Thread and Needle"},{"floor":29.0,"key":"hubris:64BitClover"},{"floor":31,"key":"WingedGreaves"},{"floor":37,"key":"hubris:FunFungus"},{"floor":41,"key":"infinitespire:Satchel"},{"floor":43,"key":"Question Card"},{"floor":45,"key":"Bag of Marbles"},{"floor":46,"key":"downfall:GremlinWheel"},{"floor":48,"key":"StoneCalendar"},{"floor":52,"key":"hubris:MobiusCoin"},{"floor":54,"key":"hubris:PeanutButter"}],"event_choices":[{"damage_healed":0,"gold_gain":0,"player_choice":"Fight","damage_taken":0,"max_hp_gain":0,"max_hp_loss":0,"event_name":"Mysterious Sphere","floor":37,"gold_loss":0},{"damage_healed":0,"gold_gain":0,"player_choice":"Relic","damage_taken":0,"max_hp_gain":0,"max_hp_loss":0,"event_name":"Wheel of Change","floor":54,"gold_loss":0}],"is_beta":false,"boss_relics":[{"not_picked":["hubris:VirtuousBlindfold","infinitespire:Cupcake","hubris:CrackedHourglass"]},{"not_picked":["Velvet Choker","Runic Dome"],"picked":"Tiny House"}],"items_purged_floors":[53],"is_endless":false,"potions_floor_spawned":[6,9,10,12,15,19,28,32,33,36,39,46,49,52],"ascension_level":0}}