{"host":"d8d3jqle49sogkjv","time":1611424190,"event":{"mods":["BaseMod","Colored Map","Colored Powertips","Minty Spire (QoL Compilation)","StSLib"],"gold_per_floor":[110,129,129,141,66,66,99,110,137,137,177,127,153,176,176,282,282,297,306,306,405,26,26,68,68,68,91,451,464,495,518,518,623,623,644,644,668,668,693,727,727,756,756,775,799,816,816,816,816],"floor_reached":48,"language":"ENG","playtime":2632,"items_purged":["Strike_P"],"score":739,"play_id":"95d2c634-d31b-4881-96ce-ee34e1040937","local_time":"20210123184950","is_ascension_mode":true,"campfire_choices":[{"data":"Enlightenment","floor":6.0,"key":"SMITH"},{"data":"WheelKick","floor":10.0,"key":"SMITH"},{"data":"Worship","floor":15.0,"key":"SMITH"},{"data":"Sanctity","floor":23.0,"key":"SMITH"},{"floor":25.0,"key":"REST"},{"floor":32.0,"key":"REST"},{"data":"Ragnarok","floor":41.0,"key":"SMITH"}],"circlet_count":0,"master_deck":["Strike_P+1","Defend_P+1","Defend_P+1","Eruption+1","Vigilance+1","Worship+1","Enlightenment+1","Brilliance","FlurryOfBlows+1","FlurryOfBlows","WheelKick+1","Sanctity+1","LessonLearned","Necronomicurse","Brilliance","ClearTheMind+1","WaveOfTheHand+1","ForeignInfluence","FollowUp+1","Pray+1","Ragnarok+1","Wallop","MentalFortress","TalkToTheHand+1","FollowUp+1"],"relics":["PureWater","NeowsBlessing","Regal Pillow","CeramicFish","Whetstone","Happy Flower","Nunchaku","Empty Cage","Necronomicon","Kunai","DollysMirror","Darkstone Periapt","Ornamental Fan","War Paint","Runic Pyramid","Akabeko"],"acts_visited":["Exordium","TheCity","TheBeyond"],"potions_floor_usage":[45],"damage_taken":[{"damage":0.0,"enemies":"Small Slimes","floor":1.0,"turns":1.0},{"damage":0.0,"enemies":"Cultist","floor":2.0,"turns":1.0},{"damage":0.0,"enemies":"2 Louse","floor":4.0,"turns":1.0},{"damage":0.0,"enemies":"Lagavulin","floor":7.0,"turns":4.0},{"damage":8.0,"enemies":"Blue Slaver","floor":8.0,"turns":3.0},{"damage":16.0,"enemies":"Gremlin Nob","floor":11.0,"turns":3.0},{"damage":7.0,"enemies":"3 Sentries","floor":13.0,"turns":4.0},{"damage":28.0,"enemies":"Hexaghost","floor":16.0,"turns":6.0},{"damage":0.0,"enemies":"Chosen","floor":18.0,"turns":4.0},{"damage":0.0,"enemies":"Gremlin Leader","floor":24.0,"turns":3.0},{"damage":0.0,"enemies":"Shell Parasite","floor":27.0,"turns":3.0},{"damage":0.0,"enemies":"Shelled Parasite and Fungi","floor":29.0,"turns":1.0},{"damage":25.0,"enemies":"Book of Stabbing","floor":30.0,"turns":8.0},{"damage":5.0,"enemies":"Snecko","floor":31.0,"turns":5.0},{"damage":30.0,"enemies":"Automaton","floor":33.0,"turns":10.0},{"damage":11.0,"enemies":"3 Darklings","floor":35.0,"turns":4.0},{"damage":3.0,"enemies":"3 Shapes","floor":37.0,"turns":4.0},{"damage":0.0,"enemies":"Transient","floor":39.0,"turns":5.0},{"damage":18.0,"enemies":"Giant Head","floor":40.0,"turns":6.0},{"damage":0.0,"enemies":"Sphere and 2 Shapes","floor":42.0,"turns":2.0},{"damage":0.0,"enemies":"Writhing Mass","floor":44.0,"turns":3.0},{"damage":23,"enemies":"4 Shapes","floor":45,"turns":4},{"damage":0,"enemies":"Maw","floor":46,"turns":4},{"damage":27,"enemies":"Reptomancer","floor":48,"turns":2}],"seed_played":"6328488269857491511","potions_obtained":[{"floor":4.0,"key":"Explosive Potion"},{"floor":7.0,"key":"Dexterity Potion"},{"floor":8.0,"key":"GamblersBrew"},{"floor":27.0,"key":"Fruit Juice"},{"floor":31.0,"key":"Block Potion"},{"floor":33.0,"key":"Ancient Potion"},{"floor":35.0,"key":"SpeedPotion"},{"floor":40.0,"key":"EntropicBrew"},{"floor":44.0,"key":"StancePotion"}],"is_trial":false,"path_per_floor":["M","M","?","M","$","R","E","M","T","R","E","?","E","T","R","B",null,"M","?","?","?","$","R","E","R","T","M","?","M","E","M","R","B",null,"M","?","M","?","M","E","R","M","T","M","M","M","?","E"],"character_chosen":"WATCHER","items_purchased":["Kunai","DollysMirror"],"campfire_rested":2,"item_purchase_floors":[22,22],"current_hp_per_floor":[72,72,72,72,72,72,72,64,64,64,48,48,41,41,41,13,72,72,56,56,56,56,56,56,72,72,77,41,41,16,11,49,19,77,66,66,63,63,63,45,45,45,45,45,22,22,22,0,0],"gold":816,"neow_bonus":"THREE_ENEMY_KILL","is_daily":false,"chose_seed":false,"campfire_upgraded":5,"win_rate":0.0,"timestamp":1611424190,"path_taken":["M","M","?","?","$","R","E","M","T","R","E","?","E","?","R","BOSS","M","?","?","?","$","R","E","R","T","M","?","?","E","M","R","BOSS","M","?","?","?","?","E","R","M","T","M","M","M","?","E"],"items_purchased_type":["Relic","Relic"],"build_version":"2020-12-22","purchased_purges":1,"victory":false,"max_hp_per_floor":[72,72,72,72,72,72,72,72,72,72,72,72,72,72,72,72,72,72,72,72,72,72,72,72,72,72,77,77,77,77,77,77,77,77,77,77,77,77,77,77,77,77,77,77,77,77,77,77,77],"card_choices":[{"not_picked":["Protect","Consecrate"],"picked":"Worship","floor":1.0},{"not_picked":["Meditate","FearNoEvil","Evaluate"],"picked":"SKIP","floor":2.0},{"not_picked":["ThirdEye","Worship"],"picked":"FlurryOfBlows","floor":4.0},{"not_picked":["TalkToTheHand","Sanctity"],"picked":"FlurryOfBlows","floor":7.0},{"not_picked":["Blasphemy","BowlingBash"],"picked":"WheelKick","floor":8.0},{"not_picked":["SashWhip","BowlingBash"],"picked":"Sanctity","floor":11.0},{"not_picked":["SignatureMove","CarveReality","ThirdEye"],"picked":"SKIP","floor":13.0},{"not_picked":["Devotion","MasterReality"],"picked":"LessonLearned","floor":16.0},{"not_picked":["PathToVictory+1","Vengeance+1","Halt"],"picked":"SKIP","floor":18.0},{"not_picked":["ReachHeaven","BattleHymn"],"picked":"ClearTheMind+1","floor":24.0},{"not_picked":["Halt","EmptyBody"],"picked":"WaveOfTheHand+1","floor":27.0},{"not_picked":["Study+1","WaveOfTheHand","ForeignInfluence"],"picked":"SKIP","floor":29.0},{"not_picked":["Brilliance","Adaptation","Fasting2"],"picked":"SKIP","floor":30.0},{"not_picked":["Evaluate","Conclude"],"picked":"ForeignInfluence","floor":31.0},{"not_picked":["SashWhip","EmptyMind+1"],"picked":"FollowUp+1","floor":35.0},{"not_picked":["CutThroughFate+1","Adaptation"],"picked":"Pray+1","floor":37.0},{"not_picked":["WreathOfFlame","Evaluate+1"],"picked":"Ragnarok","floor":39.0},{"not_picked":["FearNoEvil+1","ClearTheMind"],"picked":"Wallop","floor":40.0},{"not_picked":["WindmillStrike+1","ClearTheMind"],"picked":"MentalFortress","floor":42.0},{"not_picked":["CutThroughFate","PathToVictory+1"],"picked":"TalkToTheHand","floor":44.0},{"not_picked":["CutThroughFate+1","ClearTheMind"],"picked":"FollowUp+1","floor":45},{"not_picked":["Wireheading+1","MasterReality","FollowUp+1"],"picked":"SKIP","floor":46}],"player_experience":422100,"relics_obtained":[{"floor":7.0,"key":"Regal Pillow"},{"floor":9.0,"key":"CeramicFish"},{"floor":11.0,"key":"Whetstone"},{"floor":13.0,"key":"Happy Flower"},{"floor":14.0,"key":"Nunchaku"},{"floor":19.0,"key":"Necronomicon"},{"floor":24.0,"key":"Darkstone Periapt"},{"floor":26.0,"key":"Ornamental Fan"},{"floor":30.0,"key":"War Paint"},{"floor":40.0,"key":"Akabeko"}],"event_choices":[{"damage_healed":0.0,"max_hp_gain":0.0,"max_hp_loss":0.0,"gold_gain":0.0,"event_name":"Match and Keep!","player_choice":"2 cards matched","floor":3.0,"gold_loss":0.0,"damage_taken":0.0,"cards_obtained":["Enlightenment","Brilliance"]},{"cards_removed":["Strike_P"],"damage_healed":0.0,"max_hp_gain":0.0,"max_hp_loss":0.0,"gold_gain":0.0,"event_name":"The Cleric","player_choice":"Card Removal","floor":12.0,"gold_loss":50.0,"damage_taken":0.0},{"damage_healed":0.0,"max_hp_gain":0.0,"max_hp_loss":0.0,"gold_gain":0.0,"event_name":"Cursed Tome","player_choice":"Obtained Book","floor":19.0,"gold_loss":0.0,"damage_taken":16.0},{"damage_healed":0.0,"max_hp_gain":0.0,"max_hp_loss":0.0,"gold_gain":0.0,"event_name":"Vampires","player_choice":"Ignored","floor":20.0,"gold_loss":0.0,"damage_taken":0.0},{"damage_healed":0.0,"max_hp_gain":0.0,"max_hp_loss":0.0,"gold_gain":99.0,"event_name":"Nest","player_choice":"Stole From Cult","floor":21.0,"gold_loss":0.0,"damage_taken":0.0},{"damage_healed":0.0,"max_hp_gain":0.0,"max_hp_loss":0.0,"gold_gain":360.0,"event_name":"Knowing Skull","player_choice":"GOLD GOLD GOLD GOLD ","floor":28.0,"potions_obtained":[],"gold_loss":0.0,"damage_taken":36.0,"cards_obtained":[]},{"damage_healed":0.0,"max_hp_gain":0.0,"max_hp_loss":0.0,"gold_gain":0.0,"event_name":"The Woman in Blue","player_choice":"Bought 0 Potions","floor":36.0,"gold_loss":0.0,"damage_taken":0.0},{"cards_removed":["Defend_P"],"damage_healed":0.0,"max_hp_gain":0.0,"max_hp_loss":0.0,"gold_gain":0.0,"event_name":"Purifier","player_choice":"Purged","floor":38.0,"gold_loss":0.0,"damage_taken":0.0},{"damage_healed":0,"gold_gain":0,"player_choice":"Ignored","damage_taken":0,"max_hp_gain":0,"max_hp_loss":0,"event_name":"Tomb of Lord Red Mask","floor":47,"gold_loss":0}],"is_beta":false,"boss_relics":[{"not_picked":["Cursed Key","Pandora\u0027s Box"],"picked":"Empty Cage"},{"not_picked":["Black Star","Tiny House"],"picked":"Runic Pyramid"}],"items_purged_floors":[5],"is_endless":false,"potions_floor_spawned":[4,7,8,27,31,33,35,40,42,44],"killed_by":"Reptomancer","ascension_level":4}}