{"host":"3y33rrrkia6pkpow","time":1611371258,"event":{"mods":["2.2 Compatiblity","AchievementEnabler","Act Like it!","BaseMod","BetterRewards","Block Reminder","Colored Map","Colored Powertips","DeckTracker","Faster Ascension Climbing","Gensokyo","Highlight Path","Infinite Spire","Minty Spire (QoL Compilation)","Quick Restart","Rare Cards Sparkle","Replay The Spire","Shop Mod","Spicy Shops","StSLib","Synergy Search","The Animator","The Blue Laboratory","Unknown Chances"],"gold_per_floor":[116,116,116,135,152,152,167,167,193,224,11,21,21,21,21,109,109,123,123,123,123,62,62,96,96,143,174,174,99,131,151,151,229,229,262,262,262,262,40,77,77,127,127,150,33,33,55,69,69,69,69,69],"floor_reached":51,"language":"ENG","playtime":5009,"items_purged":["Decay"],"score":1118,"play_id":"89acef15-1ac7-48b7-a4ac-0a6b13ca1ae1","local_time":"20210122210738","is_ascension_mode":true,"campfire_choices":[{"data":"animator:OrigamiTobiichi","floor":6.0,"key":"SMITH"},{"data":"animator:TukaLunaMarceau","floor":8.0,"key":"SMITH"},{"data":"animator:Konayuki","floor":13.0,"key":"SMITH"},{"data":"animator:MamiTomoe","floor":15.0,"key":"SMITH"},{"data":"animator:AcuraShin","floor":23.0,"key":"SMITH"},{"floor":25.0,"key":"REST"},{"data":"animator:MadokaKaname","floor":28.0,"key":"SMITH"},{"floor":32.0,"key":"REST"},{"data":"animator:AcuraShin","floor":41.0,"key":"SMITH"},{"floor":49,"key":"REST"}],"circlet_count":0,"master_deck":["AscendersBane","animator:Strike_HitsugiNoChaika","animator:Defend_HitsugiNoChaika","animator:Defend","animator:Defend","animator:AcuraAkari+1","animator:Gillette","animator:ChaikaBohdan","animator:Kuroyukihime+1","animator:Gillette","animator:AcuraTooru","animator:Archer","animator:OrigamiTobiichi+1","animator:TukaLunaMarceau+1","animator:AcuraTooru","animator:Gillette","animator:Mikaela","animator:Mikaela","animator:MamiTomoe+1","animator:Konayuki+1","animator:MadokaKaname+1","animator:Fredrika","animator:AcuraShin+1","animator:Guy","animator:ChaikaBohdan","Voices","animator:AcuraAkari+1","animator:MamiTomoe","animator:Viivi","animator:OrigamiTobiichi","animator:Yoichi","animator:PinaCoLada","animator:Mikaela","animator:HinaKagiyama","animator:Curse_Dizziness","animator:AcuraShin+1","animator:NiaHonjou","animator:Archer","Parasite"],"relics":["animator:LivingPicture","animator:TheMissingPiece","animator:PurgingStone","ReplayTheSpireMod:CursedCoin","Snack Pack","Guide Book","Nunchaku","Replay:Baseball","InkBottle","animator:RacePiece","ReplayTheSpireMod:Ring of Challenge","Mirror","Regal Pillow","Counterbalance","animator:WornHelmet","infinitespire:BottledMercury","infinitespire:EvilPickle","Philosopher\u0027s Stone","Ginger","Replay:Wax Seal","infinitespire:EmpoweringShard"],"acts_visited":["Exordium","TheCity","TheBeyond"],"potions_floor_usage":[50,50,50],"damage_taken":[{"damage":8.0,"enemies":"Small Slimes","floor":1.0,"turns":2.0},{"damage":7.0,"enemies":"Jaw Worm","floor":4.0,"turns":2.0},{"damage":0.0,"enemies":"Cultist","floor":5.0,"turns":2.0},{"damage":1.0,"enemies":"3 Louse","floor":7.0,"turns":3.0},{"damage":0.0,"enemies":"Gremlin Nob","floor":10.0,"turns":2.0},{"damage":0.0,"enemies":"Blue Slaver","floor":12.0,"turns":2.0},{"damage":28.0,"enemies":"Hexaghost","floor":16.0,"turns":6.0},{"damage":0.0,"enemies":"Spheric Guardian","floor":18.0,"turns":3.0},{"damage":21.0,"enemies":"Book of Stabbing","floor":24.0,"turns":3.0},{"damage":12.0,"enemies":"2 Thieves","floor":27.0,"turns":4.0},{"damage":23.0,"enemies":"animator:HornedBat","floor":30.0,"turns":5.0},{"damage":20.0,"enemies":"Cultist and Chosen","floor":31.0,"turns":6.0},{"damage":22.0,"enemies":"Pondfish","floor":33.0,"turns":8.0},{"damage":2.0,"enemies":"Orb Walker","floor":35.0,"turns":3.0},{"damage":14.0,"enemies":"R_Hoarder","floor":40.0,"turns":7.0},{"damage":24.0,"enemies":"3 Darklings","floor":44.0,"turns":6.0},{"damage":34.0,"enemies":"4 Shapes","floor":47.0,"turns":5.0},{"damage":17,"enemies":"Writhing Mass","floor":48,"turns":5},{"damage":30,"enemies":"Replay:Hell Engine","floor":50,"turns":9},{"damage":37,"enemies":"Donu and Deca","floor":51,"turns":2}],"seed_played":"-1261973458151057895","potions_obtained":[{"floor":7.0,"key":"blueLaboratory:FrostheartPotion"},{"floor":24.0,"key":"FearPotion"},{"floor":35.0,"key":"blueLaboratory:TrueEctoplasm"},{"floor":47.0,"key":"blueLaboratory:PhilterOfMotion"}],"is_trial":false,"path_per_floor":["M","?","?","M","M","R","M","R","T","E","$","M","R","?","R","B",null,"M","?","T","?","$","R","E","R","T","M","R","?","E","M","R","B",null,"M","AVR","?","?","$","E","R","?","T","M","$","?","M","M","R","B","B"],"character_chosen":"THE_ANIMATOR","items_purchased":["ReplayTheSpireMod:CursedCoin","Snack Pack","animator:ChaikaBohdan","animator:Kuroyukihime","animator:Gillette","animator:AcuraTooru","Guide Book","Nunchaku","blueLaboratory:BottleOfRum","animator:Mikaela","animator:MamiTomoe","Strength Potion","animator:AcuraAkari+1","animator:AcuraShin","animator:Archer"],"campfire_rested":3,"item_purchase_floors":[0,0,0,0,0,0,0,0,0,11,11,11,22,39,45],"current_hp_per_floor":[48,60,60,53,57,57,60,60,60,60,60,60,60,60,60,38,55,59,59,59,59,59,59,45,60,60,52,52,52,43,42,60,45,56,58,58,58,58,58,48,48,48,48,46,46,46,28,17,50,30,0,0],"gold":69,"neow_bonus":"","is_daily":false,"chose_seed":true,"campfire_upgraded":7,"win_rate":0.0,"timestamp":1611371258,"path_taken":["M","?","?","?","M","R","M","R","T","E","$","M","R","?","R","BOSS","M","?","?","?","$","R","E","R","T","?","R","?","E","M","R","BOSS","M","AVR","?","?","$","E","R","?","T","?","?","?","M","M","R","BOSS","BOSS"],"items_purchased_type":["Relic","Relic","Card","Card","Card","Card","Relic","Relic","Potion","Card","Card","Potion","Card","Card","Card"],"build_version":"2020-12-22","purchased_purges":1,"victory":false,"max_hp_per_floor":[60,60,60,60,60,60,60,60,60,60,60,60,60,60,60,60,60,60,60,60,60,60,60,60,60,60,60,60,60,60,60,60,60,60,60,60,60,60,60,60,60,60,60,60,60,60,60,60,60,60,60,60],"card_choices":[{"not_picked":["animator:Yui","animator:TohkaYatogami"],"picked":"animator:Archer","floor":1.0},{"not_picked":["animator:ShinjiMatou","animator:Alexander"],"picked":"animator:TukaLunaMarceau","floor":4.0},{"not_picked":["animator:Add","animator:MasamiIwasawa","animator:Azekura"],"picked":"SKIP","floor":5.0},{"not_picked":["animator:Guy","animator:ChaikaBohdan"],"picked":"animator:AcuraTooru","floor":7.0},{"not_picked":["animator:YamaiSisters","animator:MasamiIwasawa"],"picked":"animator:Gillette","floor":10.0},{"not_picked":["animator:Guy","animator:Gillette"],"picked":"animator:Konayuki","floor":12.0},{"not_picked":["animator:KotoriItsuka","animator:KurumiTokisaki"],"picked":"animator:MadokaKaname","floor":16.0},{"not_picked":["animator:TsurugaMeisai","animator:Rider"],"picked":"animator:ChaikaBohdan","floor":18.0},{"not_picked":["animator:YachiyoNanami","animator:SayakaMiki"],"picked":"animator:MamiTomoe","floor":24.0},{"not_picked":["animator:Fredrika","animator:ShinjiMatou+1"],"picked":"animator:Viivi","floor":27.0},{"not_picked":["animator:Ain+1","animator:LeleiLaLalena"],"picked":"animator:OrigamiTobiichi","floor":30.0},{"not_picked":["animator:Gillette","animator:Assassin"],"picked":"animator:Yoichi","floor":31.0},{"not_picked":["animator:ItamiYouji","animator:HomuraAkemi"],"picked":"animator:PinaCoLada","floor":33.0},{"not_picked":["animator:CrowleyEusford","animator:KrulTepes"],"picked":"animator:Mikaela","floor":35.0},{"not_picked":["animator:MasamiIwasawa","animator:Gillette","animator:Ain+1"],"picked":"SKIP","floor":40.0},{"not_picked":["animator:Gillette","animator:MasamiIwasawa"],"picked":"animator:NiaHonjou","floor":44.0},{"not_picked":["animator:Yusa+1","animator:MasamiIwasawa","animator:LeleiLaLalena"],"picked":"SKIP","floor":47.0}],"player_experience":896358,"relics_obtained":[{"floor":9.0,"key":"Replay:Baseball"},{"floor":10.0,"key":"InkBottle"},{"floor":19.0,"key":"ReplayTheSpireMod:Ring of Challenge"},{"floor":20.0,"key":"Mirror"},{"floor":24.0,"key":"Counterbalance"},{"floor":26.0,"key":"animator:WornHelmet"},{"floor":30.0,"key":"infinitespire:BottledMercury"},{"floor":40.0,"key":"Replay:Wax Seal"},{"floor":43.0,"key":"infinitespire:EmpoweringShard"}],"event_choices":[{"damage_healed":20.0,"max_hp_gain":0.0,"max_hp_loss":0.0,"gold_gain":0.0,"event_name":"Big Fish","player_choice":"Banana","floor":2.0,"gold_loss":0.0,"damage_taken":0.0},{"damage_healed":0.0,"max_hp_gain":0.0,"max_hp_loss":0.0,"gold_gain":0.0,"event_name":"Match and Keep!","player_choice":"1 cards matched","floor":3.0,"gold_loss":0.0,"damage_taken":0.0,"cards_obtained":["animator:OrigamiTobiichi"]},{"damage_healed":0.0,"max_hp_gain":0.0,"max_hp_loss":0.0,"gold_gain":0.0,"event_name":"Shining Light","player_choice":"Ignored","floor":14.0,"gold_loss":0.0,"damage_taken":0.0},{"cards_removed":["Injury"],"damage_healed":0.0,"max_hp_gain":0.0,"max_hp_loss":0.0,"gold_gain":0.0,"event_name":"Beggar","player_choice":"Gave Gold","floor":29.0,"gold_loss":75.0,"damage_taken":0.0},{"damage_healed":0.0,"max_hp_gain":0.0,"max_hp_loss":0.0,"gold_gain":50.0,"event_name":"Golden Shrine","player_choice":"Pray","floor":42.0,"gold_loss":0.0,"damage_taken":0.0},{"cards_removed":["animator:Defend"],"damage_healed":0.0,"max_hp_gain":0.0,"max_hp_loss":0.0,"gold_gain":0.0,"event_name":"Falling","player_choice":"Removed Skill","floor":46.0,"gold_loss":0.0,"damage_taken":0.0}],"is_beta":false,"boss_relics":[{"not_picked":["Replay:Bronze Core","Replay:Drink Me"],"picked":"animator:RacePiece"},{"not_picked":["Replay:Wanted Poster","Painkiller Herb"],"picked":"Philosopher\u0027s Stone"}],"items_purged_floors":[0],"is_endless":false,"potions_floor_spawned":[7,12,16,24,27,35,47,48],"killed_by":"Donu and Deca","ascension_level":20}}