{"host":"5dk97cf2ubw2v967","time":1611419939,"event":{"mods":["AlwaysNeverKeys","BaseMod","Better Altar","Better Vampires","Block Reminder","Colored Powertips","Downfall","Googly Eyes","Highlight Path","Minty Spire (QoL Compilation)","Permanent Neow","Potion Indicator Mod","Quick Restart","Relic Filter","Relic Stats","Say the Spire","Spicy Shops","StSLib","Waifu the Spire","everything is the same but u backflip on backflip"],"gold_per_floor":[99,114,126,126,146,166,166,37,51,68,98,98,112,112,130,225,225,225,243,82,82,96,96,120,120,120,133,33,65,65,135,192,291,291,191,251,152,169,153,167,246,273,288,288,361,261,261,261,271,271,271,298,8,8,8,8],"floor_reached":57,"language":"ENG","playtime":4274,"items_purged":["Shame","Guardian:Defend_Guardian","downfall:Aged"],"score":1779,"play_id":"d47bd0ec-33bc-4e3e-aac5-a241230ca34a","local_time":"20210123163859","is_ascension_mode":true,"campfire_choices":[{"data":"Guardian:TwinSlam","floor":1,"key":"SMITH"},{"data":"Guardian:PrismaticBeam","floor":12,"key":"SMITH"},{"data":"Guardian:ChargeUp","floor":18,"key":"SMITH"},{"floor":23,"key":"RECALL"},{"data":"Guardian:ChargeUp","floor":28,"key":"SMITH"},{"data":"Guardian:FierceBash","floor":35,"key":"SMITH"},{"data":"Guardian:StasisStrike","floor":44,"key":"SMITH"},{"data":"Guardian:AncientConstruct","floor":46,"key":"SMITH"},{"data":"Guardian:FloatingOrbs","floor":54,"key":"SMITH"}],"circlet_count":0,"master_deck":["AscendersBane","Guardian:Defend_Guardian","Guardian:Defend_Guardian","Guardian:CurlUp","Guardian:TwinSlam+1","Guardian:WalkerClaw","Guardian:RollAttack","Guardian:PrismaticBeam+1","Guardian:ShieldCharger","Guardian:GatlingBeam","Guardian:ChargeUp+1","Guardian:StasisStrike+1","Guardian:ShieldCharger","Guardian:AncientConstruct+1","Guardian:ChargeUp+1","Guardian:TemporalShield+1","Guardian:TimeSifter","Guardian:FierceBash+1","Guardian:Orbwalk+1","Guardian:Harden+1","Bandage Up+1","Guardian:ShieldSpikes+1","Guardian:FloatingOrbs+1","Guardian:Repulse+1","Guardian:Gem_Fragmented","Guardian:Harden+1","Guardian:RevengeProtocol","expansioncontent:AwakenDeath","Guardian:BronzeOrb","Guardian:Orbwalk+1"],"relics":["Coffee Dripper","Kunai","Question Card","Sozu","Guardian:StasisUpgradeRelic","downfall:HeartBlessingRed","Toxic Egg 2","downfall:KnowingSkull","Lantern","Runic Pyramid","downfall:HeartBlessingBlue","Membership Card","Ornamental Fan","Letter Opener","Nunchaku","Dream Catcher","downfall:HeartBlessingGreen","Guardian:StasisEgg","PreservedInsect","Turnip","Strawberry"],"acts_visited":["Exordium","TheCity","TheBeyond","TheEnding"],"potions_floor_usage":[11,16,16,31],"damage_taken":[{"damage":0,"enemies":"Small Slimes","floor":2,"turns":4},{"damage":0,"enemies":"Cultist","floor":3,"turns":3},{"damage":12,"enemies":"Jaw Worm","floor":5,"turns":3},{"damage":0,"enemies":"3 Louse","floor":6,"turns":2},{"damage":5,"enemies":"downfall:FleeingMerchant","floor":8,"turns":4},{"damage":5,"enemies":"Large Slime","floor":9,"turns":4},{"damage":1,"enemies":"2 Fungi Beasts","floor":10,"turns":3},{"damage":9,"enemies":"Lagavulin","floor":11,"turns":4},{"damage":7,"enemies":"Lots of Slimes","floor":13,"turns":4},{"damage":6,"enemies":"Exordium Wildlife","floor":15,"turns":4},{"damage":16,"enemies":"IC_STATUS_ARCHETYPE","floor":16,"turns":9},{"damage":1,"enemies":"3 Byrds","floor":19,"turns":5},{"damage":0,"enemies":"downfall:FleeingMerchant","floor":20,"turns":4},{"damage":0,"enemies":"Snecko","floor":22,"turns":4},{"damage":0,"enemies":"Centurion and Healer","floor":27,"turns":5},{"damage":6,"enemies":"Gremlin Leader","floor":29,"turns":6},{"damage":22,"enemies":"Slavers","floor":31,"turns":4},{"damage":3,"enemies":"Sentry and Sphere","floor":32,"turns":5},{"damage":24,"enemies":"SI_MIRROR_ARCHETYPE","floor":33,"turns":9},{"damage":20,"enemies":"3 Darklings","floor":36,"turns":4},{"damage":1,"enemies":"downfall:FleeingMerchant","floor":37,"turns":4},{"damage":13,"enemies":"3 Shapes","floor":38,"turns":5},{"damage":0,"enemies":"downfall:FleeingMerchant","floor":39,"turns":2},{"damage":8,"enemies":"Writhing Mass","floor":40,"turns":4},{"damage":1,"enemies":"Giant Head","floor":42,"turns":6},{"damage":15,"enemies":"3 Darklings","floor":43,"turns":4},{"damage":24,"enemies":"Nemesis","floor":45,"turns":6},{"damage":22,"enemies":"4 Shapes","floor":49,"turns":5},{"damage":22,"enemies":"WA_ARCHETYPE_DIVINITY","floor":50,"turns":9},{"damage":47,"enemies":"downfall:CharBossMerchant","floor":52,"turns":9},{"damage":11,"enemies":"downfall:NeowBoss","floor":55,"turns":15},{"damage":41,"enemies":"downfall:NeowBossFinal","floor":56,"turns":10}],"seed_played":"325917211339672937","potions_obtained":[{"floor":5,"key":"Guardian:BlockOnCardUsePotion"},{"floor":9,"key":"BlessingOfTheForge"},{"floor":11,"key":"SpeedPotion"},{"floor":13,"key":"Dexterity Potion"},{"floor":16,"key":"Strength Potion"}],"is_trial":false,"path_per_floor":["R","M","M","?","M","M","T","$","M","M","E","R","M","?","M","B",null,"R","M","$","?","M","R","T","?","?","M","R","E","?","E","M","B",null,"R","M","$","M","$","M","T","E","M","R","E","R","?","?","M","B",null,"E","$","R","B","B",null],"character_chosen":"GUARDIAN","items_purchased":["Guardian:Gem_Purple","Guardian:StasisUpgradeRelic","Bandage Up+1","Membership Card","Guardian:FloatingOrbs","Ornamental Fan","Turnip","Strawberry"],"campfire_rested":0,"item_purchase_floors":[8,20,37,39,39,39,53,53],"current_hp_per_floor":[72,72,72,72,60,60,60,55,50,49,40,40,33,38,32,16,68,68,67,67,67,67,67,67,67,67,67,67,61,53,31,28,4,65,75,55,54,47,47,45,45,50,41,41,23,23,23,23,1,20,76,35,42,42,37,2],"gold":8,"neow_bonus":"BOSS_RELIC","is_daily":false,"chose_seed":false,"campfire_upgraded":8,"win_rate":0.0,"timestamp":1611419939,"path_taken":["R","M","M","?","?","M","T","$","M","M","E","R","M","?","M","BOSS","R","M","$","?","M","R","T","?","?","M","R","E","?","E","M","BOSS","R","M","$","M","?","M","T","E","M","R","E","R","?","?","M","BOSS","E","$","R","BOSS","BOSS"],"items_purchased_type":["Card","Relic","Card","Relic","Card","Relic","Relic","Relic"],"build_version":"2020-12-22","purchased_purges":3,"victory":true,"max_hp_per_floor":[80,80,80,80,80,80,80,80,80,80,80,80,80,85,85,85,85,85,85,85,85,85,85,85,85,85,85,85,85,85,85,85,85,85,95,95,95,95,95,95,95,95,95,95,95,95,95,95,95,95,95,95,102,102,102,102],"relic_stats":{"Sozu":6,"Nunchaku":[17],"Dream Catcher":0,"counters":[32,166],"Ornamental Fan":[176],"PreservedInsect":0,"Turnip":[8],"Kunai":[71],"Letter Opener":[168],"Question Card":23,"obtain_stats":[{"Lantern":31,"downfall:HeartBlessingRed":28,"Guardian:StasisEgg":47,"Guardian:ModeShifter":0,"downfall:HeartBlessingGreen":46,"PreservedInsect":52,"Letter Opener":41,"Question Card":11,"Sozu":17,"Guardian:StasisUpgradeRelic":20,"Nunchaku":42,"Dream Catcher":45,"downfall:HeartBlessingBlue":35,"Ornamental Fan":39,"Strawberry":53,"downfall:KnowingSkull":30,"Turnip":53,"Coffee Dripper":0,"Kunai":7,"Membership Card":39,"Toxic Egg 2":29,"Runic Pyramid":34},{"Lantern":17,"downfall:HeartBlessingRed":15,"Guardian:StasisEgg":27,"Guardian:ModeShifter":0,"downfall:HeartBlessingGreen":27,"PreservedInsect":30,"Letter Opener":24,"Question Card":8,"Sozu":11,"Guardian:StasisUpgradeRelic":13,"Nunchaku":25,"Dream Catcher":27,"downfall:HeartBlessingBlue":19,"Ornamental Fan":23,"Strawberry":30,"downfall:KnowingSkull":16,"Turnip":30,"Coffee Dripper":0,"Kunai":4,"Membership Card":23,"Toxic Egg 2":16,"Runic Pyramid":19},{"Lantern":70,"downfall:HeartBlessingRed":60,"Guardian:StasisEgg":119,"Guardian:ModeShifter":0,"downfall:HeartBlessingGreen":119,"PreservedInsect":141,"Letter Opener":103,"Question Card":27,"Sozu":43,"Guardian:StasisUpgradeRelic":52,"Nunchaku":109,"Dream Catcher":119,"downfall:HeartBlessingBlue":84,"Ornamental Fan":99,"Strawberry":141,"downfall:KnowingSkull":66,"Turnip":141,"Coffee Dripper":0,"Kunai":12,"Membership Card":99,"Toxic Egg 2":66,"Runic Pyramid":84}]},"card_choices":[{"not_picked":["Guardian:RollAttack","Guardian:VentSteam"],"picked":"Guardian:RefractedBeam","floor":2},{"not_picked":["Guardian:Gem_Lightblue","Guardian:TemporalStrike","Guardian:MultiBeam"],"picked":"SKIP","floor":3},{"not_picked":["Guardian:PrimingBeam","Guardian:CrystalBeam"],"picked":"Guardian:Gem_Cyan","floor":5},{"not_picked":["Guardian:DonusPower","Guardian:MultiBeam"],"picked":"Guardian:ShieldCharger","floor":6},{"not_picked":["Guardian:ChargeCore","Guardian:CrystalBeam"],"picked":"Guardian:GatlingBeam","floor":8},{"not_picked":["Guardian:ChargeCore","Guardian:VentSteam"],"picked":"Guardian:Gem_Cyan","floor":9},{"not_picked":["Guardian:Planning","Guardian:Gem_Yellow"],"picked":"Guardian:Gem_Purple","floor":10},{"not_picked":["Guardian:Harden","Guardian:MultiBeam","Guardian:VentSteam"],"picked":"SKIP","floor":11},{"not_picked":["Guardian:ArmoredProtocol","Guardian:Suspension","Guardian:TimeBomb"],"picked":"Guardian:ChargeUp","floor":13},{"not_picked":["Guardian:Recover","Guardian:ShieldCharger","Guardian:FastForward"],"picked":"Guardian:Gem_Cyan","floor":15},{"not_picked":["Guardian:ConstructionForm","Guardian:AncientConstruct","Guardian:HyperBeam_Guardian"],"picked":"Guardian:StasisStrike","floor":16},{"not_picked":["Guardian:RollAttack+1","Guardian:Recover+1","Guardian:WalkerClaw+1"],"picked":"Guardian:ShieldCharger","floor":19},{"not_picked":["Guardian:Incinerate+1","Guardian:PrimingBeam","Guardian:PolyBeam"],"picked":"Guardian:AncientConstruct","floor":20},{"not_picked":["Guardian:ChargeCore","Guardian:MultiBeam","Guardian:Incinerate","Guardian:TemporalStrike+1"],"picked":"SKIP","floor":22},{"not_picked":["Guardian:SentryBeam+1","Guardian:CrystalBeam","Guardian:ShieldCharger"],"picked":"Guardian:ChargeUp","floor":27},{"not_picked":["Guardian:Gem_White","Guardian:ExploitGems+1","Guardian:Orbwalk"],"picked":"Guardian:TemporalShield+1","floor":29},{"not_picked":["Guardian:VentSteam+1","Guardian:Suspension+1","Guardian:Harden+1"],"picked":"Guardian:TimeSifter","floor":31},{"not_picked":["Guardian:Planning+1","Guardian:Gem_Red","Guardian:Clone+1"],"picked":"Guardian:Gem_Cyan","floor":32},{"not_picked":["Guardian:BaubleBeam","Guardian:GemFire","Guardian:TimeSifter"],"picked":"Guardian:FierceBash","floor":33},{"not_picked":["Guardian:Gem_Purple","Guardian:WalkerClaw+1","Guardian:TemporalShield+1"],"picked":"Guardian:Orbwalk+1","floor":36},{"not_picked":["Guardian:TimeCapacitor","Guardian:RollAttack+1","Guardian:PolyBeam"],"picked":"Guardian:Harden+1","floor":37},{"not_picked":["Guardian:Reroute","Guardian:ShieldCharger+1","Guardian:Incinerate+1"],"picked":"Guardian:ShieldSpikes+1","floor":38},{"not_picked":["Guardian:TimeSifter","Guardian:Recover+1","Guardian:RollAttack+1","Guardian:ChargeCore"],"picked":"SKIP","floor":39},{"not_picked":["Guardian:TimeBomb+1","Guardian:Reroute+1","Guardian:Emergency+1"],"picked":"Guardian:Repulse+1","floor":40},{"not_picked":["Guardian:StasisStrike","Guardian:PrismaticBeam","Guardian:Planning+1"],"picked":"Guardian:Gem_Fragmented","floor":42},{"not_picked":["Guardian:PiercingHide+1","Guardian:Gem_Red","Guardian:SpikerProtocol+1"],"picked":"Guardian:Harden+1","floor":43},{"not_picked":["Guardian:PolyBeam+1","Guardian:PiercingHide+1","Guardian:PrimingBeam+1"],"picked":"Guardian:RevengeProtocol","floor":45},{"not_picked":["expansioncontent:YouAreMine+1","expansioncontent:Hexaburn","expansioncontent:PrepareCrush+1"],"picked":"expansioncontent:AwakenDeath","floor":48},{"not_picked":["Guardian:Preprogram+1","Guardian:VentSteam+1","Guardian:RollAttack"],"picked":"Guardian:BronzeOrb","floor":49},{"not_picked":["Guardian:TemporalShield+1","Guardian:CrystalBeam","Guardian:PiercingHide+1"],"picked":"Guardian:Orbwalk+1","floor":52}],"player_experience":1250706,"relics_obtained":[{"floor":7,"key":"Kunai"},{"floor":11,"key":"Question Card"},{"floor":29,"key":"Toxic Egg 2"},{"floor":31,"key":"Lantern"},{"floor":41,"key":"Letter Opener"},{"floor":42,"key":"Nunchaku"},{"floor":45,"key":"Dream Catcher"},{"floor":52,"key":"PreservedInsect"}],"event_choices":[{"damage_healed":0,"gold_gain":0,"player_choice":"Donut","damage_taken":0,"max_hp_gain":5,"max_hp_loss":0,"event_name":"Big Fish","floor":14,"gold_loss":0}],"is_beta":false,"boss_relics":[{"not_picked":["Black Star","Snecko Eye"],"picked":"Sozu"},{"not_picked":["Runic Dome","SlaversCollar"],"picked":"Runic Pyramid"}],"items_purged_floors":[8,39,53],"is_endless":false,"potions_floor_spawned":[5,9,11,13,16,29,31,32,40,43,45],"ascension_level":11}}