{"host":"ldsuendt1u5dwthu","time":1611406641,"event":{"mods":["Act Like it!","BaseMod","Marisa£®ÏF”Í°°ƒß¿Ì…≥£©","Minty Spire (QoL Compilation)","Shop Mod","StSLib","The Animator"],"gold_per_floor":[367,367,383,400,410,410,421,456,456,483,503,527,702,731,731,731,731],"floor_reached":16,"language":"ZHS","playtime":1116,"items_purged":[],"score":122,"play_id":"03115216-4f71-434e-9784-2561772c5553","local_time":"20210123205721","is_ascension_mode":false,"campfire_choices":[{"data":"RefractionSpark","floor":6.0,"key":"SMITH"},{"floor":15,"key":"REST"}],"circlet_count":0,"master_deck":["Strike_MRS","Strike_MRS","Strike_MRS","Defend_MRS","Defend_MRS","Defend_MRS","Defend_MRS","MasterSpark","UpSweep","Decay","OortCloud","ChargeUpSpray","MagicAbsorber","RefractionSpark+1","ChargingUp","DoubleSpark","BinaryStars","Parasite","Parasite","Doubt","BlazingStar"],"relics":["MiniHakkero","Dream Catcher","Bag of Preparation","ShroomBag","Sundial"],"acts_visited":["Exordium"],"potions_floor_usage":[12,14],"damage_taken":[{"damage":5.0,"enemies":"Jaw Worm","floor":1.0,"turns":4.0},{"damage":2.0,"enemies":"Cultist","floor":3.0,"turns":4.0},{"damage":0.0,"enemies":"2 Louse","floor":4.0,"turns":3.0},{"damage":2.0,"enemies":"2 Fungi Beasts","floor":5.0,"turns":4.0},{"damage":7.0,"enemies":"Looter","floor":7.0,"turns":3.0},{"damage":26.0,"enemies":"Gremlin Nob","floor":8.0,"turns":5.0},{"damage":11.0,"enemies":"3 Sentries","floor":10.0,"turns":5.0},{"damage":8.0,"enemies":"Exordium Wildlife","floor":11.0,"turns":4.0},{"damage":5,"enemies":"The Mushroom Lair","floor":12,"turns":5},{"damage":9,"enemies":"Lagavulin","floor":14,"turns":8},{"damage":35,"enemies":"Hexaghost","floor":16,"turns":7}],"seed_played":"-7924792833759017093","potions_obtained":[{"floor":1.0,"key":"Weak Potion"},{"floor":5.0,"key":"Energy Potion"},{"floor":10.0,"key":"Energy Potion"},{"floor":11.0,"key":"EssenceOfSteel"},{"floor":12,"key":"Block Potion"}],"is_trial":false,"path_per_floor":["M","?","M","M","M","R","M","E","T","E","M","?","?","E","R","B"],"character_chosen":"MARISA","items_purchased":[],"campfire_rested":1,"item_purchase_floors":[],"current_hp_per_floor":[70,70,68,68,66,66,59,33,33,22,14,9,9,4,26,0,0],"gold":731,"neow_bonus":"TWO_FIFTY_GOLD","is_daily":false,"chose_seed":false,"campfire_upgraded":1,"win_rate":0.0,"timestamp":1611406641,"path_taken":["M","?","M","?","?","R","M","E","T","E","M","?","?","E","R","BOSS"],"items_purchased_type":[],"build_version":"2020-12-22","purchased_purges":0,"victory":false,"max_hp_per_floor":[75,75,75,75,75,75,75,75,75,75,75,75,75,75,75,75,75],"card_choices":[{"not_picked":["WitchOfGreed","GrandCross"],"picked":"OortCloud","floor":1.0},{"not_picked":["OpenUniverse","SporeBomb"],"picked":"MagicAbsorber","floor":3.0},{"not_picked":["DeepEcoloBomb","GalacticHalo","Occultation"],"picked":"SKIP","floor":4.0},{"not_picked":["DoubleSpark","6A"],"picked":"RefractionSpark","floor":5.0},{"not_picked":["LuminesStrike","SporeBomb"],"picked":"ChargingUp","floor":7.0},{"not_picked":["WitchOfGreed","MysteriousBeam"],"picked":"DoubleSpark","floor":8.0},{"not_picked":["AsteroidBelt","FairyDestructionRay","LuminesStrike"],"picked":"SKIP","floor":10.0},{"not_picked":["PowerUp","Occultation"],"picked":"BinaryStars","floor":11.0},{"not_picked":["DarkMatter","MagicAbsorber","IllusionStar"],"picked":"SKIP","floor":14},{"not_picked":["DoubleSpark","GrandCross"],"picked":"BlazingStar","floor":15}],"player_experience":146441,"relics_obtained":[{"floor":8.0,"key":"Dream Catcher"},{"floor":10.0,"key":"Bag of Preparation"},{"floor":12,"key":"ShroomBag"},{"floor":14,"key":"Sundial"}],"event_choices":[{"damage_healed":0.0,"max_hp_gain":0.0,"max_hp_loss":0.0,"gold_gain":0.0,"cards_transformed":["Strike_MRS"],"event_name":"Transmorgrifier","player_choice":"Transformed","floor":2.0,"gold_loss":0.0,"damage_taken":0.0,"cards_obtained":["ChargeUpSpray"]},{"damage_healed":0,"gold_gain":0,"player_choice":"Fought Mushrooms","damage_taken":0,"max_hp_gain":0,"max_hp_loss":0,"event_name":"Mushrooms_MRS","floor":12,"gold_loss":0},{"damage_healed":0,"gold_gain":175,"player_choice":"AGREE","damage_taken":0,"max_hp_gain":0,"max_hp_loss":0,"event_name":"Liars Game","floor":13,"gold_loss":0,"cards_obtained":["Doubt"]}],"is_beta":false,"boss_relics":[],"items_purged_floors":[],"is_endless":false,"potions_floor_spawned":[1,5,10,11,12],"killed_by":"Hexaghost","ascension_level":0}}