{"host":"wl47xhfxme4nig5w","time":1611365523,"event":{"mods":["BaseMod","Colored Map","Colored Powertips","Googly Eyes","Minty Spire (QoL Compilation)","StSLib","SuperFastMode","everything is the same but u backflip on backflip","slay the spire mod where everything is the same but ironclad has a cowboy hat"],"gold_per_floor":[113,113,113,123,139,173,17,17,17,35,63,77,132,148,148,148,148],"floor_reached":16,"language":"ENG","playtime":394,"items_purged":[],"score":134,"play_id":"4a932ab6-d083-4dd9-a72e-82b3347b215c","local_time":"20210122173203","is_ascension_mode":true,"campfire_choices":[{"data":"Iron Wave","floor":8,"key":"SMITH"},{"data":"Perfected Strike","floor":15,"key":"SMITH"}],"circlet_count":0,"master_deck":["Strike_R","Strike_R","Strike_R","Strike_R","Strike_R","Defend_R","Defend_R","Defend_R","Defend_R","Bash","Regret","Headbutt","Iron Wave+1","Anger","Perfected Strike+1","Wild Strike","Flex","Pommel Strike"],"relics":["Burning Blood","NeowsBlessing","Matryoshka","Potion Belt","Strawberry","Ancient Tea Set","Smiling Mask","Centennial Puzzle","Lantern"],"acts_visited":["Exordium"],"potions_floor_usage":[6,6,6,13],"damage_taken":[{"damage":0,"enemies":"Cultist","floor":1,"turns":1},{"damage":0,"enemies":"Jaw Worm","floor":4,"turns":1},{"damage":0,"enemies":"Small Slimes","floor":5,"turns":1},{"damage":24,"enemies":"Gremlin Nob","floor":6,"turns":4},{"damage":19,"enemies":"Blue Slaver","floor":10,"turns":4},{"damage":34,"enemies":"Lagavulin","floor":11,"turns":5},{"damage":12,"enemies":"Exordium Wildlife","floor":12,"turns":3},{"damage":0,"enemies":"Gremlin Nob","floor":13,"turns":2},{"damage":14,"enemies":"Large Slime","floor":14,"turns":4},{"damage":20,"enemies":"Slime Boss","floor":16,"turns":6}],"seed_played":"5463018969156468280","potions_obtained":[{"floor":1,"key":"SpeedPotion"},{"floor":4,"key":"PowerPotion"},{"floor":5,"key":"Fire Potion"},{"floor":12,"key":"SteroidPotion"},{"floor":14,"key":"Swift Potion"}],"is_trial":false,"path_per_floor":["M","?","?","M","M","E","$","R","T","M","E","M","?","M","R","B"],"character_chosen":"IRONCLAD","items_purchased":["Strawberry"],"campfire_rested":0,"item_purchase_floors":[7],"current_hp_per_floor":[80,80,80,80,80,62,69,69,69,56,28,22,28,20,20,0,0],"gold":148,"neow_bonus":"THREE_ENEMY_KILL","is_daily":false,"chose_seed":false,"campfire_upgraded":2,"win_rate":0.0,"timestamp":1611365523,"path_taken":["M","?","?","M","M","E","$","R","T","M","E","M","?","M","R","BOSS"],"items_purchased_type":["Relic"],"build_version":"2020-12-22","purchased_purges":0,"victory":false,"max_hp_per_floor":[80,80,80,80,80,80,87,87,87,87,87,87,87,87,87,87,87],"card_choices":[{"not_picked":["Second Wind","Clothesline","Dual Wield"],"picked":"SKIP","floor":1},{"not_picked":["Seeing Red","Shrug It Off"],"picked":"Headbutt","floor":4},{"not_picked":["Twin Strike","Carnage"],"picked":"Iron Wave","floor":5},{"not_picked":["Wild Strike","Warcry"],"picked":"Anger","floor":6},{"not_picked":["Havoc","Clash","Heavy Blade"],"picked":"SKIP","floor":10},{"not_picked":["Wild Strike","Corruption"],"picked":"Perfected Strike","floor":11},{"not_picked":["Thunderclap","Power Through"],"picked":"Wild Strike","floor":12},{"not_picked":["Second Wind","Sword Boomerang"],"picked":"Flex","floor":13},{"not_picked":["Intimidate","Wild Strike"],"picked":"Pommel Strike","floor":14}],"player_experience":348838,"relics_obtained":[{"floor":6,"key":"Potion Belt"},{"floor":9,"key":"Ancient Tea Set"},{"floor":9,"key":"Smiling Mask"},{"floor":11,"key":"Centennial Puzzle"}],"event_choices":[{"damage_healed":0,"gold_gain":0,"player_choice":"Ignored","damage_taken":0,"max_hp_gain":0,"max_hp_loss":0,"event_name":"Shining Light","floor":2,"gold_loss":0},{"damage_healed":0,"gold_gain":0,"player_choice":"Box","damage_taken":0,"relics_obtained":["Matryoshka"],"max_hp_gain":0,"max_hp_loss":0,"event_name":"Big Fish","floor":3,"gold_loss":0,"cards_obtained":["Regret"]},{"damage_healed":0,"gold_gain":0,"player_choice":"Searched \u00272\u0027 times","damage_taken":0,"relics_obtained":["Lantern"],"max_hp_gain":0,"max_hp_loss":0,"event_name":"Dead Adventurer","floor":13,"gold_loss":0}],"is_beta":false,"boss_relics":[],"items_purged_floors":[],"is_endless":false,"potions_floor_spawned":[1,4,5,12,14],"killed_by":"Slime Boss","ascension_level":4}}