{"host":"hk3n60c9tb8azi3z","time":1611424293,"event":{"mods":["AchievementEnabler","BaseMod","Minty Spire (QoL Compilation)","Relic Sorter","Relic Stats"],"gold_per_floor":[117,132,132,132,152,152,152],"floor_reached":6,"language":"ENG","playtime":137,"items_purged":[],"score":72,"play_id":"269cb587-47a6-4ca5-8bad-41c7119fefaf","local_time":"20210123185133","is_ascension_mode":true,"campfire_choices":[],"circlet_count":0,"master_deck":["AscendersBane","Strike_R","Strike_R","Strike_R","Strike_R","Strike_R","Defend_R","Defend_R","Defend_R","Defend_R","Bash+1","Disarm","Clothesline","Impervious"],"relics":["Burning Blood","NeowsBlessing","GremlinMask"],"acts_visited":["Exordium"],"potions_floor_usage":[],"damage_taken":[{"damage":0,"enemies":"2 Louse","floor":1,"turns":1},{"damage":0,"enemies":"Cultist","floor":2,"turns":1},{"damage":0,"enemies":"Small Slimes","floor":5,"turns":1},{"damage":21,"enemies":"3 Sentries","floor":6,"turns":4}],"seed_played":"-5371726645991273854","potions_obtained":[{"floor":1,"key":"Energy Potion"}],"is_trial":false,"path_per_floor":["M","M","?","?","M","E"],"character_chosen":"IRONCLAD","items_purchased":[],"campfire_rested":0,"item_purchase_floors":[],"current_hp_per_floor":[74,75,75,75,75,54,54],"gold":152,"neow_bonus":"THREE_ENEMY_KILL","is_daily":false,"chose_seed":false,"campfire_upgraded":0,"win_rate":0.0,"timestamp":1611424293,"path_taken":["M","M","?","?","?","E"],"items_purchased_type":[],"build_version":"2020-12-22","purchased_purges":0,"victory":false,"max_hp_per_floor":[75,75,75,75,75,75,75],"relic_stats":{"counters":[4,7],"obtain_stats":[{"NeowsBlessing":0,"GremlinMask":4,"Burning Blood":0},{"NeowsBlessing":0,"GremlinMask":2,"Burning Blood":0},{"NeowsBlessing":0,"GremlinMask":2,"Burning Blood":0}],"Burning Blood":7},"card_choices":[{"not_picked":["Rage","True Grit"],"picked":"Disarm","floor":1},{"not_picked":["Shrug It Off","Iron Wave"],"picked":"Clothesline","floor":2},{"not_picked":["Cleave","Pommel Strike"],"picked":"Impervious","floor":5}],"player_experience":1574236,"relics_obtained":[],"event_choices":[{"damage_healed":0,"gold_gain":0,"player_choice":"Grow","damage_taken":0,"max_hp_gain":0,"max_hp_loss":0,"event_name":"Living Wall","floor":3,"gold_loss":0,"cards_upgraded":["Bash"]},{"damage_healed":0,"gold_gain":0,"player_choice":"Trade","damage_taken":0,"relics_obtained":["GremlinMask"],"max_hp_gain":0,"max_hp_loss":0,"event_name":"FaceTrader","floor":4,"gold_loss":0}],"is_beta":false,"boss_relics":[],"items_purged_floors":[],"is_endless":false,"potions_floor_spawned":[1],"killed_by":"3 Sentries","ascension_level":20}}