{"host":"xkyjkr020mio9edy","time":1611387382,"event":{"mods":["AchievementEnabler","BaseMod","Clockwork Mod","Colored Map","Colored Powertips","Downfall","Glutton Mod","Gold Saver","Minty Spire (QoL Compilation)","Quick Restart","Shade Mod","StSLib","The Cursed","The Necromancer","TheHeartMod"],"gold_per_floor":[50099,50118,50132,49260,49260,49273,49323,49334,49509,49527,49537,49565,49576,48472,48488,48593,48593,48293,48310,48410,48421,47452,47452,47452,47463,47482,47493,47506,47532,47542,47492,47502,47605,47605,47605,47618,47163,47163,47088,47101,47101,46679,46679,46705,46717,46396,46406,46418,46428,46428,46428,46460,46011,46011,46011,46011],"floor_reached":57,"language":"ENG","playtime":3947,"items_purged":["Doubt"],"score":1439,"play_id":"1ee2d78d-e992-4536-800d-1f8408bd11eb","local_time":"20210123023622","is_ascension_mode":false,"campfire_choices":[{"floor":1,"key":"RECALL"},{"floor":18,"key":"REST"},{"floor":35,"key":"REST"},{"floor":54,"key":"REST"}],"circlet_count":0,"master_deck":["Shade:Strike_Shade","Shade:Strike_Shade","Shade:Strike_Shade","Shade:Strike_Shade","Shade:Defend_Shade","Shade:Defend_Shade","Shade:Defend_Shade","Shade:AnimateDead","Shade:CarefulCut","Shade:FleshToFlesh","Shade:Bonestorm","Shade:ExtraLimbs","Shade:AuraOfUnlife+1","Shade:CoffinDance","expansioncontent:DashGenerateEvil","Shade:AncientSpear","Slice","Negative_Energy_Mist","Glutton:Tantrum","Slimebound:SamplingLick","Anger","Guardian:GemFinder","Shade:AuraOfUnlife","Shade:CommandSoldier","Shade:Brains+1","Good Instincts","expansioncontent:DashGenerateEvil","Shade:AuraOfUnlife","Choke","Guardian:Gem_Red","Guardian:Gem_Cyan","theHeart:Crush","Guardian:Gem_Red","sneckomod:UnknownClassRED","Double Energy","Sadistic Nature","Shade:PotionOfRestlessness","Shade:GraveStillness","expansioncontent:YouAreMine+1","RitualDagger","Guardian:Gem_Red","sneckomod:UnknownClassGREEN","Clockwork:LogisticRegression","Guardian:Gem_Cyan","Slimebound:ItLooksTasty+1","Guardian:Gem_Lightblue","Bone_Prison","Guardian:Gem_Red","Clockwork:HoardingStrike","Guardian:Gem_Red","Consume_Illness+1","Guardian:Gem_Red","Clockwork:AeonShield","Whirlwind_of_Bones+1","Shade:SkeletonHug","Shade:OpenGraves","Shade:SkeletonHug+1","Shade:SkeletonArmy","Shade:CallOfTheGrave","Panache","Shade:Trample+1","Shade:TouchOfTheGrave+1","Shade:FreshBones","Shade:Asphyxiate+1","Shade:Bonestorm+1","sneckomod:UnknownDexterity+1","sneckomod:UnknownClassHEXA_GHOST_PURPLE","Shade:CallOfTheGrave+1","Shade:FreshBones","sneckomod:SoulRoll+1","Plague_Bolt+1","sneckomod:UnknownClassCLOCKWORK","Slimebound:SplitMire+1","Shade:LichForm+1","Shade:Asphyxiate+1","Shade:WallOfFlesh"],"relics":["Shade:YorickSkull","Bag of Marbles","Ornamental Fan","PrismaticShard","Guardian:PocketSentry","Pear","Mummified Hand","DollysMirror","Fusion Hammer","downfall:HeartBlessingRed","downfall:HeartBlessingGreen","downfall:HeartBlessingBlue","Toy Ornithopter","War Paint","InkBottle","Membership Card","Gremlin Horn","Bottled Lightning","sneckomod:SneckoTalon","Clockwork:Varja","Lee\u0027s Waffle","Molten Egg 2","WingedGreaves","Lantern","Frozen Egg 2","OrangePellets","Sundial","Pen Nib","StoneCalendar","Strange Spoon","downfall:TeleportStone","MealTicket","White Beast Statue","Meat on the Bone","Mango","Pantograph","Blue Candle","HandDrill","Clockwork:CopperScales"],"acts_visited":["Exordium","TheCity","TheBeyond","TheEnding"],"potions_floor_usage":[12,16,16,20,27,27,32,33,33,37,44,44,44,44,50,50,50,55],"damage_taken":[{"damage":0,"enemies":"2 Louse","floor":2,"turns":2},{"damage":1,"enemies":"Cultist","floor":3,"turns":4},{"damage":0,"enemies":"downfall:FleeingMerchant","floor":4,"turns":4},{"damage":0,"enemies":"Small Slimes","floor":6,"turns":1},{"damage":0,"enemies":"Exordium Wildlife","floor":8,"turns":2},{"damage":13,"enemies":"Lots of Slimes","floor":10,"turns":3},{"damage":4,"enemies":"Blue Slaver","floor":11,"turns":3},{"damage":32,"enemies":"3 Sentries","floor":12,"turns":8},{"damage":0,"enemies":"3 Louse","floor":13,"turns":2},{"damage":0,"enemies":"downfall:FleeingMerchant","floor":14,"turns":4},{"damage":0,"enemies":"Exordium Thugs","floor":15,"turns":3},{"damage":42,"enemies":"WA_ARCHETYPE_RETAIN","floor":16,"turns":8},{"damage":0,"enemies":"Shell Parasite","floor":19,"turns":3},{"damage":0,"enemies":"downfall:LadyInBlue","floor":20,"turns":10},{"damage":0,"enemies":"Snecko","floor":21,"turns":4},{"damage":0,"enemies":"downfall:FleeingMerchant","floor":22,"turns":4},{"damage":0,"enemies":"3 Cultists","floor":25,"turns":4},{"damage":0,"enemies":"Centurion and Healer","floor":26,"turns":2},{"damage":0,"enemies":"Sentry and Sphere","floor":27,"turns":4},{"damage":12,"enemies":"Snecko","floor":28,"turns":5},{"damage":10,"enemies":"Slavers","floor":29,"turns":4},{"damage":0,"enemies":"Chosen and Byrds","floor":30,"turns":5},{"damage":3,"enemies":"Centurion and Healer","floor":32,"turns":4},{"damage":66,"enemies":"DF_ARCHETYPE_CLAW","floor":33,"turns":8},{"damage":10,"enemies":"3 Shapes","floor":36,"turns":5},{"damage":3,"enemies":"downfall:FleeingMerchant","floor":37,"turns":4},{"damage":0,"enemies":"downfall:FleeingMerchant","floor":39,"turns":1},{"damage":0,"enemies":"3 Darklings","floor":40,"turns":2},{"damage":7,"enemies":"Giant Head","floor":44,"turns":8},{"damage":13,"enemies":"Sphere and 2 Shapes","floor":45,"turns":2},{"damage":0,"enemies":"Writhing Mass","floor":47,"turns":3},{"damage":0,"enemies":"Maw","floor":48,"turns":6},{"damage":0,"enemies":"4 Shapes","floor":49,"turns":1},{"damage":0,"enemies":"SI_POISON_ARCHETYPE","floor":50,"turns":5},{"damage":73,"enemies":"downfall:CharBossMerchant","floor":52,"turns":7},{"damage":4,"enemies":"downfall:NeowBoss","floor":55,"turns":10},{"damage":94,"enemies":"downfall:NeowBossFinal","floor":56,"turns":9}],"seed_played":"7685245209986094510","potions_obtained":[{"floor":2,"key":"FairyPotion"},{"floor":10,"key":"Fruit Juice"},{"floor":11,"key":"FearPotion"},{"floor":15,"key":"Ancient Potion"},{"floor":16,"key":"EssenceOfSteel"},{"floor":20,"key":"Weak Potion"},{"floor":20,"key":"Block Potion"},{"floor":20,"key":"EssenceOfSteel"},{"floor":29,"key":"SteroidPotion"},{"floor":32,"key":"sneckomod:MuddlingPotion"},{"floor":33,"key":"PowerPotion"},{"floor":40,"key":"EntropicBrew"},{"floor":45,"key":"Dexterity Potion"},{"floor":47,"key":"SneckoOil"},{"floor":48,"key":"Strength Potion"},{"floor":49,"key":"Regen Potion"},{"floor":52,"key":"DistilledChaos"}],"is_trial":false,"path_per_floor":["R","M","M","$","?","M","T","M","?","M","M","E","M","$","M","B",null,"R","M","?","M","$","?","T","M","M","M","M","E","M","?","M","B",null,"R","M","$","?","$","M","T","$","?","E","M","$","M","M","M","B",null,"E","$","R","B","B",null],"character_chosen":"SHADE","items_purchased":["Shade:AuraOfUnlife","Shade:CoffinDance","Bag of Marbles","Ornamental Fan","PrismaticShard","expansioncontent:DashGenerateEvil","Shade:AuraOfUnlife","Pear","Mummified Hand","Shade:CommandSoldier","Shade:Brains","Good Instincts","expansioncontent:DashGenerateEvil","DollysMirror","Sadistic Nature","Shade:PotionOfRestlessness","Shade:GraveStillness","expansioncontent:YouAreMine","War Paint","InkBottle","Membership Card","Shade:OpenGraves","Lee\u0027s Waffle","Molten Egg 2","WingedGreaves","Shade:SkeletonHug+1","Shade:CallOfTheGrave","Panache","Shade:Trample+1","Lantern","Frozen Egg 2","OrangePellets","Shade:TouchOfTheGrave+1","Shade:FreshBones","Shade:Asphyxiate+1","Shade:Bonestorm+1","Pen Nib","StoneCalendar","Strange Spoon","White Beast Statue","Meat on the Bone","Shade:CallOfTheGrave+1","Shade:FreshBones","Pantograph","Blue Candle","HandDrill","Shade:LichForm+1","Shade:Asphyxiate+1","Shade:WallOfFlesh"],"campfire_rested":3,"item_purchase_floors":[4,4,4,4,4,4,14,14,14,14,14,14,14,14,22,22,22,22,22,22,22,37,37,37,37,37,39,39,39,39,39,39,42,42,42,42,42,42,42,46,46,46,46,53,53,53,53,53,53],"current_hp_per_floor":[71,71,70,70,70,70,70,70,70,57,53,26,26,36,36,25,86,96,96,96,96,96,90,90,90,90,99,87,77,77,99,96,40,99,99,89,106,106,106,106,106,106,106,99,86,101,101,101,101,106,106,62,77,113,118,41],"gold":46011,"neow_bonus":"TEN_PERCENT_HP_BONUS","is_daily":false,"chose_seed":false,"campfire_upgraded":0,"win_rate":0.0,"timestamp":1611387382,"path_taken":["R","M","M","$","?","?","T","M","?","M","M","E","M","$","M","BOSS","R","M","?","?","$","?","T","M","M","M","M","E","M","?","M","BOSS","R","M","$","?","?","?","T","$","?","E","M","$","M","M","M","BOSS","E","$","R","BOSS","BOSS"],"items_purchased_type":["Card","Card","Relic","Relic","Relic","Card","Card","Relic","Relic","Card","Card","Card","Card","Relic","Card","Card","Card","Card","Relic","Relic","Relic","Card","Relic","Relic","Relic","Card","Card","Card","Card","Relic","Relic","Relic","Card","Card","Card","Card","Relic","Relic","Relic","Relic","Relic","Card","Card","Relic","Relic","Relic","Card","Card","Card"],"build_version":"2020-12-22","purchased_purges":1,"victory":true,"max_hp_per_floor":[71,71,71,71,71,71,71,71,71,71,71,76,76,86,86,86,86,96,96,96,96,96,96,96,96,96,99,99,99,99,99,99,99,99,99,99,106,106,106,106,106,106,106,106,106,106,106,106,106,106,106,120,120,120,120,120],"card_choices":[{"not_picked":["Shade:Awaken","Shade:RavenousHorde"],"picked":"Shade:FleshToFlesh","floor":2},{"not_picked":["Shade:Frenzy","Shade:FuneraryArmor"],"picked":"Shade:Bonestorm","floor":3},{"not_picked":["Shade:Doomsay","Shade:Premonition"],"picked":"Shade:ExtraLimbs","floor":4},{"not_picked":["Brilliance","TheCursedMod:Wield"],"picked":"Shade:AncientSpear","floor":6},{"not_picked":["Dual Wield","Guardian:Suspension"],"picked":"Slice","floor":8},{"not_picked":["Footwork","bronze:DelayedGuard"],"picked":"Negative_Energy_Mist","floor":10},{"not_picked":["Clockwork:RampUp","TheCursedMod:CursedBlade"],"picked":"Glutton:Tantrum","floor":11},{"not_picked":["bronze:Fortify","TheCursedMod:Obscuration"],"picked":"Slimebound:SamplingLick","floor":12},{"not_picked":["Glutton:Voracity","TalkToTheHand"],"picked":"Anger","floor":13},{"not_picked":["Guardian:RollAttack","Glutton:Treat"],"picked":"Guardian:GemFinder","floor":14},{"not_picked":["EmptyMind","Evaluate"],"picked":"Choke","floor":15},{"not_picked":["Guardian:Gem_Lightblue","Guardian:Gem_Cyan"],"picked":"Guardian:Gem_Red","floor":16},{"not_picked":["Guardian:Gem_Red","Guardian:Gem_Green"],"picked":"Guardian:Gem_Cyan","floor":19},{"not_picked":["Clockwork:ChargingShield+1","Clockwork:SmithsMallet+1","Glutton:Voracity"],"picked":"SKIP","floor":19},{"not_picked":["hexamod:EtherealExpedition","Slimebound:SlimeBarrage"],"picked":"theHeart:Crush","floor":20},{"not_picked":["Guardian:Gem_Green","Guardian:Gem_Lightblue"],"picked":"Guardian:Gem_Red","floor":21},{"not_picked":["LikeWater","sneckomod:SerpentIdol"],"picked":"sneckomod:UnknownClassRED","floor":21},{"not_picked":["Havoc+1","hexamod:GhostflameInferno"],"picked":"Double Energy","floor":22},{"not_picked":["Guardian:Gem_Lightblue","Guardian:Gem_Cyan"],"picked":"Guardian:Gem_Red","floor":25},{"not_picked":["Clockwork:SpringShield","FollowUp"],"picked":"sneckomod:UnknownClassGREEN","floor":25},{"not_picked":["hexamod:Hexaguard","TheCursedMod:SpitefulPlan+1"],"picked":"Clockwork:LogisticRegression","floor":26},{"not_picked":["Guardian:Gem_Red","Guardian:Gem_Green"],"picked":"Guardian:Gem_Cyan","floor":27},{"not_picked":["champ:SwordSigil","Guardian:Gem_Red"],"picked":"Slimebound:ItLooksTasty+1","floor":27},{"not_picked":["Guardian:Gem_Green","Guardian:Gem_Red"],"picked":"Guardian:Gem_Lightblue","floor":28},{"not_picked":["Slimebound:GoopTackle","bronze:BugBarrage"],"picked":"Bone_Prison","floor":28},{"not_picked":["Guardian:Gem_Lightblue","Guardian:Gem_Green"],"picked":"Guardian:Gem_Red","floor":29},{"not_picked":["champ:TornadoPunch","Skeleton_Dragon"],"picked":"Clockwork:HoardingStrike","floor":29},{"not_picked":["Guardian:Gem_Cyan","Guardian:Gem_Lightblue"],"picked":"Guardian:Gem_Red","floor":30},{"not_picked":["sneckomod:UnknownCommonSkill","theHeart:Embolism"],"picked":"Consume_Illness+1","floor":30},{"not_picked":["Clockwork:Enhance","TheCursedMod:RavingStaff"],"picked":"Clockwork:CraftVarja+1","floor":32},{"not_picked":["Guardian:Gem_Lightblue","Guardian:Gem_Cyan"],"picked":"Guardian:Gem_Red","floor":33},{"not_picked":["champ:IgnorePain","Transmutation"],"picked":"Clockwork:AeonShield","floor":33},{"not_picked":["Protect","ThirdEye"],"picked":"Whirlwind_of_Bones+1","floor":36},{"not_picked":["Guardian:SpikerProtocol+1","Slimebound:GoopTackle+1"],"picked":"Shade:SkeletonHug","floor":37},{"not_picked":["Compile Driver+1","Inflame"],"picked":"Shade:SkeletonArmy","floor":39},{"not_picked":["champ:EnchantShield","SashWhip+1"],"picked":"Clockwork:CraftCopperScales","floor":40},{"not_picked":["champ:PerfectedStrike+1","Shade:GreyBargain"],"picked":"sneckomod:UnknownDexterity+1","floor":44},{"not_picked":["sneckomod:UnknownClassSHADE_COLOR+1","Slimebound:GoopTackle+1"],"picked":"sneckomod:UnknownClassHEXA_GHOST_PURPLE","floor":45},{"not_picked":["Guardian:Reroute+1","Compile Driver+1"],"picked":"sneckomod:SoulRoll+1","floor":47},{"not_picked":["Flex","Sentinel"],"picked":"Plague_Bolt+1","floor":48},{"not_picked":["Glutton:GnawingHunger+1","sneckomod:SoulDraw"],"picked":"sneckomod:UnknownClassCLOCKWORK","floor":49},{"not_picked":["Guardian:Reroute+1","hexamod:Firestarter+1"],"picked":"Slimebound:SplitMire+1","floor":52}],"player_experience":122376,"relics_obtained":[{"floor":12,"key":"Guardian:PocketSentry"},{"floor":20,"key":"Toy Ornithopter"},{"floor":24,"key":"Gremlin Horn"},{"floor":29,"key":"Bottled Lightning"},{"floor":41,"key":"Sundial"},{"floor":44,"key":"MealTicket"},{"floor":52,"key":"Mango"}],"event_choices":[{"cards_removed":["Shade:Defend_Shade"],"damage_healed":0,"gold_gain":0,"player_choice":"Offered Basic","damage_taken":0,"max_hp_gain":0,"max_hp_loss":0,"event_name":"Bonfire Elementals","floor":5,"gold_loss":0},{"damage_healed":0,"gold_gain":0,"player_choice":"Forge","damage_taken":0,"max_hp_gain":0,"max_hp_loss":0,"event_name":"Accursed Blacksmith","floor":38,"gold_loss":0,"cards_upgraded":["Shade:AuraOfUnlife"]}],"is_beta":false,"boss_relics":[{"not_picked":["SlaversCollar","Runic Dome"],"picked":"Fusion Hammer"},{"not_picked":["Philosopher\u0027s Stone","Velvet Choker"],"picked":"sneckomod:SneckoTalon"}],"items_purged_floors":[37],"is_endless":false,"potions_floor_spawned":[2,10,11,15,16,25,27,29,32,33,40,45,47,48,49,52],"ascension_level":0}}