{"host":"0vd2boh2oi7jm085","time":1611394416,"event":{"mods":["BaseMod","Colored Map","Colored Powertips","Highlight Path","Minty Spire (QoL Compilation)","Quick Restart","StSLib","The IronCluck"],"gold_per_floor":[117,267,281,281,281,281,296,296,323,339,357,368,386,396,396,396,396],"floor_reached":16,"language":"ENG","playtime":334,"items_purged":[],"score":212,"play_id":"58db7330-6057-47ec-938c-1527d5cb1217","local_time":"20210123013336","is_ascension_mode":true,"campfire_choices":[{"data":"Feed","floor":6.0,"key":"SMITH"},{"data":"Flex","floor":8.0,"key":"SMITH"},{"floor":15.0,"key":"REST"}],"circlet_count":0,"master_deck":["AscendersBane","Strike_R","Strike_R","Strike_R","Strike_R","Strike_R","Defend_R","Defend_R","Defend_R","Defend_R","Bash","Doubt","Flex+1","Feed+1","Whirlwind","Flex","Reaper"],"relics":["Burning Blood","NeowsBlessing","Sundial","Nunchaku"],"acts_visited":["Exordium"],"potions_floor_usage":[16,16],"damage_taken":[{"damage":0.0,"enemies":"Cultist","floor":1.0,"turns":1.0},{"damage":0.0,"enemies":"Jaw Worm","floor":3.0,"turns":1.0},{"damage":4.0,"enemies":"Small Slimes","floor":7.0,"turns":2.0},{"damage":53.0,"enemies":"Gremlin Gang","floor":10.0,"turns":6.0},{"damage":17.0,"enemies":"Large Slime","floor":11.0,"turns":5.0},{"damage":0.0,"enemies":"3 Louse","floor":12.0,"turns":2.0},{"damage":12.0,"enemies":"Exordium Wildlife","floor":13.0,"turns":2.0},{"damage":35.0,"enemies":"Gremlin Gang","floor":14.0,"turns":3.0},{"damage":24,"enemies":"Slime Boss","floor":16,"turns":7}],"seed_played":"8659592083240556113","potions_obtained":[{"floor":7.0,"key":"Swift Potion"},{"floor":12.0,"key":"EssenceOfSteel"}],"is_trial":false,"path_per_floor":["M","?","M","?","?","R","M","R","T","M","M","M","M","M","R","B"],"character_chosen":"IRONCLAD","items_purchased":[],"campfire_rested":1,"item_purchase_floors":[],"current_hp_per_floor":[74,74,75,70,70,70,76,76,76,33,22,32,30,21,49,25,25],"gold":396,"neow_bonus":"THREE_ENEMY_KILL","is_daily":false,"chose_seed":false,"campfire_upgraded":2,"win_rate":0.0,"timestamp":1611394416,"path_taken":["M","?","M","?","?","R","M","R","T","M","?","M","M","M","R","BOSS"],"items_purchased_type":[],"build_version":"2020-12-22","purchased_purges":0,"victory":false,"max_hp_per_floor":[75,75,75,75,75,75,79,79,79,83,83,87,91,95,95,95,95],"card_choices":[{"not_picked":["Clash","True Grit","Iron Wave"],"picked":"SKIP","floor":1.0},{"not_picked":["Burning Pact","Fire Breathing"],"picked":"Flex","floor":3.0},{"not_picked":["Battle Trance","True Grit","Flame Barrier"],"picked":"SKIP","floor":7.0},{"not_picked":["Hemokinesis","Clothesline"],"picked":"Whirlwind","floor":10.0},{"not_picked":["Pommel Strike","Uppercut","Clothesline"],"picked":"SKIP","floor":11.0},{"not_picked":["Shrug It Off","Wild Strike"],"picked":"Flex","floor":12.0},{"not_picked":["Rupture","Whirlwind"],"picked":"Reaper","floor":13.0},{"not_picked":["Headbutt","Sentinel","Dual Wield"],"picked":"SKIP","floor":14.0}],"player_experience":110516,"relics_obtained":[{"floor":9.0,"key":"Nunchaku"}],"event_choices":[{"damage_healed":0.0,"max_hp_gain":0.0,"max_hp_loss":0.0,"gold_gain":150.0,"event_name":"Liars Game","player_choice":"AGREE","floor":2.0,"gold_loss":0.0,"damage_taken":0.0,"cards_obtained":["Doubt"]},{"damage_healed":0.0,"max_hp_gain":0.0,"max_hp_loss":0.0,"gold_gain":0.0,"event_name":"Scrap Ooze","player_choice":"Success","floor":4.0,"gold_loss":0.0,"damage_taken":5.0,"relics_obtained":["Sundial"]},{"damage_healed":0.0,"max_hp_gain":0.0,"max_hp_loss":0.0,"gold_gain":0.0,"event_name":"Match and Keep!","player_choice":"1 cards matched","floor":5.0,"gold_loss":0.0,"damage_taken":0.0,"cards_obtained":["Feed"]}],"is_beta":false,"boss_relics":[],"items_purged_floors":[],"is_endless":false,"potions_floor_spawned":[7,12,13,14],"killed_by":"Slime Boss","ascension_level":19}}