{"host":"nwd160me4iqdtr8u","time":1611384602,"event":{"mods":["AchievementEnabler","Act Like it!","BaseMod","Colored Map","DeckTracker","Minty Spire (QoL Compilation)","Rare Cards Sparkle","StSLib","SuperFastMode","everything is the same but u backflip on backflip"],"gold_per_floor":[111,127,127,142,142,171,188,113,167,197,212,229,229,249,249,345,345,355,355,40,40,57,57,87,87,87,1,29,29,49,49,49,49,49],"floor_reached":33,"language":"KOR","playtime":1496,"items_purged":["Defend_G","Strike_G"],"score":364,"play_id":"8c9d4116-9644-46c6-ac43-5ae8f2c9ef64","local_time":"20210123155002","is_ascension_mode":true,"campfire_choices":[{"floor":13.0,"key":"REST"},{"data":"Noxious Fumes","floor":15.0,"key":"SMITH"},{"floor":23.0,"key":"REST"},{"floor":25.0,"key":"REST"},{"floor":32.0,"key":"REST"}],"circlet_count":0,"master_deck":["Defend_G","Defend_G","Defend_G","Survivor","Neutralize","Noxious Fumes+1","Backflip","Sucker Punch","Dagger Spray","Quick Slash","Blade Dance","Backstab","A Thousand Cuts","Infinite Blades","Master of Strategy","Expertise+1","Finisher","Slice+1","Finesse+1","Blur+1","Bite","Bite","Bite","Bite","Bite","Backflip+1"],"relics":["Ring of the Snake","Sundial","Nunchaku","Dream Catcher","Black Star","MutagenicStrength","Toxic Egg 2","Letter Opener","Ancient Tea Set","Bag of Marbles","Oddly Smooth Stone","FaceOfCleric"],"acts_visited":["Exordium","TheCity"],"potions_floor_usage":[],"damage_taken":[{"damage":0.0,"enemies":"2 Louse","floor":1.0,"turns":3.0},{"damage":3.0,"enemies":"Small Slimes","floor":2.0,"turns":5.0},{"damage":0.0,"enemies":"Cultist","floor":4.0,"turns":4.0},{"damage":31.0,"enemies":"Lagavulin","floor":6.0,"turns":11.0},{"damage":4.0,"enemies":"Blue Slaver","floor":7.0,"turns":5.0},{"damage":16.0,"enemies":"Gremlin Nob","floor":10.0,"turns":5.0},{"damage":1.0,"enemies":"3 Louse","floor":11.0,"turns":2.0},{"damage":0.0,"enemies":"2 Fungi Beasts","floor":12.0,"turns":2.0},{"damage":5.0,"enemies":"Red Slaver","floor":14.0,"turns":4.0},{"damage":24.0,"enemies":"Hexaghost","floor":16.0,"turns":11.0},{"damage":19.0,"enemies":"Spheric Guardian","floor":18.0,"turns":4.0},{"damage":6.0,"enemies":"3 Byrds","floor":22.0,"turns":4.0},{"damage":38.0,"enemies":"Slavers","floor":24.0,"turns":5.0},{"damage":19.0,"enemies":"Book of Stabbing","floor":28.0,"turns":4.0},{"damage":24.0,"enemies":"Shelled Parasite and Fungi","floor":30.0,"turns":5.0},{"damage":54,"enemies":"Champ","floor":33,"turns":12}],"seed_played":"3244656414419215596","potions_obtained":[{"floor":4.0,"key":"Regen Potion"},{"floor":10.0,"key":"CultistPotion"},{"floor":11.0,"key":"FearPotion"},{"floor":16.0,"key":"PowerPotion"},{"floor":24.0,"key":"Weak Potion"}],"is_trial":false,"path_per_floor":["M","M","?","M","?","E","M","$","T","E","M","M","R","M","R","B",null,"M","?","$","?","M","R","E","R","T","$","E","?","M","?","R","B"],"character_chosen":"THE_SILENT","items_purchased":["Infinite Blades","Master of Strategy","Finesse+1"],"campfire_rested":4,"item_purchase_floors":[20,20,27],"current_hp_per_floor":[77,74,67,67,67,36,32,32,32,30,29,29,52,47,47,23,77,58,44,44,44,38,62,24,48,48,48,29,29,13,13,30,0,0],"gold":49,"neow_bonus":"TEN_PERCENT_HP_BONUS","is_daily":false,"chose_seed":false,"campfire_upgraded":1,"win_rate":0.0,"timestamp":1611384602,"path_taken":["M","M","?","M","?","E","?","$","T","E","M","M","R","M","R","BOSS","M","?","$","?","M","R","E","R","T","?","E","?","M","?","R","BOSS"],"items_purchased_type":["Card","Card","Card"],"build_version":"2020-12-22","purchased_purges":2,"victory":false,"max_hp_per_floor":[77,77,77,77,77,77,77,77,77,77,77,77,77,77,77,77,77,77,82,82,82,82,82,82,82,82,82,82,57,57,57,57,57,57],"card_choices":[{"not_picked":["Cloak And Dagger","Flechettes","Choke"],"picked":"SKIP","floor":1.0},{"not_picked":["Crippling Poison","PiercingWail"],"picked":"Noxious Fumes","floor":2.0},{"not_picked":["Outmaneuver","Blade Dance"],"picked":"Backflip","floor":4.0},{"not_picked":["Finisher","Bouncing Flask"],"picked":"Dagger Spray","floor":6.0},{"not_picked":["Tactician","Blade Dance","Infinite Blades"],"picked":"SKIP","floor":7.0},{"not_picked":["Backflip","Tactician"],"picked":"Quick Slash","floor":10.0},{"not_picked":["Venomology","PiercingWail","Heel Hook"],"picked":"SKIP","floor":11.0},{"not_picked":["Bane","Masterful Stab"],"picked":"Blade Dance","floor":12.0},{"not_picked":["Finisher","Slice"],"picked":"Backstab","floor":14.0},{"not_picked":["Doppelganger","Glass Knife"],"picked":"A Thousand Cuts","floor":16.0},{"not_picked":["Sucker Punch+1","Bane","Reflex"],"picked":"SKIP","floor":18.0},{"not_picked":["Backflip","Tactician"],"picked":"Expertise+1","floor":22.0},{"not_picked":["Tools of the Trade","Noxious Fumes+1"],"picked":"Finisher","floor":24.0},{"not_picked":["Cloak And Dagger+1","Dagger Spray"],"picked":"Slice+1","floor":25.0},{"not_picked":["Deflect+1","Catalyst+1"],"picked":"Blur+1","floor":28.0},{"not_picked":["Quick Slash","Flying Knee","Tactician+1"],"picked":"SKIP","floor":30.0},{"not_picked":["Noxious Fumes","Backstab"],"picked":"Backflip+1","floor":32.0}],"player_experience":213575,"relics_obtained":[{"floor":6.0,"key":"Sundial"},{"floor":9.0,"key":"Nunchaku"},{"floor":10.0,"key":"Dream Catcher"},{"floor":24.0,"key":"Toxic Egg 2"},{"floor":24.0,"key":"Letter Opener"},{"floor":26.0,"key":"Ancient Tea Set"},{"floor":28.0,"key":"Bag of Marbles"},{"floor":28.0,"key":"Oddly Smooth Stone"}],"event_choices":[{"cards_removed":["Defend_G"],"damage_healed":0.0,"max_hp_gain":0.0,"max_hp_loss":0.0,"gold_gain":0.0,"event_name":"Golden Wing","player_choice":"Card Removal","floor":3.0,"gold_loss":0.0,"damage_taken":7.0},{"damage_healed":0.0,"max_hp_gain":0.0,"max_hp_loss":0.0,"gold_gain":0.0,"cards_transformed":["Strike_G"],"event_name":"Transmorgrifier","player_choice":"Transformed","floor":5.0,"gold_loss":0.0,"damage_taken":0.0,"cards_obtained":["Sucker Punch"]},{"damage_healed":0.0,"max_hp_gain":5.0,"max_hp_loss":0.0,"gold_gain":0.0,"event_name":"Forgotten Altar","player_choice":"Shed Blood","floor":19.0,"gold_loss":0.0,"damage_taken":19.0},{"damage_healed":0.0,"max_hp_gain":0.0,"max_hp_loss":0.0,"gold_gain":0.0,"event_name":"Drug Dealer","player_choice":"Inject Mutagens","floor":21.0,"gold_loss":0.0,"damage_taken":0.0,"relics_obtained":["MutagenicStrength"]},{"damage_healed":0.0,"max_hp_gain":0.0,"max_hp_loss":25.0,"gold_gain":0.0,"event_name":"Vampires","player_choice":"Became a vampire","floor":29.0,"gold_loss":0.0,"damage_taken":0.0,"cards_obtained":["Bite","Bite","Bite","Bite","Bite"]},{"damage_healed":0.0,"max_hp_gain":0.0,"max_hp_loss":0.0,"gold_gain":0.0,"event_name":"FaceTrader","player_choice":"Trade","floor":31.0,"gold_loss":0.0,"damage_taken":0.0,"relics_obtained":["FaceOfCleric"]}],"is_beta":false,"boss_relics":[{"not_picked":["HoveringKite","Ectoplasm"],"picked":"Black Star"}],"items_purged_floors":[8,20],"is_endless":false,"potions_floor_spawned":[4,10,11,16,18,24],"killed_by":"Champ","ascension_level":3}}