{"host":"5trcja4hacd149zc","time":1611388077,"event":{"mods":["BaseMod","Colored Map","GifTheSpireLib","Minty Spire (QoL Compilation)","Relic Stats","StSLib"],"gold_per_floor":[116,131,131,0,13,44,44,77,101,101,101,101,119,129,129,129,129],"floor_reached":16,"language":"ENG","playtime":504,"items_purged":[],"score":220,"play_id":"6f68fc67-e229-40ab-a920-8846c81087e9","local_time":"20210123014757","is_ascension_mode":true,"campfire_choices":[{"data":"Feel No Pain","floor":7,"key":"SMITH"},{"data":"Feel No Pain","floor":10,"key":"SMITH"},{"floor":12,"key":"REST"},{"data":"Perfected Strike","floor":15,"key":"SMITH"}],"circlet_count":0,"master_deck":["AscendersBane","Strike_R","Strike_R","Strike_R","Strike_R","Strike_R","Defend_R","Defend_R","Defend_R","Defend_R","Bash","Clothesline","Anger","Feel No Pain+1","Shrug It Off","Perfected Strike+1","Feel No Pain+1","Burning Pact","Dropkick"],"relics":["Runic Cube","Vajra","Boot","Ancient Tea Set"],"acts_visited":["Exordium"],"potions_floor_usage":[6],"damage_taken":[{"damage":4,"enemies":"Small Slimes","floor":1,"turns":4},{"damage":8,"enemies":"Cultist","floor":2,"turns":5},{"damage":1,"enemies":"2 Louse","floor":5,"turns":3},{"damage":20,"enemies":"Lagavulin","floor":6,"turns":8},{"damage":20,"enemies":"3 Sentries","floor":8,"turns":11},{"damage":9,"enemies":"Lots of Slimes","floor":13,"turns":5},{"damage":8,"enemies":"Red Slaver","floor":14,"turns":3},{"damage":24,"enemies":"Hexaghost","floor":16,"turns":7}],"seed_played":"-9171774157048082709","potions_obtained":[{"floor":1,"key":"Block Potion"},{"floor":2,"key":"EntropicBrew"},{"floor":11,"key":"SteroidPotion"}],"is_trial":false,"path_per_floor":["M","M","?","$","M","E","R","E","T","R","?","R","M","M","R","B"],"character_chosen":"IRONCLAD","items_purchased":["Feel No Pain","Shrug It Off"],"campfire_rested":1,"item_purchase_floors":[4,4],"current_hp_per_floor":[64,56,56,56,55,35,35,15,15,15,15,37,28,20,20,0,0],"gold":129,"neow_bonus":"BOSS_RELIC","is_daily":false,"chose_seed":false,"campfire_upgraded":3,"win_rate":0.0,"timestamp":1611388077,"path_taken":["M","M","?","?","M","E","R","E","T","R","?","R","M","M","R","BOSS"],"items_purchased_type":["Card","Card"],"build_version":"2020-12-22","purchased_purges":0,"victory":false,"max_hp_per_floor":[75,75,75,75,75,75,75,75,75,75,75,75,75,75,75,75,75],"relic_stats":{"counters":[8,46],"Boot":[4],"obtain_stats":[{"Vajra":6,"Boot":8,"Ancient Tea Set":9,"Burning Blood":0,"Runic Cube":0},{"Vajra":4,"Boot":5,"Ancient Tea Set":5,"Burning Blood":0,"Runic Cube":0},{"Vajra":20,"Boot":31,"Ancient Tea Set":31,"Burning Blood":0,"Runic Cube":0}],"Runic Cube":[23]},"card_choices":[{"not_picked":["Second Wind","Flex"],"picked":"Clothesline","floor":1},{"not_picked":["Sword Boomerang","Twin Strike"],"picked":"Anger","floor":2},{"not_picked":["Shrug It Off","Dual Wield"],"picked":"Perfected Strike","floor":5},{"not_picked":["Warcry","Perfected Strike"],"picked":"Feel No Pain","floor":6},{"not_picked":["Sword Boomerang","Cleave"],"picked":"Burning Pact","floor":8},{"not_picked":["Body Slam","Bludgeon"],"picked":"Dropkick","floor":13},{"not_picked":["Shrug It Off","Clothesline","Rage"],"picked":"SKIP","floor":14}],"player_experience":769214,"relics_obtained":[{"floor":6,"key":"Vajra"},{"floor":8,"key":"Boot"},{"floor":9,"key":"Ancient Tea Set"}],"event_choices":[{"damage_healed":0,"gold_gain":0,"player_choice":"0 cards matched","damage_taken":0,"max_hp_gain":0,"max_hp_loss":0,"event_name":"Match and Keep!","floor":3,"gold_loss":0,"cards_obtained":[]},{"damage_healed":0,"gold_gain":0,"player_choice":"Got Potions","damage_taken":0,"max_hp_gain":0,"max_hp_loss":0,"event_name":"Lab","floor":11,"gold_loss":0}],"is_beta":false,"boss_relics":[],"items_purged_floors":[],"is_endless":false,"potions_floor_spawned":[1,2,14],"killed_by":"Hexaghost","ascension_level":20}}