{"host":"fa35vd3kig5td25x","time":1611404678,"event":{"mods":["BaseMod","Colored Powertips","Minty Spire (QoL Compilation)","Relic Stats","Slay the Relics Exporter"],"gold_per_floor":[127,16,16,66,94,132,132,152,201,222,222,242,202,239,239,325,325,347,347,347],"floor_reached":19,"language":"ENG","playtime":548,"items_purged":[],"score":354,"play_id":"fdd2eace-04a3-410f-968f-c449a23a16e8","local_time":"20210123132438","is_ascension_mode":true,"campfire_choices":[{"data":"Defragment","floor":7,"key":"SMITH"},{"floor":11,"key":"REST"},{"data":"Capacitor","floor":15,"key":"SMITH"}],"circlet_count":0,"master_deck":["AscendersBane","Strike_B","Strike_B","Strike_B","Strike_B","Defend_B","Defend_B","Defend_B","Defend_B","Zap","Dualcast","Gash","Beam Cell","Defragment+1","Barrage","Coolheaded","Genetic Algorithm","Capacitor+1","Echo Form","Consume"],"relics":["Cracked Core","CeramicFish","MealTicket","Ancient Tea Set","Mercury Hourglass","Velvet Choker"],"acts_visited":["Exordium","TheCity"],"potions_floor_usage":[6,10,14,14,16],"damage_taken":[{"damage":0,"enemies":"Cultist","floor":1,"turns":3},{"damage":2,"enemies":"Jaw Worm","floor":5,"turns":3},{"damage":30,"enemies":"Lagavulin","floor":6,"turns":5},{"damage":13,"enemies":"2 Louse","floor":8,"turns":3},{"damage":12,"enemies":"Gremlin Gang","floor":10,"turns":4},{"damage":1,"enemies":"2 Fungi Beasts","floor":12,"turns":3},{"damage":13,"enemies":"3 Sentries","floor":14,"turns":7},{"damage":9,"enemies":"Hexaghost","floor":16,"turns":7},{"damage":25,"enemies":"2 Thieves","floor":18,"turns":4},{"damage":34,"enemies":"Chosen","floor":19,"turns":5}],"seed_played":"-8760075509976861630","potions_obtained":[{"floor":8,"key":"LiquidMemories"},{"floor":12,"key":"GamblersBrew"},{"floor":13,"key":"FearPotion"},{"floor":13,"key":"FocusPotion"},{"floor":14,"key":"AttackPotion"}],"is_trial":false,"path_per_floor":["M","$","?","?","M","E","R","M","T","M","R","M","?","E","R","B",null,"M","M"],"character_chosen":"DEFECT","items_purchased":["AttackPotion","Fire Potion"],"campfire_rested":1,"item_purchase_floors":[2,2],"current_hp_per_floor":[64,64,64,64,62,32,32,19,19,7,28,27,27,14,14,5,55,30,0,0],"gold":347,"neow_bonus":"RANDOM_COMMON_RELIC","is_daily":false,"chose_seed":false,"campfire_upgraded":2,"win_rate":0.0,"timestamp":1611404678,"path_taken":["M","$","?","?","M","E","R","?","T","M","R","M","?","E","R","BOSS","M","M"],"items_purchased_type":["Potion","Potion"],"build_version":"2020-12-22","purchased_purges":0,"victory":false,"max_hp_per_floor":[71,71,71,71,71,71,71,71,71,71,71,71,71,71,71,71,71,71,71,71],"relic_stats":{"counters":[10,44],"CeramicFish":81,"MealTicket":0,"obtain_stats":[{"CeramicFish":0,"Velvet Choker":17,"MealTicket":6,"Cracked Core":0,"Ancient Tea Set":9,"Mercury Hourglass":14},{"CeramicFish":0,"Velvet Choker":8,"MealTicket":3,"Cracked Core":0,"Ancient Tea Set":4,"Mercury Hourglass":7},{"CeramicFish":0,"Velvet Choker":35,"MealTicket":11,"Cracked Core":0,"Ancient Tea Set":14,"Mercury Hourglass":28}],"Mercury Hourglass":[54]},"card_choices":[{"not_picked":["Turbo","Streamline"],"picked":"Gash","floor":1},{"not_picked":["Hologram","Conserve Battery"],"picked":"Beam Cell","floor":5},{"not_picked":["Coolheaded","Fission"],"picked":"Defragment","floor":6},{"not_picked":["Steam","Chaos"],"picked":"Barrage","floor":8},{"not_picked":["Sweeping Beam","Turbo"],"picked":"Coolheaded","floor":10},{"not_picked":["Steam","Leap"],"picked":"Genetic Algorithm","floor":12},{"not_picked":["Turbo","Thunder Strike"],"picked":"Capacitor","floor":14},{"not_picked":["All For One","Creative AI"],"picked":"Echo Form","floor":16},{"not_picked":["Redo","Steam+1"],"picked":"Consume","floor":18}],"player_experience":2985696,"relics_obtained":[{"floor":6,"key":"MealTicket"},{"floor":9,"key":"Ancient Tea Set"},{"floor":14,"key":"Mercury Hourglass"}],"event_choices":[{"damage_healed":0,"gold_gain":0,"player_choice":"Ignored","damage_taken":0,"max_hp_gain":0,"max_hp_loss":0,"event_name":"Liars Game","floor":3,"gold_loss":0},{"damage_healed":0,"gold_gain":50,"player_choice":"Pray","damage_taken":0,"max_hp_gain":0,"max_hp_loss":0,"event_name":"Golden Shrine","floor":4,"gold_loss":0},{"damage_healed":0,"gold_gain":0,"player_choice":"Bought 3 Potions","damage_taken":0,"max_hp_gain":0,"max_hp_loss":0,"event_name":"The Woman in Blue","floor":13,"gold_loss":0}],"is_beta":false,"boss_relics":[{"not_picked":["Calling Bell","Inserter"],"picked":"Velvet Choker"}],"items_purged_floors":[],"is_endless":false,"potions_floor_spawned":[5,8,12,14],"killed_by":"Chosen","ascension_level":20}}