{"host":"xu0zbcebhy6w9mdv","time":1611360215,"event":{"mods":["AchievementEnabler","Act Like it!","Aspiration","BaseMod","Better Match","Better Third Choice","BetterRewards","Colored Powertips","Downfall","Duelist Mod","Friendly Minions","Gensokyo","Hallownest","Hubris","Infinite Spire","Marisa????????","Minty Spire (QoL Compilation)","Potionbrewer","Quick Restart","READ ME - Guardian Mod","READ ME - Snecko Mod","Rare Cards Sparkle","Replay The Spire","Shop Mod","StSLib","The Animator","The Blackbeard","The Bug Knight","The Cursed","The Hierophant","The Necromancer","The Runesmith","The Servant 0.9.4"],"gold_per_floor":[99,113,113,113,41,41,68,88,136,149,149,165,165,178,189,189,189,189],"floor_reached":16,"language":"ENG","playtime":3320,"items_purged":[],"score":92,"play_id":"f2616d1c-ed0a-4758-899a-7dc2b9d6f6c4","local_time":"20210122190335","is_ascension_mode":false,"campfire_choices":[{"data":"bronze:Replicate","floor":1,"key":"SMITH"},{"data":"bronze:ClassDefault","floor":6,"key":"SMITH"},{"floor":13,"key":"REST"}],"circlet_count":0,"master_deck":["bronze:Strike","bronze:Strike","bronze:Strike","bronze:Defend","bronze:Defend+1","bronze:Defend+1","bronze:Defend","bronze:Replicate+1","bronze:Goto","bronze:BronzeOrb","Demon Form","bronze:Branch","bronze:ClassDefault+1","bronze:ClassDefault","bronze:RecursiveStrike","bronze:DelayedGuard"],"relics":["bronze:BronzeCore","hubris:Towel","infinitespire:Satchel","War Paint","potionbrewer:Torch"],"acts_visited":["Exordium"],"potions_floor_usage":[16,16,16],"damage_taken":[{"damage":3,"enemies":"Jaw Worm","floor":2,"turns":3},{"damage":10,"enemies":"downfall:FleeingMerchant","floor":5,"turns":4},{"damage":14,"enemies":"Small Slimes","floor":8,"turns":4},{"damage":8,"enemies":"2 Louse","floor":10,"turns":4},{"damage":0,"enemies":"Large Slime","floor":12,"turns":4},{"damage":15,"enemies":"Exordium Thugs","floor":14,"turns":5},{"damage":8,"enemies":"Gremlin Gang","floor":15,"turns":6},{"damage":36,"enemies":"WA_ARCHETYPE_RETAIN","floor":16,"turns":6}],"seed_played":"3257694277387097501","potions_obtained":[{"floor":8,"key":"SpeedPotion"},{"floor":12,"key":"PowerPotion"},{"floor":14,"key":"potionbrewer:NoxiousPotion"}],"is_trial":false,"path_per_floor":["R","M","?","?","$","R","T","M","T","M","?","M","R","M","M","B"],"character_chosen":"THE_AUTOMATON","items_purchased":["bronze:ClassDefault"],"campfire_rested":1,"item_purchase_floors":[5],"current_hp_per_floor":[77,74,74,60,50,50,50,36,36,28,28,28,51,36,28,0,0,0],"gold":189,"neow_bonus":"TEN_PERCENT_HP_BONUS","is_daily":false,"chose_seed":false,"campfire_upgraded":2,"win_rate":0.0,"timestamp":1611360215,"path_taken":["R","M","?","?","$","R","T","M","?","M","?","M","R","M","M","BOSS"],"items_purchased_type":["Card"],"build_version":"2020-12-22","purchased_purges":0,"victory":false,"max_hp_per_floor":[77,77,77,77,77,77,77,77,77,77,77,77,77,77,77,77,77,77],"card_choices":[{"not_picked":["bronze:Overheat","bronze:Flail"],"picked":"bronze:BronzeOrb","floor":2},{"not_picked":["bronze:Format","bronze:DarkDash"],"picked":"bronze:Branch","floor":5},{"not_picked":["bronze:Boost","bronze:ItsAFeature","bronze:BugBarrage"],"picked":"SKIP","floor":8},{"not_picked":["bronze:Iterate","bronze:Deprecate"],"picked":"bronze:RecursiveStrike","floor":10},{"not_picked":["bronze:Frontload","bronze:DelayedSlice"],"picked":"bronze:DelayedGuard","floor":12},{"not_picked":["bronze:Backtrace","bronze:OilSpill","bronze:Overload"],"picked":"SKIP","floor":14},{"not_picked":["bronze:Invalidate","bronze:Shield","bronze:Turbo"],"picked":"SKIP","floor":15}],"player_experience":648267,"relics_obtained":[{"floor":7,"key":"War Paint"},{"floor":9,"key":"potionbrewer:Torch"}],"event_choices":[{"cards_removed":["bronze:Strike"],"damage_healed":0,"gold_gain":0,"player_choice":"Card Removal","damage_taken":0,"max_hp_gain":0,"max_hp_loss":0,"event_name":"The Cleric","floor":11,"gold_loss":0}],"is_beta":false,"boss_relics":[],"items_purged_floors":[],"is_endless":false,"potions_floor_spawned":[8,12,14,15],"killed_by":"WA_ARCHETYPE_RETAIN","ascension_level":0}}