{"host":"1a8vswsp13vmqqwt","time":1611439910,"event":{"mods":["AchievementEnabler","BaseMod","Minty Spire (QoL Compilation)","StSLib","The Servant 0.9.4"],"gold_per_floor":[111,111,81,98,112,141,161,189,271,290,305,305,320,355,355,456,456,472,397,408,408,420,420,448,8,8,23,50,50,0,10,10,110,110,124,142,0,0,18,18,33,50,101,61,72,72,72,84,84,84],"floor_reached":51,"language":"ENG","playtime":2244,"items_purged":["Strike_S"],"score":956,"play_id":"cc5023eb-8b89-46a2-8cf8-70f02d2b2a3e","local_time":"20210124011150","is_ascension_mode":true,"campfire_choices":[{"floor":12.0,"key":"REST"},{"data":"Moondial","floor":15.0,"key":"SMITH"},{"data":"Solidify","floor":23.0,"key":"SMITH"},{"floor":32.0,"key":"REST"},{"floor":40.0,"key":"REST"},{"data":"Moondial","floor":49,"key":"SMITH"}],"circlet_count":0,"master_deck":["Strike_S","Strike_S","Strike_S","Defend_S","Defend_S","Defend_S","KidneyShot","Exchange","Misdirection+1","Moondial+1","Contraction","BestPractice","Dilation","Revamp+1","Luminosity","GearUp","Solidify+1","Ricochet","J.A.X.","Rearm","Luminosity","Moondial+1","Dilation","Solidify","GearUp","GearUp+1","Starlight+1","Luminosity+1","RealityMarble","Moondial+1"],"relics":["Uniform","NeowsBlessing","Toy Ornithopter","CaptainsWheel","Mercury Hourglass","Oddly Smooth Stone","Philosopher\u0027s Stone","Orichalcum","Ginger","Mummified Hand","Potion Belt","Darkstone Periapt","StoneMask","Red Mask","MealTicket"],"acts_visited":["Exordium","TheCity","TheBeyond"],"potions_floor_usage":[45,50],"damage_taken":[{"damage":0.0,"enemies":"Small Slimes","floor":1.0,"turns":1.0},{"damage":0.0,"enemies":"Cultist","floor":4.0,"turns":1.0},{"damage":0.0,"enemies":"2 Louse","floor":5.0,"turns":2.0},{"damage":8.0,"enemies":"3 Sentries","floor":6.0,"turns":8.0},{"damage":0.0,"enemies":"Exordium Thugs","floor":7.0,"turns":2.0},{"damage":44.0,"enemies":"Gremlin Nob","floor":8.0,"turns":7.0},{"damage":0.0,"enemies":"3 Louse","floor":10.0,"turns":4.0},{"damage":5.0,"enemies":"Lots of Slimes","floor":11.0,"turns":3.0},{"damage":0.0,"enemies":"Looter","floor":13.0,"turns":3.0},{"damage":5.0,"enemies":"3 Sentries","floor":14.0,"turns":4.0},{"damage":0.0,"enemies":"Hexaghost","floor":16.0,"turns":15.0},{"damage":0.0,"enemies":"Chosen","floor":18.0,"turns":4.0},{"damage":0.0,"enemies":"Spheric Guardian","floor":20.0,"turns":5.0},{"damage":9.0,"enemies":"Snecko","floor":22.0,"turns":7.0},{"damage":12.0,"enemies":"Book of Stabbing","floor":24.0,"turns":7.0},{"damage":17.0,"enemies":"Snake Plant","floor":27.0,"turns":4.0},{"damage":10.0,"enemies":"Slavers","floor":28.0,"turns":3.0},{"damage":0.0,"enemies":"Centurion and Healer","floor":31.0,"turns":6.0},{"damage":0.0,"enemies":"Champ","floor":33.0,"turns":14.0},{"damage":38.0,"enemies":"3 Shapes","floor":35.0,"turns":4.0},{"damage":5.0,"enemies":"3 Darklings","floor":36.0,"turns":4.0},{"damage":12.0,"enemies":"Transient","floor":39.0,"turns":5.0},{"damage":4.0,"enemies":"Jaw Worm Horde","floor":41.0,"turns":4.0},{"damage":0,"enemies":"3 Darklings","floor":42,"turns":3},{"damage":14,"enemies":"Sphere and 2 Shapes","floor":45,"turns":6},{"damage":0,"enemies":"Maw","floor":48,"turns":8},{"damage":0,"enemies":"Awakened One","floor":50,"turns":16}],"seed_played":"-8728912054022507287","potions_obtained":[{"floor":1.0,"key":"LiquidMemories"},{"floor":3.0,"key":"Regen Potion"},{"floor":3.0,"key":"SteroidPotion"},{"floor":10.0,"key":"Block Potion"},{"floor":11.0,"key":"LiquidMemories"},{"floor":13.0,"key":"AttackPotion"},{"floor":16.0,"key":"Explosive Potion"},{"floor":27.0,"key":"FairyPotion"},{"floor":31.0,"key":"Regen Potion"},{"floor":33.0,"key":"Ancient Potion"},{"floor":39.0,"key":"Fire Potion"},{"floor":42,"key":"EssenceOfSteel"},{"floor":45,"key":"SpeedPotion"}],"is_trial":false,"path_per_floor":["M","$","?","M","M","E","M","E","T","M","M","R","M","E","R","B",null,"M","?","M","?","M","R","E","$","T","M","E","$","?","M","R","B",null,"M","M","?","?","M","R","M","M","T","?","M","$","?","M","R","B",null],"character_chosen":"THE_SERVANT","items_purchased":["Ginger","Luminosity"],"campfire_rested":3,"item_purchase_floors":[25,25],"current_hp_per_floor":[65,65,65,65,65,57,62,35,35,35,35,54,54,49,49,49,65,65,65,65,65,57,57,45,45,45,33,28,28,28,28,47,65,65,36,34,34,34,25,46,51,54,54,54,54,69,69,72,72,78],"gold":84,"neow_bonus":"THREE_ENEMY_KILL","is_daily":false,"chose_seed":false,"campfire_upgraded":3,"win_rate":0.0,"timestamp":1611439910,"path_taken":["M","$","?","M","M","E","M","E","T","?","M","R","M","E","R","BOSS","M","?","M","?","M","R","E","$","T","?","E","$","?","?","R","BOSS","M","M","?","?","?","R","M","M","T","?","?","$","?","M","R","BOSS"],"items_purchased_type":["Relic","Card"],"build_version":"2020-12-22","purchased_purges":1,"victory":true,"max_hp_per_floor":[65,65,65,65,65,65,65,65,65,65,65,65,65,65,65,65,65,65,65,65,65,65,65,65,65,65,65,65,65,65,65,65,65,65,68,69,69,69,70,70,73,74,74,74,77,77,73,74,74,78],"card_choices":[{"not_picked":["Sabotage","Potential"],"picked":"Misdirection","floor":1.0},{"not_picked":["TimeTheft","Unruled"],"picked":"Moondial","floor":4.0},{"not_picked":["Rewind","TimeWarp"],"picked":"Contraction","floor":5.0},{"not_picked":["Defy","Potential"],"picked":"BestPractice","floor":6.0},{"not_picked":["Ricochet","DoubleEdge"],"picked":"Dilation","floor":7.0},{"not_picked":["Potential","Defy"],"picked":"Revamp","floor":8.0},{"not_picked":["FastForward","Revamp","ShatteredReality"],"picked":"SKIP","floor":10.0},{"not_picked":["SpecialFormula","FastForward"],"picked":"Luminosity","floor":11.0},{"not_picked":["Potential","DoubleEdge","Replace"],"picked":"SKIP","floor":13.0},{"not_picked":["Collapse","Rearm"],"picked":"GearUp","floor":14.0},{"not_picked":["FloweringNight","Dilation"],"picked":"Solidify","floor":16.0},{"not_picked":["Reset","BestPractice+1","Rewind+1"],"picked":"SKIP","floor":18.0},{"not_picked":["Rewind","FastForward+1"],"picked":"Ricochet","floor":20.0},{"not_picked":["Potential+1","Spin"],"picked":"Rearm","floor":22.0},{"not_picked":["StarChef+1","Reset","Alleviate"],"picked":"SKIP","floor":24.0},{"not_picked":["Manipulate","Reset"],"picked":"Moondial","floor":27.0},{"not_picked":["Starlight","KillingDoll"],"picked":"Dilation","floor":28.0},{"not_picked":["Starlight+1","ReturningBlade+1","Replace"],"picked":"SKIP","floor":31.0},{"not_picked":["TheWorld","Dilation"],"picked":"Solidify","floor":33.0},{"not_picked":["Alleviate+1","Defy+1"],"picked":"GearUp","floor":35.0},{"not_picked":["BestPractice+1","SilverBlades+1"],"picked":"GearUp+1","floor":36.0},{"not_picked":["ShatteredReality","Rewind+1"],"picked":"Starlight+1","floor":39.0},{"not_picked":["Rewind+1","Ricochet+1"],"picked":"Luminosity+1","floor":41.0},{"not_picked":["Deadline","WasteNot","Luminosity+1"],"picked":"SKIP","floor":42},{"not_picked":["Moonlight+1","TimeWarp+1"],"picked":"RealityMarble","floor":45},{"not_picked":["Spin","ShiftingGears"],"picked":"Moondial","floor":48}],"player_experience":196872,"relics_obtained":[{"floor":6.0,"key":"Toy Ornithopter"},{"floor":8.0,"key":"CaptainsWheel"},{"floor":9.0,"key":"Mercury Hourglass"},{"floor":14.0,"key":"Oddly Smooth Stone"},{"floor":24.0,"key":"Orichalcum"},{"floor":26.0,"key":"Mummified Hand"},{"floor":28.0,"key":"Potion Belt"},{"floor":43,"key":"MealTicket"}],"event_choices":[{"damage_healed":0.0,"max_hp_gain":0.0,"max_hp_loss":0.0,"gold_gain":0.0,"event_name":"The Woman in Blue","player_choice":"Bought 2 Potions","floor":3.0,"gold_loss":0.0,"damage_taken":0.0},{"cards_removed":["Defend_S"],"damage_healed":0.0,"max_hp_gain":0.0,"max_hp_loss":0.0,"gold_gain":0.0,"event_name":"Beggar","player_choice":"Gave Gold","floor":19.0,"gold_loss":75.0,"damage_taken":0.0},{"damage_healed":0.0,"max_hp_gain":0.0,"max_hp_loss":0.0,"gold_gain":0.0,"event_name":"Drug Dealer","player_choice":"Obtain J.A.X.","floor":21.0,"gold_loss":0.0,"damage_taken":0.0,"cards_obtained":["J.A.X."]},{"damage_healed":0.0,"max_hp_gain":0.0,"max_hp_loss":0.0,"gold_gain":0.0,"event_name":"WeMeetAgain","player_choice":"Paid Gold","floor":30.0,"gold_loss":50.0,"damage_taken":0.0,"relics_obtained":["Darkstone Periapt"]},{"damage_healed":0.0,"max_hp_gain":0.0,"max_hp_loss":0.0,"gold_gain":0.0,"event_name":"Tomb of Lord Red Mask","player_choice":"Paid","floor":37.0,"gold_loss":142.0,"damage_taken":0.0,"relics_obtained":["Red Mask"]},{"damage_healed":0.0,"max_hp_gain":0.0,"max_hp_loss":0.0,"gold_gain":0.0,"event_name":"Upgrade Shrine","player_choice":"Upgraded","floor":38.0,"gold_loss":0.0,"damage_taken":0.0,"cards_upgraded":["Moondial"]},{"damage_healed":0,"gold_gain":0,"player_choice":"Upgraded Two","damage_taken":0,"max_hp_gain":0,"max_hp_loss":0,"event_name":"Designer","floor":44,"gold_loss":40,"cards_upgraded":["Misdirection","Revamp"]},{"damage_healed":0,"gold_gain":0,"player_choice":"Max HP","damage_taken":0,"max_hp_gain":0,"max_hp_loss":4,"event_name":"Winding Halls","floor":47,"gold_loss":0}],"is_beta":false,"boss_relics":[{"not_picked":["Ectoplasm","Snecko Eye"],"picked":"Philosopher\u0027s Stone"},{"not_picked":["Velvet Choker","Calling Bell"],"picked":"StoneMask"}],"items_purged_floors":[25],"is_endless":false,"potions_floor_spawned":[1,4,5,10,11,13,16,20,27,31,33,39,42,45],"ascension_level":1}}