{"host":"0awa854l6bexpjrv","time":1611439100,"event":{"mods":["BaseMod","Block Reminder","Colored Map","Colored Powertips","Downfall","Highlight Path","Minty Spire (QoL Compilation)","Quick Restart","Rare Cards Sparkle","StSLib","SuperFastMode"],"gold_per_floor":[119,69,69,85,99,99,128,128,128,53,73,24,55,68,68,167,167,183,201,90,107,22,22,0,29,56,56,3,3,3],"floor_reached":29,"language":"ENG","playtime":6518,"items_purged":["Strike_G"],"score":331,"play_id":"6b8daf21-2a7b-4760-a3b8-3dd1f8f89140","local_time":"20210123135820","is_ascension_mode":true,"campfire_choices":[{"data":"Neutralize","floor":6.0,"key":"SMITH"},{"floor":8.0,"key":"REST"},{"floor":15,"key":"REST"},{"floor":23,"key":"REST"},{"data":"Wraith Form v2","floor":27,"key":"SMITH"}],"circlet_count":0,"master_deck":["Strike_G","Strike_G","Strike_G","Defend_G","Defend_G","Defend_G","Defend_G","Defend_G","Survivor","Neutralize+1","Riddle With Holes","Dagger Spray","Underhanded Strike","Skewer","Backflip","Blade Dance","Crippling Poison+1","Backflip+1","Storm of Steel+1","Cloak And Dagger+1","Predator","Terror+1","Footwork","Concentrate+1","Wraith Form v2+1","Blade Dance+1"],"relics":["bronze:MakeshiftBattery","Bottled Flame","Kunai","Toxic Egg 2","Snecko Eye","Bag of Marbles","Boot","Happy Flower"],"acts_visited":["Exordium","TheCity"],"potions_floor_usage":[16,25],"damage_taken":[{"damage":1.0,"enemies":"Jaw Worm","floor":1.0,"turns":5.0},{"damage":2.0,"enemies":"2 Louse","floor":4.0,"turns":3.0},{"damage":0.0,"enemies":"Small Slimes","floor":5.0,"turns":3.0},{"damage":22.0,"enemies":"Gremlin Nob","floor":7.0,"turns":5.0},{"damage":3.0,"enemies":"Exordium Wildlife","floor":11.0,"turns":3.0},{"damage":7.0,"enemies":"Lagavulin","floor":13.0,"turns":5.0},{"damage":15,"enemies":"Large Slime","floor":14,"turns":5},{"damage":0,"enemies":"Slime Boss","floor":16,"turns":8},{"damage":5,"enemies":"Spheric Guardian","floor":18,"turns":3},{"damage":2,"enemies":"Shell Parasite","floor":19,"turns":3},{"damage":15,"enemies":"Centurion and Healer","floor":21,"turns":4},{"damage":3,"enemies":"Book of Stabbing","floor":25,"turns":6},{"damage":0,"enemies":"Colosseum Slavers","floor":29,"turns":3},{"damage":0,"enemies":"Colosseum Nobs","floor":29,"turns":1}],"seed_played":"8289853519043775816","potions_obtained":[{"floor":1.0,"key":"Energy Potion"},{"floor":7.0,"key":"ColorlessPotion"},{"floor":14,"key":"ColorlessPotion"},{"floor":16,"key":"FairyPotion"},{"floor":18,"key":"LiquidBronze"},{"floor":19,"key":"PowerPotion"}],"is_trial":false,"path_per_floor":["M","?","?","M","M","R","E","R","T","$","M","$","E","M","R","B",null,"M","M","$","M","?","R","?","E","T","R","$","?"],"character_chosen":"THE_SILENT","items_purchased":["Blade Dance","Terror+1","Footwork","Blade Dance+1"],"campfire_rested":3,"item_purchase_floors":[12,20,20,28],"current_hp_per_floor":[69,69,69,67,67,67,45,66,66,66,63,63,56,41,62,62,70,65,63,63,48,48,69,69,66,66,66,66,66,66],"gold":3,"neow_bonus":"BOSS_RELIC","is_daily":false,"chose_seed":false,"campfire_upgraded":2,"win_rate":0.0,"timestamp":1611439100,"path_taken":["M","?","?","M","M","R","E","R","T","?","M","$","E","M","R","BOSS","M","M","$","M","?","R","?","E","T","R","?","?"],"items_purchased_type":["Card","Card","Card","Card"],"build_version":"2020-12-22","purchased_purges":1,"victory":false,"max_hp_per_floor":[70,70,70,70,70,70,70,70,70,70,70,70,70,70,70,70,70,70,70,70,70,70,70,70,70,70,70,70,70,70],"card_choices":[{"not_picked":["Escape Plan","Deflect"],"picked":"Riddle With Holes","floor":1.0},{"not_picked":["Well Laid Plans","Dodge and Roll"],"picked":"Dagger Spray","floor":4.0},{"not_picked":["Poisoned Stab","Deflect"],"picked":"Underhanded Strike","floor":5.0},{"not_picked":["Dagger Spray","Skewer","Masterful Stab"],"picked":"SKIP","floor":7.0},{"not_picked":["Dagger Spray","Masterful Stab"],"picked":"Skewer","floor":7.0},{"not_picked":["Concentrate","Outmaneuver"],"picked":"Backflip","floor":11.0},{"not_picked":["Glass Knife","Riddle With Holes"],"picked":"Crippling Poison+1","floor":13.0},{"not_picked":["Slice","Poisoned Stab"],"picked":"Backflip+1","floor":14},{"not_picked":["Corpse Explosion+1","Burst+1"],"picked":"Storm of Steel+1","floor":16},{"not_picked":["Dagger Throw","Finisher"],"picked":"Cloak And Dagger+1","floor":18},{"not_picked":["Heel Hook","Cloak And Dagger+1"],"picked":"Predator","floor":19},{"not_picked":["Dagger Spray","Sucker Punch+1"],"picked":"Concentrate+1","floor":21},{"not_picked":["Bane+1","Quick Slash"],"picked":"Wraith Form v2","floor":25}],"player_experience":604533,"relics_obtained":[{"floor":7.0,"key":"Bottled Flame"},{"floor":9.0,"key":"Kunai"},{"floor":13.0,"key":"Toxic Egg 2"},{"floor":25,"key":"Boot"},{"floor":26,"key":"Happy Flower"}],"event_choices":[{"cards_removed":["Strike_G"],"damage_healed":0.0,"max_hp_gain":0.0,"max_hp_loss":0.0,"gold_gain":0.0,"event_name":"The Cleric","player_choice":"Card Removal","floor":2.0,"gold_loss":50.0,"damage_taken":0.0},{"damage_healed":0.0,"max_hp_gain":0.0,"max_hp_loss":0.0,"gold_gain":0.0,"event_name":"Liars Game","player_choice":"Ignored","floor":3.0,"gold_loss":0.0,"damage_taken":0.0},{"damage_healed":0,"gold_gain":0,"player_choice":"Obtained Relic","damage_taken":0,"relics_obtained":["Bag of Marbles"],"max_hp_gain":0,"max_hp_loss":0,"event_name":"Addict","floor":22,"gold_loss":85},{"damage_healed":0,"gold_gain":0,"player_choice":"Paid Fearfully","damage_taken":0,"max_hp_gain":0,"max_hp_loss":0,"event_name":"Masked Bandits","floor":24,"gold_loss":22},{"damage_healed":0,"gold_gain":0,"player_choice":"Fight","damage_taken":0,"max_hp_gain":0,"max_hp_loss":0,"event_name":"Colosseum","floor":29,"gold_loss":0},{"damage_healed":0,"gold_gain":0,"player_choice":"Fought Nobs","damage_taken":0,"max_hp_gain":0,"max_hp_loss":0,"event_name":"Colosseum","floor":29,"gold_loss":0}],"is_beta":false,"boss_relics":[{"not_picked":["Philosopher\u0027s Stone","Calling Bell"],"picked":"Snecko Eye"}],"items_purged_floors":[10],"is_endless":false,"potions_floor_spawned":[1,7,14,16,18,19],"killed_by":"Colosseum Nobs","ascension_level":2}}