{"host":"qik6c64y69p9jmph","time":1611361425,"event":{"mods":["AchievementEnabler","BaseMod","Highlight Path","Minty Spire (QoL Compilation)","Quick Restart","StSLib","Synergy Search"],"gold_per_floor":[118,136,150,110,130,130,155,155,179,213,227,245,261,279,279,382,382,399,21,21,34,309,309,115,115,115,130,155,5,5,5],"floor_reached":30,"language":"ENG","playtime":1326,"items_purged":["Regret","Parasite"],"score":421,"play_id":"c646d77f-47a0-417e-a6c1-57070bf20128","local_time":"20210122192345","is_ascension_mode":true,"campfire_choices":[{"data":"PathToVictory","floor":6,"key":"SMITH"},{"floor":8,"key":"REST"},{"floor":15,"key":"REST"},{"floor":23,"key":"REST"},{"data":"BattleHymn","floor":25,"key":"SMITH"}],"circlet_count":0,"master_deck":["Strike_P","Strike_P","Strike_P","Strike_P","Defend_P","Defend_P","Defend_P","Defend_P","Eruption","Vigilance","PathToVictory+1","ThirdEye","DeceiveReality","BattleHymn+1","FearNoEvil","FollowUp","TalkToTheHand","DevaForm","Wireheading","Fasting2","Weave","Wireheading+1","PathToVictory"],"relics":["PureWater","NeowsBlessing","Potion Belt","PreservedInsect","Oddly Smooth Stone","Cursed Key","Ice Cream","HornCleat","Vajra"],"acts_visited":["Exordium","TheCity"],"potions_floor_usage":[5,7,7,10,16,16,27,27,28],"damage_taken":[{"damage":0,"enemies":"Cultist","floor":1,"turns":1},{"damage":0,"enemies":"Jaw Worm","floor":2,"turns":1},{"damage":0,"enemies":"2 Louse","floor":3,"turns":1},{"damage":0,"enemies":"Gremlin Gang","floor":5,"turns":2},{"damage":41,"enemies":"3 Sentries","floor":7,"turns":15},{"damage":0,"enemies":"Gremlin Nob","floor":10,"turns":2},{"damage":5,"enemies":"3 Louse","floor":11,"turns":4},{"damage":14,"enemies":"Lots of Slimes","floor":12,"turns":5},{"damage":11,"enemies":"Exordium Thugs","floor":13,"turns":5},{"damage":3,"enemies":"3 Louse","floor":14,"turns":4},{"damage":0,"enemies":"Slime Boss","floor":16,"turns":4},{"damage":15,"enemies":"Shell Parasite","floor":18,"turns":6},{"damage":7,"enemies":"3 Byrds","floor":21,"turns":5},{"damage":4,"enemies":"3 Cultists","floor":27,"turns":5},{"damage":12,"enemies":"Book of Stabbing","floor":28,"turns":5},{"damage":41,"enemies":"Cultist and Chosen","floor":30,"turns":5}],"seed_played":"-9096905721047476367","potions_obtained":[{"floor":3,"key":"Explosive Potion"},{"floor":4,"key":"Swift Potion"},{"floor":4,"key":"ColorlessPotion"},{"floor":7,"key":"DistilledChaos"},{"floor":11,"key":"Weak Potion"},{"floor":12,"key":"LiquidMemories"},{"floor":13,"key":"BottledMiracle"},{"floor":14,"key":"DuplicationPotion"},{"floor":18,"key":"BlessingOfTheForge"},{"floor":28,"key":"Ambrosia"}],"is_trial":false,"path_per_floor":["M","M","M","?","M","R","E","R","T","E","M","M","M","M","R","B",null,"M","$","?","M","?","R","$","R","T","M","E","$","M"],"character_chosen":"WATCHER","items_purchased":["Ice Cream","Wireheading","Fasting2","BottledMiracle","PathToVictory"],"campfire_rested":3,"item_purchase_floors":[19,19,24,24,29],"current_hp_per_floor":[72,72,72,72,72,72,31,52,52,52,47,33,22,19,40,40,64,49,49,42,35,35,56,56,56,56,52,40,40,0,0],"gold":5,"neow_bonus":"THREE_ENEMY_KILL","is_daily":false,"chose_seed":false,"campfire_upgraded":2,"win_rate":0.0,"timestamp":1611361425,"path_taken":["M","?","M","?","?","R","E","R","T","E","M","M","M","M","R","BOSS","M","$","?","?","?","R","$","R","T","M","E","$","?"],"items_purchased_type":["Relic","Card","Card","Potion","Card"],"build_version":"2020-12-22","purchased_purges":2,"victory":false,"max_hp_per_floor":[72,72,72,72,72,72,72,72,72,72,72,72,72,72,72,72,72,72,72,72,72,72,72,72,72,72,72,72,69,69,69],"card_choices":[{"not_picked":["Evaluate","EmptyBody"],"picked":"PathToVictory","floor":1},{"not_picked":["FlyingSleeves","SandsOfTime","Prostrate"],"picked":"SKIP","floor":2},{"not_picked":["Wish","Fasting2","Consecrate"],"picked":"SKIP","floor":3},{"not_picked":["Pray","FlyingSleeves"],"picked":"ThirdEye","floor":5},{"not_picked":["SandsOfTime","EmptyFist"],"picked":"DeceiveReality","floor":7},{"not_picked":["WaveOfTheHand","Establishment"],"picked":"BattleHymn","floor":10},{"not_picked":["SashWhip","CutThroughFate"],"picked":"FearNoEvil","floor":11},{"not_picked":["WreathOfFlame","Tantrum"],"picked":"FollowUp","floor":12},{"not_picked":["FollowUp","FearNoEvil"],"picked":"TalkToTheHand","floor":13},{"not_picked":["Worship","Fasting2","Consecrate"],"picked":"SKIP","floor":14},{"not_picked":["Alpha","Ragnarok"],"picked":"DevaForm","floor":16},{"not_picked":["FlurryOfBlows+1","Sanctity+1","EmptyFist"],"picked":"SKIP","floor":18},{"not_picked":["EmptyBody","Halt+1","SashWhip"],"picked":"SKIP","floor":21},{"not_picked":["ThirdEye","CutThroughFate"],"picked":"Weave","floor":27},{"not_picked":["CarveReality","MentalFortress"],"picked":"Wireheading+1","floor":28}],"player_experience":534488,"relics_obtained":[{"floor":7,"key":"Potion Belt"},{"floor":9,"key":"PreservedInsect"},{"floor":10,"key":"Oddly Smooth Stone"},{"floor":26,"key":"HornCleat"},{"floor":28,"key":"Vajra"}],"event_choices":[{"damage_healed":0,"gold_gain":0,"player_choice":"Bought 3 Potions","damage_taken":0,"max_hp_gain":0,"max_hp_loss":0,"event_name":"The Woman in Blue","floor":4,"gold_loss":0},{"damage_healed":0,"gold_gain":0,"player_choice":"Damaged","damage_taken":7,"max_hp_gain":0,"max_hp_loss":0,"event_name":"Wheel of Change","floor":20,"gold_loss":0},{"damage_healed":0,"gold_gain":275,"player_choice":"Desecrate","damage_taken":0,"max_hp_gain":0,"max_hp_loss":0,"event_name":"Golden Shrine","floor":22,"gold_loss":0,"cards_obtained":["Regret"]}],"is_beta":false,"boss_relics":[{"not_picked":["HolyWater","Busted Crown"],"picked":"Cursed Key"}],"items_purged_floors":[24,29],"is_endless":false,"potions_floor_spawned":[3,7,11,12,13,14,18,28],"killed_by":"Cultist and Chosen","ascension_level":5}}