{"host":"srk2drlvga69hbot","time":1611423157,"event":{"mods":["BaseMod","Bestiary","Block Reminder","Colored Map","Colored Powertips","Dark Map","DeckTracker","Highlight Path","Minty Spire (QoL Compilation)","Quick Restart","Rare Cards Sparkle","Relic Stats","SuperFastMode","Unceasing Turn Reminder"],"gold_per_floor":[18,30,30,30,43,43,58,58,84,109,122,140,140,215,215,215,215],"floor_reached":16,"language":"ZHS","playtime":798,"items_purged":[],"score":108,"play_id":"36ee3f83-c751-4895-b454-1f52a1524370","local_time":"20210124013237","is_ascension_mode":true,"campfire_choices":[{"data":"Prepared","floor":6,"key":"SMITH"},{"floor":15,"key":"REST"}],"circlet_count":0,"master_deck":["Strike_G","Strike_G","Strike_G","Defend_G","Defend_G","Defend_G","Survivor","Neutralize","Prepared+1","Finisher","Reflex"],"relics":["Ring of the Snake","Golden Idol","Boot"],"acts_visited":["Exordium"],"potions_floor_usage":[],"damage_taken":[{"damage":0,"enemies":"2 Louse","floor":1,"turns":3},{"damage":15,"enemies":"Jaw Worm","floor":2,"turns":4},{"damage":0,"enemies":"Cultist","floor":5,"turns":3},{"damage":9,"enemies":"Blue Slaver","floor":7,"turns":3},{"damage":10,"enemies":"Red Slaver","floor":10,"turns":2},{"damage":7,"enemies":"3 Louse","floor":11,"turns":4},{"damage":14,"enemies":"Large Slime","floor":12,"turns":6},{"damage":7,"enemies":"The Guardian","floor":16,"turns":3}],"seed_played":"-9144217044311511003","potions_obtained":[{"floor":5,"key":"Explosive Potion"},{"floor":7,"key":"GamblersBrew"},{"floor":11,"key":"DuplicationPotion"}],"is_trial":false,"path_per_floor":["M","M","?","?","M","R","M","?","T","M","M","M","?","?","R","B"],"character_chosen":"THE_SILENT","items_purchased":[],"campfire_rested":1,"item_purchase_floors":[],"current_hp_per_floor":[70,55,55,55,55,55,46,46,46,36,29,15,15,4,23,16,16],"gold":215,"neow_bonus":"REMOVE_TWO","is_daily":false,"chose_seed":false,"campfire_upgraded":1,"win_rate":0.0,"timestamp":1611423157,"path_taken":["M","M","?","?","?","R","M","?","T","M","M","?","?","?","R","BOSS"],"items_purchased_type":[],"build_version":"2020-12-22","purchased_purges":0,"victory":false,"max_hp_per_floor":[70,70,65,65,65,65,65,65,65,65,65,65,65,65,65,65,65],"relic_stats":{"counters":[8,28],"Golden Idol":18,"Boot":[26],"obtain_stats":[{"Golden Idol":3,"Boot":9,"Ring of the Snake":0},{"Golden Idol":2,"Boot":4,"Ring of the Snake":0},{"Golden Idol":7,"Boot":13,"Ring of the Snake":0}],"Ring of the Snake":[16]},"card_choices":[{"not_picked":["Poisoned Stab","Caltrops"],"picked":"Prepared","floor":1},{"not_picked":["Quick Slash","Dagger Spray","Deadly Poison"],"picked":"SKIP","floor":2},{"not_picked":["Setup","Endless Agony"],"picked":"Reflex","floor":5},{"not_picked":["Bouncing Flask","Die Die Die","Dagger Spray"],"picked":"SKIP","floor":7},{"not_picked":["Heel Hook","PiercingWail","Dagger Throw"],"picked":"SKIP","floor":10},{"not_picked":["Bane","Blur","Quick Slash"],"picked":"SKIP","floor":11},{"not_picked":["Outmaneuver","Flying Knee","Heel Hook"],"picked":"SKIP","floor":12}],"player_experience":181474,"relics_obtained":[{"floor":9,"key":"Boot"}],"event_choices":[{"damage_healed":0,"gold_gain":0,"player_choice":"Lose Max HP","damage_taken":0,"relics_obtained":["Golden Idol"],"max_hp_gain":0,"max_hp_loss":5,"event_name":"Golden Idol","floor":3,"gold_loss":0},{"damage_healed":0,"gold_gain":0,"cards_transformed":["Defend_G"],"player_choice":"Transformed","damage_taken":0,"max_hp_gain":0,"max_hp_loss":0,"event_name":"Transmorgrifier","floor":4,"gold_loss":0,"cards_obtained":["Finisher"]},{"cards_removed":["Strike_G"],"damage_healed":0,"gold_gain":0,"player_choice":"Offered Basic","damage_taken":0,"max_hp_gain":0,"max_hp_loss":0,"event_name":"Bonfire Elementals","floor":8,"gold_loss":0},{"damage_healed":0,"gold_gain":0,"player_choice":"Ignored","damage_taken":0,"max_hp_gain":0,"max_hp_loss":0,"event_name":"Shining Light","floor":13,"gold_loss":0},{"damage_healed":0,"gold_gain":75,"player_choice":"Gather Gold","damage_taken":11,"max_hp_gain":0,"max_hp_loss":0,"event_name":"World of Goop","floor":14,"gold_loss":0}],"is_beta":false,"boss_relics":[],"items_purged_floors":[],"is_endless":false,"potions_floor_spawned":[5,7,11],"killed_by":"The Guardian","ascension_level":3}}