{"host":"ws4mzzemcqsz5e2k","time":1611417369,"event":{"mods":["Act Like it!","BaseMod","Better Synergies","Colored Powertips","Downfall","Minty Spire (QoL Compilation)","Quick Restart","Relic Stats","StSLib","没有小屋子和绿帽子啦"],"gold_per_floor":[99,117,999999,999999,1000015,1000045,1000045,1000072,1000085,1000111,1000211,1000228,999654,999671,999691,999766,999766,999766,999786,999803,999803,999814,999826,999851,999862,999872,999872,999904,999518,999218,999245,999264,999341,999341,999341,999360,999375,999391,999391,999418,999418,998685,998685,998704,998751,998751,998062,998074,998087,998164,998164,998195,997427,997427,997505,997505,997505,997505],"floor_reached":56,"language":"ZHS","playtime":3929,"items_purged":["bronze:Strike","bronze:Defend","bronze:Defend","bronze:Philosophize","bronze:Fortify+1"],"score":2315,"play_id":"d2def570-13c8-4ecf-b2d2-864019d1e881","local_time":"20210123235609","daily_mods":["Heirloom","downfall:Lament","Elite Swarm","Uncertain Future"],"is_ascension_mode":true,"campfire_choices":[{"data":"bronze:Goto","floor":1.0,"key":"SMITH"},{"floor":18.0,"key":"RECALL"},{"floor":30.0,"key":"REST"},{"data":"bronze:GetLatest","floor":35.0,"key":"SMITH"},{"data":"bronze:Flail","floor":43,"key":"SMITH"},{"data":"1","floor":46,"key":"LIFT"},{"data":"2","floor":54,"key":"LIFT"}],"circlet_count":0,"master_deck":["AscendersBane","bronze:Replicate","bronze:Goto+1","bronze:Flail+1","bronze:Verify","bronze:BurnOut","bronze:FindAndReplace","bronze:Turbo+1","bronze:ItsAFeature","bronze:Iterate+1","bronze:Invalidate","bronze:Goto+1","bronze:GetLatest+1","bronze:BronzeOrb+1","bronze:Philosophize+1","bronze:Return+1","bronze:FineTuning+1"],"relics":["bronze:BronzeCore","NeowsBlessing","TungstenRod","hexamod:CandleOfCauterizing","White Beast Statue","Dream Catcher","Molten Egg 2","Oddly Smooth Stone","Du-Vu Doll","Philosopher\u0027s Stone","Mummified Hand","MealTicket","Eternal Feather","Medical Kit","downfall:HeartBlessingRed","downfall:HeartBlessingGreen","downfall:HeartBlessingBlue","Blood Vial","Coffee Dripper","Anchor","Meat on the Bone","TheAbacus","Lantern","Shuriken","Girya","Slimebound:PreparedRelic","StrikeDummy","Ornamental Fan","bronze:BronzeIdol","Boot","OrangePellets"],"acts_visited":["Exordium","TheCity","TheBeyond","TheEnding"],"potions_floor_usage":[52,56,56],"damage_taken":[{"damage":0.0,"enemies":"Jaw Worm","floor":2.0,"turns":1.0},{"damage":0.0,"enemies":"Cultist","floor":3.0,"turns":1.0},{"damage":0.0,"enemies":"Small Slimes","floor":5.0,"turns":1.0},{"damage":0.0,"enemies":"Lagavulin","floor":6.0,"turns":7.0},{"damage":24.0,"enemies":"3 Sentries","floor":8.0,"turns":8.0},{"damage":3.0,"enemies":"2 Fungi Beasts","floor":9.0,"turns":3.0},{"damage":10.0,"enemies":"Gremlin Nob","floor":10.0,"turns":3.0},{"damage":10.0,"enemies":"downfall:Heads","floor":11.0,"turns":3.0},{"damage":0.0,"enemies":"Gremlin Gang","floor":12.0,"turns":1.0},{"damage":0.0,"enemies":"downfall:FleeingMerchant","floor":13.0,"turns":4.0},{"damage":0.0,"enemies":"Blue Slaver","floor":14.0,"turns":1.0},{"damage":0.0,"enemies":"Exordium Wildlife","floor":15.0,"turns":1.0},{"damage":0.0,"enemies":"IC_STATUS_ARCHETYPE","floor":16.0,"turns":4.0},{"damage":0.0,"enemies":"3 Byrds","floor":19.0,"turns":3.0},{"damage":6.0,"enemies":"Snake Plant","floor":20.0,"turns":3.0},{"damage":11.0,"enemies":"3 Cultists","floor":22.0,"turns":4.0},{"damage":0.0,"enemies":"Snecko","floor":23.0,"turns":3.0},{"damage":0.0,"enemies":"Chosen and Byrds","floor":25.0,"turns":3.0},{"damage":16.0,"enemies":"Centurion and Healer","floor":26.0,"turns":2.0},{"damage":16.0,"enemies":"Book of Stabbing","floor":28.0,"turns":2.0},{"damage":4.0,"enemies":"downfall:FleeingMerchant","floor":29.0,"turns":4.0},{"damage":2.0,"enemies":"Gremlin Leader","floor":31.0,"turns":3.0},{"damage":0.0,"enemies":"Snake Plant","floor":32.0,"turns":1.0},{"damage":34.0,"enemies":"WA_ARCHETYPE_CALM","floor":33.0,"turns":4.0},{"damage":0.0,"enemies":"3 Darklings","floor":36.0,"turns":2.0},{"damage":16.0,"enemies":"3 Shapes","floor":37.0,"turns":1.0},{"damage":22.0,"enemies":"Maw","floor":38.0,"turns":3.0},{"damage":0.0,"enemies":"Reptomancer","floor":40.0,"turns":2.0},{"damage":0,"enemies":"Jaw Worm Horde","floor":44,"turns":2},{"damage":8,"enemies":"2 Orb Walkers","floor":45,"turns":2},{"damage":0,"enemies":"Sphere and 2 Shapes","floor":48,"turns":1},{"damage":0,"enemies":"Writhing Mass","floor":49,"turns":2},{"damage":0,"enemies":"DF_ARCHETYPE_ORBS","floor":50,"turns":3},{"damage":0,"enemies":"downfall:CharBossMerchant","floor":52,"turns":3},{"damage":0,"enemies":"downfall:NeowBoss","floor":55,"turns":5},{"damage":101,"enemies":"downfall:NeowBossFinal","floor":56,"turns":5}],"seed_played":"-2749001909618329277","potions_obtained":[{"floor":2.0,"key":"PowerPotion"},{"floor":3.0,"key":"bronze:CleanCodePotion"},{"floor":9.0,"key":"DuplicationPotion"},{"floor":10.0,"key":"bronze:FreeFunctionsPotion"},{"floor":11.0,"key":"Strength Potion"},{"floor":12.0,"key":"EntropicBrew"},{"floor":14.0,"key":"Strength Potion"},{"floor":16.0,"key":"Swift Potion"},{"floor":19.0,"key":"Fire Potion"},{"floor":20.0,"key":"champ:CounterPotion"},{"floor":22.0,"key":"Block Potion"},{"floor":23.0,"key":"SkillPotion"},{"floor":25.0,"key":"Ancient Potion"},{"floor":26.0,"key":"Regen Potion"},{"floor":28.0,"key":"ColorlessPotion"},{"floor":29.0,"key":"Fire Potion"},{"floor":31.0,"key":"ColorlessPotion"},{"floor":32.0,"key":"PowerPotion"},{"floor":33.0,"key":"SteroidPotion"},{"floor":36.0,"key":"champ:CounterPotion"},{"floor":37.0,"key":"Swift Potion"},{"floor":38.0,"key":"AttackPotion"},{"floor":40.0,"key":"BlessingOfTheForge"},{"floor":44,"key":"Block Potion"},{"floor":52,"key":"FearPotion"}],"is_trial":true,"path_per_floor":["R","M","M","?","M","E","T","E","M","E","?","M","$","M","M","B",null,"R","M","M","?","M","M","T","M","M","?","E","$","R","E","M","B",null,"R","M","M","M","?","E","T","$","R","M","?","R","$","M","M","B",null,"E","$","R","B","B"],"character_chosen":"THE_AUTOMATON","items_purchased":["Oddly Smooth Stone","Du-Vu Doll","MealTicket","Eternal Feather","Medical Kit","TheAbacus","Lantern","Shuriken","Slimebound:PreparedRelic","StrikeDummy","bronze:BronzeIdol","Boot","OrangePellets","Swift Potion","ColorlessPotion"],"campfire_rested":1,"item_purchase_floors":[13,13,29,29,29,42,42,42,47,47,53,53,53,53,53],"current_hp_per_floor":[57,57,57,57,57,57,57,33,30,20,10,10,10,10,10,10,50,50,50,44,44,33,33,33,33,17,17,6,2,42,40,42,10,57,66,68,54,34,83,83,83,83,83,83,75,83,83,83,83,83,83,83,83,83,83,0,0,0],"gold":997505,"neow_bonus":"","is_daily":false,"chose_seed":false,"campfire_upgraded":3,"win_rate":0.0,"timestamp":1611417369,"path_taken":["R","M","M","?","?","E","T","E","M","E","?","M","$","M","M","BOSS","R","M","M","?","M","?","T","M","M","?","E","$","R","E","M","BOSS","R","M","M","M","?","E","T","$","R","M","?","R","?","M","M","BOSS","E","$","R","BOSS","BOSS"],"items_purchased_type":["Relic","Relic","Relic","Relic","Relic","Relic","Relic","Relic","Relic","Relic","Relic","Relic","Relic","Potion","Potion"],"build_version":"2020-12-22","purchased_purges":5,"victory":false,"max_hp_per_floor":[63,63,63,63,63,63,63,63,63,63,63,63,63,63,63,63,63,63,63,63,63,63,63,63,63,63,63,63,63,73,73,73,73,73,73,73,73,73,83,83,83,83,83,83,83,83,83,83,83,83,83,83,83,83,83,83,83,83],"relic_stats":{"counters":[36,101],"Eternal Feather":26,"Medical Kit":[10],"Boot":[0],"Blood Vial":10,"OrangePellets":[2],"Dream Catcher":1,"TheAbacus":[204],"Mummified Hand":[30],"Shuriken":[20],"Ornamental Fan":[24],"MealTicket":0,"obtain_stats":[{"Lantern":42,"bronze:BronzeCore":0,"downfall:HeartBlessingGreen":30,"Boot":53,"Blood Vial":31,"Dream Catcher":8,"TheAbacus":42,"Mummified Hand":28,"downfall:HeartBlessingBlue":30,"Philosopher\u0027s Stone":17,"MealTicket":29,"Girya":45,"hexamod:CandleOfCauterizing":6,"NeowsBlessing":0,"downfall:HeartBlessingRed":30,"Oddly Smooth Stone":13,"Eternal Feather":29,"Medical Kit":29,"White Beast Statue":7,"bronze:BronzeIdol":53,"Du-Vu Doll":13,"OrangePellets":53,"Anchor":40,"Shuriken":42,"Ornamental Fan":52,"Molten Egg 2":10,"Slimebound:PreparedRelic":47,"Coffee Dripper":34,"StrikeDummy":47,"TungstenRod":0,"Meat on the Bone":41},{"Lantern":28,"bronze:BronzeCore":0,"downfall:HeartBlessingGreen":21,"Boot":34,"Blood Vial":22,"Dream Catcher":5,"TheAbacus":28,"Mummified Hand":20,"downfall:HeartBlessingBlue":21,"Philosopher\u0027s Stone":13,"MealTicket":21,"Girya":30,"hexamod:CandleOfCauterizing":4,"NeowsBlessing":0,"downfall:HeartBlessingRed":21,"Oddly Smooth Stone":10,"Eternal Feather":21,"Medical Kit":21,"White Beast Statue":4,"bronze:BronzeIdol":34,"Du-Vu Doll":10,"OrangePellets":34,"Anchor":28,"Shuriken":28,"Ornamental Fan":34,"Molten Egg 2":7,"Slimebound:PreparedRelic":30,"Coffee Dripper":24,"StrikeDummy":30,"TungstenRod":0,"Meat on the Bone":28},{"Lantern":78,"bronze:BronzeCore":0,"downfall:HeartBlessingGreen":62,"Boot":91,"Blood Vial":65,"Dream Catcher":18,"TheAbacus":78,"Mummified Hand":58,"downfall:HeartBlessingBlue":62,"Philosopher\u0027s Stone":38,"MealTicket":62,"Girya":82,"hexamod:CandleOfCauterizing":10,"NeowsBlessing":0,"downfall:HeartBlessingRed":62,"Oddly Smooth Stone":32,"Eternal Feather":62,"Medical Kit":62,"White Beast Statue":10,"bronze:BronzeIdol":91,"Du-Vu Doll":32,"OrangePellets":91,"Anchor":78,"Shuriken":78,"Ornamental Fan":91,"Molten Egg 2":24,"Slimebound:PreparedRelic":82,"Coffee Dripper":70,"StrikeDummy":82,"TungstenRod":0,"Meat on the Bone":78}],"TungstenRod":34,"Meat on the Bone":0},"card_choices":[{"not_picked":["bronze:DelayedSlice","bronze:OilSpill","bronze:Frontload"],"picked":"SKIP","floor":2.0},{"not_picked":["bronze:DarkDash","bronze:Separator"],"picked":"bronze:Flail","floor":3.0},{"not_picked":["bronze:Overheat","bronze:DelayedGuard","bronze:Shield"],"picked":"SKIP","floor":5.0},{"not_picked":["bronze:Overheat","bronze:DelayedGuard","bronze:Shield"],"picked":"SKIP","floor":5.0},{"not_picked":["bronze:HardenedForm","bronze:InfiniteLoop"],"picked":"bronze:Verify","floor":6.0},{"not_picked":["bronze:TinkerersToolbox","bronze:InfiniteLoop"],"picked":"bronze:BurnOut","floor":8.0},{"not_picked":["bronze:BronzeOrb","bronze:InfiniteBeams","bronze:Frontload"],"picked":"SKIP","floor":9.0},{"not_picked":["bronze:TinkerersToolbox","bronze:HyperBeam+1"],"picked":"bronze:FindAndReplace","floor":10.0},{"not_picked":["bronze:OilSpill+1","bronze:MaxOutput"],"picked":"bronze:Turbo","floor":11.0},{"not_picked":["bronze:Overheat+1","bronze:CutThrough+1","bronze:ClassDefault"],"picked":"SKIP","floor":12.0},{"not_picked":["bronze:Return","bronze:BugBarrage+1"],"picked":"bronze:Iterate+1","floor":13.0},{"not_picked":["bronze:InfiniteLoop+1","bronze:Repulsor"],"picked":"bronze:Invalidate","floor":14.0},{"not_picked":["bronze:DarkDash+1","bronze:BronzeOrb+1","bronze:Overload"],"picked":"SKIP","floor":15.0},{"not_picked":["bronze:Iterate+1","bronze:Frontload","bronze:Constructor"],"picked":"SKIP","floor":19.0},{"not_picked":["bronze:BuggyMess","bronze:Overheat+1","bronze:Separator+1"],"picked":"SKIP","floor":20.0},{"not_picked":["bronze:Branch+1","bronze:Backtrace+1","bronze:ItsAFeature"],"picked":"SKIP","floor":22.0},{"not_picked":["bronze:BuggyMess","bronze:BugBarrage+1"],"picked":"bronze:Virus+1","floor":23.0},{"not_picked":["bronze:FollowUp+1","bronze:Shield"],"picked":"bronze:Philosophize","floor":25.0},{"not_picked":["bronze:Frontload+1","bronze:OilSpill+1"],"picked":"bronze:GetLatest","floor":26.0},{"not_picked":["bronze:ThunderWave+1","bronze:InfiniteLoop+1","bronze:SpaghettiCode"],"picked":"SKIP","floor":28.0},{"not_picked":["bronze:Iterate+1","bronze:Turbo+1","bronze:Optimize"],"picked":"SKIP","floor":29.0},{"not_picked":["bronze:HyperBeam+1","bronze:TinkerersToolbox","bronze:Format"],"picked":"SKIP","floor":31.0},{"not_picked":["bronze:Frontload","bronze:Iterate+1","bronze:Backtrace+1"],"picked":"SKIP","floor":32.0},{"not_picked":["bronze:Branch+1","bronze:Iterate+1","bronze:WildBeam+1"],"picked":"SKIP","floor":36.0},{"not_picked":["bronze:Backtrace+1","bronze:Flail+1","bronze:Invalidate"],"picked":"SKIP","floor":37.0},{"not_picked":["bronze:CloningBeam+1","bronze:Repulsor","bronze:Boost"],"picked":"SKIP","floor":38.0},{"not_picked":["bronze:HyperBeam+1","bronze:InfiniteLoop+1","bronze:AlphaBuild+1"],"picked":"SKIP","floor":40.0},{"not_picked":["bronze:WhirlingStrike+1","bronze:Branch+1"],"picked":"bronze:Philosophize+1","floor":44},{"not_picked":["bronze:DarkDash+1","bronze:BugBarrage+1"],"picked":"bronze:Return+1","floor":45},{"not_picked":["bronze:Iterate+1","bronze:Terminator"],"picked":"bronze:FineTuning+1","floor":48},{"not_picked":["bronze:DelayedSlice+1","bronze:FollowUp+1","bronze:Deprecate"],"picked":"SKIP","floor":49},{"not_picked":["bronze:Format","bronze:Break+1","bronze:HyperBeam+1"],"picked":"SKIP","floor":52}],"player_experience":1661020,"relics_obtained":[{"floor":6.0,"key":"hexamod:CandleOfCauterizing"},{"floor":7.0,"key":"White Beast Statue"},{"floor":8.0,"key":"Dream Catcher"},{"floor":10.0,"key":"Molten Egg 2"},{"floor":28.0,"key":"Mummified Hand"},{"floor":31.0,"key":"Blood Vial"},{"floor":40.0,"key":"Anchor"},{"floor":41.0,"key":"Meat on the Bone"},{"floor":45,"key":"Girya"},{"floor":52,"key":"Ornamental Fan"}],"event_choices":[{"cards_removed":["bronze:Strike"],"damage_healed":0.0,"max_hp_gain":0.0,"max_hp_loss":0.0,"gold_gain":0.0,"event_name":"Bonfire Elementals","player_choice":"Offered Basic","floor":4.0,"gold_loss":0.0,"damage_taken":0.0},{"damage_healed":0.0,"max_hp_gain":0.0,"max_hp_loss":0.0,"gold_gain":0.0,"cards_transformed":["bronze:Defend","bronze:Defend"],"event_name":"Drug Dealer","player_choice":"Became Test Subject","floor":27.0,"gold_loss":0.0,"damage_taken":0.0,"cards_obtained":["bronze:Fortify","bronze:BronzeOrb"]},{"damage_healed":0,"gold_gain":0,"player_choice":"Fight","damage_taken":0,"max_hp_gain":0,"max_hp_loss":0,"event_name":"Mysterious Sphere","floor":45,"gold_loss":0}],"is_beta":false,"boss_relics":[{"not_picked":["expansioncontent:StudyCardRelic","Empty Cage"],"picked":"Philosopher\u0027s Stone"},{"not_picked":["Astrolabe","Cursed Key"],"picked":"Coffee Dripper"}],"items_purged_floors":[13,29,42,47,53],"is_endless":true,"potions_floor_spawned":[2,3,8,9,10,11,12,13,14,15,16,19,20,22,23,25,26,28,29,31,32,33,36,37,38,40,44,45,48,49,50,52,55],"killed_by":"downfall:NeowBossFinal","ascension_level":20}}