{"host":"k7udt7atmcuzf6l0","time":1611370038,"event":{"mods":["AchievementEnabler","BaseMod","Colored Map","Colored Powertips","Highlight Path","Minty Spire (QoL Compilation)","Quick Restart","Rare Cards Sparkle","StSLib","UnlockEverythingMod"],"gold_per_floor":[119,136,6,25,25,25,359,359,359,359,434,399,440,463,463,463,463],"floor_reached":16,"language":"ZHT","playtime":637,"items_purged":[],"score":133,"play_id":"c0723742-41c0-463d-88cc-a4af8b5087ea","local_time":"20210123104718","is_ascension_mode":false,"campfire_choices":[{"data":"Body Slam","floor":6,"key":"SMITH"},{"data":"Dual Wield","floor":8,"key":"SMITH"},{"data":"Feed","floor":10,"key":"SMITH"},{"data":"Pommel Strike","floor":15,"key":"SMITH"}],"circlet_count":0,"master_deck":["Strike_R","Strike_R","Strike_R","Strike_R","Strike_R","Defend_R","Defend_R","Defend_R","Defend_R","Bash","Feed+1","Body Slam+1","Dual Wield+1","Sword Boomerang","Iron Wave","Clash","Pommel Strike+1"],"relics":["Burning Blood","Golden Idol","Old Coin","Eternal Feather","Incense Burner"],"acts_visited":["Exordium"],"potions_floor_usage":[7,7],"damage_taken":[{"damage":6,"enemies":"Cultist","floor":1,"turns":3},{"damage":12,"enemies":"Small Slimes","floor":2,"turns":4},{"damage":9,"enemies":"2 Louse","floor":4,"turns":4},{"damage":25,"enemies":"3 Sentries","floor":7,"turns":10},{"damage":53,"enemies":"Lagavulin","floor":13,"turns":9},{"damage":0,"enemies":"Large Slime","floor":14,"turns":5},{"damage":38,"enemies":"The Guardian","floor":16,"turns":4}],"seed_played":"-4627536902527208008","potions_obtained":[{"floor":1,"key":"Swift Potion"},{"floor":4,"key":"LiquidMemories"}],"is_trial":false,"path_per_floor":["M","M","$","M","?","R","E","R","T","R","?","?","E","M","R","B"],"character_chosen":"IRONCLAD","items_purchased":["Dual Wield","Sword Boomerang"],"campfire_rested":0,"item_purchase_floors":[3,3],"current_hp_per_floor":[83,80,80,80,58,58,42,42,42,51,40,63,16,26,35,0,0],"gold":463,"neow_bonus":"ONE_RANDOM_RARE_CARD","is_daily":false,"chose_seed":false,"campfire_upgraded":4,"win_rate":0.0,"timestamp":1611370038,"path_taken":["M","M","$","?","?","R","E","R","T","R","?","?","E","M","R","BOSS"],"items_purchased_type":["Card","Card"],"build_version":"2020-12-22","purchased_purges":0,"victory":false,"max_hp_per_floor":[83,86,86,89,89,89,92,92,92,92,92,92,92,96,96,96,96],"card_choices":[{"not_picked":["Entrench","Heavy Blade","Rupture"],"picked":"SKIP","floor":1},{"not_picked":["Uppercut","Warcry"],"picked":"Body Slam","floor":2},{"not_picked":["Heavy Blade","Perfected Strike"],"picked":"Iron Wave","floor":4},{"not_picked":["Body Slam","Perfected Strike"],"picked":"Clash","floor":7},{"not_picked":["Feel No Pain","Sword Boomerang","Cleave"],"picked":"SKIP","floor":13},{"not_picked":["Ghostly Armor","Power Through"],"picked":"Pommel Strike","floor":14}],"player_experience":104794,"relics_obtained":[{"floor":7,"key":"Old Coin"},{"floor":9,"key":"Eternal Feather"},{"floor":13,"key":"Incense Burner"}],"event_choices":[{"damage_healed":0,"gold_gain":0,"player_choice":"Take Damage","damage_taken":22,"relics_obtained":["Golden Idol"],"max_hp_gain":0,"max_hp_loss":0,"event_name":"Golden Idol","floor":5,"gold_loss":0},{"damage_healed":0,"gold_gain":75,"player_choice":"Gather Gold","damage_taken":11,"max_hp_gain":0,"max_hp_loss":0,"event_name":"World of Goop","floor":11,"gold_loss":0},{"damage_healed":23,"gold_gain":0,"player_choice":"Healed","damage_taken":0,"max_hp_gain":0,"max_hp_loss":0,"event_name":"The Cleric","floor":12,"gold_loss":35}],"is_beta":false,"boss_relics":[],"items_purged_floors":[],"is_endless":false,"potions_floor_spawned":[1,4],"killed_by":"The Guardian","ascension_level":0}}