{"host":"tq7pufgtqftqw8yr","time":1611410267,"event":{"mods":["BaseMod","Downfall","Minty Spire (QoL Compilation)","StSLib"],"gold_per_floor":[99,116,116,101,116,16,39,55,72,72,85,112,12,22,33,33,33,33],"floor_reached":16,"language":"ZHS","playtime":1157,"items_purged":[],"score":104,"play_id":"f630fed7-d985-4f32-877a-cecd13a7f84c","local_time":"20210123215747","is_ascension_mode":false,"campfire_choices":[{"floor":1,"key":"RECALL"},{"data":"bronze:GetLatest","floor":6,"key":"SMITH"},{"data":"bronze:Separator","floor":10,"key":"SMITH"},{"floor":13,"key":"REST"}],"circlet_count":0,"master_deck":["bronze:Strike","bronze:Strike","bronze:Strike","bronze:Defend","bronze:Defend","bronze:Defend","bronze:Defend","bronze:Replicate","bronze:Goto","bronze:Separator+1","bronze:GetLatest+1","bronze:Invalidate","bronze:Safeguard","bronze:AlphaBuild","bronze:Allocate","bronze:Terminator"],"relics":["bronze:BronzeCore","downfall:HeartBlessingRed","Art of War","downfall:HeartBlessingBlue"],"acts_visited":["Exordium"],"potions_floor_usage":[],"damage_taken":[{"damage":0,"enemies":"2 Louse","floor":2,"turns":1},{"damage":0,"enemies":"downfall:FleeingMerchant","floor":4,"turns":4},{"damage":0,"enemies":"Cultist","floor":5,"turns":3},{"damage":11,"enemies":"Jaw Worm","floor":8,"turns":2},{"damage":8,"enemies":"Lots of Slimes","floor":9,"turns":3},{"damage":1,"enemies":"3 Louse","floor":11,"turns":2},{"damage":1,"enemies":"Gremlin Nob","floor":12,"turns":3},{"damage":11,"enemies":"Lots of Slimes","floor":14,"turns":5},{"damage":0,"enemies":"Exordium Thugs","floor":15,"turns":2},{"damage":73,"enemies":"IC_STATUS_ARCHETYPE","floor":16,"turns":8}],"seed_played":"-1057348723950496062","potions_obtained":[{"floor":5,"key":"Fire Potion"},{"floor":9,"key":"EntropicBrew"},{"floor":11,"key":"Ancient Potion"},{"floor":14,"key":"bronze:BurnAndBuffPotion"}],"is_trial":false,"path_per_floor":["R","M","?","$","M","R","T","M","M","R","M","E","R","M","M","B"],"character_chosen":"THE_AUTOMATON","items_purchased":[],"campfire_rested":1,"item_purchase_floors":[],"current_hp_per_floor":[70,70,70,70,70,70,70,59,51,51,50,49,80,69,69,0,0,0],"gold":33,"neow_bonus":"THREE_CARDS","is_daily":false,"chose_seed":false,"campfire_upgraded":2,"win_rate":0.0,"timestamp":1611410267,"path_taken":["R","M","?","?","M","R","T","M","M","R","M","E","R","M","M","BOSS"],"items_purchased_type":[],"build_version":"2020-12-22","purchased_purges":0,"victory":false,"max_hp_per_floor":[70,70,70,70,70,70,70,70,70,70,70,70,80,80,80,80,80,80],"card_choices":[{"not_picked":["bronze:ChosenStrike","bronze:DelayedGuard"],"picked":"bronze:Separator","floor":0},{"not_picked":["bronze:Turbo","bronze:Return","bronze:Fortify"],"picked":"SKIP","floor":2},{"not_picked":["bronze:BronzeOrb","bronze:Turbo"],"picked":"bronze:Invalidate","floor":4},{"not_picked":["bronze:Fortify","bronze:BronzeOrb","bronze:BuggyMess"],"picked":"SKIP","floor":5},{"not_picked":["bronze:Frontload","bronze:CutThrough"],"picked":"bronze:Safeguard","floor":8},{"not_picked":["bronze:CutThrough","bronze:DelayedSlice","bronze:Separator"],"picked":"SKIP","floor":9},{"not_picked":["bronze:Shield","bronze:BugBarrage","bronze:WildBeam"],"picked":"SKIP","floor":11},{"not_picked":["bronze:Iterate","bronze:DarkDash"],"picked":"bronze:AlphaBuild","floor":12},{"not_picked":["bronze:Deprecate","bronze:FollowUp"],"picked":"bronze:Allocate","floor":14},{"not_picked":["bronze:Turbo","bronze:DelayedGuard"],"picked":"bronze:Terminator","floor":15}],"player_experience":802364,"relics_obtained":[{"floor":12,"key":"Art of War"}],"event_choices":[],"is_beta":false,"boss_relics":[],"items_purged_floors":[],"is_endless":false,"potions_floor_spawned":[5,9,11,12,14],"killed_by":"IC_STATUS_ARCHETYPE","ascension_level":0}}