{"host":"jkv7p1g4a08kh4zt","time":1611395520,"event":{"mods":["BaseMod","Downfall","Minty Spire (QoL Compilation)","StSLib"],"gold_per_floor":[99,99,99,99,99,12,12,12,31,106,106,140,40,25,40,40,40,40],"floor_reached":16,"language":"ENG","playtime":625,"items_purged":[],"score":94,"play_id":"6a191f4c-a114-43b1-9fba-e67bb42ff7e6","local_time":"20210123095200","is_ascension_mode":false,"campfire_choices":[{"floor":1,"key":"RECALL"},{"data":"Slimebound:CorrosiveSpit","floor":8,"key":"SMITH"},{"data":"Slimebound:ViciousTackle","floor":13,"key":"SMITH"}],"circlet_count":0,"master_deck":["Slimebound:Strike_Slimebound","Slimebound:Strike_Slimebound","Slimebound:Strike_Slimebound","Slimebound:Tackle","Slimebound:Defend_Slimebound","Slimebound:Defend_Slimebound","Slimebound:Defend_Slimebound","Slimebound:Defend_Slimebound","Slimebound:CorrosiveSpit+1","Slimebound:MegaLick","Slimebound:LeechLife","Slimebound:RejuvenatingLick","Slimebound:SamplingLick","Slimebound:GoopSpray","Slimebound:ItLooksTasty","Slimebound:SamplingLick","Slimebound:ViciousTackle+1","Regret","Slimebound:RainOfGoop","Slimebound:Schlurp"],"relics":["Slimebound:AbsorbEndCombat","downfall:HeartsMalice","Happy Flower","Strawberry","CaptainsWheel","downfall:HeartBlessingRed"],"acts_visited":["Exordium"],"potions_floor_usage":[],"damage_taken":[{"damage":0,"enemies":"downfall:FleeingMerchant","floor":2,"turns":1},{"damage":0,"enemies":"Jaw Worm","floor":4,"turns":1},{"damage":0,"enemies":"Cultist","floor":5,"turns":1},{"damage":0,"enemies":"downfall:FleeingMerchant","floor":6,"turns":4},{"damage":0,"enemies":"2 Louse","floor":9,"turns":2},{"damage":14,"enemies":"Lagavulin","floor":12,"turns":6},{"damage":19,"enemies":"downfall:FleeingMerchant","floor":14,"turns":4},{"damage":4,"enemies":"Blue Slaver","floor":15,"turns":2},{"damage":68,"enemies":"IC_STATUS_ARCHETYPE","floor":16,"turns":8}],"seed_played":"5790780616938722598","potions_obtained":[{"floor":9,"key":"bronze:BurnAndBuffPotion"},{"floor":12,"key":"Regen Potion"},{"floor":15,"key":"EssenceOfSteel"}],"is_trial":false,"path_per_floor":["R","$","?","M","M","$","T","R","M","?","?","E","R","$","M","B"],"character_chosen":"SLIMEBOUND","items_purchased":["Slimebound:ItLooksTasty","Slimebound:SamplingLick"],"campfire_rested":0,"item_purchase_floors":[6,6],"current_hp_per_floor":[65,65,65,65,65,65,65,65,65,65,72,61,61,59,59,0,0,0],"gold":40,"neow_bonus":"THREE_ENEMY_KILL","is_daily":false,"chose_seed":false,"campfire_upgraded":2,"win_rate":0.0,"timestamp":1611395520,"path_taken":["R","$","?","?","M","$","T","R","M","?","?","E","R","?","M","BOSS"],"items_purchased_type":["Card","Card"],"build_version":"2020-12-22","purchased_purges":0,"victory":false,"max_hp_per_floor":[65,65,65,65,65,65,65,65,65,65,72,72,72,72,72,72,72,72],"card_choices":[{"not_picked":["Slimebound:Prepare","Slimebound:SplitLeeching"],"picked":"Slimebound:MegaLick","floor":2},{"not_picked":["Slimebound:SplitBruiser","Slimebound:SlimeSpikes"],"picked":"Slimebound:RejuvenatingLick","floor":4},{"not_picked":["Slimebound:ItLooksTasty","Slimebound:SplitLeeching"],"picked":"Slimebound:SamplingLick","floor":5},{"not_picked":["Slimebound:LeechingTouch","Slimebound:ItLooksTasty"],"picked":"Slimebound:GoopSpray","floor":6},{"not_picked":["Slimebound:PressTheAttack","Slimebound:Prepare"],"picked":"Slimebound:ViciousTackle","floor":9},{"not_picked":["Slimebound:FormOfPuddle","Slimebound:Prepare"],"picked":"Slimebound:RainOfGoop","floor":12},{"not_picked":["Slimebound:LevelUp","Slimebound:PrepareCrush","Slimebound:Equalize"],"picked":"SKIP","floor":14},{"not_picked":["Slimebound:DivideAndConquer","Slimebound:LeadByExample"],"picked":"Slimebound:Schlurp","floor":15}],"player_experience":42718,"relics_obtained":[{"floor":7,"key":"Happy Flower"},{"floor":12,"key":"CaptainsWheel"}],"event_choices":[{"damage_healed":0,"gold_gain":0,"player_choice":"Box","damage_taken":0,"relics_obtained":["Strawberry"],"max_hp_gain":0,"max_hp_loss":0,"event_name":"Big Fish","floor":11,"gold_loss":0,"cards_obtained":["Regret"]}],"is_beta":false,"boss_relics":[],"items_purged_floors":[],"is_endless":false,"potions_floor_spawned":[9,12,15],"killed_by":"IC_STATUS_ARCHETYPE","ascension_level":0}}