{"host":"b1dzdo8uo7e6jx8g","time":1611412613,"event":{"mods":["AchievementEnabler","BaseMod","BetterRewards","Colored Map","Highlight Path","Minty Spire (QoL Compilation)","StSLib"],"gold_per_floor":[114,114,114,127,48,48,73,91,91,91,162,198,216,491,491,491,491],"floor_reached":16,"language":"ENG","playtime":326,"items_purged":[],"score":100,"play_id":"421c53f0-3f36-41a8-b38d-85ca32c689eb","local_time":"20210123153653","is_ascension_mode":false,"campfire_choices":[{"data":"Infinite Blades","floor":6,"key":"SMITH"},{"data":"Infinite Blades","floor":10,"key":"SMITH"},{"floor":15,"key":"REST"}],"circlet_count":0,"master_deck":["Strike_G","Strike_G+1","Strike_G","Strike_G","Strike_G","Defend_G","Defend_G","Defend_G","Defend_G","Defend_G","Survivor","Neutralize","Quick Slash+1","Injury","Infinite Blades+1","Infinite Blades+1","PiercingWail","Regret"],"relics":["Ring of the Snake","NeowsBlessing","Golden Idol","Frozen Egg 2","Blue Candle","PreservedInsect"],"acts_visited":["Exordium"],"potions_floor_usage":[12],"damage_taken":[{"damage":0,"enemies":"2 Louse","floor":1,"turns":1},{"damage":0,"enemies":"Small Slimes","floor":4,"turns":1},{"damage":0,"enemies":"Jaw Worm","floor":7,"turns":1},{"damage":0,"enemies":"Exordium Wildlife","floor":8,"turns":3},{"damage":14,"enemies":"Gremlin Nob","floor":11,"turns":4},{"damage":24,"enemies":"Gremlin Nob","floor":12,"turns":4},{"damage":11,"enemies":"3 Louse","floor":13,"turns":4},{"damage":28,"enemies":"Hexaghost","floor":16,"turns":9}],"seed_played":"5885183463615554585","potions_obtained":[{"floor":4,"key":"CultistPotion"},{"floor":8,"key":"CunningPotion"},{"floor":12,"key":"ColorlessPotion"}],"is_trial":false,"path_per_floor":["M","?","?","M","$","R","M","M","T","R","?","E","M","?","R","B"],"character_chosen":"THE_SILENT","items_purchased":["Infinite Blades"],"campfire_rested":1,"item_purchase_floors":[5],"current_hp_per_floor":[70,56,56,56,56,56,56,56,56,56,42,18,7,7,28,0,0],"gold":491,"neow_bonus":"THREE_ENEMY_KILL","is_daily":false,"chose_seed":false,"campfire_upgraded":2,"win_rate":0.0,"timestamp":1611412613,"path_taken":["M","?","?","M","?","R","?","M","T","R","?","E","M","?","R","BOSS"],"items_purchased_type":["Card"],"build_version":"2020-12-22","purchased_purges":0,"victory":false,"max_hp_per_floor":[70,70,70,70,70,70,70,70,70,70,70,70,70,70,70,70,70],"card_choices":[{"not_picked":["Dagger Spray","Deflect"],"picked":"Quick Slash","floor":1},{"not_picked":["Eviscerate","Prepared","Leg Sweep"],"picked":"SKIP","floor":4},{"not_picked":["Expertise","Dagger Spray","Prepared"],"picked":"SKIP","floor":7},{"not_picked":["Poisoned Stab","Backflip"],"picked":"Infinite Blades","floor":8},{"not_picked":["Concentrate","Poisoned Stab","PiercingWail"],"picked":"SKIP","floor":12},{"not_picked":["Concentrate","Poisoned Stab"],"picked":"PiercingWail","floor":12},{"not_picked":["Flechettes","Acrobatics","Wraith Form v2+1"],"picked":"SKIP","floor":13}],"player_experience":224299,"relics_obtained":[{"floor":9,"key":"Frozen Egg 2"},{"floor":11,"key":"Blue Candle"},{"floor":12,"key":"PreservedInsect"}],"event_choices":[{"damage_healed":0,"gold_gain":0,"player_choice":"Entered Light","damage_taken":14,"max_hp_gain":0,"max_hp_loss":0,"event_name":"Shining Light","floor":2,"gold_loss":0,"cards_upgraded":["Strike_G","Quick Slash"]},{"damage_healed":0,"gold_gain":0,"player_choice":"Take Wound","damage_taken":0,"relics_obtained":["Golden Idol"],"max_hp_gain":0,"max_hp_loss":0,"event_name":"Golden Idol","floor":3,"gold_loss":0,"cards_obtained":["Injury"]},{"damage_healed":0,"gold_gain":0,"player_choice":"Searched \u00271\u0027 times","damage_taken":0,"max_hp_gain":0,"max_hp_loss":0,"event_name":"Dead Adventurer","floor":11,"gold_loss":0},{"damage_healed":0,"gold_gain":275,"player_choice":"Desecrate","damage_taken":0,"max_hp_gain":0,"max_hp_loss":0,"event_name":"Golden Shrine","floor":14,"gold_loss":0,"cards_obtained":["Regret"]}],"is_beta":false,"boss_relics":[],"items_purged_floors":[],"is_endless":false,"potions_floor_spawned":[4,8,12],"killed_by":"Hexaghost","ascension_level":0}}