{"host":"kpyoctgc7jne3jiy","time":1611415103,"event":{"mods":["AchievementEnabler","BaseMod","Minty Spire (QoL Compilation)","Relic Stats","Slay-I"],"gold_per_floor":[118,118,138,154,142,174,198,210,245,257,288,316,328,351,363,477,489,490,518,530,90,42,72,72,85,85,115,132,132,132,152,152,152,152],"floor_reached":33,"language":"ENG","playtime":1546,"items_purged":[],"score":409,"play_id":"2e1c2559-fe7a-4461-88dd-c365e6335c57","local_time":"20210123161823","is_ascension_mode":true,"campfire_choices":[{"data":"Go for the Eyes","floor":8,"key":"SMITH"},{"data":"Conserve Battery","floor":13,"key":"SMITH"},{"data":"Defend_B","floor":15,"key":"SMITH"},{"data":"Streamline","floor":24,"key":"SMITH"},{"data":"Turbo","floor":30,"key":"SMITH"},{"data":"Conserve Battery","floor":32,"key":"SMITH"}],"circlet_count":0,"master_deck":["Strike_B+1","Strike_B+1","Strike_B+1","Defend_B+1","Defend_B+1","Defend_B+1","Defend_B+1","Zap","Dualcast","Go for the Eyes+1","Streamline","Cold Snap","Beam Cell","Tempest","Streamline+1","Coolheaded","Conserve Battery+1","FTL","Creative AI","Steam+1","Turbo+1","Stack","Darkness+1","Conserve Battery+1","Barrage+1"],"relics":["Coffee Dripper","Lantern","MawBank","Centennial Puzzle","Oddly Smooth Stone","SacredBark","Lee\u0027s Waffle","Gremlin Horn","MealTicket","Bottled Tornado","Ancient Tea Set"],"acts_visited":["Exordium","TheCity"],"potions_floor_usage":[12,23,27,33],"damage_taken":[{"damage":2,"enemies":"2 Louse","floor":1,"turns":2},{"damage":4,"enemies":"Jaw Worm","floor":3,"turns":3},{"damage":0,"enemies":"Small Slimes","floor":4,"turns":2},{"damage":5,"enemies":"Exordium Thugs","floor":5,"turns":4},{"damage":18,"enemies":"Lagavulin","floor":6,"turns":8},{"damage":0,"enemies":"Large Slime","floor":7,"turns":3},{"damage":0,"enemies":"Blue Slaver","floor":11,"turns":3},{"damage":9,"enemies":"2 Fungi Beasts","floor":12,"turns":3},{"damage":0,"enemies":"Lots of Slimes","floor":14,"turns":5},{"damage":0,"enemies":"Hexaghost","floor":16,"turns":8},{"damage":22,"enemies":"2 Thieves","floor":18,"turns":4},{"damage":2,"enemies":"Shell Parasite","floor":19,"turns":6},{"damage":15,"enemies":"Gremlin Leader","floor":23,"turns":6},{"damage":17,"enemies":"Shelled Parasite and Fungi","floor":25,"turns":10},{"damage":24,"enemies":"Book of Stabbing","floor":27,"turns":6},{"damage":5,"enemies":"Chosen and Byrds","floor":28,"turns":8},{"damage":14,"enemies":"Centurion and Healer","floor":31,"turns":7},{"damage":7,"enemies":"Collector","floor":33,"turns":2}],"seed_played":"-4260153844868200209","potions_obtained":[{"floor":3,"key":"BlessingOfTheForge"},{"floor":4,"key":"SpeedPotion"},{"floor":11,"key":"Fire Potion"},{"floor":16,"key":"BlessingOfTheForge"},{"floor":19,"key":"Explosive Potion"},{"floor":23,"key":"LiquidMemories"}],"is_trial":false,"path_per_floor":["M","?","M","M","M","E","M","R","T","?","M","M","R","M","R","B",null,"M","M","?","$","$","E","R","M","T","E","M","?","R","M","R","B"],"character_chosen":"DEFECT","items_purchased":["Lee\u0027s Waffle","Gremlin Horn","Turbo","Stack"],"campfire_rested":0,"item_purchase_floors":[21,21,21,22],"current_hp_per_floor":[73,55,51,51,46,28,28,28,28,28,28,19,19,19,19,19,75,53,51,51,82,82,67,67,50,50,26,21,21,21,7,7,0,0],"gold":152,"neow_bonus":"BOSS_RELIC","is_daily":false,"chose_seed":false,"campfire_upgraded":6,"win_rate":0.0,"timestamp":1611415103,"path_taken":["M","?","M","M","M","E","M","R","T","?","M","M","R","?","R","BOSS","M","M","?","?","$","E","R","M","T","E","M","?","R","M","R","BOSS"],"items_purchased_type":["Relic","Relic","Card","Card"],"build_version":"2020-12-22","purchased_purges":0,"victory":false,"max_hp_per_floor":[75,75,75,75,75,75,75,75,75,75,75,75,75,75,75,75,75,75,75,75,82,82,82,82,82,82,82,82,82,82,82,82,82,82],"relic_stats":{"Centennial Puzzle":[24],"Lee\u0027s Waffle":31,"Gremlin Horn":[8,8],"counters":[18,89],"MealTicket":0,"MawBank":180,"obtain_stats":[{"Lantern":2,"Centennial Puzzle":9,"Lee\u0027s Waffle":21,"Gremlin Horn":21,"SacredBark":17,"Oddly Smooth Stone":10,"MealTicket":23,"Coffee Dripper":0,"Bottled Tornado":26,"Cracked Core":0,"MawBank":6,"Ancient Tea Set":27},{"Lantern":1,"Centennial Puzzle":6,"Lee\u0027s Waffle":12,"Gremlin Horn":12,"SacredBark":10,"Oddly Smooth Stone":6,"MealTicket":13,"Coffee Dripper":0,"Bottled Tornado":14,"Cracked Core":0,"MawBank":5,"Ancient Tea Set":15},{"Lantern":2,"Centennial Puzzle":22,"Lee\u0027s Waffle":51,"Gremlin Horn":51,"SacredBark":41,"Oddly Smooth Stone":22,"MealTicket":57,"Coffee Dripper":0,"Bottled Tornado":67,"Cracked Core":0,"MawBank":19,"Ancient Tea Set":73}]},"card_choices":[{"not_picked":["Compile Driver","Heatsinks"],"picked":"Go for the Eyes","floor":1},{"not_picked":["Loop","Skim"],"picked":"Streamline","floor":3},{"not_picked":["Fusion","Force Field"],"picked":"Cold Snap","floor":4},{"not_picked":["Compile Driver","Redo"],"picked":"Beam Cell","floor":5},{"not_picked":["Barrage","Hologram"],"picked":"Tempest","floor":6},{"not_picked":["Gash","Meteor Strike"],"picked":"Streamline","floor":7},{"not_picked":["Hello World","Sweeping Beam"],"picked":"Coolheaded","floor":11},{"not_picked":["Beam Cell","FTL"],"picked":"Conserve Battery","floor":12},{"not_picked":["Aggregate","Barrage"],"picked":"FTL","floor":14},{"not_picked":["All For One","Machine Learning"],"picked":"Creative AI","floor":16},{"not_picked":["Turbo","Stack"],"picked":"Steam+1","floor":18},{"not_picked":["Barrage+1","Gash","Beam Cell"],"picked":"SKIP","floor":19},{"not_picked":["Creative AI","Stack","Sweeping Beam"],"picked":"SKIP","floor":23},{"not_picked":["Conserve Battery","Ball Lightning"],"picked":"Darkness+1","floor":25},{"not_picked":["Storm","Static Discharge+1"],"picked":"Conserve Battery","floor":27},{"not_picked":["Streamline","Stack"],"picked":"Barrage+1","floor":28},{"not_picked":["Hologram","Redo","Storm+1"],"picked":"SKIP","floor":31}],"player_experience":308605,"relics_obtained":[{"floor":6,"key":"MawBank"},{"floor":9,"key":"Centennial Puzzle"},{"floor":23,"key":"MealTicket"},{"floor":26,"key":"Bottled Tornado"},{"floor":27,"key":"Ancient Tea Set"}],"event_choices":[{"damage_healed":0,"gold_gain":0,"player_choice":"Success","damage_taken":18,"relics_obtained":["Lantern"],"max_hp_gain":0,"max_hp_loss":0,"event_name":"Scrap Ooze","floor":2,"gold_loss":0},{"damage_healed":0,"gold_gain":0,"player_choice":"Searched \u00271\u0027 times","damage_taken":0,"relics_obtained":["Oddly Smooth Stone"],"max_hp_gain":0,"max_hp_loss":0,"event_name":"Dead Adventurer","floor":10,"gold_loss":0},{"cards_removed":["Strike_B"],"damage_healed":0,"gold_gain":0,"player_choice":"Purged","damage_taken":0,"max_hp_gain":0,"max_hp_loss":0,"event_name":"Purifier","floor":20,"gold_loss":0},{"damage_healed":0,"gold_gain":0,"player_choice":"Simplicity","damage_taken":0,"max_hp_gain":0,"max_hp_loss":0,"event_name":"Back to Basics","floor":29,"gold_loss":0,"cards_upgraded":["Strike_B","Strike_B","Strike_B","Defend_B","Defend_B","Defend_B"]}],"is_beta":false,"boss_relics":[{"not_picked":["Empty Cage","Astrolabe"],"picked":"SacredBark"}],"items_purged_floors":[],"is_endless":false,"potions_floor_spawned":[3,4,11,16,19,23],"killed_by":"Collector","ascension_level":4}}