{"host":"34dziau2azxd7ce3","time":1611395324,"event":{"mods":["100% Spire Juice","Act Like it!","BaseMod","Minty Spire (QoL Compilation)","Replay The Spire","RumiaBox-露米娅的神秘盒子","StSLib","SuperFastMode","TestMod","The Marked","Yakumo Yukari mod"],"gold_per_floor":[116,116,128,128,139,139,159,159,235,235,235,260,210,135,135,135,135],"floor_reached":16,"language":"ZHS","playtime":451,"items_purged":["theMarked:Defend"],"score":98,"play_id":"b57bb42a-ad6c-47ee-8c94-666ff897b10d","local_time":"20210123174844","is_ascension_mode":false,"campfire_choices":[{"data":"theMarked:SoldierOfQuellstein","floor":6,"key":"SMITH"},{"data":"theMarked:Defy","floor":8,"key":"SMITH"},{"data":"theMarked:ParalyzingBlade","floor":11,"key":"SMITH"},{"floor":15,"key":"REST"}],"circlet_count":0,"master_deck":["theMarked:Strike","theMarked:Strike","theMarked:Strike","theMarked:Strike","theMarked:Defend","theMarked:Defend","theMarked:Defend","theMarked:SoldierOfQuellstein+1","theMarked:ParalyzingBlade+1","theMarked:Defy+1","theMarked:Overcharge","theMarked:Overcharge"],"relics":["theMarked:ArtifactOfAir","testmod-TestBox","NeowsBlessing","testmod-InfectionSource","ReplayTheSpireMod:Lightbulb"],"acts_visited":["Exordium"],"potions_floor_usage":[16],"damage_taken":[{"damage":0,"enemies":"Small Slimes","floor":1,"turns":1},{"damage":0,"enemies":"Cultist","floor":3,"turns":1},{"damage":0,"enemies":"Jaw Worm","floor":5,"turns":1},{"damage":30,"enemies":"Lots of Slimes","floor":7,"turns":4},{"damage":37,"enemies":"Lagavulin","floor":12,"turns":5},{"damage":30,"enemies":"Slime Boss","floor":16,"turns":6}],"seed_played":"6685259749291644871","potions_obtained":[{"floor":1,"key":"GamblersBrew"}],"is_trial":false,"path_per_floor":["M","?","M","?","M","R","M","R","T","?","R","E","?","$","R","B"],"character_chosen":"THE_DEFAULT","items_purchased":[],"campfire_rested":1,"item_purchase_floors":[],"current_hp_per_floor":[70,70,70,70,70,70,40,40,40,40,40,3,3,3,24,0,0],"gold":135,"neow_bonus":"THREE_ENEMY_KILL","is_daily":false,"chose_seed":false,"campfire_upgraded":3,"win_rate":0.0,"timestamp":1611395324,"path_taken":["M","?","?","?","M","R","?","R","T","?","R","E","?","$","R","BOSS"],"items_purchased_type":[],"build_version":"2020-12-22","purchased_purges":1,"victory":false,"max_hp_per_floor":[70,70,70,70,70,70,70,70,70,70,70,70,70,70,70,70,70],"card_choices":[{"not_picked":["theMarked:ContemptForTheProud","theMarked:TwofoldDefense"],"picked":"theMarked:ParalyzingBlade","floor":1},{"not_picked":["theMarked:Parkour","theMarked:Reabsorb","theMarked:RepellingDischarge"],"picked":"SKIP","floor":3},{"not_picked":["theMarked:BanishingWave","theMarked:WastefulAttack"],"picked":"theMarked:Overcharge","floor":5},{"not_picked":["theMarked:TakeCover","theMarked:Electrify"],"picked":"theMarked:Overcharge","floor":7},{"not_picked":["theMarked:WastefulAttack","theMarked:ResourceFulStrike","theMarked:Seal"],"picked":"SKIP","floor":12}],"player_experience":641179,"relics_obtained":[{"floor":12,"key":"ReplayTheSpireMod:Lightbulb"}],"event_choices":[{"damage_healed":0,"gold_gain":0,"player_choice":"2 cards matched","damage_taken":0,"max_hp_gain":0,"max_hp_loss":0,"event_name":"Match and Keep!","floor":2,"gold_loss":0,"cards_obtained":["theMarked:Defy","Replay:Parry"]},{"damage_healed":0,"gold_gain":0,"player_choice":"2 cards matched","damage_taken":0,"max_hp_gain":0,"max_hp_loss":0,"event_name":"Match and Keep!","floor":2,"gold_loss":0,"cards_obtained":["theMarked:Defy","Replay:Parry"]},{"cards_removed":["Replay:Parry"],"damage_healed":0,"gold_gain":0,"player_choice":"Offered Uncommon","damage_taken":0,"max_hp_gain":0,"max_hp_loss":0,"event_name":"Bonfire Elementals","floor":4,"gold_loss":0},{"damage_healed":0,"gold_gain":0,"player_choice":"Ignored","damage_taken":0,"max_hp_gain":0,"max_hp_loss":0,"event_name":"给自己的盒子","floor":10,"gold_loss":0},{"cards_removed":["theMarked:Strike"],"damage_healed":0,"gold_gain":0,"player_choice":"Card Removal","damage_taken":0,"max_hp_gain":0,"max_hp_loss":0,"event_name":"The Cleric","floor":13,"gold_loss":50}],"is_beta":false,"boss_relics":[],"items_purged_floors":[14],"is_endless":false,"potions_floor_spawned":[1],"killed_by":"Slime Boss","ascension_level":0}}