{"host":"Arthrogeddon","time":1611437523,"event":{"mods":["BaseMod","Beaked The Cultist","ChefMod","Downfall","Glutton Mod","Hermit","Highlight Path","Infinite Spire","Mad Scientist","Minty Spire (QoL Compilation)","StSLib","The Blackbeard","The Construct","The Cursed","The Disciple","The Hierophant","The Marked","The Mystic","The Necromancer","The Runesmith","The Servant 0.9.4","The Witch"],"gold_per_floor":[117,133,149,37,37,69,69,84,111,111,286,286,30,41,41,145,145,165,40,40,66,66,66,66,66,91,91,101,200,211,240,240,345,345,358,63,81,81,93,93,107,107,130,157,170,170,170,36,36,36,36],"floor_reached":50,"language":"ENG","playtime":5299,"items_purged":["Defend_R","Doubt","Strike_R","Strike_R"],"score":511,"play_id":"8970aca6-9028-48b8-9f15-bfbb8168e844","local_time":"20210123223203","is_ascension_mode":false,"campfire_choices":[{"data":"Searing Blow","floor":7,"key":"SMITH"},{"data":"Searing Blow+1","floor":10,"key":"SMITH"},{"data":"Searing Blow+2","floor":12,"key":"SMITH"},{"data":"Searing Blow+3","floor":15,"key":"SMITH"},{"data":"Searing Blow+4","floor":24,"key":"SMITH"},{"floor":32,"key":"REST"},{"data":"Armaments","floor":40,"key":"SMITH"},{"data":"Dual Wield","floor":42,"key":"SMITH"},{"floor":49,"key":"REST"}],"circlet_count":0,"master_deck":["Strike_R","Strike_R","Strike_R","Defend_R","Defend_R","Bash","Thunderclap","Shrug It Off","Searing Blow+5","Shrug It Off","Shrug It Off","Barricade","Blood for Blood+1","Headbutt+1","infinitespire:Starlight","Dual Wield+1","Decay","Armaments+1","Searing Blow+5","Iron Wave","Shame","Parasite","Enlightenment"],"relics":["Burning Blood","infinitespire:PuzzleCube","infinitespire:Lucky Rock","Blood Vial","Cursed Key","Anchor","Red Mask","Boot","Runesmith:AutoHammer","Busted Crown","DollysMirror","Vajra","Orichalcum"],"acts_visited":["Exordium","TheCity","TheBeyond"],"potions_floor_usage":[16,16,31,33,44,50,50],"damage_taken":[{"damage":0,"enemies":"2 Louse","floor":1,"turns":3},{"damage":6,"enemies":"Jaw Worm","floor":2,"turns":4},{"damage":0,"enemies":"Small Slimes","floor":3,"turns":2},{"damage":47,"enemies":"Lagavulin","floor":6,"turns":8},{"damage":0,"enemies":"Blue Slaver","floor":8,"turns":6},{"damage":5,"enemies":"3 Louse","floor":14,"turns":3},{"damage":36,"enemies":"The Guardian","floor":16,"turns":12},{"damage":12,"enemies":"3 Byrds","floor":18,"turns":7},{"damage":7,"enemies":"Masked Bandits","floor":21,"turns":4},{"damage":0,"enemies":"Shell Parasite","floor":28,"turns":6},{"damage":36,"enemies":"Sentry and Sphere","floor":30,"turns":4},{"damage":26,"enemies":"Book of Stabbing","floor":31,"turns":5},{"damage":56,"enemies":"Champ","floor":33,"turns":13},{"damage":16,"enemies":"Orb Walker","floor":35,"turns":4},{"damage":0,"enemies":"3 Shapes","floor":37,"turns":5},{"damage":37,"enemies":"Spire Growth","floor":39,"turns":4},{"damage":0,"enemies":"Maw","floor":41,"turns":7},{"damage":71,"enemies":"Nightmare","floor":44,"turns":6},{"damage":0,"enemies":"Writhing Mass","floor":45,"turns":4},{"damage":61,"enemies":"Awakened One","floor":50,"turns":6}],"seed_played":"-7355407297512551419","potions_obtained":[{"floor":6,"key":"SpeedPotion"},{"floor":8,"key":"FearPotion"},{"floor":16,"key":"Swift Potion"},{"floor":21,"key":"Explosive Potion"},{"floor":30,"key":"SmokeBomb"},{"floor":33,"key":"SteroidPotion"},{"floor":35,"key":"ElixirPotion"},{"floor":44,"key":"ElixirPotion"}],"is_trial":false,"path_per_floor":["M","M","M","$","?","E","R","M","T","R","?","R","$","M","R","B",null,"M","$","?","?","?","?","R","?","T","AVR","M","?","M","E","R","B",null,"M","$","M","?","M","R","M","R","T","NM","M","?","?","$","R","B"],"character_chosen":"IRONCLAD","items_purchased":["Searing Blow","Blood Vial","DollysMirror","Enlightenment","PowerPotion"],"campfire_rested":2,"item_purchase_floors":[4,13,36,48,48],"current_hp_per_floor":[80,80,80,80,80,39,39,45,45,45,45,45,45,48,48,20,80,74,74,66,67,67,46,46,46,46,46,64,64,46,38,62,24,80,70,70,80,80,49,49,67,67,67,14,22,22,22,22,46,0,0],"gold":36,"neow_bonus":"","is_daily":false,"chose_seed":false,"campfire_upgraded":7,"win_rate":0.0,"timestamp":1611437523,"path_taken":["M","M","M","$","?","E","R","M","T","R","?","R","$","M","R","BOSS","M","$","?","?","?","?","R","?","T","AVR","M","?","?","E","R","BOSS","M","$","M","?","M","R","M","R","T","NM","M","?","?","?","R","BOSS"],"items_purchased_type":["Card","Relic","Relic","Card","Potion"],"build_version":"2020-11-17","purchased_purges":4,"victory":false,"max_hp_per_floor":[80,80,80,80,80,80,80,80,80,80,80,80,80,80,80,80,80,80,80,80,80,80,80,80,80,80,80,80,80,80,80,80,80,80,80,80,80,80,80,80,80,80,80,80,80,80,80,80,80,80,80],"card_choices":[{"not_picked":["Sever Soul","Cleave"],"picked":"Thunderclap","floor":1},{"not_picked":["Clash","Dark Embrace","Sever Soul"],"picked":"SKIP","floor":2},{"not_picked":["Headbutt","Juggernaut"],"picked":"Shrug It Off","floor":3},{"not_picked":["Body Slam","Anger"],"picked":"Shrug It Off","floor":6},{"not_picked":["Ghostly Armor","True Grit"],"picked":"Shrug It Off","floor":8},{"not_picked":["Reaper","Thunderclap","Bloodletting"],"picked":"SKIP","floor":14},{"not_picked":["Offering","Impervious"],"picked":"Barricade","floor":16},{"not_picked":["Bloodletting","Carnage"],"picked":"Blood for Blood+1","floor":18},{"not_picked":["Armaments","Power Through"],"picked":"Headbutt+1","floor":21},{"not_picked":["infinitespire:Punishment","infinitespire:FutureSight"],"picked":"infinitespire:Starlight","floor":23},{"not_picked":["Pommel Strike","Battle Trance","True Grit"],"picked":"SKIP","floor":28},{"not_picked":["Carnage","Twin Strike","Shrug It Off"],"picked":"SKIP","floor":30},{"not_picked":["Thunderclap","Carnage","Rage"],"picked":"SKIP","floor":31},{"not_picked":[],"picked":"Armaments","floor":35},{"not_picked":["Fire Breathing"],"picked":"SKIP","floor":37},{"not_picked":["Shockwave"],"picked":"SKIP","floor":39},{"not_picked":[],"picked":"Iron Wave","floor":41},{"not_picked":["Perfected Strike"],"picked":"SKIP","floor":44},{"not_picked":["Searing Blow+1"],"picked":"SKIP","floor":45}],"player_experience":0,"relics_obtained":[{"floor":6,"key":"infinitespire:PuzzleCube"},{"floor":9,"key":"infinitespire:Lucky Rock"},{"floor":21,"key":"Red Mask"},{"floor":26,"key":"Boot"},{"floor":31,"key":"Runesmith:AutoHammer"},{"floor":43,"key":"Vajra"},{"floor":44,"key":"Orichalcum"}],"event_choices":[{"damage_healed":0,"gold_gain":175,"player_choice":"AGREE","damage_taken":0,"max_hp_gain":0,"max_hp_loss":0,"event_name":"Liars Game","floor":11,"gold_loss":0,"cards_obtained":["Doubt"]},{"damage_healed":0,"gold_gain":0,"player_choice":"Anchor","damage_taken":0,"relics_obtained":["Anchor"],"max_hp_gain":0,"max_hp_loss":0,"event_name":"blackbeard:ShipwreckEvent","floor":20,"gold_loss":0},{"damage_healed":0,"gold_gain":0,"player_choice":"Fought Bandits","damage_taken":0,"max_hp_gain":0,"max_hp_loss":0,"event_name":"Masked Bandits","floor":21,"gold_loss":0},{"damage_healed":0,"gold_gain":0,"player_choice":"Ignored","damage_taken":0,"max_hp_gain":0,"max_hp_loss":0,"event_name":"Ghosts","floor":22,"gold_loss":0},{"damage_healed":0,"gold_gain":0,"player_choice":"Read","damage_taken":0,"max_hp_gain":0,"max_hp_loss":0,"event_name":"The Library","floor":25,"gold_loss":0,"cards_obtained":["Dual Wield"]},{"damage_healed":0,"gold_gain":99,"player_choice":"Stole From Cult","damage_taken":0,"max_hp_gain":0,"max_hp_loss":0,"event_name":"Nest","floor":29,"gold_loss":0},{"damage_healed":0,"gold_gain":0,"player_choice":"Memory 1","damage_taken":0,"max_hp_gain":0,"max_hp_loss":0,"event_name":"SensoryStone","floor":38,"gold_loss":0},{"cards_removed":["Defend_R"],"damage_healed":0,"gold_gain":0,"player_choice":"Removed Skill","damage_taken":0,"max_hp_gain":0,"max_hp_loss":0,"event_name":"Falling","floor":46,"gold_loss":0},{"damage_healed":0,"gold_gain":0,"player_choice":"Ignored","damage_taken":0,"max_hp_gain":0,"max_hp_loss":0,"event_name":"Mysterious Sphere","floor":47,"gold_loss":0}],"is_beta":true,"boss_relics":[{"not_picked":["infinitespire:Cupcake","construct:ClawGrip"],"picked":"Cursed Key"},{"not_picked":["Philosopher\u0027s Stone","Runic Dome"],"picked":"Busted Crown"}],"items_purged_floors":[4,13,19,36],"is_endless":true,"potions_floor_spawned":[6,8,16,21,30,33,35,44,45],"killed_by":"Awakened One","ascension_level":0}}