{"host":"urvvf8749ekcxo1a","time":1611434210,"event":{"mods":["AchievementEnabler","BaseMod","Better Sensory Stone","Better Third Choice","BetterRewards","Card Forge","Colored Powertips","Gold Saver","Minty Spire (QoL Compilation)","Quick Restart","Relic Filter","StSLib","SuperFastMode","The Alterego","The Cursed","The Hierophant","The Servant 0.9.4","UnlockEverythingMod"],"gold_per_floor":[115,115,128,128,128,162,173,200,246,246,266,266,295,295,295,370,370,387,387,401,420,257,257,289,305,359,389,389,389,389,389,389,465,465,479,489,489,500,525,552,552,564,564,598,598,617,617,633,633,633,633,633,633,349,382,382,382],"floor_reached":56,"language":"ENG","playtime":988,"items_purged":[],"score":2730,"play_id":"aece0cb1-b50b-41dc-8887-e4e8d7317ea0","local_time":"20210123153650","is_ascension_mode":true,"campfire_choices":[{"floor":10.0,"key":"REST"},{"floor":12.0,"key":"REST"},{"floor":15.0,"key":"REST"},{"floor":23.0,"key":"RECALL"},{"floor":29.0,"key":"REST"},{"floor":32.0,"key":"REST"},{"data":"Searing Blow+30","floor":41.0,"key":"SMITH"},{"data":"Searing Blow+31","floor":47.0,"key":"SMITH"},{"data":"Searing Blow+32","floor":49.0,"key":"SMITH"},{"data":"Searing Blow+33","floor":53,"key":"SMITH"}],"circlet_count":0,"master_deck":["AscendersBane","Dropkick+1","Dropkick+1","Searing Blow+34"],"relics":["PureWater","Hammer of Thor","Seething Fire","Anvil of the Gods","Bag of Marbles","Bag of Preparation","Omamori","Lantern","SacredBark","Medical Kit","Frozen Egg 2","MealTicket","Kunai","Nloth\u0027s Gift","Bird Faced Urn","Blood Vial","Smiling Mask","Bronze Scales","Blue Candle","Ornamental Fan"],"acts_visited":["Exordium","TheCity","TheBeyond","TheEnding"],"potions_floor_usage":[56,56],"damage_taken":[{"damage":12.0,"enemies":"Jaw Worm","floor":1.0,"turns":2.0},{"damage":0.0,"enemies":"Cultist","floor":3.0,"turns":1.0},{"damage":10.0,"enemies":"3 Sentries","floor":6.0,"turns":2.0},{"damage":0.0,"enemies":"2 Louse","floor":7.0,"turns":1.0},{"damage":0.0,"enemies":"Gremlin Nob","floor":8.0,"turns":1.0},{"damage":0.0,"enemies":"Gremlin Gang","floor":11.0,"turns":1.0},{"damage":0.0,"enemies":"Lagavulin","floor":13.0,"turns":1.0},{"damage":0.0,"enemies":"Slime Boss","floor":16.0,"turns":1.0},{"damage":0.0,"enemies":"Shell Parasite","floor":18.0,"turns":1.0},{"damage":0.0,"enemies":"3 Byrds","floor":20.0,"turns":1.0},{"damage":0.0,"enemies":"Cultist and Chosen","floor":21.0,"turns":2.0},{"damage":0.0,"enemies":"Gremlin Leader","floor":24.0,"turns":1.0},{"damage":0.0,"enemies":"Shelled Parasite and Fungi","floor":25.0,"turns":1.0},{"damage":0.0,"enemies":"Book of Stabbing","floor":27.0,"turns":1.0},{"damage":0.0,"enemies":"Collector","floor":33.0,"turns":1.0},{"damage":0.0,"enemies":"Orb Walker","floor":35.0,"turns":1.0},{"damage":0.0,"enemies":"3 Darklings","floor":36.0,"turns":1.0},{"damage":35.0,"enemies":"4 Shapes","floor":37.0,"turns":1.0},{"damage":0.0,"enemies":"Jaw Worm Horde","floor":38.0,"turns":1.0},{"damage":0.0,"enemies":"Mind Bloom Boss Battle","floor":39.0,"turns":1.0},{"damage":0.0,"enemies":"Nemesis","floor":40.0,"turns":1.0},{"damage":0.0,"enemies":"Spire Growth","floor":42.0,"turns":1.0},{"damage":0.0,"enemies":"Reptomancer","floor":44.0,"turns":1.0},{"damage":0.0,"enemies":"4 Shapes","floor":46.0,"turns":1.0},{"damage":0.0,"enemies":"Jaw Worm Horde","floor":48.0,"turns":1.0},{"damage":0.0,"enemies":"Awakened One","floor":50.0,"turns":2.0},{"damage":0,"enemies":"Donu and Deca","floor":51,"turns":2},{"damage":1,"enemies":"Shield and Spear","floor":55,"turns":2},{"damage":132,"enemies":"The Heart","floor":56,"turns":3}],"seed_played":"6528365968302408079","potions_obtained":[{"floor":3.0,"key":"AttackPotion"},{"floor":7.0,"key":"BlessingOfTheForge"},{"floor":24.0,"key":"Fruit Juice"},{"floor":46.0,"key":"Dexterity Potion"}],"is_trial":false,"path_per_floor":["M","?","M","T","$","E","M","E","T","R","M","R","E","T","R","B",null,"M","?","M","M","$","R","E","M","T","E","$","R","$","?","R","B",null,"M","M","M","M","?","E","R","M","T","E","?","M","R","M","R","B","B",null,"R","$","E","B"],"character_chosen":"WATCHER","items_purchased":["Medical Kit","Blue Candle"],"campfire_rested":5,"item_purchase_floors":[22,54],"current_hp_per_floor":[49,49,49,49,49,39,39,39,39,59,59,68,68,68,68,68,68,68,68,68,68,68,68,78,78,78,78,78,78,78,78,78,78,78,78,78,43,43,43,43,43,45,45,47,47,49,49,51,51,53,55,72,72,78,77,0,0],"gold":382,"neow_bonus":"UPGRADE_CARD","is_daily":false,"chose_seed":false,"campfire_upgraded":4,"win_rate":0.0,"timestamp":1611434210,"path_taken":["M","?","?","?","?","E","?","E","T","R","M","R","E","?","R","BOSS","M","?","M","?","$","R","E","M","T","E","$","R","$","?","R","BOSS","M","?","M","M","?","E","R","M","T","E","?","M","R","M","R","BOSS","BOSS","R","$","E","BOSS"],"items_purchased_type":["Relic","Relic"],"build_version":"2020-12-22","purchased_purges":0,"victory":false,"max_hp_per_floor":[68,68,68,68,68,68,68,68,68,68,68,68,68,68,68,68,68,68,68,68,68,68,68,78,78,78,78,78,78,78,78,78,78,78,78,78,78,78,78,78,78,78,78,78,78,78,78,78,78,78,78,78,78,78,78,78,78],"card_choices":[{"not_picked":["JustLucky","DeceiveReality","BowlingBash"],"picked":"SKIP","floor":1.0},{"not_picked":["Sanctity","LikeWater","ClearTheMind"],"picked":"SKIP","floor":3.0},{"not_picked":["FlurryOfBlows","Perseverance","MentalFortress"],"picked":"SKIP","floor":6.0},{"not_picked":["Wallop","FlyingSleeves","JustLucky"],"picked":"SKIP","floor":7.0},{"not_picked":["FollowUp","InnerPeace","Weave"],"picked":"SKIP","floor":8.0},{"not_picked":["CrushJoints","Prostrate","WreathOfFlame"],"picked":"SKIP","floor":11.0},{"not_picked":["Tantrum","EmptyBody","Conclude"],"picked":"SKIP","floor":13.0},{"not_picked":["Sanctity","Halt","FollowUp"],"picked":"SKIP","floor":18.0},{"not_picked":["Study","PathToVictory+1","SandsOfTime"],"picked":"SKIP","floor":20.0},{"not_picked":["BowlingBash","Vengeance","WindmillStrike"],"picked":"SKIP","floor":21.0},{"not_picked":["CutThroughFate","Evaluate","WaveOfTheHand"],"picked":"SKIP","floor":24.0},{"not_picked":["CutThroughFate","Swivel","Collect"],"picked":"SKIP","floor":25.0},{"not_picked":["FollowUp","BowlingBash","FlurryOfBlows"],"picked":"SKIP","floor":27.0},{"not_picked":["DevaForm+1","ThirdEye","SashWhip"],"picked":"SKIP","floor":35.0},{"not_picked":["JustLucky","Halt","EmptyFist"],"picked":"SKIP","floor":36.0},{"not_picked":["DeusExMachina","SignatureMove","MentalFortress+1"],"picked":"SKIP","floor":37.0},{"not_picked":["DeusExMachina","SignatureMove","MentalFortress+1"],"picked":"SKIP","floor":37.0},{"not_picked":["Consecrate+1","EmptyBody","Prostrate"],"picked":"SKIP","floor":38.0},{"not_picked":["Consecrate+1","Evaluate","Crescendo+1"],"picked":"SKIP","floor":40.0},{"not_picked":["Evaluate","ThirdEye+1","JustLucky"],"picked":"SKIP","floor":42.0},{"not_picked":["Devotion+1","SashWhip","ThirdEye"],"picked":"SKIP","floor":44.0},{"not_picked":["Consecrate+1","ClearTheMind","Sanctity+1"],"picked":"SKIP","floor":46.0},{"not_picked":["Consecrate","CutThroughFate","EmptyBody+1"],"picked":"SKIP","floor":48.0},{"not_picked":["Pray","SignatureMove+1","CutThroughFate"],"picked":"SKIP","floor":55}],"player_experience":151107,"relics_obtained":[{"floor":4.0,"key":"Pantograph"},{"floor":6.0,"key":"Bag of Marbles"},{"floor":8.0,"key":"Bag of Preparation"},{"floor":13.0,"key":"Omamori"},{"floor":14.0,"key":"Lantern"},{"floor":24.0,"key":"Frozen Egg 2"},{"floor":26.0,"key":"MealTicket"},{"floor":27.0,"key":"Kunai"},{"floor":39.0,"key":"Bird Faced Urn"},{"floor":40.0,"key":"Blood Vial"},{"floor":43.0,"key":"Smiling Mask"},{"floor":44.0,"key":"Bronze Scales"},{"floor":55,"key":"Ornamental Fan"}],"event_choices":[{"damage_healed":0.0,"max_hp_gain":0.0,"max_hp_loss":0.0,"gold_gain":0.0,"cards_transformed":["Thunderclap"],"event_name":"Transmorgrifier","player_choice":"Transformed","floor":2.0,"gold_loss":0.0,"damage_taken":0.0,"cards_obtained":["Perseverance"]},{"cards_removed":["Omega"],"damage_healed":5.0,"max_hp_gain":0.0,"max_hp_loss":0.0,"gold_gain":0.0,"event_name":"Bonfire Elementals","player_choice":"Offered Special","floor":19.0,"gold_loss":0.0,"damage_taken":0.0},{"damage_healed":0.0,"max_hp_gain":0.0,"max_hp_loss":0.0,"gold_gain":0.0,"event_name":"N\u0027loth","player_choice":"Traded Relic","floor":31.0,"relics_lost":["Pantograph"],"gold_loss":0.0,"damage_taken":0.0,"relics_obtained":["Nloth\u0027s Gift"]},{"damage_healed":0.0,"max_hp_gain":0.0,"max_hp_loss":0.0,"gold_gain":0.0,"event_name":"MindBloom","player_choice":"Fight","floor":39.0,"gold_loss":0.0,"damage_taken":0.0},{"damage_healed":0.0,"max_hp_gain":0.0,"max_hp_loss":0.0,"gold_gain":0.0,"event_name":"Wheel of Change","player_choice":"Cursed","floor":45.0,"gold_loss":0.0,"damage_taken":0.0,"cards_obtained":["Decay"]}],"is_beta":false,"boss_relics":[{"not_picked":["Cursed Key","Empty Cage"],"picked":"SacredBark"},{"not_picked":["Sozu","Philosopher\u0027s Stone","HolyWater"]}],"items_purged_floors":[],"is_endless":false,"potions_floor_spawned":[3,7,13,20,21,24,36,37,42,46],"killed_by":"The Heart","ascension_level":20}}