{"host":"6zvpb25n18ixfmh8","time":1611446079,"event":{"mods":["Arknights The Spire","Aspiration","BaseMod","Beaked The Cultist","Bestiary","Better Skull","Better Vampires","Colored Map","Colored Powertips","Conspire","Downfall","Energized Spire","Hermit","Hubris","Infinite Spire","Minty Spire (QoL Compilation)","Quick Restart","Replay The Spire","Robot Space Explorer","Shade Mod","Spicy Shops","StSLib","The Animator","The Construct","The Dragon Tamer","The Elementalist","The Forsaken","The Marked","The Servant 0.9.4","everything is the same but u backflip on backflip","slay the spire mod where everything is the same but ironclad has a cowboy hat"],"gold_per_floor":[119,119,138,65,65,91,20,54,54,54,54,72,84,116,116,218,218,236,161,179,190,190,190,240,240,263,263,295,307,317,329,329,432,432,449,21,21,21,21,21,37,37,37,54,70,70,85,85,85,85,85,85,35,62,62,62],"floor_reached":55,"language":"ENG","playtime":6609,"items_purged":["elementalist:Strike+Elemblue","elementalist:Defend_Elemblue","elementalist:Defend_Elemblue","Looming Evil"],"score":680,"play_id":"9d1b7823-4b24-4f69-9926-d437bf50f1ee","local_time":"20210123175439","is_ascension_mode":false,"campfire_choices":[{"data":"elementalist:Fission_Lance","floor":15,"key":"SMITH"},{"floor":23,"key":"RECALL"},{"data":"hubris:DuctTapeCard","floor":25,"key":"SMITH"},{"data":"elementalist:Caution","floor":32,"key":"SMITH"},{"data":"elementalist:Fire_Emblem","floor":40,"key":"SMITH"},{"floor":46,"key":"REST"},{"data":"infinitespire:UltimateForm","floor":49,"key":"SMITH"},{"data":"elementalist:Heavensfall","floor":52,"key":"SMITH"}],"circlet_count":0,"master_deck":["elementalist:Fire_Emblem+1","elementalist:Air_Emblem","elementalist:Fire_Emblem","elementalist:Defend_Elemblue+1","elementalist:Defend_Elemblue","elementalist:Defend_Elemblue","elementalist:Firestrike+1","elementalist:Earthstrike","elementalist:Waterstrike","elementalist:Airstrike","elementalist:Crystal_Chalk+1","elementalist:Caution+1","elementalist:Emberveil","elementalist:Flame","elementalist:Heavensfall+1","elementalist:Momentum","elementalist:Magma_Shot","elementalist:Breeze","elementalist:Aetheric_Shield","elementalist:Flame+1","elementalist:Blaze","elementalist:Flame+1","elementalist:Blaze","hubris:DuctTapeCard+2","infinitespire:UltimateForm+1","elementalist:Solar_Form+1","elementalist:Solar_Form","ReplayTheSpireMod:Necrogeddon"],"relics":["elementalistmod:MagusStaff","elementalistmod:RedRibbon","NeowsBlessing","elementalistmod:RedRibbon","HandDrill","PreservedInsect","Bag of Marbles","Eternal Feather","ReplayTheSpireMod:TigerMarble","Ring of Chaos","hubris:Icosahedron","Tiny House","hubris:DuctTape","Smiling Mask","HornCleat","energizedSpire:OgreHead","ClockworkSouvenir","aspiration:ChemicalBlood","hubris:Towel","hubris:TenFootPole","ReplayTheSpireMod:Ring of Challenge","ReplayTheSpireMod:Ring of Exchange","Ancient Tea Set","TungstenRod"],"acts_visited":["Exordium","TheCity","TheBeyond","TheEnding"],"potions_floor_usage":[16,21,33,33,33,45,45,50,55,55,55,55,55],"damage_taken":[{"damage":0,"enemies":"Jaw Worm","floor":1,"turns":1},{"damage":0,"enemies":"2 Louse","floor":3,"turns":1},{"damage":8,"enemies":"Replay:BlueRogue","floor":6,"turns":2},{"damage":2,"enemies":"Gremlin Nob","floor":8,"turns":4},{"damage":2,"enemies":"conspire:RoseBush","floor":12,"turns":2},{"damage":0,"enemies":"3 Louse","floor":13,"turns":2},{"damage":8,"enemies":"Replay:BlueRogue","floor":14,"turns":5},{"damage":22,"enemies":"Fading Forest","floor":16,"turns":11},{"damage":0,"enemies":"2 Thieves","floor":18,"turns":1},{"damage":14,"enemies":"Spheric Guardian","floor":20,"turns":4},{"damage":4,"enemies":"conspire:HollyBat","floor":21,"turns":7},{"damage":0,"enemies":"Slavers","floor":28,"turns":1},{"damage":12,"enemies":"Snake Plant","floor":29,"turns":2},{"damage":0,"enemies":"Centurion and Healer","floor":30,"turns":3},{"damage":0,"enemies":"Sentry and Sphere","floor":31,"turns":4},{"damage":30,"enemies":"Automaton","floor":33,"turns":7},{"damage":0,"enemies":"Orb Walker","floor":35,"turns":1},{"damage":6,"enemies":"3 Darklings","floor":41,"turns":4},{"damage":29,"enemies":"Sphere and 2 Shapes","floor":44,"turns":3},{"damage":6,"enemies":"Transient","floor":45,"turns":3},{"damage":2,"enemies":"Spire Growth","floor":47,"turns":4},{"damage":18,"enemies":"hubris:GrandSnecko","floor":50,"turns":9},{"damage":29,"enemies":"Shield and Spear","floor":54,"turns":4},{"damage":48,"enemies":"The Heart","floor":55,"turns":6}],"seed_played":"-771206018421986181","potions_obtained":[{"floor":6,"key":"BlessingOfTheForge"},{"floor":12,"key":"construct:ShiftPotion"},{"floor":16,"key":"Elixir"},{"floor":21,"key":"Dexterity Potion"},{"floor":24,"key":"SneckoOil"},{"floor":29,"key":"Adrenaline Potion"},{"floor":47,"key":"LifebloodPotion"},{"floor":54,"key":"Flashbang"}],"is_trial":false,"path_per_floor":["M","?","M","$","?","E","$","E","T","R","$","M","M","E","R","B",null,"M","$","M","M","?","R","AVR","R","T","?","E","M","M","M","R","B",null,"M","$","?","AVR","?","R","M","?","T","M","M","R","M","?","R","B",null,"R","$","E","B"],"character_chosen":"THE_ELEMENTALIST","items_purchased":["HandDrill","Bag of Marbles","ClockworkSouvenir","aspiration:ChemicalBlood","SteroidPotion"],"campfire_rested":1,"item_purchase_floors":[4,7,36,36,36],"current_hp_per_floor":[70,70,70,70,56,48,48,46,46,55,55,53,53,45,57,45,70,70,70,56,52,52,64,69,75,75,75,75,65,65,65,77,47,77,77,77,77,77,77,77,71,62,62,33,27,65,63,63,77,59,77,77,77,48,0,0],"gold":62,"neow_bonus":"THREE_ENEMY_KILL","is_daily":false,"chose_seed":false,"campfire_upgraded":6,"win_rate":0.0,"timestamp":1611446079,"path_taken":["M","?","M","?","?","E","$","E","T","R","$","M","M","E","R","BOSS","M","$","M","M","?","R","AVR","R","T","?","E","?","M","M","R","BOSS","M","$","?","AVR","?","R","M","?","T","M","?","R","M","?","R","BOSS","R","$","E","BOSS"],"items_purchased_type":["Relic","Relic","Relic","Relic","Potion"],"build_version":"2020-12-22","purchased_purges":4,"victory":false,"max_hp_per_floor":[70,70,70,70,70,70,70,70,70,70,70,70,70,70,70,70,70,70,70,70,70,70,70,75,75,75,75,75,77,77,77,77,77,77,77,77,77,77,77,77,77,77,77,77,77,77,77,77,77,77,77,77,77,77,77,77],"card_choices":[{"not_picked":["elementalist:Overheat","elementalist:Breeze"],"picked":"elementalist:Caution","floor":1},{"not_picked":["elementalist:Wards","elementalist:Mist"],"picked":"elementalist:Emberveil","floor":3},{"not_picked":["elementalist:Cyclone","elementalist:Emberveil"],"picked":"elementalist:Flame","floor":6},{"not_picked":["elementalist:Overheat","elementalist:Prepared_Sand"],"picked":"elementalist:Heavensfall","floor":8},{"not_picked":["elementalist:Ignition","elementalist:Widdershins_Conversion"],"picked":"elementalist:Momentum","floor":12},{"not_picked":["elementalist:Undertow","elementalist:Sidereal_Form"],"picked":"elementalist:Magma_Shot","floor":13},{"not_picked":["elementalist:Cauterize","elementalist:Confluence"],"picked":"elementalist:Breeze","floor":14},{"not_picked":["elementalist:Mirror_Circlet","elementalist:Inferno"],"picked":"elementalist:Aetheric_Shield","floor":16},{"not_picked":["elementalist:Emberveil+1","elementalist:Mist"],"picked":"elementalist:Flame+1","floor":18},{"not_picked":["elementalist:Momentum","elementalist:Breeze"],"picked":"elementalist:Blaze","floor":20},{"not_picked":["elementalist:Emberveil+1","elementalist:Overheat"],"picked":"elementalist:Flame+1","floor":21},{"not_picked":["elementalist:Widdershins_Conversion","elementalist:Pressurize+1"],"picked":"elementalist:Blaze","floor":24},{"not_picked":["elementalist:Ignition","elementalist:Caution+1","elementalist:Gaian_Form"],"picked":"SKIP","floor":28},{"not_picked":["elementalist:Emberveil","elementalist:Confluence","elementalist:Stone_to_Mud"],"picked":"SKIP","floor":29},{"not_picked":["elementalist:Ignition","elementalist:Fission_Lance","elementalist:Blaze"],"picked":"SKIP","floor":30},{"not_picked":["elementalist:Spout+1","elementalist:Overheat+1","elementalist:Cyclone"],"picked":"SKIP","floor":31},{"not_picked":["elementalist:Emberveil","elementalist:Momentum","elementalist:Cauterize+1"],"picked":"SKIP","floor":35},{"not_picked":["elementalist:Undertow","elementalist:Overheat+1","elementalist:Mist+1"],"picked":"SKIP","floor":41},{"not_picked":["ReplayTheSpireMod:Haul","infinitespire:FinalStrike"],"picked":"infinitespire:UltimateForm","floor":42},{"not_picked":["elementalist:Momentum","elementalist:Monument","elementalist:Breeze+1"],"picked":"SKIP","floor":44},{"not_picked":["elementalist:Emberveil+1","elementalist:Flame","elementalist:Aetheric_Shield"],"picked":"SKIP","floor":45},{"not_picked":["elementalist:Overheat+1","elementalist:Emberveil"],"picked":"elementalist:Solar_Form","floor":47},{"not_picked":["Magnetism","Chrysalis"],"picked":"ReplayTheSpireMod:Necrogeddon","floor":48},{"not_picked":["elementalist:Breeze","elementalist:Inferno","elementalist:Concentricity"],"picked":"SKIP","floor":54}],"player_experience":166241,"relics_obtained":[{"floor":6,"key":"PreservedInsect"},{"floor":8,"key":"Eternal Feather"},{"floor":14,"key":"ReplayTheSpireMod:TigerMarble"},{"floor":26,"key":"Smiling Mask"},{"floor":28,"key":"HornCleat"},{"floor":39,"key":"ReplayTheSpireMod:Ring of Challenge"},{"floor":39,"key":"ReplayTheSpireMod:Ring of Exchange"},{"floor":43,"key":"Ancient Tea Set"},{"floor":54,"key":"TungstenRod"}],"event_choices":[{"damage_healed":0,"gold_gain":0,"player_choice":"Entered Light","damage_taken":14,"max_hp_gain":0,"max_hp_loss":0,"event_name":"Shining Light","floor":5,"gold_loss":0,"cards_upgraded":["elementalist:Crystal_Chalk","elementalist:Firestrike"]},{"damage_healed":0,"gold_gain":0,"player_choice":"Memory 1","damage_taken":0,"max_hp_gain":0,"max_hp_loss":0,"event_name":"SensoryStone","floor":48,"gold_loss":0}],"is_beta":false,"boss_relics":[{"not_picked":["conspire:RoyalGoblet","hubris:TerracottaHorce"],"picked":"Ring of Chaos"},{"not_picked":["energizedSpire:NeverEndingSparkler","Painkiller Herb"],"picked":"energizedSpire:OgreHead"}],"items_purged_floors":[19,36,38,53],"is_endless":false,"potions_floor_spawned":[6,12,16,21,28,29,47,54],"killed_by":"The Heart","ascension_level":0}}