{"host":"ucdtmwoyjdi175gg","time":1611416037,"event":{"mods":["2.2 Compatiblity","Act Like it!","Aspiration","BaseMod","Beaked The Cultist","Bestiary","Better Third Choice","CapriCore","Chen","Ekko","Filter the Spire","Friendly Minions","Gensokyo","Halation","Hermit","HololiveMod","KinomotoSakuraMod(????)","Koishi","Lobotomy","Luminous","Marisa????????","Marked Mod","Minty Spire (QoL Compilation)","Nova Terra(??·??)","Quick Restart","Relic Stats","Remilia??????","Replay The Spire","Somnambulant","StSLib","Td1madao Mod","The Administrix","The Bug Knight","The Fake Hero","The Hierophant","The Immortal","The Jungle","The Marked","The Servant 0.9.4","TheSwordswoman","Yuyuko","??????REMEMod"],"gold_per_floor":[161],"floor_reached":0,"language":"ENG","playtime":0,"items_purged":[],"score":0,"play_id":"b0feacc3-416b-43ee-ae94-055cbd362f1e","local_time":"20210123093357","is_ascension_mode":false,"campfire_choices":[],"circlet_count":0,"master_deck":["MokouMod:Strike","MokouMod:Strike","MokouMod:Strike","MokouMod:Strike","MokouMod:Strike","MokouMod:Defend","MokouMod:Defend","MokouMod:Defend","MokouMod:Defend","MokouMod:HeatSpark","MokouMod:Scorch","MokouMod:Wildfire+1","MokouMod:RisingSunBarrier+1","MokouMod:FujiyamaVolcano","MokouMod:SearingShot","MokouMod:RadiantBlade+1","MokouMod:Stoke","MokouMod:SpontaneousHumanCombustion+1","MokouMod:Stoke","MokouMod:HeatTransfer","MokouMod:HouraiForge"],"relics":[],"acts_visited":["Exordium","TheCity"],"potions_floor_usage":[],"damage_taken":[],"seed_played":"7725779577690135056","potions_obtained":[],"is_trial":false,"path_per_floor":[],"character_chosen":"MKU","items_purchased":[],"campfire_rested":0,"item_purchase_floors":[],"current_hp_per_floor":[75],"gold":161,"neow_bonus":"","is_daily":false,"chose_seed":false,"campfire_upgraded":0,"win_rate":0.0,"timestamp":1611416037,"path_taken":[],"items_purchased_type":[],"build_version":"2020-12-22","purchased_purges":0,"victory":false,"max_hp_per_floor":[75],"relic_stats":{"counters":[6,26],"obtain_stats":[{"Replay:Grab Bag":17,"Replay:Bronze Core":17,"SacredBark":17,"MokouMod:PhoenixFeather":0,"Prayer Wheel":1,"aspiration:DSix":0,"Cursed Key":17,"TungstenRod":7,"REME_ComplimentaryCards":0},{"Replay:Grab Bag":6,"Replay:Bronze Core":6,"SacredBark":6,"MokouMod:PhoenixFeather":0,"Prayer Wheel":1,"aspiration:DSix":0,"Cursed Key":6,"TungstenRod":3,"REME_ComplimentaryCards":0},{"Replay:Grab Bag":26,"Replay:Bronze Core":26,"SacredBark":26,"MokouMod:PhoenixFeather":0,"Prayer Wheel":1,"aspiration:DSix":0,"Cursed Key":26,"TungstenRod":9,"REME_ComplimentaryCards":0}]},"card_choices":[],"player_experience":1616565,"relics_obtained":[],"event_choices":[],"is_beta":false,"boss_relics":[],"items_purged_floors":[],"is_endless":false,"potions_floor_spawned":[],"ascension_level":0}}