{"host":"baymyijz6sxaqj5s","time":1611363525,"event":{"mods":["AchievementEnabler","BaseMod","Colored Map","Colored Powertips","DeckTracker","Highlight Path","KOR Keyword Fix","Keyboard Shortcuts","Minty Spire (QoL Compilation)","StSLib","SuperFastMode","everything is the same but u backflip on backflip"],"gold_per_floor":[117,128,141,91,104,104,104,104,150,150,6,24,36,36,36,141,141,160,160,160],"floor_reached":19,"language":"KOR","playtime":441,"items_purged":[],"score":183,"play_id":"fbc76c3b-4637-4b2c-a55a-b46a42002e42","local_time":"20210123095845","is_ascension_mode":true,"campfire_choices":[{"data":"Shrug It Off","floor":6.0,"key":"SMITH"},{"data":"Bash","floor":8.0,"key":"SMITH"},{"data":"Defend_R","floor":10.0,"key":"SMITH"},{"data":"Flame Barrier","floor":15.0,"key":"SMITH"}],"circlet_count":0,"master_deck":["Strike_R","Strike_R","Strike_R","Defend_R","Defend_R","Defend_R","Defend_R+1","Bash+1","Shrug It Off+1","Anger","Shrug It Off+1","Inflame","Flame Barrier+1","Demon Form","Battle Trance"],"relics":["Burning Blood","Lantern","DollysMirror","Runic Pyramid"],"acts_visited":["Exordium","TheCity"],"potions_floor_usage":[19],"damage_taken":[{"damage":1.0,"enemies":"Cultist","floor":1.0,"turns":4.0},{"damage":11.0,"enemies":"Small Slimes","floor":2.0,"turns":5.0},{"damage":9.0,"enemies":"2 Louse","floor":3.0,"turns":3.0},{"damage":13.0,"enemies":"Lots of Slimes","floor":5.0,"turns":3.0},{"damage":9.0,"enemies":"Exordium Wildlife","floor":12.0,"turns":5.0},{"damage":0.0,"enemies":"Gremlin Gang","floor":13.0,"turns":5.0},{"damage":11.0,"enemies":"The Guardian","floor":16.0,"turns":15.0},{"damage":0,"enemies":"Chosen","floor":18,"turns":6},{"damage":0,"enemies":"3 Byrds","floor":19,"turns":3}],"seed_played":"6175826029751019811","potions_obtained":[{"floor":1.0,"key":"PowerPotion"},{"floor":3.0,"key":"Swift Potion"},{"floor":5.0,"key":"PowerPotion"},{"floor":18,"key":"SpeedPotion"}],"is_trial":false,"path_per_floor":["M","M","M","?","M","R","?","R","T","R","$","M","M","$","R","B",null,"M","M"],"character_chosen":"IRONCLAD","items_purchased":["DollysMirror"],"campfire_rested":0,"item_purchase_floors":[11],"current_hp_per_floor":[88,83,80,80,73,73,73,73,73,73,73,70,76,76,76,71,88,88,88,88],"gold":160,"neow_bonus":"TEN_PERCENT_HP_BONUS","is_daily":false,"chose_seed":false,"campfire_upgraded":4,"win_rate":0.0,"timestamp":1611363525,"path_taken":["M","M","M","?","M","R","?","R","T","R","$","M","?","?","R","BOSS","M","M"],"items_purchased_type":["Relic"],"build_version":"2020-12-22","purchased_purges":0,"victory":false,"max_hp_per_floor":[88,88,88,88,88,88,88,88,88,88,88,88,88,88,88,88,88,88,88,88],"card_choices":[{"not_picked":["Intimidate","Pommel Strike","Clash"],"picked":"SKIP","floor":1.0},{"not_picked":["Feel No Pain","Pummel","Carnage"],"picked":"SKIP","floor":2.0},{"not_picked":["Warcry","Twin Strike","Flex"],"picked":"SKIP","floor":3.0},{"not_picked":["Uppercut","Fiend Fire"],"picked":"Shrug It Off","floor":5.0},{"not_picked":["Cleave","Disarm"],"picked":"Inflame","floor":12.0},{"not_picked":["Shrug It Off","Havoc"],"picked":"Flame Barrier","floor":13.0},{"not_picked":["Fiend Fire","Feed"],"picked":"Demon Form","floor":16.0},{"not_picked":["Warcry","Flex"],"picked":"Battle Trance","floor":18}],"player_experience":69623,"relics_obtained":[{"floor":9.0,"key":"Lantern"}],"event_choices":[{"cards_removed":["Strike_R"],"damage_healed":0.0,"max_hp_gain":0.0,"max_hp_loss":0.0,"gold_gain":0.0,"event_name":"The Cleric","player_choice":"Card Removal","floor":4.0,"gold_loss":50.0,"damage_taken":0.0},{"damage_healed":0.0,"max_hp_gain":0.0,"max_hp_loss":0.0,"gold_gain":0.0,"cards_transformed":["Strike_R"],"event_name":"Transmorgrifier","player_choice":"Transformed","floor":7.0,"gold_loss":0.0,"damage_taken":0.0,"cards_obtained":["Anger"]}],"is_beta":false,"boss_relics":[{"not_picked":["SlaversCollar","Runic Cube"],"picked":"Runic Pyramid"}],"items_purged_floors":[],"is_endless":false,"potions_floor_spawned":[1,3,5,18],"killed_by":"3 Byrds","ascension_level":3}}