{"host":"vex7walpoxzv48nx","time":1611376014,"event":{"mods":["BaseMod","Bestiary","Minty Spire (QoL Compilation)","Permanent Neow","Quick Restart","Relic Stats"],"gold_per_floor":[119,3,3,20,33,33,33],"floor_reached":6,"language":"ENG","playtime":488,"items_purged":[],"score":36,"play_id":"bf754169-390d-4b25-9467-a9e12e15b033","local_time":"20210123052654","daily_mods":["Draft","ControlledChaos","Binary"],"is_ascension_mode":false,"campfire_choices":[],"circlet_count":0,"master_deck":["Dual Wield","Seeing Red","Ghostly Armor","Shrug It Off","Sentinel","Pommel Strike","Headbutt","Sever Soul","Shrug It Off","Cleave","Sentinel","Cleave","Clothesline","Rampage","Pommel Strike","Sentinel","Ghostly Armor"],"relics":["Burning Blood","Frozen Eye"],"acts_visited":["Exordium"],"potions_floor_usage":[],"damage_taken":[{"damage":0,"enemies":"Small Slimes","floor":1,"turns":2},{"damage":1,"enemies":"Jaw Worm","floor":4,"turns":2},{"damage":5,"enemies":"2 Louse","floor":5,"turns":2},{"damage":0,"enemies":"Gremlin Nob","floor":6,"turns":2}],"seed_played":"-1859284083169061830","potions_obtained":[{"floor":1,"key":"PowerPotion"},{"floor":4,"key":"ColorlessPotion"},{"floor":5,"key":"Strength Potion"}],"is_trial":true,"path_per_floor":["M","$","?","M","M","E"],"character_chosen":"IRONCLAD","items_purchased":["Sentinel","Ghostly Armor"],"campfire_rested":0,"item_purchase_floors":[2,2],"current_hp_per_floor":[80,80,80,80,80,80,80],"gold":33,"neow_bonus":"","is_daily":false,"chose_seed":false,"campfire_upgraded":0,"win_rate":0.0,"timestamp":1611376014,"path_taken":["M","$","?","M","M","E"],"items_purchased_type":["Card","Card"],"build_version":"2020-12-22","purchased_purges":0,"victory":false,"max_hp_per_floor":[80,80,80,80,80,80,80],"relic_stats":{"counters":[4,8],"obtain_stats":[{"Frozen Eye":0,"Burning Blood":0},{"Frozen Eye":0,"Burning Blood":0},{"Frozen Eye":0,"Burning Blood":0}],"Burning Blood":6},"card_choices":[{"not_picked":["Anger","Pommel Strike"],"picked":"Dual Wield","floor":0},{"not_picked":["Warcry","Havoc"],"picked":"Seeing Red","floor":0},{"not_picked":["Evolve","True Grit"],"picked":"Ghostly Armor","floor":0},{"not_picked":["Anger","Clothesline"],"picked":"Shrug It Off","floor":0},{"not_picked":["Intimidate","Battle Trance"],"picked":"Sentinel","floor":0},{"not_picked":["Twin Strike","Rupture"],"picked":"Pommel Strike","floor":0},{"not_picked":["Battle Trance","Body Slam"],"picked":"Headbutt","floor":0},{"not_picked":["Carnage","Heavy Blade"],"picked":"Sever Soul","floor":0},{"not_picked":["Metallicize","Shrug It Off"],"picked":"Warcry","floor":0},{"not_picked":["Dark Embrace","Sword Boomerang"],"picked":"Shrug It Off","floor":0},{"not_picked":["Warcry","Body Slam"],"picked":"Cleave","floor":0},{"not_picked":["Fire Breathing","Ghostly Armor"],"picked":"Sentinel","floor":0},{"not_picked":["Shrug It Off","Dual Wield"],"picked":"Cleave","floor":0},{"not_picked":["Rampage","Searing Blow"],"picked":"Clothesline","floor":0},{"not_picked":["Spot Weakness","Thunderclap"],"picked":"Rampage","floor":0},{"not_picked":["Uppercut"],"picked":"Pommel Strike","floor":1},{"not_picked":["Body Slam","Cleave"],"picked":"SKIP","floor":4},{"not_picked":["Flex","Seeing Red"],"picked":"SKIP","floor":5}],"player_experience":204909,"relics_obtained":[],"event_choices":[{"cards_removed":["Warcry"],"damage_healed":5,"gold_gain":0,"player_choice":"Offered Common","damage_taken":0,"max_hp_gain":0,"max_hp_loss":0,"event_name":"Bonfire Elementals","floor":3,"gold_loss":0},{"cards_removed":["Warcry"],"damage_healed":5,"gold_gain":0,"player_choice":"Offered Special","damage_taken":0,"max_hp_gain":0,"max_hp_loss":0,"event_name":"Bonfire Elementals","floor":3,"gold_loss":0}],"is_beta":false,"boss_relics":[],"items_purged_floors":[],"is_endless":false,"potions_floor_spawned":[1,4,5],"killed_by":"Gremlin Nob","ascension_level":0}}