{"host":"yo9wwslrag05lh37","time":1611404220,"event":{"mods":["AchievementEnabler","BaseMod","Block Reminder","Colored Map","Colored Powertips","GifTheSpireLib","HexUI Lib","Highlight Path","Minty Spire (QoL Compilation)","Rare Cards Sparkle","Relic Stats","StSLib","everything is the same but u backflip on backflip"],"gold_per_floor":[117,117,117,267,267,294,308,25,106,137,137,152,178,195,195,195,195],"floor_reached":16,"language":"ENG","playtime":340,"items_purged":["Doubt"],"score":286,"play_id":"f25e5f35-f1fd-4b09-81bc-da8676788fb4","local_time":"20210123131700","is_ascension_mode":true,"campfire_choices":[{"data":"Sweeping Beam","floor":11,"key":"SMITH"},{"data":"Sweeping Beam","floor":15,"key":"SMITH"}],"circlet_count":0,"master_deck":["AscendersBane","Strike_B","Strike_B","Strike_B","Defend_B","Defend_B","Defend_B","Defend_B","Zap+1","Dualcast","Sweeping Beam+1","Sweeping Beam","Self Repair","Sweeping Beam+1","Capacitor"],"relics":["Cracked Core","NeowsBlessing","Cables","Mercury Hourglass","Membership Card","PreservedInsect","Pantograph","Bottled Flame","Omamori"],"acts_visited":["Exordium"],"potions_floor_usage":[16],"damage_taken":[{"damage":0,"enemies":"2 Louse","floor":1,"turns":1},{"damage":0,"enemies":"Lagavulin","floor":6,"turns":1},{"damage":0,"enemies":"Jaw Worm","floor":7,"turns":1},{"damage":10,"enemies":"3 Sentries","floor":10,"turns":3},{"damage":0,"enemies":"Small Slimes","floor":12,"turns":2},{"damage":30,"enemies":"Lagavulin","floor":13,"turns":4},{"damage":7,"enemies":"3 Louse","floor":14,"turns":2},{"damage":45,"enemies":"Hexaghost","floor":16,"turns":9}],"seed_played":"-7250482499444838819","potions_obtained":[{"floor":10,"key":"Regen Potion"},{"floor":13,"key":"Weak Potion"}],"is_trial":false,"path_per_floor":["M","?","?","?","?","E","M","$","T","E","R","M","E","M","R","B"],"character_chosen":"DEFECT","items_purchased":["Membership Card","PreservedInsect"],"campfire_rested":0,"item_purchase_floors":[8,8],"current_hp_per_floor":[64,57,52,52,52,52,52,52,52,49,49,49,26,19,19,0,0],"gold":195,"neow_bonus":"THREE_ENEMY_KILL","is_daily":false,"chose_seed":false,"campfire_upgraded":2,"win_rate":0.0,"timestamp":1611404220,"path_taken":["M","?","?","?","?","E","M","$","T","E","R","M","E","M","R","BOSS"],"items_purchased_type":["Relic","Relic"],"build_version":"2020-12-22","purchased_purges":1,"victory":false,"max_hp_per_floor":[71,71,71,71,71,71,71,71,71,71,71,71,71,71,71,71,71],"relic_stats":{"counters":[8,21],"Pantograph":25,"PreservedInsect":62,"obtain_stats":[{"Bottled Flame":10,"NeowsBlessing":0,"Pantograph":9,"PreservedInsect":8,"Omamori":13,"Membership Card":8,"Cracked Core":0,"Cables":3,"Mercury Hourglass":6},{"Bottled Flame":4,"NeowsBlessing":0,"Pantograph":3,"PreservedInsect":3,"Omamori":6,"Membership Card":3,"Cracked Core":0,"Cables":1,"Mercury Hourglass":2},{"Bottled Flame":5,"NeowsBlessing":0,"Pantograph":3,"PreservedInsect":3,"Omamori":11,"Membership Card":3,"Cracked Core":0,"Cables":1,"Mercury Hourglass":2}],"Cables":[16,16,0,0,0],"Mercury Hourglass":[76]},"card_choices":[{"not_picked":["Stack","Rebound"],"picked":"Sweeping Beam","floor":1},{"not_picked":["Turbo","Undo"],"picked":"Sweeping Beam","floor":6},{"not_picked":["Scrape","Turbo"],"picked":"Self Repair","floor":7},{"not_picked":["Redo","Compile Driver"],"picked":"Sweeping Beam","floor":10},{"not_picked":["Storm","Cold Snap","BootSequence"],"picked":"SKIP","floor":12},{"not_picked":["Chill","Sweeping Beam"],"picked":"Capacitor","floor":13},{"not_picked":["Turbo","Streamline","Barrage"],"picked":"SKIP","floor":14}],"player_experience":1522691,"relics_obtained":[{"floor":6,"key":"Mercury Hourglass"},{"floor":9,"key":"Pantograph"},{"floor":10,"key":"Bottled Flame"},{"floor":13,"key":"Omamori"}],"event_choices":[{"cards_removed":["Strike_B"],"damage_healed":0,"gold_gain":0,"player_choice":"Card Removal","damage_taken":7,"max_hp_gain":0,"max_hp_loss":0,"event_name":"Golden Wing","floor":2,"gold_loss":0},{"damage_healed":0,"gold_gain":0,"player_choice":"Success","damage_taken":5,"relics_obtained":["Cables"],"max_hp_gain":0,"max_hp_loss":0,"event_name":"Scrap Ooze","floor":3,"gold_loss":0},{"damage_healed":0,"gold_gain":150,"player_choice":"AGREE","damage_taken":0,"max_hp_gain":0,"max_hp_loss":0,"event_name":"Liars Game","floor":4,"gold_loss":0,"cards_obtained":["Doubt"]},{"damage_healed":0,"gold_gain":0,"player_choice":"Upgraded","damage_taken":0,"max_hp_gain":0,"max_hp_loss":0,"event_name":"Upgrade Shrine","floor":5,"gold_loss":0,"cards_upgraded":["Zap"]}],"is_beta":false,"boss_relics":[],"items_purged_floors":[8],"is_endless":false,"potions_floor_spawned":[10,13,14],"killed_by":"Hexaghost","ascension_level":20}}