{"host":"yt8tirjpas3zupuf","time":1611434117,"event":{"mods":["Act Like it!","Arknights The Spire","BaseMod","Colored Powertips","Duelist Mod","Gensokyo","Googly Eyes","Lobotomy","Marisa£®ÏF”Í°°ƒß¿Ì…≥£©","Minty Spire (QoL Compilation)","Remilia£®¿Ÿ√◊¿Ú—«£©","Replay The Spire","StSLib","The Bug Knight","The Servant 0.9.4"],"gold_per_floor":[118,118,10,10,10,10,27,27,27,52,70,70,298,33,33,132,132,149,149,29,29,60,91,91,405,405,579,327,718,333,350,350,600,600],"floor_reached":33,"language":"ZHS","playtime":2053,"items_purged":[],"score":595,"play_id":"cc912a25-3042-4d2f-b52f-b6e8e295682d","local_time":"20210124043517","daily_mods":["Shiny","Vintage","Heirloom","DeadlyEvents","Elite Swarm"],"is_ascension_mode":false,"campfire_choices":[{"data":"ats:Dogmatic Field","floor":6,"key":"SMITH"},{"floor":8,"key":"REST"},{"floor":12,"key":"REST"},{"floor":15,"key":"REST"},{"floor":32,"key":"REST"}],"circlet_count":0,"master_deck":["ats:Rat Pack","ats:Disruption Kick","ats:Echo Reverb","ats:Roar Of Ursus","ats:Fractured Body","ats:Calcification","ats:Ambush","ats:Soul Rend","ats:Nebulous Foxfire","ats:Volcano","ats:Shadow Assault","ats:Durian","ats:True Silver Slash","ats:Dogmatic Field+1","ats:Wolf Pack","ats:Shadow Assault+1","ats:Sashimi Platter+1","ats:Apocalypse+1","ats:True Silver Slash+1","ats:Soul Rend+1","ats:True Silver Slash+1","Gensokyo:MonkeysPaw","ats:Shadow Assault+1","ats:Dogmatic Field+1","ats:Hammer On+1","Gensokyo:TarnishedGold","Gensokyo:Shovel","Gensokyo:ScrapIron","Gensokyo:LittleGreenMen","Gensokyo:LifeforceConverter"],"relics":["ats:Sanity","Replay:Kaleidoscope","Omamori","Gensokyo:NagashiBinaDoll","Strawberry","Akabeko","Lantern","Golden Egg","ats:Originium","Divine Protection","Replay:Towering Pillar of Hats","Torii","Unceasing Top","Blue Doll","Snecko Eye","Darkstone Periapt","Gensokyo:FoxMask","Centennial Puzzle","Ice Cream","ReplayTheSpireMod:Ninjato","Du-Vu Doll","ats:Ability Aura","Membership Card","Bag of Preparation","Gremlin Horn","ReplayFunnel"],"acts_visited":["Exordium","Gensokyo:Gensokyo"],"potions_floor_usage":[],"damage_taken":[{"damage":15,"enemies":"Gensokyo:3_Fairies","floor":1,"turns":4},{"damage":38,"enemies":"Gensokyo:Gryphon","floor":7,"turns":8},{"damage":42,"enemies":"Gensokyo:Aya","floor":10,"turns":8},{"damage":0,"enemies":"Gensokyo:Python","floor":11,"turns":3},{"damage":20,"enemies":"Gensokyo:Cirno","floor":13,"turns":7},{"damage":158,"enemies":"Gensokyo:Kokoro","floor":16,"turns":17},{"damage":5,"enemies":"Gensokyo:CosmicMonolith","floor":18,"turns":3},{"damage":2,"enemies":"Gensokyo:Koishi","floor":22,"turns":2},{"damage":0,"enemies":"Gensokyo:Reisen","floor":23,"turns":5},{"damage":55,"enemies":"Gensokyo:Koishi","floor":25,"turns":3},{"damage":14,"enemies":"Gensokyo:Reisen","floor":27,"turns":4},{"damage":37,"enemies":"Gensokyo:Tenshi","floor":29,"turns":3},{"damage":0,"enemies":"Gensokyo:AngelMirror","floor":31,"turns":1},{"damage":123,"enemies":"Gensokyo:Eternal_Rivals","floor":33,"turns":5}],"seed_played":"-2263845244450399534","potions_obtained":[{"floor":11,"key":"Explosive Potion"},{"floor":13,"key":"Weak Potion"},{"floor":23,"key":"Reflective Coating"}],"is_trial":true,"path_per_floor":["M","?","COS","?","?","R","M","R","T","E","M","R","E","$","R","B",null,"M","?","?","$","E","E","?","E","T","E","$","E","COS","M","R","B"],"character_chosen":"DOCTOR_CLASS","items_purchased":["Blue Doll","ats:Sashimi Platter","ats:Apocalypse","Membership Card","Bag of Preparation","ats:Hammer On"],"campfire_rested":4,"item_purchase_floors":[14,14,14,28,28,28],"current_hp_per_floor":[63,63,63,60,45,45,17,40,40,3,6,29,35,35,58,34,79,77,77,77,77,77,79,72,45,45,72,72,45,45,48,69,0,0],"gold":600,"neow_bonus":"","is_daily":false,"chose_seed":false,"campfire_upgraded":1,"win_rate":0.0,"timestamp":1611434117,"path_taken":["M","?","COS","?","?","R","M","R","T","E","?","R","?","?","R","BOSS","M","?","?","$","?","E","?","E","T","E","$","E","COS","M","R","BOSS"],"items_purchased_type":["Relic","Card","Card","Relic","Relic","Card"],"build_version":"2020-12-22","purchased_purges":0,"victory":false,"max_hp_per_floor":[72,72,72,79,79,79,79,79,79,79,79,79,79,79,79,79,79,79,79,79,79,79,79,72,72,72,72,72,72,72,72,72,72,72],"card_choices":[{"not_picked":["ats:Soul Rend","ats:Ambush"],"picked":"ats:Shadow Assault","floor":10},{"not_picked":["ats:Durian","ats:Ambush","ats:Nebulous Foxfire"],"picked":"SKIP","floor":13},{"not_picked":["ats:Dogmatic Field","ats:Calcification"],"picked":"ats:True Silver Slash","floor":16},{"not_picked":["ats:Wolf Pack","ats:Shadow Assault"],"picked":"ats:Soul Rend","floor":22},{"not_picked":["ats:Roar Of Ursus","ats:Disruption Kick"],"picked":"ats:True Silver Slash","floor":23},{"not_picked":["Gensokyo:TurboGranny","Gensokyo:LittleGreenMen"],"picked":"Gensokyo:MonkeysPaw","floor":24},{"not_picked":["ats:Roar Of Ursus","ats:Soul Rend"],"picked":"ats:Shadow Assault","floor":25},{"not_picked":["ats:Disruption Kick","ats:Durian"],"picked":"ats:Dogmatic Field","floor":27},{"not_picked":["ats:Volcano","ats:Nebulous Foxfire","ats:Echo Reverb"],"picked":"SKIP","floor":29}],"player_experience":125972,"relics_obtained":[{"floor":1,"key":"Omamori"},{"floor":7,"key":"Lantern"},{"floor":9,"key":"Golden Egg"},{"floor":10,"key":"ats:Originium"},{"floor":10,"key":"Divine Protection"},{"floor":11,"key":"Replay:Towering Pillar of Hats"},{"floor":13,"key":"ats:Originium"},{"floor":13,"key":"Unceasing Top"},{"floor":18,"key":"Darkstone Periapt"},{"floor":22,"key":"ats:Originium"},{"floor":22,"key":"Centennial Puzzle"},{"floor":23,"key":"ats:Originium"},{"floor":23,"key":"Ice Cream"},{"floor":25,"key":"ReplayTheSpireMod:Ninjato"},{"floor":26,"key":"Du-Vu Doll"},{"floor":27,"key":"ats:Ability Aura"},{"floor":29,"key":"Gremlin Horn"},{"floor":31,"key":"ReplayFunnel"}],"event_choices":[],"is_beta":false,"boss_relics":[{"not_picked":["Black Star","Abe\u0027s Treasure"],"picked":"Snecko Eye"}],"items_purged_floors":[],"is_endless":true,"potions_floor_spawned":[11,13,23,25,27,31],"killed_by":"Gensokyo:Eternal_Rivals","ascension_level":0}}