{"host":"sian7qp8a9pc9xwd","time":1611403946,"event":{"mods":["BaseMod","Minty Spire (QoL Compilation)","StSLib","SuperFastMode"],"gold_per_floor":[16,16,36,36,36,36,48,48,75,75,91,91,91,114,114,192,192,203,203,203,217,234,234,56,56,56,76,76,1,13,13,13],"floor_reached":31,"language":"ENG","playtime":801,"items_purged":["Strike_B+1"],"score":368,"play_id":"13522d76-75ec-4f7c-bd72-a429d0583c9e","local_time":"20210123071226","is_ascension_mode":true,"campfire_choices":[{"data":"Genetic Algorithm","floor":6,"key":"SMITH"},{"data":"Chaos","floor":8,"key":"SMITH"},{"data":"Zap","floor":10,"key":"SMITH"},{"data":"Dualcast","floor":13,"key":"SMITH"},{"data":"Ball Lightning","floor":15,"key":"SMITH"},{"data":"Conserve Battery","floor":23,"key":"SMITH"}],"circlet_count":0,"master_deck":["AscendersBane","Defend_B+1","Defend_B+1","Defend_B+1","Zap+1","Dualcast+1","Ball Lightning+1","Genetic Algorithm+1","Chaos+1","Conserve Battery+1","Tempest+1","Seek+1","Hologram+1","Double Energy+1","Thinking Ahead+1","Necronomicurse","White Noise+1","RitualDagger"],"relics":["Cracked Core","Potion Belt","Toxic Egg 2","Odd Mushroom","Velvet Choker","Necronomicon","Mummified Hand"],"acts_visited":["Exordium","TheCity"],"potions_floor_usage":[22,31,31,31],"damage_taken":[{"damage":8,"enemies":"2 Louse","floor":1,"turns":3},{"damage":2,"enemies":"Jaw Worm","floor":3,"turns":3},{"damage":1,"enemies":"Cultist","floor":7,"turns":3},{"damage":4,"enemies":"Red Slaver","floor":11,"turns":3},{"damage":5,"enemies":"The Mushroom Lair","floor":14,"turns":5},{"damage":12,"enemies":"The Guardian","floor":16,"turns":10},{"damage":0,"enemies":"Chosen","floor":18,"turns":3},{"damage":6,"enemies":"3 Byrds","floor":21,"turns":3},{"damage":0,"enemies":"Snake Plant","floor":22,"turns":2},{"damage":7,"enemies":"3 Cultists","floor":27,"turns":5},{"damage":22,"enemies":"Centurion and Healer","floor":30,"turns":4},{"damage":12,"enemies":"Slavers","floor":31,"turns":3}],"seed_played":"8043722950867391514","potions_obtained":[{"floor":11,"key":"Fire Potion"},{"floor":14,"key":"Energy Potion"},{"floor":16,"key":"FearPotion"},{"floor":21,"key":"SteroidPotion"},{"floor":30,"key":"Block Potion"}],"is_trial":false,"path_per_floor":["M","?","M","?","$","R","M","R","T","R","M","T","R","?","R","B",null,"M","?","?","M","M","R","$","?","T","M","?","$","M","E"],"character_chosen":"DEFECT","items_purchased":["Thinking Ahead+1"],"campfire_rested":0,"item_purchase_floors":[24],"current_hp_per_floor":[60,60,58,51,51,51,50,50,50,50,46,46,46,41,41,29,64,64,64,64,58,58,58,58,42,42,35,29,29,7,0,0],"gold":13,"neow_bonus":"REMOVE_TWO","is_daily":false,"chose_seed":false,"campfire_upgraded":6,"win_rate":0.0,"timestamp":1611403946,"path_taken":["M","?","M","?","?","R","M","R","T","R","?","?","R","?","R","BOSS","M","?","?","M","M","R","$","?","T","M","?","?","M","E"],"items_purchased_type":["Card"],"build_version":"2020-12-22","purchased_purges":1,"victory":false,"max_hp_per_floor":[75,75,75,75,75,75,75,75,75,75,75,75,75,75,75,75,75,75,75,75,75,75,75,75,75,75,75,75,75,75,75,75],"card_choices":[{"not_picked":["Compile Driver","Reinforced Body"],"picked":"Ball Lightning","floor":1},{"not_picked":["Hologram","Barrage"],"picked":"Chaos","floor":3},{"not_picked":["Static Discharge","Beam Cell"],"picked":"Conserve Battery","floor":7},{"not_picked":["Consume","Aggregate","Fusion"],"picked":"SKIP","floor":11},{"not_picked":["Gash","Rebound"],"picked":"Tempest+1","floor":14},{"not_picked":["Echo Form","Buffer"],"picked":"Seek+1","floor":16},{"not_picked":["Recycle+1","Lockon","Force Field+1"],"picked":"SKIP","floor":18},{"not_picked":["Beam Cell","FTL"],"picked":"Hologram+1","floor":21},{"not_picked":["Genetic Algorithm+1","Streamline+1"],"picked":"Double Energy+1","floor":22},{"not_picked":["Heatsinks","Melter"],"picked":"White Noise+1","floor":27},{"not_picked":["Compile Driver+1","Self Repair","Beam Cell"],"picked":"SKIP","floor":30}],"player_experience":757319,"relics_obtained":[{"floor":9,"key":"Potion Belt"},{"floor":12,"key":"Toxic Egg 2"},{"floor":14,"key":"Odd Mushroom"},{"floor":25,"key":"Necronomicon"},{"floor":26,"key":"Mummified Hand"}],"event_choices":[{"damage_healed":0,"gold_gain":0,"cards_transformed":["Strike_B"],"player_choice":"Change","damage_taken":0,"max_hp_gain":0,"max_hp_loss":0,"event_name":"Living Wall","floor":2,"gold_loss":0,"cards_obtained":["Genetic Algorithm"]},{"cards_removed":["Defend_B"],"damage_healed":0,"gold_gain":0,"player_choice":"Card Removal","damage_taken":7,"max_hp_gain":0,"max_hp_loss":0,"event_name":"Golden Wing","floor":4,"gold_loss":0},{"damage_healed":0,"gold_gain":0,"player_choice":"Fought Mushrooms","damage_taken":0,"max_hp_gain":0,"max_hp_loss":0,"event_name":"Mushrooms","floor":14,"gold_loss":0},{"damage_healed":0,"gold_gain":0,"player_choice":"Ignored","damage_taken":0,"max_hp_gain":0,"max_hp_loss":0,"event_name":"Vampires","floor":19,"gold_loss":0},{"damage_healed":0,"gold_gain":0,"player_choice":"Simplicity","damage_taken":0,"max_hp_gain":0,"max_hp_loss":0,"event_name":"Back to Basics","floor":20,"gold_loss":0,"cards_upgraded":["Strike_B","Defend_B","Defend_B","Defend_B"]},{"damage_healed":0,"gold_gain":0,"player_choice":"Obtained Book","damage_taken":16,"max_hp_gain":0,"max_hp_loss":0,"event_name":"Cursed Tome","floor":25,"gold_loss":0},{"damage_healed":0,"gold_gain":0,"player_choice":"Joined the Cult","damage_taken":6,"max_hp_gain":0,"max_hp_loss":0,"event_name":"Nest","floor":28,"gold_loss":0,"cards_obtained":["RitualDagger"]}],"is_beta":false,"boss_relics":[{"not_picked":["Ectoplasm","Runic Dome"],"picked":"Velvet Choker"}],"items_purged_floors":[29],"is_endless":false,"potions_floor_spawned":[11,14,16,21,30],"killed_by":"Slavers","ascension_level":13}}