{"host":"tcdxiwht2vajk3tk","time":1611371860,"event":{"mods":["AchievementEnabler","BaseMod","Beaked The Cultist","Colored Powertips","Conspire","Defuse TimeMaze Blight","Downfall","Halation","Hermit","Hubris","Infinite Spire","Lobotomy","LobotomyExtend","Minty Spire (QoL Compilation)","Replay The Spire","Shop Mod","StSLib","The Cursed","The Disciple","vexMod"],"gold_per_floor":[99,115,115,63,82,82,82,108,108,121,121,121,121],"floor_reached":11,"language":"ENG","playtime":613,"items_purged":[],"score":142,"play_id":"6bb40b39-19c4-4827-9ca5-1c4a0c054e77","local_time":"20210122221740","daily_mods":["Red Cards","DeadlyEvents","Elite Swarm","Lethality"],"is_ascension_mode":true,"campfire_choices":[{"data":"champ:Taunt","floor":1,"key":"SMITH"},{"floor":6,"key":"REST"},{"floor":9,"key":"REST"}],"circlet_count":0,"master_deck":["AscendersBane","champ:Strike","champ:Strike","champ:Strike","champ:Strike","champ:Defend","champ:Defend","champ:Defend","champ:Defend","champ:Execute","champ:Taunt+1","Inflame","Inflame","Life Link","Fire Breathing","champ:HoldFirm","champ:FocusedDefense"],"relics":["champ:ChampionCrown","replay:Trail_Library","LetterFromLob","Smiling Mask","halation:PrussianBluePaint"],"acts_visited":["Exordium"],"potions_floor_usage":[11,11],"damage_taken":[{"damage":25,"enemies":"Jaw Worm","floor":2,"turns":2},{"damage":45,"enemies":"downfall:FleeingMerchant","floor":4,"turns":4},{"damage":19,"enemies":"Cultist","floor":5,"turns":2},{"damage":53,"enemies":"Gremlin Nob","floor":8,"turns":3},{"damage":0,"enemies":"2 Louse","floor":10,"turns":2},{"damage":35,"enemies":"3 Sentries","floor":11,"turns":2}],"seed_played":"-8092520688255279291","potions_obtained":[{"floor":8,"key":"FearPotion"},{"floor":10,"key":"Guardian:BlockOnCardUsePotion"}],"is_trial":true,"path_per_floor":["R","M","?","$","M","R","T","E","R","M","E"],"character_chosen":"THE_CHAMP","items_purchased":["Life Link"],"campfire_rested":2,"item_purchase_floors":[4],"current_hp_per_floor":[73,58,58,33,24,48,48,5,29,29,0,0,0],"gold":121,"neow_bonus":"","is_daily":false,"chose_seed":false,"campfire_upgraded":1,"win_rate":0.0,"timestamp":1611371860,"path_taken":["R","M","?","?","M","R","T","E","R","?","?"],"items_purchased_type":["Card"],"build_version":"2020-12-22","purchased_purges":0,"victory":false,"max_hp_per_floor":[81,81,81,81,81,81,81,81,81,81,81,81,81],"card_choices":[{"not_picked":["Uppercut","champ:CrownThrow"],"picked":"Inflame","floor":2},{"not_picked":["champ:ArenaPreparation","conspire:HitWhereItHurts"],"picked":"Inflame","floor":4},{"not_picked":["champ:GutPunch","Havoc"],"picked":"Fire Breathing","floor":5},{"not_picked":["Double Tap","conspire:HitWhereItHurts"],"picked":"champ:HoldFirm","floor":8},{"not_picked":["Perfected Strike","champ:Shatter"],"picked":"champ:FocusedDefense","floor":10}],"player_experience":1621257,"relics_obtained":[{"floor":2,"key":"LetterFromLob"},{"floor":7,"key":"Smiling Mask"},{"floor":8,"key":"halation:PrussianBluePaint"}],"event_choices":[],"is_beta":false,"boss_relics":[],"items_purged_floors":[],"is_endless":false,"potions_floor_spawned":[8,10],"killed_by":"3 Sentries","ascension_level":20}}