{"host":"94aus4jnk6thj94q","time":1611425095,"event":{"mods":["BaseMod","Minty Spire (QoL Compilation)","Quick Restart","StSLib"],"gold_per_floor":[119,129,143,160,180,180,209,227,280,280,353,386,396,396,396,495,495,514,530,540,44,63,63,109,137,163,163,175,187,218,233,233,334,334,347,397,108,108,108,135,135,135,135,135,147,41,41,55,55,55],"floor_reached":51,"language":"ENG","playtime":18371,"items_purged":[],"score":754,"play_id":"9554c4b2-f4e7-432b-8164-39ba18f52c47","local_time":"20210123200455","is_ascension_mode":false,"campfire_choices":[{"floor":6.0,"key":"REST"},{"floor":10.0,"key":"REST"},{"floor":15.0,"key":"REST"},{"floor":23,"key":"REST"},{"floor":32,"key":"REST"},{"floor":41,"key":"REST"},{"floor":44,"key":"DIG"},{"floor":47,"key":"DIG"},{"floor":49,"key":"REST"}],"circlet_count":0,"master_deck":["Strike_B","Strike_B","Strike_B","Strike_B","Defend_B","Defend_B","Defend_B","Defend_B+1","Zap","Dualcast","White Noise+1","Conserve Battery","Coolheaded","Ball Lightning","Doom and Gloom","Undo","Defragment","Conserve Battery","Thunder Strike","Cold Snap+1","Redo","Leap","Defragment","Buffer","Loop+1","Sunder+1","Conserve Battery","Fusion","Buffer","Madness","Madness","Loop","Melter","Defragment","Capacitor"],"relics":["FrozenCore","Oddly Smooth Stone","War Paint","Mummified Hand","Runic Capacitor","Anchor","Lantern","Ancient Tea Set","Kunai","Juzu Bracelet","Bag of Marbles","Snecko Eye","Ginger","Turnip","Gremlin Horn","Strawberry","Shovel","Pen Nib","Sundial"],"acts_visited":["Exordium","TheCity","TheBeyond"],"potions_floor_usage":[29,29,30,33,35],"damage_taken":[{"damage":2.0,"enemies":"2 Louse","floor":1.0,"turns":2.0},{"damage":1.0,"enemies":"Cultist","floor":2.0,"turns":3.0},{"damage":2.0,"enemies":"Jaw Worm","floor":3.0,"turns":3.0},{"damage":8.0,"enemies":"Looter","floor":4.0,"turns":3.0},{"damage":0.0,"enemies":"2 Fungi Beasts","floor":5.0,"turns":2.0},{"damage":24.0,"enemies":"3 Sentries","floor":7.0,"turns":4.0},{"damage":0.0,"enemies":"Lots of Slimes","floor":8.0,"turns":3.0},{"damage":14.0,"enemies":"Gremlin Nob","floor":12.0,"turns":4.0},{"damage":9.0,"enemies":"3 Louse","floor":13.0,"turns":3.0},{"damage":10.0,"enemies":"The Guardian","floor":16.0,"turns":11.0},{"damage":25.0,"enemies":"Chosen","floor":18.0,"turns":7.0},{"damage":0,"enemies":"Spheric Guardian","floor":19,"turns":7},{"damage":10,"enemies":"Snecko","floor":20,"turns":4},{"damage":0,"enemies":"Centurion and Healer","floor":22,"turns":10},{"damage":12,"enemies":"Book of Stabbing","floor":25,"turns":7},{"damage":5,"enemies":"Snake Plant","floor":28,"turns":4},{"damage":0,"enemies":"Sentry and Sphere","floor":29,"turns":7},{"damage":15,"enemies":"Gremlin Leader","floor":30,"turns":8},{"damage":0,"enemies":"Centurion and Healer","floor":31,"turns":9},{"damage":45,"enemies":"Automaton","floor":33,"turns":15},{"damage":0,"enemies":"3 Darklings","floor":35,"turns":5},{"damage":0,"enemies":"Mind Bloom Boss Battle","floor":36,"turns":6},{"damage":0,"enemies":"Nemesis","floor":40,"turns":7},{"damage":0,"enemies":"Orb Walker","floor":45,"turns":3},{"damage":38,"enemies":"Writhing Mass","floor":48,"turns":6},{"damage":14,"enemies":"Time Eater","floor":50,"turns":11}],"seed_played":"-8371746471114589165","potions_obtained":[{"floor":2.0,"key":"Fire Potion"},{"floor":3.0,"key":"Weak Potion"},{"floor":4.0,"key":"Swift Potion"},{"floor":7.0,"key":"Fire Potion"},{"floor":13.0,"key":"BlessingOfTheForge"},{"floor":22,"key":"Explosive Potion"},{"floor":25,"key":"Explosive Potion"},{"floor":28,"key":"Fire Potion"},{"floor":31,"key":"AttackPotion"},{"floor":33,"key":"SkillPotion"},{"floor":40,"key":"EssenceOfDarkness"}],"is_trial":false,"path_per_floor":["M","M","M","M","M","R","E","M","T","R","?","E","M","?","R","B",null,"M","M","M","$","M","R","T","E","T","?","M","M","E","M","R","B",null,"M","?","$","?","?","E","R","?","T","R","M","$","R","M","R","B",null],"character_chosen":"DEFECT","items_purchased":["Runic Capacitor","Defragment","Anchor","Lantern","Turnip","Melter","Defragment"],"campfire_rested":7,"item_purchase_floors":[21,21,21,21,37,46,46],"current_hp_per_floor":[80,79,77,69,69,82,58,58,58,82,82,68,59,59,82,72,82,57,57,47,47,47,71,71,59,59,82,77,77,62,62,82,37,82,82,82,82,72,72,72,82,89,89,89,89,89,89,51,77,63],"gold":55,"neow_bonus":"TEN_PERCENT_HP_BONUS","is_daily":false,"chose_seed":false,"campfire_upgraded":0,"win_rate":0.0,"timestamp":1611425095,"path_taken":["M","M","M","M","M","R","E","M","T","R","?","E","M","?","R","BOSS","M","M","M","$","M","R","?","E","T","?","M","M","E","M","R","BOSS","M","?","$","?","?","E","R","?","T","R","M","$","R","M","R","BOSS"],"items_purchased_type":["Relic","Card","Relic","Relic","Relic","Card","Card"],"build_version":"2020-12-22","purchased_purges":0,"victory":true,"max_hp_per_floor":[82,82,82,82,82,82,82,82,82,82,82,82,82,82,82,82,82,82,82,82,82,82,82,82,82,82,82,82,82,82,82,82,82,82,82,82,82,82,82,82,82,89,89,89,89,89,89,89,89,89],"card_choices":[{"not_picked":["Rebound","Compile Driver"],"picked":"White Noise","floor":1.0},{"not_picked":["BootSequence","Barrage"],"picked":"Conserve Battery","floor":2.0},{"not_picked":["Stack","Steam"],"picked":"Coolheaded","floor":3.0},{"not_picked":["Hello World","Gash"],"picked":"Ball Lightning","floor":4.0},{"not_picked":["Storm","Hologram"],"picked":"Doom and Gloom","floor":5.0},{"not_picked":["Force Field","Aggregate","Rebound"],"picked":"SKIP","floor":7.0},{"not_picked":["Stack","BootSequence"],"picked":"Undo","floor":8.0},{"not_picked":["Genetic Algorithm","Amplify"],"picked":"Defragment","floor":12.0},{"not_picked":["Sweeping Beam","Force Field"],"picked":"Conserve Battery","floor":13.0},{"not_picked":["Meteor Strike","Multi-Cast"],"picked":"Thunder Strike","floor":16.0},{"not_picked":["Beam Cell","Rebound"],"picked":"Cold Snap+1","floor":18},{"not_picked":["Sweeping Beam","Steam"],"picked":"Redo","floor":19},{"not_picked":["Reprogram","Redo"],"picked":"Leap","floor":20},{"not_picked":["Barrage+1","Coolheaded"],"picked":"Buffer","floor":22},{"not_picked":["Machine Learning","Stack"],"picked":"Loop+1","floor":25},{"not_picked":["Ball Lightning+1","Melter"],"picked":"Sunder+1","floor":28},{"not_picked":["Leap","Steam Power"],"picked":"Conserve Battery","floor":29},{"not_picked":["Hologram","Auto Shields"],"picked":"Fusion","floor":30},{"not_picked":["Aggregate","Leap","Rip and Tear"],"picked":"SKIP","floor":31},{"not_picked":["Biased Cognition","Meteor Strike"],"picked":"Buffer","floor":33},{"not_picked":["Stack","Coolheaded+1","Streamline+1"],"picked":"SKIP","floor":35},{"not_picked":["Fission","Barrage+1","Streamline"],"picked":"SKIP","floor":40},{"not_picked":["Static Discharge","Coolheaded+1"],"picked":"Loop","floor":45},{"not_picked":["Double Energy","Aggregate"],"picked":"Capacitor","floor":48}],"player_experience":5890138,"relics_obtained":[{"floor":7.0,"key":"Oddly Smooth Stone"},{"floor":9.0,"key":"War Paint"},{"floor":12.0,"key":"Mummified Hand"},{"floor":24,"key":"Ancient Tea Set"},{"floor":25,"key":"Kunai"},{"floor":26,"key":"Juzu Bracelet"},{"floor":30,"key":"Bag of Marbles"},{"floor":36,"key":"Ginger"},{"floor":40,"key":"Gremlin Horn"},{"floor":43,"key":"Shovel"},{"floor":44,"key":"Pen Nib"},{"floor":47,"key":"Sundial"}],"event_choices":[{"damage_healed":0.0,"max_hp_gain":0.0,"max_hp_loss":0.0,"gold_gain":73.0,"event_name":"Golden Wing","player_choice":"Gained Gold","floor":11.0,"gold_loss":0.0,"damage_taken":0.0},{"damage_healed":0.0,"max_hp_gain":0.0,"max_hp_loss":0.0,"gold_gain":0.0,"event_name":"NoteForYourself","player_choice":"Ignored","floor":14.0,"gold_loss":0.0,"damage_taken":0.0},{"damage_healed":27,"gold_gain":0,"player_choice":"Heal","damage_taken":0,"max_hp_gain":0,"max_hp_loss":0,"event_name":"The Library","floor":27,"gold_loss":0},{"damage_healed":0,"gold_gain":0,"player_choice":"Fight","damage_taken":0,"max_hp_gain":0,"max_hp_loss":0,"event_name":"MindBloom","floor":36,"gold_loss":0},{"damage_healed":0,"gold_gain":0,"player_choice":"Embrace Madness","damage_taken":10,"max_hp_gain":0,"max_hp_loss":0,"event_name":"Winding Halls","floor":38,"gold_loss":0,"cards_obtained":["Madness","Madness"]},{"damage_healed":0,"gold_gain":0,"player_choice":"Ignored","damage_taken":0,"max_hp_gain":0,"max_hp_loss":0,"event_name":"Tomb of Lord Red Mask","floor":39,"gold_loss":0},{"damage_healed":0,"gold_gain":0,"player_choice":"Gave Potion","damage_taken":0,"relics_obtained":["Strawberry"],"max_hp_gain":0,"max_hp_loss":0,"event_name":"WeMeetAgain","floor":42,"gold_loss":0}],"is_beta":false,"boss_relics":[{"not_picked":["Philosopher\u0027s Stone","Busted Crown"],"picked":"FrozenCore"},{"not_picked":["Astrolabe","Runic Dome"],"picked":"Snecko Eye"}],"items_purged_floors":[],"is_endless":false,"potions_floor_spawned":[2,3,4,7,13,22,25,28,31,33,40],"ascension_level":0}}