{"host":"o9ks9zgjwk1fcyk2","time":1611428983,"event":{"mods":["A Magickal Journey","AchievementEnabler","Aspiration","BaseMod","BetterRewards","Colored Map","Colored Powertips","Conspire","DeckTracker","Downfall","Friendly Minions","GifTheSpireLib","Halation","Highlight Path","Hubris","Infinite Spire","Ironclad Rager","Minty Spire (QoL Compilation)","Permanent Neow","Quarter Circle Forward PUNCH!","Quick Restart","READ ME - Guardian Mod","Relic Sorter","Replay The Spire","StSLib","Stuff the Spire","The Construct","The Cursed","The Disciple","The Forsaken","The Jungle","The Mystic","vexMod"],"gold_per_floor":[113,288,288,298,314,314,334,334,334,353,353,403,414,414,414,511,511,384,384,384,401,425,425,442,442,442,442,452,484,484,486,486,603,603,618,639,639,159,181,181],"floor_reached":39,"language":"ENG","playtime":3546,"items_purged":["theForsaken:TheForsaken_Strike","theForsaken:TheForsaken_Defend","Hallucinations"],"score":441,"play_id":"5f5aad22-b1c3-404a-8bec-038844a5c657","local_time":"20210123190943","is_ascension_mode":false,"campfire_choices":[{"data":"theForsaken:HymnOfPatience","floor":6,"key":"SMITH"},{"data":"theForsaken:Penitence","floor":8,"key":"SMITH"},{"data":"Body Slam","floor":11,"key":"SMITH"},{"data":"theForsaken:TheForsaken_Defend","floor":15,"key":"PURGE"},{"data":"theForsaken:Prudence","floor":23,"key":"SMITH"},{"data":"theForsaken:DefensiveStance","floor":25,"key":"SMITH"},{"data":"Metallicize","floor":32,"key":"SMITH"}],"circlet_count":0,"master_deck":["theForsaken:TheForsaken_Strike","theForsaken:TheForsaken_Strike","theForsaken:TheForsaken_Strike","theForsaken:TheForsaken_Defend","theForsaken:TheForsaken_Defend","theForsaken:Smite","theForsaken:Penitence+1","theForsaken:ShieldCharge","theForsaken:HymnOfPatience+1","Body Slam+1","Metallicize+1","theForsaken:Prudence+1","theForsaken:ChargeAttack","theForsaken:DefensiveStance+1","theForsaken:NobleSacrifice","theForsaken:FatRoll","theForsaken:Confusion","theForsaken:Backlash+1","theForsaken:InspiringBlow","infinitespire:SealOfDarkness+"],"relics":["theForsaken:JudgementScales","hubris:HollowSoul","halation:KoshaPiece","aspiration:Nostalgia","m_BronzeBlood","Ring of Misfortune","Ring of Greed","Smiling Mask","infinitespire:Midas Blood","Matryoshka","hubris:ToyBattleship","StuffTheSpire:ForceGauntlet","MealTicket","aspiration:AnachronicSnailShell","hubris:EvacipatedBox"],"acts_visited":["Exordium","TheCity","TheBeyond"],"potions_floor_usage":[33,33,33,39],"damage_taken":[{"damage":6,"enemies":"conspire:RoseBush","floor":1,"turns":4},{"damage":0,"enemies":"Jaw Worm","floor":4,"turns":3},{"damage":5,"enemies":"2 Louse","floor":5,"turns":3},{"damage":0,"enemies":"Looter","floor":7,"turns":4},{"damage":4,"enemies":"Blue Slaver","floor":10,"turns":4},{"damage":0,"enemies":"conspire:2 RoseBushes","floor":13,"turns":7},{"damage":0,"enemies":"Fading Forest","floor":16,"turns":11},{"damage":20,"enemies":"2 Thieves","floor":18,"turns":5},{"damage":6,"enemies":"Spheric Guardian","floor":21,"turns":6},{"damage":23,"enemies":"Snake Plant","floor":22,"turns":8},{"damage":2,"enemies":"Snecko","floor":24,"turns":7},{"damage":0,"enemies":"conspire:HollyBat","floor":28,"turns":8},{"damage":13,"enemies":"conspire:Head Lice","floor":29,"turns":8},{"damage":38,"enemies":"Collector","floor":33,"turns":18},{"damage":6,"enemies":"3 Shapes","floor":35,"turns":9},{"damage":3,"enemies":"3 Darklings","floor":36,"turns":10},{"damage":27,"enemies":"Maw","floor":39,"turns":1}],"seed_played":"829233762169807026","potions_obtained":[{"floor":1,"key":"Elixir"},{"floor":7,"key":"Energy Potion"},{"floor":21,"key":"Reflective Coating"},{"floor":22,"key":"PowerPotion"},{"floor":36,"key":"Languid Potion"}],"is_trial":false,"path_per_floor":["M","?","?","M","M","R","M","R","T","M","R","?","M","T","R_BF","B",null,"M","?","?","M","M","R","M","R","T","AVR","M","E","T","$","R","B",null,"M","M","AVR","?","M"],"character_chosen":"THE_FORSAKEN","items_purchased":["hubris:EvacipatedBox"],"campfire_rested":0,"item_purchase_floors":[31],"current_hp_per_floor":[65,65,58,65,65,65,65,65,65,65,65,65,65,65,65,65,65,54,54,54,57,43,43,50,50,50,50,59,58,58,34,34,26,65,65,65,65,65,0,0],"gold":181,"neow_bonus":"NOSTALGIA","is_daily":false,"chose_seed":false,"campfire_upgraded":6,"win_rate":0.0,"timestamp":1611428983,"path_taken":["M","?","?","M","M","R","M","R","T","M","R","?","M","?","R_BF","BOSS","M","?","?","?","M","R","?","R","T","AVR","M","E","?","?","R","BOSS","M","M","AVR","?","M"],"items_purchased_type":["Relic"],"build_version":"2020-12-22","purchased_purges":3,"victory":false,"max_hp_per_floor":[65,65,65,65,65,65,65,65,65,65,65,65,65,65,65,65,65,65,65,65,65,65,65,65,65,65,65,65,65,65,65,65,65,65,65,65,65,65,65,65],"card_choices":[{"not_picked":["theForsaken:RainingSunlight","theForsaken:BattleHymn"],"picked":"theForsaken:ShieldCharge","floor":1},{"not_picked":["theForsaken:AncientWords","theForsaken:BattleHymn","theForsaken:PanicDive"],"picked":"SKIP","floor":4},{"not_picked":["theForsaken:BlessedWeapon","theForsaken:Enfeeble"],"picked":"theForsaken:HymnOfPatience","floor":5},{"not_picked":["theForsaken:HorrifyingStrike","Wild Strike","bronze:Repulsor"],"picked":"SKIP","floor":7},{"not_picked":["theForsaken:Backlash","bronze:Turbo"],"picked":"Body Slam","floor":10},{"not_picked":["theForsaken:RainingSunlight","theForsaken:ShieldCharge"],"picked":"Metallicize","floor":13},{"not_picked":["Juggernaut","theForsaken:FountainOfLife"],"picked":"theForsaken:Prudence","floor":16},{"not_picked":["theForsaken:Preservation","theForsaken:NobleSacrifice"],"picked":"theForsaken:ChargeAttack","floor":18},{"not_picked":["theForsaken:HorrifyingStrike","theForsaken:InspiringBlow+1","theForsaken:Eulogy+1"],"picked":"SKIP","floor":21},{"not_picked":["theForsaken:DarkBargain","theForsaken:Tranquility","theForsaken:CreepingInfection"],"picked":"SKIP","floor":22},{"not_picked":["theForsaken:SolarFlare","theForsaken:BindingThorns"],"picked":"theForsaken:NobleSacrifice","floor":24},{"not_picked":["theForsaken:BlessedWeapon","theForsaken:Devotion","theForsaken:Thunderbolt+1"],"picked":"SKIP","floor":28},{"not_picked":["theForsaken:RainingSunlight","theForsaken:BottledPlague"],"picked":"theForsaken:FatRoll","floor":29},{"not_picked":["theForsaken:SpreadingPlague","theForsaken:TearsOfSunlight"],"picked":"theForsaken:Confusion","floor":33},{"not_picked":["theForsaken:ScorchingSunlight+1","theForsaken:Thunderbolt"],"picked":"theForsaken:Backlash+1","floor":35},{"not_picked":["theForsaken:Tranquility+1","theForsaken:Backlash+1"],"picked":"theForsaken:InspiringBlow","floor":36},{"not_picked":["infinitespire:Menacing","ReplayTheSpireMod:Haul"],"picked":"infinitespire:SealOfDarkness+","floor":38}],"player_experience":313272,"relics_obtained":[{"floor":12,"key":"Ring of Misfortune"},{"floor":12,"key":"Ring of Greed"},{"floor":12,"key":"Smiling Mask"},{"floor":12,"key":"infinitespire:Midas Blood"},{"floor":14,"key":"Matryoshka"},{"floor":26,"key":"hubris:ToyBattleship"},{"floor":26,"key":"StuffTheSpire:ForceGauntlet"},{"floor":29,"key":"halation:KoshaPiece"},{"floor":30,"key":"MealTicket"},{"floor":30,"key":"aspiration:AnachronicSnailShell"}],"event_choices":[{"damage_healed":0,"gold_gain":175,"player_choice":"AGREE","damage_taken":0,"max_hp_gain":0,"max_hp_loss":0,"event_name":"Liars Game","floor":2,"gold_loss":0,"cards_obtained":["Doubt"]},{"cards_removed":["Doubt"],"damage_healed":0,"gold_gain":0,"player_choice":"Card Removal","damage_taken":7,"max_hp_gain":0,"max_hp_loss":0,"event_name":"Golden Wing","floor":3,"gold_loss":0},{"damage_healed":0,"gold_gain":0,"player_choice":"Read","damage_taken":0,"max_hp_gain":0,"max_hp_loss":0,"event_name":"The Library","floor":19,"gold_loss":0,"cards_obtained":["theForsaken:DefensiveStance"]},{"cards_removed":["downfall:Aged"],"damage_healed":0,"gold_gain":0,"player_choice":"Removed Curses","damage_taken":0,"max_hp_gain":0,"max_hp_loss":0,"event_name":"Fountain of Cleansing","floor":20,"gold_loss":0}],"is_beta":false,"boss_relics":[{"not_picked":["StuffTheSpire:RunicConfusion","Snecko Eye","Fusion Hammer"]},{"not_picked":["theForsaken:ArmorOfThorns","halation:PlatinumPhoenix","conspire:RunicOctahedron"],"picked":"hubris:HollowSoul"}],"items_purged_floors":[27,31,37],"is_endless":false,"potions_floor_spawned":[1,7,21,22,36],"killed_by":"Maw","ascension_level":0}}