{"host":"47mn4tgofsdu2qaz","time":1611434389,"event":{"mods":["BaseMod","Marisa????????","Minty Spire (QoL Compilation)"],"gold_per_floor":[363,377,397,412,427,427,43,69,69,87,118,118,142,203,203,304,304,314,314,314,329,329,344,344,344],"floor_reached":24,"language":"ENG","playtime":1921,"items_purged":["Strike_MRS"],"score":233,"play_id":"5df71192-affa-4544-8c5f-3add3d87a350","local_time":"20210123133949","is_ascension_mode":false,"campfire_choices":[{"data":"MasterSpark","floor":6,"key":"SMITH"},{"data":"OneTimeOff","floor":12,"key":"SMITH"},{"data":"MagicChant","floor":15,"key":"SMITH"}],"circlet_count":0,"master_deck":["Strike_MRS","Strike_MRS","Strike_MRS","Defend_MRS","Defend_MRS","Defend_MRS","Defend_MRS","MasterSpark+1","UpSweep","ChargingUp","GalacticHalo","EnergyFlow","OrrerysSun","OneTimeOff+1","Parasite","Parasite","MagicChant+1","EventHorizon","AbsoluteMagnitude","MilkyWay","PulseMagic","MagicChant"],"relics":["MiniHakkero","Mercury Hourglass","Tiny Chest","Bottled Tornado","Bottled Lightning","ShroomBag","Pantograph","Sozu","MealTicket","Darkstone Periapt"],"acts_visited":["Exordium","TheCity"],"potions_floor_usage":[8,8],"damage_taken":[{"damage":0,"enemies":"2 Louse","floor":1,"turns":3},{"damage":0,"enemies":"Small Slimes","floor":2,"turns":2},{"damage":0,"enemies":"Cultist","floor":3,"turns":4},{"damage":2,"enemies":"Blue Slaver","floor":4,"turns":9},{"damage":3,"enemies":"Red Slaver","floor":5,"turns":5},{"damage":10,"enemies":"3 Sentries","floor":8,"turns":7},{"damage":9,"enemies":"Gremlin Gang","floor":10,"turns":4},{"damage":1,"enemies":"Lagavulin","floor":11,"turns":6},{"damage":20,"enemies":"The Mushroom Lair","floor":13,"turns":5},{"damage":1,"enemies":"Gremlin Nob","floor":14,"turns":4},{"damage":48,"enemies":"Slime Boss","floor":16,"turns":7},{"damage":12,"enemies":"3 Byrds","floor":18,"turns":5},{"damage":22,"enemies":"2 Thieves","floor":21,"turns":4},{"damage":15,"enemies":"Centurion and Healer","floor":23,"turns":5},{"damage":38,"enemies":"Gremlin Leader","floor":24,"turns":2}],"seed_played":"3762994466919767709","potions_obtained":[{"floor":2,"key":"ColorlessPotion"},{"floor":5,"key":"Block Potion"},{"floor":8,"key":"AttackPotion"},{"floor":14,"key":"FearPotion"}],"is_trial":false,"path_per_floor":["M","M","M","M","M","R","$","E","T","M","E","R","?","?","R","B",null,"M","?","T","M","?","M","E"],"character_chosen":"MARISA","items_purchased":["Mercury Hourglass","OrrerysSun"],"campfire_rested":0,"item_purchase_floors":[7,7],"current_hp_per_floor":[68,68,68,66,63,63,63,53,53,44,43,43,23,26,26,7,68,60,60,60,42,42,31,0,0],"gold":344,"neow_bonus":"TWO_FIFTY_GOLD","is_daily":false,"chose_seed":false,"campfire_upgraded":3,"win_rate":0.0,"timestamp":1611434389,"path_taken":["M","M","M","M","M","R","$","E","T","M","E","R","?","?","R","BOSS","M","?","?","?","?","?","E"],"items_purchased_type":["Relic","Card"],"build_version":"2020-12-22","purchased_purges":1,"victory":false,"max_hp_per_floor":[68,68,68,68,68,68,68,68,68,68,68,68,68,68,68,68,68,68,68,68,68,68,68,68,68],"card_choices":[{"not_picked":["PowerUp","MagicChant"],"picked":"ChargingUp","floor":1},{"not_picked":["ShootTheMoon","DoubleSpark"],"picked":"GalacticHalo","floor":2},{"not_picked":["ShootTheMoon","NonDirectionalLaser","6A"],"picked":"SKIP","floor":3},{"not_picked":["NonDirectionalLaser","6A"],"picked":"EnergyFlow","floor":4},{"not_picked":["GravityBeat","GrandCross","StarDustReverie"],"picked":"SKIP","floor":5},{"not_picked":["ShootingEcho","UnstableBomb"],"picked":"OneTimeOff","floor":8},{"not_picked":["ShootTheMoon","IllusionStar"],"picked":"AsteroidBelt","floor":10},{"not_picked":["StarBarrage","DoubleSpark","ManaConvection"],"picked":"SKIP","floor":11},{"not_picked":["ChargeUpSpray","MysteriousBeam"],"picked":"MagicChant","floor":13},{"not_picked":["Orbital","DragonMeteor"],"picked":"EventHorizon","floor":14},{"not_picked":["StarDustReverie","MaximisePower"],"picked":"AbsoluteMagnitude","floor":16},{"not_picked":["GalacticHalo+1","MysteriousBeam"],"picked":"MilkyWay","floor":18},{"not_picked":["ShootingEcho","WitchLeyline"],"picked":"PulseMagic","floor":21},{"not_picked":["ShootingEcho","WitchLeyline"],"picked":"MagicChant","floor":23}],"player_experience":68612,"relics_obtained":[{"floor":8,"key":"Tiny Chest"},{"floor":9,"key":"Bottled Tornado"},{"floor":11,"key":"Bottled Lightning"},{"floor":13,"key":"ShroomBag"},{"floor":14,"key":"Pantograph"},{"floor":20,"key":"MealTicket"}],"event_choices":[{"damage_healed":0,"gold_gain":0,"player_choice":"Fought Mushrooms","damage_taken":0,"max_hp_gain":0,"max_hp_loss":0,"event_name":"Mushrooms_MRS","floor":13,"gold_loss":0},{"damage_healed":0,"gold_gain":0,"player_choice":"Searched \u00271\u0027 times","damage_taken":0,"max_hp_gain":0,"max_hp_loss":0,"event_name":"Dead Adventurer","floor":14,"gold_loss":0},{"damage_healed":0,"gold_gain":0,"player_choice":"Ignored","damage_taken":0,"max_hp_gain":0,"max_hp_loss":0,"event_name":"The Mausoleum","floor":19,"gold_loss":0},{"cards_removed":["AsteroidBelt"],"damage_healed":0,"gold_gain":0,"player_choice":"Gave Card","damage_taken":0,"relics_obtained":["Darkstone Periapt"],"max_hp_gain":0,"max_hp_loss":0,"event_name":"WeMeetAgain","floor":22,"gold_loss":0}],"is_beta":false,"boss_relics":[{"not_picked":["Philosopher\u0027s Stone","SacredBark"],"picked":"Sozu"}],"items_purged_floors":[7],"is_endless":false,"potions_floor_spawned":[2,5,8,14,18,21,23],"killed_by":"Gremlin Leader","ascension_level":0}}