{"host":"h1r1piu2tr2sbwkd","time":1611404226,"event":{"mods":["2.2 Compatiblity","AchievementEnabler","BaseMod","Colored Map","Colored Powertips","Energized Spire","GifTheSpireLib","Hermit","Marisa????????","Minty Spire (QoL Compilation)","Quick Restart","Rare Cards Sparkle","Relic Stats","StSLib","The Cursed","The Disciple","The Hierophant","The Marked","The Runesmith","The Servant 0.9.4"],"gold_per_floor":[114,131,81,81,95,95,108,108,108,283,40,40,51,51,51],"floor_reached":14,"language":"ENG","playtime":521,"items_purged":[],"score":80,"play_id":"5128ec4d-69f1-4a5c-b9d4-57d6595115ae","local_time":"20210123061706","is_ascension_mode":false,"campfire_choices":[{"data":"hermit:Midnight","floor":6,"key":"SMITH"},{"data":"hermit:CursedWeapon","floor":8,"key":"SMITH"},{"data":"hermit:Strike_Hermit","floor":12,"key":"SMITH"}],"circlet_count":0,"master_deck":["hermit:Strike_Hermit","hermit:Strike_Hermit","hermit:Strike_Hermit","hermit:Strike_Hermit+1","hermit:Defend_Hermit","hermit:Defend_Hermit","hermit:Defend_Hermit","hermit:Defend_Hermit","hermit:Snapshot","hermit:Feint","hermit:Snipe+1","hermit:Midnight+1","hermit:CursedWeapon+1","Doubt"],"relics":["hermit:Momento","PreservedInsect","Bottled Lightning"],"acts_visited":["Exordium"],"potions_floor_usage":[13],"damage_taken":[{"damage":7,"enemies":"Small Slimes","floor":1,"turns":3},{"damage":5,"enemies":"2 Louse","floor":2,"turns":2},{"damage":4,"enemies":"Jaw Worm","floor":5,"turns":4},{"damage":9,"enemies":"Exordium Wildlife","floor":7,"turns":4},{"damage":32,"enemies":"Gremlin Gang","floor":13,"turns":4},{"damage":19,"enemies":"3 Sentries","floor":14,"turns":4}],"seed_played":"1606252162558395129","potions_obtained":[{"floor":5,"key":"ColorlessPotion"},{"floor":7,"key":"Energy Potion"}],"is_trial":false,"path_per_floor":["M","M","?","?","M","R","M","R","T","?","$","R","M","E"],"character_chosen":"HERMIT","items_purchased":["Bottled Lightning"],"campfire_rested":0,"item_purchase_floors":[11],"current_hp_per_floor":[68,63,63,63,59,59,50,50,50,50,50,50,18,0,0],"gold":51,"neow_bonus":"RANDOM_COMMON_RELIC","is_daily":false,"chose_seed":false,"campfire_upgraded":3,"win_rate":0.0,"timestamp":1611404226,"path_taken":["M","M","?","?","?","R","M","R","T","?","?","R","?","E"],"items_purchased_type":["Relic"],"build_version":"2020-12-22","purchased_purges":0,"victory":false,"max_hp_per_floor":[75,75,75,75,75,75,75,75,75,75,75,75,75,75,75],"relic_stats":{"counters":[6,21],"PreservedInsect":37,"obtain_stats":[{"PreservedInsect":0,"Bottled Lightning":11,"hermit:Momento":0},{"PreservedInsect":0,"Bottled Lightning":4,"hermit:Momento":0},{"PreservedInsect":0,"Bottled Lightning":13,"hermit:Momento":0}]},"card_choices":[{"not_picked":["hermit:Gestalt","hermit:Grudge"],"picked":"hermit:Feint","floor":1},{"not_picked":["hermit:Misfire","hermit:Roulette"],"picked":"hermit:Snipe","floor":2},{"not_picked":["hermit:LuckOfTheDraw","hermit:TrackingShot"],"picked":"hermit:Midnight","floor":5},{"not_picked":["hermit:LuckOfTheDraw","hermit:Showdown"],"picked":"hermit:CursedWeapon","floor":7},{"not_picked":["hermit:Desperado","hermit:Ricochet","hermit:LowProfile"],"picked":"SKIP","floor":13}],"player_experience":195583,"relics_obtained":[],"event_choices":[{"cards_removed":["hermit:Covet"],"damage_healed":0,"gold_gain":0,"player_choice":"Card Removal","damage_taken":0,"max_hp_gain":0,"max_hp_loss":0,"event_name":"The Cleric","floor":3,"gold_loss":50},{"damage_healed":0,"gold_gain":0,"player_choice":"Grow","damage_taken":0,"max_hp_gain":0,"max_hp_loss":0,"event_name":"Living Wall","floor":4,"gold_loss":0,"cards_upgraded":["hermit:Snipe"]},{"damage_healed":0,"gold_gain":175,"player_choice":"AGREE","damage_taken":0,"max_hp_gain":0,"max_hp_loss":0,"event_name":"Liars Game","floor":10,"gold_loss":0,"cards_obtained":["Doubt"]}],"is_beta":false,"boss_relics":[],"items_purged_floors":[],"is_endless":false,"potions_floor_spawned":[5,7],"killed_by":"3 Sentries","ascension_level":0}}