{"host":"bq4pt811tk9yrmjl","time":1611363493,"event":{"mods":["AchievementEnabler","BaseMod","Colored Map","Colored Powertips","Defuse TimeMaze Blight","Hermit","Minty Spire (QoL Compilation)","StSLib","SuperFastMode"],"gold_per_floor":[113,65,65,82,82,108,108,183,210,228,69,69,69,79,79,79,79],"floor_reached":16,"language":"ENG","playtime":217,"items_purged":[],"score":129,"play_id":"8dbe7500-d3ca-4b71-9f47-30eba3888375","local_time":"20210122225813","is_ascension_mode":true,"campfire_choices":[{"data":"Prostrate","floor":7,"key":"SMITH"},{"data":"Establishment","floor":12,"key":"SMITH"},{"data":"SandsOfTime","floor":15,"key":"SMITH"}],"circlet_count":0,"master_deck":["Strike_P","Strike_P","Strike_P","Strike_P","Defend_P","Defend_P","Defend_P","Defend_P","Eruption","Vigilance","WaveOfTheHand","Prostrate+1","Consecrate","FlyingSleeves","Establishment+1","SandsOfTime+1"],"relics":["PureWater","NeowsBlessing","InkBottle"],"acts_visited":["Exordium"],"potions_floor_usage":[14,14,16],"damage_taken":[{"damage":0,"enemies":"Jaw Worm","floor":1,"turns":1},{"damage":0,"enemies":"Small Slimes","floor":4,"turns":1},{"damage":0,"enemies":"Lagavulin","floor":6,"turns":2},{"damage":0,"enemies":"2 Louse","floor":10,"turns":3},{"damage":3,"enemies":"Lots of Slimes","floor":14,"turns":2},{"damage":66,"enemies":"Hexaghost","floor":16,"turns":12}],"seed_played":"914508707090777657","potions_obtained":[{"floor":1,"key":"AttackPotion"},{"floor":4,"key":"Fire Potion"},{"floor":6,"key":"Weak Potion"}],"is_trial":false,"path_per_floor":["M","$","?","M","$","E","R","?","T","M","$","R","?","M","R","B"],"character_chosen":"WATCHER","items_purchased":["Prostrate","Establishment"],"campfire_rested":0,"item_purchase_floors":[2,11],"current_hp_per_floor":[72,72,77,77,77,77,77,66,66,66,66,66,66,63,63,0,0],"gold":79,"neow_bonus":"THREE_ENEMY_KILL","is_daily":false,"chose_seed":false,"campfire_upgraded":3,"win_rate":0.0,"timestamp":1611363493,"path_taken":["M","$","?","M","$","E","R","?","T","M","?","R","?","M","R","BOSS"],"items_purchased_type":["Card","Card"],"build_version":"2020-12-22","purchased_purges":0,"victory":false,"max_hp_per_floor":[72,72,77,77,77,77,77,77,77,77,77,77,77,77,77,77,77],"card_choices":[{"not_picked":["Tantrum","Halt"],"picked":"WaveOfTheHand","floor":1},{"not_picked":["ClearTheMind","Protect"],"picked":"Consecrate","floor":4},{"not_picked":["LikeWater","Evaluate"],"picked":"FlyingSleeves","floor":6},{"not_picked":["Conclude","SashWhip","Evaluate"],"picked":"SKIP","floor":10},{"not_picked":["Consecrate","Prostrate"],"picked":"SandsOfTime","floor":14}],"player_experience":213187,"relics_obtained":[{"floor":6,"key":"InkBottle"}],"event_choices":[{"damage_healed":0,"gold_gain":0,"player_choice":"Donut","damage_taken":0,"max_hp_gain":5,"max_hp_loss":0,"event_name":"Big Fish","floor":3,"gold_loss":0},{"damage_healed":0,"gold_gain":75,"player_choice":"Gather Gold","damage_taken":11,"max_hp_gain":0,"max_hp_loss":0,"event_name":"World of Goop","floor":8,"gold_loss":0},{"damage_healed":0,"gold_gain":0,"player_choice":"Got Potions","damage_taken":0,"max_hp_gain":0,"max_hp_loss":0,"event_name":"Lab","floor":13,"gold_loss":0}],"is_beta":false,"boss_relics":[],"items_purged_floors":[],"is_endless":false,"potions_floor_spawned":[1,4,6],"killed_by":"Hexaghost","ascension_level":1}}