{"host":"19tvufa8xx4wr4o1","time":1611446339,"event":{"mods":["AchievementEnabler","BaseMod","Better Sensory Stone","Better Third Choice","Highlight Path","Minty Spire (QoL Compilation)","Relic Stats","StSLib"],"gold_per_floor":[111,111,126,74,51,51,77,77,122,141,141,23,36,68,68,142,142,155,105,125,143,159,159,56,88,157,177,177,187,200,211,211,211,211],"floor_reached":33,"language":"ENG","playtime":1837,"items_purged":[],"score":488,"play_id":"4d69e8a4-6e6d-4758-b7fe-9587ad138e78","local_time":"20210123175859","is_ascension_mode":true,"campfire_choices":[{"data":"Skewer","floor":6,"key":"SMITH"},{"data":"Cloak And Dagger","floor":8,"key":"SMITH"},{"data":"Neutralize","floor":11,"key":"SMITH"},{"data":"Footwork","floor":15,"key":"SMITH"},{"data":"Noxious Fumes","floor":23,"key":"SMITH"},{"data":"Adrenaline","floor":28,"key":"SMITH"},{"data":"Footwork","floor":32,"key":"SMITH"}],"circlet_count":0,"master_deck":["AscendersBane","Strike_G+1","Strike_G","Strike_G","Strike_G+1","Defend_G","Defend_G","Defend_G","Defend_G","Defend_G","Survivor","Neutralize+1","Skewer+1","Cloak And Dagger+1","Quick Slash","PiercingWail","Dash","Footwork+1","Tools of the Trade","Dodge and Roll","Adrenaline+1","Deflect+1","Footwork+1","Noxious Fumes+1","Dash","Blur","Leg Sweep","Blur","Riddle With Holes+1"],"relics":["Ring of the Snake","PreservedInsect","Gremlin Horn","Art of War","Bottled Tornado","Coffee Dripper","Happy Flower","StrikeDummy"],"acts_visited":["Exordium","TheCity"],"potions_floor_usage":[14,16,22,33,33],"damage_taken":[{"damage":3.0,"enemies":"Jaw Worm","floor":1.0,"turns":5.0},{"damage":0.0,"enemies":"Cultist","floor":3.0,"turns":3.0},{"damage":15,"enemies":"Lagavulin","floor":7,"turns":5},{"damage":0,"enemies":"2 Louse","floor":10,"turns":2},{"damage":0,"enemies":"Red Slaver","floor":13,"turns":4},{"damage":1,"enemies":"Gremlin Nob","floor":14,"turns":3},{"damage":27,"enemies":"Hexaghost","floor":16,"turns":16},{"damage":0,"enemies":"Chosen","floor":18,"turns":4},{"damage":15,"enemies":"Shell Parasite","floor":20,"turns":6},{"damage":0,"enemies":"Snake Plant","floor":21,"turns":6},{"damage":13,"enemies":"Cultist and Chosen","floor":22,"turns":12},{"damage":5,"enemies":"Book of Stabbing","floor":25,"turns":6},{"damage":0,"enemies":"Chosen and Byrds","floor":27,"turns":7},{"damage":0,"enemies":"Snake Plant","floor":29,"turns":6},{"damage":1,"enemies":"Centurion and Healer","floor":30,"turns":8},{"damage":0,"enemies":"Sentry and Sphere","floor":31,"turns":6},{"damage":22,"enemies":"Collector","floor":33,"turns":13}],"seed_played":"-8276221653920750088","potions_obtained":[{"floor":7,"key":"PowerPotion"},{"floor":20,"key":"GamblersBrew"}],"is_trial":false,"path_per_floor":["M","?","M","$","$","R","E","R","T","M","R","$","M","E","R","B",null,"M","?","M","M","M","R","$","E","T","M","R","M","M","M","R","B"],"character_chosen":"THE_SILENT","items_purchased":["FearPotion","Quick Slash","Dash","Footwork","AttackPotion","Weak Potion"],"campfire_rested":0,"item_purchase_floors":[4,5,12,12,24,24],"current_hp_per_floor":[56,56,56,56,56,56,41,41,41,41,41,41,41,40,40,13,53,53,53,38,38,25,25,25,20,20,20,20,20,19,19,19,0,0],"gold":211,"neow_bonus":"RANDOM_COMMON_RELIC","is_daily":false,"chose_seed":false,"campfire_upgraded":7,"win_rate":0.0,"timestamp":1611446339,"path_taken":["M","?","M","$","?","R","E","R","T","M","R","$","M","E","R","BOSS","M","?","?","?","M","R","$","E","T","M","R","M","M","?","R","BOSS"],"items_purchased_type":["Potion","Card","Card","Card","Potion","Potion"],"build_version":"2020-12-22","purchased_purges":0,"victory":false,"max_hp_per_floor":[66,66,66,66,66,66,66,66,66,66,66,66,66,66,66,66,66,66,66,66,66,66,66,66,66,66,66,66,66,66,66,66,66,66],"relic_stats":{"Gremlin Horn":[10,10],"Happy Flower":[13],"counters":[17,112],"PreservedInsect":95,"Art of War":[3],"obtain_stats":[{"Gremlin Horn":7,"Happy Flower":25,"PreservedInsect":0,"Art of War":9,"Coffee Dripper":17,"Bottled Tornado":14,"StrikeDummy":26,"Ring of the Snake":0},{"Gremlin Horn":3,"Happy Flower":12,"PreservedInsect":0,"Art of War":3,"Coffee Dripper":7,"Bottled Tornado":6,"StrikeDummy":12,"Ring of the Snake":0},{"Gremlin Horn":13,"Happy Flower":72,"PreservedInsect":0,"Art of War":13,"Coffee Dripper":38,"Bottled Tornado":22,"StrikeDummy":72,"Ring of the Snake":0}],"Ring of the Snake":[34]},"card_choices":[{"not_picked":["Prepared","Poisoned Stab"],"picked":"Skewer","floor":1.0},{"not_picked":["Eviscerate","Heel Hook"],"picked":"Cloak And Dagger","floor":3.0},{"not_picked":["Escape Plan","Dagger Throw","Setup"],"picked":"SKIP","floor":7},{"not_picked":["Outmaneuver","Acrobatics"],"picked":"PiercingWail","floor":10},{"not_picked":["Skewer","Backflip"],"picked":"Tools of the Trade","floor":13},{"not_picked":["Slice","Poisoned Stab"],"picked":"Dodge and Roll","floor":14},{"not_picked":["Burst","Venomology"],"picked":"Adrenaline","floor":16},{"not_picked":["Cloak And Dagger","Slice"],"picked":"Deflect+1","floor":18},{"not_picked":["Expertise","PiercingWail"],"picked":"Footwork","floor":20},{"not_picked":["Deadly Poison","Dodge and Roll"],"picked":"Noxious Fumes","floor":21},{"not_picked":["Heel Hook+1","Noxious Fumes"],"picked":"Dash","floor":22},{"not_picked":["Riddle With Holes+1","Escape Plan"],"picked":"Blur","floor":25},{"not_picked":["Skewer","Deflect","Sucker Punch"],"picked":"SKIP","floor":27},{"not_picked":["Phantasmal Killer","Terror"],"picked":"Leg Sweep","floor":29},{"not_picked":["Flechettes","Cloak And Dagger"],"picked":"Blur","floor":30},{"not_picked":["Dagger Throw+1","Choke"],"picked":"Riddle With Holes+1","floor":31}],"player_experience":597792,"relics_obtained":[{"floor":7,"key":"Gremlin Horn"},{"floor":9,"key":"Art of War"},{"floor":14,"key":"Bottled Tornado"},{"floor":25,"key":"Happy Flower"},{"floor":26,"key":"StrikeDummy"}],"event_choices":[{"cards_removed":["Strike_G"],"damage_healed":0.0,"max_hp_gain":0.0,"max_hp_loss":0.0,"gold_gain":0.0,"event_name":"Bonfire Elementals","player_choice":"Offered Basic","floor":2.0,"gold_loss":0.0,"damage_taken":0.0},{"damage_healed":0,"gold_gain":0,"player_choice":"Upgraded Two","damage_taken":0,"max_hp_gain":0,"max_hp_loss":0,"event_name":"Designer","floor":19,"gold_loss":50,"cards_upgraded":["Strike_G","Strike_G"]}],"is_beta":false,"boss_relics":[{"not_picked":["Velvet Choker","Busted Crown"],"picked":"Coffee Dripper"}],"items_purged_floors":[],"is_endless":false,"potions_floor_spawned":[7,10,13,20,27,31],"killed_by":"Collector","ascension_level":15}}